3998 6368
376 329 480 386 453

1716 331 2086 391 IIOIlHISD/E
2132 331 2331 388 ΡΑΡᾸΞ

3551 331 3655 386 ιω

377 446 719 517 disjungeus,
753 463 855 501 una
886 449 1166 501 uobiscum
1198 446 1450 502 dominici
1482 449 1719 517 cerporis
1749 449 1956 515 partici-
1994 456 2038 509 Α
2067 465 2223 515 quam
2255 446 2556 501 sollicitudo
2599 458 2780 501 nostra
2824 446 3146 509 cessaverit,
3188 456 3292 499 tam
3325 448 3660 503 sercn‘ssimi

378 537 595 604 puliOlte
625 540 879 606 pascaris.
903 538 956 592 Si
984 538 1260 593 nobiscum
1290 539 1533 592 universa
1566 540 1843 606 praedicas,
1868 556 1963 593 cur

380 630 655 686 nobiscum
689 646 791 685 neu
840 633 1083 685 univerSa
1114 632 1481 687 condemnas?
1509 632 1658 686 Tunc
1695 632 1838 687 enim
1868 647 1965 686 no-

382 722 586 777 biscum
637 739 755 791 qua:
802 739 1120 778 veneramur
1169 724 1545 793 amplecteris,
1595 724 1639 778 si
1688 723 1963 778 nobiscum

380 831 499 884 qua}
529 816 861 869 detestamur
907 816 1200 873 horrueris.
1254 818 1360 872 Pax
1404 818 1607 884 integra
1655 816 1825 871 nescit
1867 817 1965 869 ali-

381 921 542 970 quam
575 906 773 960 habere
793 908 1133 971 distantiam,
1176 920 1227 961 et
1254 909 1411 963 unius
1446 910 1532 963 Dei
1562 924 1685 963 veta
1712 922 1831 962 esse
1862 923 1966 959 non

384 1005 558 1065 potest
586 999 686 1051 nisi
734 1000 786 1052 in
831 1000 1189 1056 confessionis
1221 1002 1421 1056 unitate
1462 1002 1689 1056 cultura.
1728 1000 1965 1068 Quapro-

385 1096 503 1153 pter
534 1088 828 1144 salutantes
860 1101 912 1145 te
940 1090 1189 1147 fraterna:
1225 1092 1461 1147 caritatis
1497 1091 1723 1156 affectu,
1757 1090 1969 1160 petitio-

384 1195 506 1233 nem
534 1190 699 1248 tuam,
733 1185 934 1257 missis,
967 1186 1104 1239 sicut
1125 1188 1375 1253 Sperasti,
1404 1184 1820 1255 religiosissimis
1843 1184 1971 1238 viris

387 1272 657 1328 Germano
704 1291 765 1329 ac
811 1277 1019 1332 Joanne
1070 1278 1368 1347 episcopis,
1411 1288 1436 1315 ⁸
1488 1278 1665 1332 Felice
1714 1278 1971 1338 diacono,

394 1364 649 1421 Dioscoro
685 1369 938 1435 diacono,
972 1381 1133 1439 atque
1162 1371 1365 1425 Blando
1395 1370 1728 1442 presbytero,
1771 1370 1973 1438 signiti-

391 1474 577 1515 camus
606 1477 725 1515 esse
750 1465 1094 1532 completam.
1127 1464 1188 1517 Hi
1220 1479 1347 1519 vero
1376 1465 1569 1534 quibus
1596 1463 1793 1517 fuerint
1823 1478 1943 1515 man
1962 1492 1975 1502 -

392 1550 529 1606 datis
562 1552 799 1608 instructi
850 1568 973 1608 ante
1015 1556 1364 1625 allegationes
1408 1572 1624 1617 eorum,
1673 1556 1717 1610 si
1747 1556 1980 1624 cogites,

393 1643 667 1696 evidenter
695 1660 972 1714 agnosces.
1005 1646 1067 1700 lli
1099 1662 1175 1715 pas
1196 1663 1280 1701 em
1312 1655 1454 1699 tuam
1486 1646 1584 1701 sub
1610 1662 1669 1700 ea
1695 1660 1798 1715 qua
1838 1661 1980 1712 sarpe

395 1739 708 1806 scripsimus
744 1741 1077 1808 professi-lite
1105 1741 1417 1810 suscipient.
1448 1741 1612 1809 Imple
1637 1753 1784 1807 ergo,
1819 1740 1981 1793 frater

395 1830 707 1896 carissime,
740 1832 987 1901 gaudium
1036 1842 1313 1897 nostrum,
1344 1848 1389 1887 e:
1444 1841 1592 1885 tuum
1636 1831 1702 1885 ad
1748 1847 1845 1885 nos
1891 1846 1984 1899 per
2016 1833 2061 1891 Β

398 1936 494 1975 eos
522 1932 683 1974 rectm
730 1923 852 1976 fidei
901 1932 1004 1977 tua:
1054 1924 1268 1978 remitte
1310 1923 1667 1992 prmcouium‘,
1710 1933 1769 1977 ut
1810 1938 1901 1992 per
1932 1935 1984 1975 te

399 2012 671 2068 Universis
696 2014 850 2069 detur
874 2016 1181 2082 exemplum
1217 2018 1381 2085 (anno
1416 2016 1627 2071 Domini
1654 2014 1801 2083 5I9).

898 2108 1226 2161 EPISTULA
1262 2106 1476 2161 XXXV.

1023 2216 1088 2251 AD
1132 2216 1193 2251 El}
1203 2216 1364 2252 bibl-1.“.

403 2288 529 2341 Cum
547 2292 659 2360 jam
700 2292 849 2355 ﬁdem
878 2291 1178 2343 catholicam
1213 2290 1534 2358 proﬁteatur,
1567 2290 1642 2342 illi
1668 2290 1985 2357 potissimm

472 2363 535 2481 ὗε
562 2360 861 2443 stabilienda
893 2378 1015 2431 pace
1036 2362 1383 2432 cogi'audum,
1414 2379 1505 2431 pro
1534 2379 1633 2431 qua
1661 2378 1765 2431 ipse
1791 2362 1985 2429 legatos

513 2442 761 2481 t’slltlﬂt‘tl.

513 2442 761 2485 estmat‘tt.

473 2522 757 2577 llurmisda
788 2523 980 2579 Joanui
1006 2525 1261 2594 episcopo
1288 2524 1904 2594 Constantinopolitano.

476 2615 549 2668 Ea
576 2633 694 2683 qua:
737 2618 932 2670 caritas
981 2626 1065 2671 tua
1111 2617 1389 2671 destinatis
1432 2616 1621 2671 litteris
1672 2615 1989 2686 significavit

400 2708 716 2770 agnovimus
736 2749 750 2772 ,
788 2719 838 2761 et
884 2709 1211 2776 gratulamur
1241 2709 1305 2763 ad
1336 2710 1719 2764 conscientiam
1752 2708 1987 2763 n'bstram

401 2796 525 2851 fidei
561 2806 665 2853 tuze
696 2798 890 2853 iudicia
933 2802 1242 2866 perreuisse
1272 2820 1283 2855 :
1316 2812 1559 2871 optantes
1607 2812 1663 2856 ut
1707 2802 1988 2855 intentioni

402 2900 527 2956 nuc,
562 2906 718 2959 quam
742 2902 940 2945 rectam
963 2907 1087 2947 esse
1108 2892 1371 2962 cupimus,
1406 2894 1620 2963 plenum
1646 2895 1785 2946 Deus
1808 2901 1991 2947 noster

401 2984 543 3036 circa
574 2980 997 3037 ecclesiasticam
1032 2999 1213 3050 pacem
1251 2984 1547 3038 concedere
1589 2986 1836 3052 dignetur
1864 2984 1992 3037 elle-

402 3090 566 3140 cuun,
597 3078 749 3141 cujus
778 3090 928 3140 spem
959 3076 1138 3128 animo
1182 3090 1429 3144 superna:
1462 3076 1754 3144 majestatis
1783 3090 1991 3128 assum-

403 3166 606 3233 psiums
635 3184 648 3219 :
675 3167 796 3232 quia
822 3167 1196 3236 imperatorem
1227 3168 1629 3222 serenissimum
1655 3170 1719 3221 ad
1744 3168 1844 3221 hoc
1868 3184 1989 3236 pro-
2014 3197 2060 3258 Ο

404 3259 634 3313 videntia
666 3261 841 3314 divina
885 3262 1184 3328 judicamus
1207 3263 1443 3317 .electum
1466 3305 1481 3327 ,
1527 3273 1581 3316 ut
1614 3278 1707 3332 per
1732 3279 1854 3317 eum
1891 3262 1988 3316 Ec—

405 3350 691 3405 t-lesiarum
725 3352 1106 3422 redintegratio
1139 3354 1299 3406 tantis
1332 3355 1658 3423 temporibus
1690 3354 1987 3407 desiderata

409 3446 706 3510 proveniat.
738 3447 1075 3515 Quapropter
1108 3446 1231 3499 licet
1262 3463 1376 3514 qua:
1411 3463 1506 3516 pro
1534 3448 1654 3501 fidei
1686 3448 1889 3501 unitate
1918 3447 1991 3498 fa-

408 3538 594 3590 cienda
624 3549 750 3591 sunt
792 3549 894 3592 tua:
925 3539 1165 3592 caritatis
1190 3550 1279 3592 not
1305 3541 1429 3593 tiam
1466 3543 1628 3595 latere
1669 3558 1771 3596 nou
1802 3544 1990 3609 possit,

410 3629 612 3694 legatos
645 3637 818 3681 tatneu
843 3629 1156 3693 direximus,
1182 3647 1316 3695 quos
1346 3632 1482 3686 ratio
1504 3648 1677 3686 causa:
1702 3635 1953 3700 poscebat
1977 3652 1988 3686 :

408 3718 601 3787 quibus
633 3720 1001 3782 hortantibus.
1048 3732 1102 3776 et
1130 3740 1247 3791 qua:
1274 3723 1382 3790 jam
1428 3724 1627 3789 pridem
1666 3742 1693 3778 a
1742 3726 1894 3779 nobis

408 3814 687 3879 gnificata,
735 3827 787 3871 et
820 3833 937 3886 qua:
968 3834 1136 3887 nuper
1186 3819 1371 3871 iterata
1407 3829 1561 3883 sunt,
1606 3820 1671 3873 ad
1713 3821 1987 3886 efl'et-tum,

410 3906 636 3961 Domino
668 3920 854 3962 nosn'o
885 3920 1127 3971 anetore,
1164 3912 1496 3978 perveniant.

901 4000 1232 4055 EPISTULA
1274 4000 1512 4055 XXXVI.

413 4106 479 4141 Αυ
512 4104 939 4143 ARCIIIDIACONI'M
973 4106 1039 4143 ΕΤ
1070 4106 1277 4145 οιεῐιυλι
1308 4106 1994 4145 CHNSTANTINOPOLITANUM.

411 4180 690 4234 Catholici;
740 4180 1094 4233 ha'reticorum
1151 4184 1377 4235 molestia
1436 4184 1683 4243 liberatis,
1735 4183 1887 4252 legati
1930 4183 1999 4234 ad

742 4268 920 4321 pacem
943 4252 1348 4319 ron/irritandam
1374 4254 1661 4306 minantur.

487 4342 765 4396 llurmisda
797 4343 1101 4397 Theodosio
1140 4344 1519 4399 archidiaCono
1548 4346 1998 4416 Constantinopo-

412 4431 603 4496 litano,
635 4443 688 4486 et
718 4435 980 4487 universis
1007 4435 1288 4489 catholicis
1310 4452 1338 4487 a
1374 4436 1506 4504 pari.

2068 557 2100 608 p
2132 539 2322 607 imipis
2364 540 2533 593 sacris
2562 538 2810 593 affatibus
2852 538 3054 592 incitati
3078 579 3092 603 ,
3143 538 3348 605 legatos
3386 537 3664 593 destinare

2068 635 2391 693 curavimus.
2423 647 2650 702 quorum
2681 632 2877 695 officio,
2911 632 3022 686 Deo
3048 641 3301 696 auctore,
3331 631 3385 684 in
3416 630 3499 685 his
3540 646 3665 697 qua:

2069 740 2212 791 s:epe
2243 723 2612 778 mandavimus
2637 723 2893 792 subsequi
2923 738 3027 776 non
3052 722 3357 776 dubitamus
3383 721 3660 776 effectum.

2074 818 2140 871 Et
2168 818 2288 871 ideo
2317 826 2687 886 competenter
2715 816 2953 879 enitere,
2986 826 3044 869 ut
3085 816 3337 868 Ecclesiae
3377 813 3667 867 catholica:

2074 910 2176 963 hoc
2222 909 2549 977 prmcipuum
2590 917 2782 961 vestra:
2833 908 3162 962 liberationis
3208 922 3401 960 tnttnus
3442 906 3669 976 possitis

2071 1002 2288 1069 offerre,
2335 1012 2620 1071 quatenus,
2666 1000 2899 1069 repulsis
2947 1000 3195 1053 omnibus
3237 1015 3357 1067 qua!
3404 1000 3669 1052 hactenus

2076 1103 2388 1154 nocuerunt,
2425 1094 2477 1145 in
2507 1108 2607 1144 una
2649 1107 2806 1161 quam
2846 1106 3059 1156 semper
3089 1091 3390 1158 optavimus
3420 1104 3671 1143 commu-

2076 1186 2234 1238 nione
2279 1188 2644 1249 gratulantes,
2693 1184 2803 1237 Deo
2848 1194 3033 1237 nostro
3083 1181 3269 1236 laudes
3310 1182 3513 1236 referte
3545 1178 3671 1235 sine

2074 1279 2375 1333 cessatio-ie
2398 1278 2666 1345 possimus

2556 1369 2885 1425 EPZSTOLA
2926 1366 3187 1422 XXXVII.

2173 1478 2239 1516 AD
2272 1477 2614 1515 δι’δτικιλιςωι
2658 1474 3057 1514 υοιιεετιοοιιυκ
3095 1474 3331 1512 COIITEI
3372 1470 3570 1513 POSTEA

2557 1547 2644 1585 JUS
2654 1548 2671 1581 ‘I
2687 1546 2755 1585 L‘I
2794 1546 3154 1585 δυοοεεεοκεν
3164 1567 3179 1581 .

2082 1627 2270 1691 Sperat
2298 1626 2408 1695 fore
2435 1643 2448 1674 υ
2472 1634 2489 1677 t
2540 1625 2648 1693 ejus
2680 1640 2832 1691 opera
2859 1639 3033 1691 pacem
3070 1621 3300 1695 Ecclesia
3325 1620 3673 1690 adipiscatur,

2239 1694 2469 1751 etmism
2497 1694 2559 1747 ab
2591 1712 2648 1746 eo
2680 1709 2888 1746 munera
2918 1710 2970 1746 sc
2998 1708 3056 1745 ac
3086 1694 3251 1752 episae
3282 1702 3500 1744 ηηηιεαι.

2162 1787 2437 1842 llurmisda
2468 1785 2766 1840 .Iustiniauo
2794 1786 2907 1837 viro
2936 1783 3151 1837 illustri.

2160 1880 2537 1943 Magnitudinis
2579 1889 2770 1931 vesme
2824 1878 3026 1929 litteras
3070 1883 3268 1928 sanctte
3317 1874 3436 1927 fidei
3490 1874 3674 1939 plenas

2087 1988 2270 2026 amore
2299 1969 2651 2037 suscepimus,
2683 1968 2897 2034 quibus,
2926 1965 2992 2018 ad
3021 1964 3375 2019 exercendam
3405 1964 3541 2030 apud
3573 1979 3675 2018 vos

2089 2061 2483 2132 prmzlicatiouis
2514 2059 2823 2124 apostolica:
2854 2058 3186 2119 firmitatem,
3219 2058 3678 2123 opportunitatem
3760 2042 3763 2045 ’

2090 2157 2242 2211 nobis
2284 2154 2597 2225 provenisse
2642 2152 2898 2205 divinitus
2946 2150 3248 2214 nuntiaSIjs.
3282 2149 3432 2204 Unde
3477 2150 3680 2202 indesi-

2089 2259 2280 2304 nenter
2308 2246 2536 2300 Domino
2578 2253 2763 2297 nostra
2800 2244 3007 2311 agimus
3055 2240 3284 2303 gratias,
3331 2240 3420 2309 qui
3465 2239 3528 2293 ad
3562 2250 3681 2293 tam

2091 2344 2342 2407 pra-clara
2373 2336 2602 2391 remedia
2637 2344 2691 2389 et
2720 2346 2927 2400 tempus
2967 2334 3121 2385 voh's
3146 2340 3200 2387 et
3225 2332 3458 2385 animum
3503 2330 3679 2384 dedit.

2091 2434 2151 2489 Et
2202 2448 2298 2485 nos
2346 2430 2560 2500 quidem
2607 2428 2841 2491 desuper
2896 2426 2993 2478 ista
3046 2423 3357 2484 agnovimus
3404 2420 3680 2479 ordinari.

2091 2535 2372 2597 postquam
2405 2521 2452 2575 ei
2481 2519 2667 2574 detulit
2692 2516 2867 2571 divina
2899 2516 3149 2584 majestas
3174 2513 3475 2581 imperiunm,
3504 2511 3595 2579 qui
3620 2527 3683 2563 sc

2090 2620 2154 2673 ad
2186 2612 2611 2683 componendam
2645 2610 3003 2665 Ecelcsiarum
3031 2623 3213 2673 pacem
3240 2607 3427 2661 indicat
3460 2606 3685 2659 ordina-

2093 2720 2220 2763 tum.
2258 2709 2393 2774 lirgo
2432 2712 2597 2757 restat
2625 2711 2683 2756 ut
2711 2699 2941 2755 universi
2974 2699 3209 2769 episcopi
3238 2697 3402 2766 partis
3433 2695 3685 2750 Orienta-

2093 2802 2189 2867 lis,
2218 2800 2365 2869 juxta
2398 2796 2561 2852 libelli
2605 2794 2801 2849 seriem
2823 2834 2836 2855 ,
2879 2792 2943 2846 ad
2975 2790 3325 2846 correctionis
3368 2788 3685 2855 pervenisse

2092 2908 2152 2946 se
2192 2897 2457 2944 testentur
2485 2885 2756 2941 effectum.
2805 2884 2959 2937 Patet
2986 2880 3301 2935 venerandae
3327 2879 3408 2932 via
3451 2893 3686 2932 concor-

2092 2983 2230 3037 dite:
2262 2989 2382 3034 nota
2416 2978 2641 3045 (notata)
2672 2984 2796 3030 sunt
2818 2984 3012 3043 optatte
3040 2971 3271 3026 remedia
3292 2971 3550 3025 sanitatis.
3581 2971 3686 3022 Sa-

2092 3074 2338 3130 cerdotes
2368 3072 2455 3141 qui
2499 3070 2818 3125 Catholicam
2862 3082 3047 3136 pacem
3089 3065 3429 3127 desiderant,
3476 3064 3688 3130 profes-

2093 3169 2299 3221 sionem
2328 3162 2645 3218 catholicam
2678 3178 2781 3213 non
2807 3167 3094 3220 recusent;
3134 3172 3238 3210 non
3271 3156 3412 3210 enim
3435 3170 3567 3222 Optts
3596 3164 3690 3208 est

2095 3260 2335 3329 partibus
2362 3272 2600 3311 errorem
2626 3252 2844 3321 corrigi,
2876 3252 2967 3305 sed
3002 3249 3257 3303 radicitus
3283 3248 3562 3317 amputari.
3598 3247 3689 3300 In—

2094 3352 2268 3404 sisﬁte
2300 3348 2481 3418 igitur,
2526 3347 2665 3401 sicut
2693 3342 2968 3413 cmpistis,
3015 3351 3072 3395 ut
3102 3355 3307 3394 merces
3333 3339 3467 3405 apud
3512 3340 3693 3392 Deum

2097 3453 2307 3507 vestra,
2341 3455 2458 3508 qum
2490 3439 2556 3493 de
2598 3438 2724 3493 boni
2762 3436 2942 3503 operis
2996 3433 3333 3488 inchoatione
3380 3432 3539 3486 habet
3583 3431 3694 3485 ini-

2098 3536 2224 3587 tium
2245 3576 2259 3597 ,
2288 3533 2353 3587 de
2386 3531 2711 3601 perfectione
2743 3536 3103 3595 consequatur
3129 3525 3398 3578 effectum.
3433 3524 3694 3576 Animum

2094 3626 2310 3695 quidem
2350 3633 2587 3678 vestrum
2634 3621 2789 3673 talem
2834 3620 2997 3673 missa
3030 3619 3093 3670 ad
3145 3632 3242 3671 nos
3269 3624 3529 3671 testantur
3549 3614 3696 3667 allo-

2097 3722 2242 3787 quia,
2274 3730 2329 3769 ut
2358 3716 2422 3768 ad
2460 3713 2842 3782 plenitudinem
2874 3709 2999 3763 boni
3032 3707 3287 3778 propositi
3320 3722 3423 3760 non
3458 3705 3694 3758 multum

2098 3810 2379 3880 indigeatis
2428 3808 2637 3861 hortatu
2672 3822 2686 3859 :
2720 3803 2883 3858 nostri
2934 3811 3109 3856 tamen
3152 3801 3400 3855 desiderii
3456 3815 3518 3853 ea
3566 3817 3695 3867 qum

2100 3920 2246 3970 spem
2276 3902 2419 3956 dedit
2453 3900 2589 3954 ratio
2612 3898 2830 3967 (oratio)
2878 3896 3109 3957 amplius
3132 3893 3641 3949 accenditardorem
3678 3913 3693 3959 ;

2099 4007 2151 4048 ut
2181 3994 2387 4048 avidius
2416 3992 2606 4061 gaudia
2640 3989 2848 4057 impleri
2891 3988 3167 4055 cupimus,
3206 4002 3324 4052 qua:
3355 3986 3551 4038 instare
3577 3984 3696 4051 jam

2100 4086 2355 4140 divinitus
2389 4084 2729 4136 arbitramur.
2782 4080 2914 4133 Hinc
2954 4090 3037 4132 est
3062 4076 3202 4144 quod
3232 4078 3441 4129 beatum
3472 4075 3694 4128 Petrum

2099 4177 2400 4241 apostolum
2430 4175 2669 4243 quotidie
2696 4171 3011 4238 suppliciter
3035 4171 3399 4231 obsecramus,
3425 4176 3483 4220 ut
3511 4166 3696 4229 vobis,

2101 4284 2195 4335 per
2224 4284 2357 4334 quos
2402 4264 2661 4332 integrari
2698 4262 2935 4317 membra
2985 4274 3080 4315 sua
3129 4268 3308 4313 sancta
3349 4258 3459 4325 jam
3509 4268 3699 4325 sperat

2102 4359 2340 4415 Ecclesia
2365 4399 2378 4419 ,
2410 4368 2463 4412 et
2489 4358 2741 4411 effectum
2774 4355 2911 4408 licus
2939 4352 3207 4415 celerem,
3241 4359 3295 4403 et
3323 4350 3549 4403 salutem
3597 4348 3697 4401 tri-

2103 4453 2228 4505 buat
2276 4450 2593 4515 longiorem.
2643 4446 2753 4500 Nos
2801 4444 3013 4511 quidem
3066 4442 3259 4496 vestris
3302 4440 3495 4493 animis
3536 4440 3696 4493 ohs:-—

484 4521 694 4575 Gratias
732 4525 1116 4578 misericordia:
1144 4526 1337 4578 divina:
1368 4537 1731 4593 competenter
1768 4528 1998 4581 exsolvi-
2031 4566 2078 4625 Β
2104 4554 2333 4611 (munies
2361 4541 2503 4592 viros
2530 4536 2824 4592 direximus
2849 4576 2865 4595 ,
2903 4535 2967 4586 ad
2992 4532 3323 4586 solidandam
3354 4531 3454 4584 sub
3478 4540 3696 4600 aposto-

415 4627 555 4677 mtts,
578 4630 696 4682 qua:
729 4615 884 4667 fidem
915 4627 1146 4669 vestiam
1174 4618 1261 4669 ditt
1294 4617 1538 4672 laborare
1564 4634 1665 4673 non
1692 4635 1841 4685 passa
1871 4629 1954 4673 est
1979 4637 1991 4672 :

414 4713 471 4758 et
498 4719 615 4757 nam
655 4716 862 4774 tempus
894 4707 1126 4761 oblatum
1160 4718 1270 4769 est,
1304 4725 1409 4779 quo
1458 4710 1594 4763 fidos
1634 4710 1829 4764 milites
1869 4726 1997 4765 suos

415 4798 676 4853 catholica
702 4814 1021 4867 recuperare
1044 4803 1213 4870 possit
1234 4802 1495 4856 Ecclesia.
1514 4804 1643 4868 Quae
1665 4806 1805 4856 enim
1828 4804 1999 4872 major

416 4889 653 4943 animum
684 4898 873 4944 vestrae
896 4900 1071 4959 potest
1092 4892 1333 4945 obtinere
1356 4893 1683 4961 jucunditas,
1708 4910 1863 4964 quam
1890 4910 1999 4947 ma-

419 4986 593 5040 lormn
637 4994 1051 5039 commemorata
1085 4985 1364 5053 depulsio?
1393 4986 1610 5040 Gaudiis
1653 4987 2001 5055 prtesentihus

419 5085 767 5144 compensate
810 5075 1117 5130 afflttlionis
1164 5075 1537 5155 incommoda:
1570 5080 1690 5146 quia
1725 5078 1865 5131 Deus
1901 5095 2000 5132 no-

416 5183 549 5237 ster,
584 5172 675 5241 qui
724 5171 962 5225 remedio
990 5171 1120 5236 fuit,
1171 5172 1412 5225 adversis
1451 5172 1677 5239 opprimi
1721 5174 1999 5227 caritatem

417 5277 655 5320 vestram
687 5265 859 5319 noluit
881 5306 894 5328 ,
926 5264 1020 5317 sed
1053 5264 1284 5333 probari.
1317 5263 1447 5317 Nam
1478 5266 1521 5318 si
1575 5267 1821 5319 trausacti
1868 5276 2001 5320 tem-

417 5358 562 5424 poris
593 5356 729 5410 mala
753 5370 872 5409 cum
904 5356 1174 5424 praesenti,
1202 5370 1318 5423 qua:
1347 5355 1521 5408 divina
1551 5372 1673 5410 esse
1703 5374 1807 5409 non
1836 5358 2005 5411 ambi-

418 5449 578 5516 gitur,
608 5450 957 5505 retributione
977 5448 1355 5516 compensetis,
1379 5450 1497 5516 quis
1518 5448 1726 5501 dubitat
1744 5451 1997 5517 ampliora

423 5555 519 5593 vos
548 5544 761 5608 praemia
791 5554 1175 5597 consecuturos
1200 5558 1355 5611 quam
1384 5557 1580 5595 nocere
1626 5542 1886 5609 potuisset
1910 5543 2002 5594 ad-

421 5634 693 5684 versitas?
718 5633 782 5686 Et
810 5634 1052 5703 quamvis
1085 5649 1181 5701 pro
1220 5642 1359 5686 statu
1394 5632 1513 5685 fidei
1551 5632 1830 5684 catholica:
1871 5648 2003 5684 mm-

496 5753 523 5780 ι
555 5746 629 5798 Ex
660 5747 879 5813 epistola
910 5748 1181 5811 trigesima
1223 5746 1454 5800 secunda
1491 5746 1825 5809 prmeedente
1860 5754 2003 5813 patet

424 5817 564 5883 quid
615 5817 713 5869 huc
755 5817 872 5869 ltro
913 5818 1128 5873 numina
1158 5819 1445 5882 legitortttn
1496 5817 1842 5870 diaconurttttt
1882 5829 2003 5870 :tttte

2105 4635 2220 4689 lica:
2264 4631 2629 4702 di~positionis
2659 4629 3001 4683 ordinatione
3042 4626 3404 4680 concordiam.
3437 4623 3693 4677 Vestrum

2105 4736 2220 4791 est,
2254 4734 2310 4778 ut
2336 4723 2474 4776 sicut
2506 4737 2601 4776 nos
2635 4721 2788 4773 home
2835 4716 3115 4771 intentioni
3157 4716 3203 4768 dc
3226 4730 3344 4769 esse
3386 4715 3658 4768 uoluinms
3680 4761 3693 4781 ,

2106 4818 2174 4870 ita
2205 4832 2299 4870 eos
2342 4814 2478 4879 apud
2528 4827 2625 4865 nos
2664 4820 2900 4878 Optatum
2934 4810 3136 4862 referre
3165 4805 3371 4859 faciatis
3418 4804 3693 4859 effectum.

2110 4908 2297 4961 Munus
2350 4918 2586 4960 vestrum
2656 4902 2956 4955 veneranda
3022 4898 3253 4952 sacraria
3310 4908 3693 4965 susceperunt;

2110 4998 2250 5066 quod
2312 4995 2541 5063 amplius
2597 4994 2754 5047 beato
2801 4992 2956 5044 I‘etro
3004 4989 3244 5053 apostolo
3290 4986 3497 5041 facietis
3544 5003 3696 5042 acce-

2108 5088 2268 5156 ptius,
2300 5086 2341 5140 si
2375 5102 2469 5153 per
2497 5100 2588 5135 vos
2631 5094 2867 5150 optatam
2900 5080 3154 5134 Ecclesiae
3198 5078 3497 5146 receperint
3529 5080 3696 5132 unita-

2109 5190 2213 5231 tem
2241 5182 2408 5243 (anno
2434 5175 2641 5229 Domini
2673 5173 2821 5235 5l9).

2574 5265 2901 5321 EPISTULA
2946 5264 2985 5317 Χ
3000 5264 3035 5315 Χ
3050 5263 3087 5315 Χ
3100 5262 3159 5313 Vl
3173 5263 3230 5315 II.

2181 5382 2245 5417 AD
2284 5377 2530 5415 CELERE.“
2574 5376 2640 5412 ΕΤ
2683 5373 2962 5411 ρΑτιιιοιωι
3004 5368 3342 5410 ειηκηιδειλιοε
3381 5370 3624 5409 Αυιιεοδ.

2358 5452 2573 5521 Legatos
2605 5453 2654 5503 iu
2685 5461 2842 5501 causa
2869 5449 3008 5511 paris
3040 5445 3439 5516 coudjrtrattdos.

2181 5542 2460 5596 llurmisda
2488 5542 2659 5595 Ce'eri
2690 5552 2742 5594 et
2776 5538 3005 5592 Patricio
3036 5554 3061 5588 a
3094 5537 3226 5606 pari.

2182 5635 2432 5702 Quamvis
2472 5650 2568 5703 pro
2614 5634 2712 5687 loci
2748 5631 2915 5685 nostri
2956 5627 3385 5683 consideratione
3422 5628 3490 5681 de
3534 5643 3688 5681 causa

2114 5746 2416 5818 presbyteri
2441 5761 2636 5818 nomen
2658 5744 2825 5818 posita
2851 5740 3208 5818 reperiantur,
3239 5750 3296 5793 ut
3318 5739 3427 5795 dixi
3458 5754 3617 5809 supra
3640 5739 3688 5792 in

2119 5811 2256 5875 noxis
2280 5811 2525 5879 ejusdettt
2558 5817 2813 5879 epistolas
2852 5817 2975 5868 διν.
3012 5811 3207 5865 Btatus.
