3998 6368
222 354 301 408 Ml
1379 360 1727 419 EPISTOLIE
1763 364 1850 418 ET
1888 364 2221 421 DEGBETA.

3323 365 3428 437 ui

224 472 327 527 Μαί
367 469 632 526 catholica:
676 469 892 527 minime
921 480 1101 528 tacete
1133 475 1427 543 possimus,
1471 488 1648 533 tamen
1688 481 1754 533 ad
1787 483 1830 540 Α
1862 483 2171 538 beatitudini
2193 492 2383 540 vestra:
2408 487 2820 553 signiﬁcavimus
2850 513 2860 545 :
2890 495 3032 562 quod
3064 494 3115 550 in
3143 497 3425 570 Scampina

224 566 341 617 banc
367 568 561 628 partem
603 560 975 615 serenissimus
1022 564 1269 633 princeps
1316 582 1640 636 magnopere
1675 570 1756 623 di-

223 651 361 705 rectis
383 650 618 704 all'atibus
645 659 887 705 nostrum
920 654 1159 708 incitavit
1184 656 1415 710 studium
1437 698 1451 721 ,
1485 675 1580 725 pro
1604 660 1755 727 cujus

222 743 394 811 legatos
444 740 705 795 voluntate
776 742 1087 798 direximus.
1156 745 1221 799 Et
1277 748 1398 815 quia
1455 748 1753 816 bujusmodi

220 847 353 885 causa
380 830 599 885 filiorum
630 831 884 886 Ecclesia:
911 834 1176 889 sublevari
1204 834 1397 891 debeat
1418 839 1637 904 auxilio,
1672 855 1757 893 sa-

220 924 418 975 lutantrs
458 935 548 975 vos
593 922 738 975 cultu
786 932 944 990 atque
974 923 1378 981 honorificentia
1409 931 1750 996 competenti,

221 1013 454 1079 praeimus
497 1020 553 1064 ut
591 1027 685 1080 pro
735 1014 1096 1068 ecclesiastica
1130 1030 1259 1083 pace
1294 1018 1637 1084 allegationes
1664 1033 1752 1072 eo-

220 1120 316 1157 rum
361 1105 444 1171 qui
469 1104 659 1159 directi
686 1115 811 1160 sunt
857 1106 995 1175 apud
1018 1109 1225 1163 animos
1255 1109 1582 1162 serenissimi
1611 1109 1754 1177 priu-

215 1195 326 1263 cipis
348 1196 603 1261 adjuvetis
628 1214 640 1249 :
668 1197 928 1265 siquidem
953 1209 1141 1253 vestra:
1166 1200 1496 1254 celsitudinis
1520 1202 1751 1257 laborem

219 1300 304 1338 non
338 1300 485 1353 parva
530 1287 808 1342 retributio
846 1288 1209 1357 subsequitur,
1251 1306 1371 1343 cum
1402 1290 1750 1359 omnipotenti

220 1376 309 1428 Deo
344 1390 433 1430 nos
456 1377 655 1446 gratias
682 1378 987 1445 persolvere
1014 1379 1081 1434 de
1116 1381 1309 1435 vestris
1332 1381 1587 1450 operibus
1616 1381 1753 1438 fece-

212 1469 311 1521 ritis
335 1468 482 1535 (auno
512 1469 724 1523 Domini
755 1471 906 1536 5|9).

666 1564 989 1620 EPISTULA
1036 1565 1274 1621 XXXIX.

318 1670 376 1707 Alt
411 1669 731 1709 Ριιι-Ἒοτυιι
772 1671 1052 1712 Ριιετοιιιο
1089 1672 1632 1713 τηειελιοκιεεαεεκ.

604 1746 803 1801 Eadem
831 1765 944 1817 quae
971 1750 1023 1802 in
1051 1751 1321 1819 superiori.

1859 578 2081 631 civitate
2124 577 2318 633 factum
2366 588 2450 633 est
2493 584 2681 637 vestris
2729 586 3058 641 orationibus
3106 599 3281 645 tacere
3320 608 3425 647 non

1860 670 2216 737 permisimus.
2246 670 2541 739 Antequam
2586 690 2685 729 nos
2732 678 3129 746 ingrederemnr
3159 684 3209 736 in
3239 685 3427 739 civita-

1858 769 1962 814 tem
2007 762 2210 829 ipsam,
2242 764 2563 818 venerabilis
2605 766 2797 833 Trojus
2846 771 3102 841 (Troilus)
3141 776 3425 845 episcOpus

1856 864 1975 902 cum
2006 864 2103 902 suo
2132 851 2277 904 clero
2303 852 2387 905 vel
2422 853 2574 919 plebe
2604 853 2656 908 in
2696 871 2971 913 occursum
3000 863 3152 917 nobis
3176 879 3423 933 egressus

1856 952 1959 993 est.
1988 940 2053 994 Et
2078 942 2347 1008 quomodo
2375 943 2512 997 Deus
2536 944 2586 997 in
2618 945 2729 1013 ipsa
2769 948 2855 1002 die
2886 950 3190 1008 benedictus
3226 965 3336 1023 est,
3369 969 3426 1011 ct

1855 1046 1975 1098 qua:
2010 1031 2265 1085 festivitas
2295 1048 2387 1100 per
2414 1033 2579 1100 ipsius
2610 1036 2858 1102 pietatem
2887 1050 2969 1094 est
3008 1043 3285 1101 subsecuta
3306 1093 3321 1114 ,
3353 1052 3420 1103 ad

1856 1122 2094 1175 notitiam
2125 1124 2453 1191 apostolatus
2479 1126 2639 1179 vestri
2667 1128 2966 1185 referimus.
2996 1133 3157 1190 Nobis
3184 1153 3421 1206 praesen-

1856 1212 2016 1277 tibus,
2048 1214 2131 1268 vel
2156 1228 2254 1268 suo
2278 1216 2427 1270 clero
2451 1225 2505 1271 et
2535 1218 2801 1274 nobilibus
2820 1223 2948 1277 viris
2974 1225 3137 1291 ipsius
3162 1229 3417 1298 civitatis,

1856 1303 2090 1359 libellum
2120 1305 2468 1375 subscripsit,
2504 1312 2738 1376 porrexit
2766 1329 2778 1364 :
2809 1316 3170 1384 suscepimus,
3204 1330 3256 1373 et
3282 1336 3420 1390 pra:-

1854 1408 2008 1451 seute
2044 1397 2191 1452 omni
2226 1398 2373 1453 clero
2402 1401 2483 1454 vel
2530 1402 2719 1471 plebe,
2768 1407 2819 1459 in
2849 1407 3015 1474 gradu
3058 1426 3156 1465 suo
3198 1427 3226 1465 a
3263 1429 3423 1468 servo

1856 1496 2032 1541 vestro
2072 1488 2231 1542 Petro
2271 1491 2479 1545 notario
2515 1502 2712 1549 sancta:
2759 1496 3007 1553 Ecclesia:
3050 1501 3303 1557 Romana:
3342 1516 3424 1561 est

1854 1581 2099 1633 relectus.
2151 1579 2277 1633 Erat
2323 1592 2614 1636 conventus
2660 1585 2709 1637 in
2762 1586 2975 1642 basilica
3025 1591 3204 1649 Sancti
3255 1589 3418 1654 Petri.

1853 1670 2180 1725 Conlitemur
2216 1674 2524 1731 beatitudini
2561 1685 2781 1744 vestrae,
2820 1687 3017 1734 tantam
3053 1681 3422 1751 devotionem,

1857 1771 2029 1816 tantas
2061 1764 2167 1816 Deo
2200 1764 2403 1829 laudes,
2434 1777 2605 1821 tantas
2634 1768 2913 1839 lacrymas,
2945 1780 3083 1825 tanta
3108 1774 3295 1843 gaudia
3324 1776 3423 1831 dif-

271 1838 523 1893 llormisda
580 1840 831 1909 praefecto
890 1844 1140 1910 pra-torio
1180 1842 1645 1899 Thessaloniceusi
1701 1855 1755 1899 et
1786 1846 1831 1906 Β
1861 1851 1996 1907 ﬁcile
2026 1853 2078 1908 in
2108 1854 2211 1908 alio
2251 1857 2445 1924 populo
2478 1858 2724 1911 vidimus.
2773 1860 2942 1926 Prope
2969 1838 3155 1918 omne;
3179 1879 3301 1919 cum
3336 1880 3423 1922 ce-

211 1929 391 1983 cteteris
414 1929 708 1986 illustribus
734 1945 763 1983 a
793 1931 929 2000 pari.

269 2020 397 2075 Licet
419 2036 513 2089 pro
556 2037 716 2076 causa
744 2022 1103 2079 ecclesiastica
1144 2039 1413 2094 nunquam
1454 2025 1751 2079 sollicitudo

211 2122 362 2165 nostra
390 2115 715 2177 cessaverit,
749 2124 924 2169 tamen
953 2114 1289 2184 imperatoris
1318 2116 1643 2171 serenissimi
1667 2132 1745 2170 sa-

208 2203 294 2255 cris
318 2201 553 2257 aﬂatibus
578 2205 872 2273 promptius
903 2206 1126 2271 incitati,
1158 2207 1359 2275 legatos
1375 2221 1495 2261 cum
1518 2207 1751 2262 crelestis

211 2295 563 2350 misericordia:
584 2298 763 2351 favore
783 2298 1111 2361 direximus;
1140 2314 1364 2367 quorum
1391 2298 1568 2355 officio
1591 2301 1748 2365 bona,

207 2404 304 2454 qua:
328 2387 390 2441 de
415 2388 672 2457 principis
696 2400 873 2443 mente
902 2390 1291 2458 prresumimos,
1318 2392 1652 2461 impleantur.
1688 2392 1751 2443 Et

207 2478 308 2532 ideo
329 2479 617 2535 salutantes
644 2481 1046 2548 amplitudinem
1080 2493 1341 2547 vestram,
1377 2484 1522 2537 cultu
1560 2495 1614 2537 et
1656 2484 1751 2537 bo-

207 2585 314 2625 nore
340 2587 439 2638 quo
462 2572 683 2641 dignum
725 2582 809 2628 est
828 2615 843 2636 ,
895 2575 1164 2643 poscimus
1208 2585 1265 2629 ut
1296 2592 1391 2644 pro
1422 2577 1753 2646 redintegra-

206 2661 325 2717 tione
366 2664 481 2718 lidei
513 2674 752 2718 vestrum
785 2666 1135 2721 commodetis
1164 2667 1430 2732 studium,
1464 2683 1561 2722 uec
1590 2670 1750 2724 tantis

206 2755 406 2810 ﬁdelium
450 2757 650 2812 tardari
697 2769 818 2813 vota
870 2760 1195 2829 temporibus
1236 2762 1551 2830 permittatis
1581 2782 1592 2815 :
1627 2765 1748 2833 quia

205 2861 293 2900 non
317 2858 391 2902 est
416 2849 635 2903 dubium
666 2852 1035 2906 celsitudnem
1068 2863 1299 2907 vestram
1332 2855 1560 2909 fructum
1592 2864 1749 2909 tanta:

205 2937 351 2992 laudis
376 2942 683 3010 acquirere.
718 2943 761 2996 si
796 2958 891 3011 per
915 2960 1032 2997 eam
1061 2960 1179 3011 qua:
1207 2946 1275 3000 ab
1319 2947 1566 3001 omnibus
1596 2947 1753 3001 bouis

204 3040 442 3099 aptantur,
475 3036 571 3091 Dci
620 3039 788 3091 nostri
832 3040 1195 3095 misericordia
1239 3050 1525 3111 cperante,
1558 3059 1749 3114 prove.

204 3123 329 3177 uiant
352 3127 510 3197 (anno
544 3128 750 3182 Domini
779 3129 928 3189 519).

724 3221 1053 3277 EPISTOLA
1092 3224 1203 3279 XL.

203 3322 256 3360 ιο
297 3326 612 3367 ΑκΑετΑδιιηι
667 3328 735 3367 ετ
788 3329 1090 3369 νλιιιλτιιιι
1142 3330 1477 3370 οιΑειιεειιιΑε
1528 3333 1749 3371 γενιηλε

261 3394 600 3445 ςεηλτοῐιιμ,
643 3400 760 3447 ρυλε
799 3400 1041 3439 TEHPORE
1082 3402 1486 3440 PERSECUTN'NIS
1524 3404 1749 3443 ANASTA-

255 3463 311 3501 Sll
348 3466 442 3506 PRO
484 3469 606 3507 FIDE
643 3470 847 3507 CATIIOL
873 3470 936 3508 CA
977 3470 1302 3511 INCONCUSSE
1342 3473 1666 3513 STETEBAST.

619 3544 806 3598 Eadem
833 3562 947 3615 qua:
974 3548 1024 3599 in
1056 3548 1326 3618 superiori.

260 3631 529 3690 llormisda
564 3636 857 3691 Anastasius
885 3647 941 3691 et
969 3638 1241 3693 Palmatia:
1269 3655 1296 3692 a
1330 3640 1465 3710 pari.
1568 3705 1576 3711 _

258 3722 404 3777 Boote
434 3726 725 3779 voluntatis
752 3727 985 3781 studium
1015 3728 1205 3783 divina:
1231 3746 1442 3798 semper
1470 3731 1753 3786 comitatur

202 3814 550 3880 prOSperitatis
573 3815 813 3873 ell‘eclus.
844 3816 936 3871 Dei
961 3821 1123 3872 nostri
1151 3819 1474 3887 providentia
1502 3822 1754 3890 temporis

199 3905 393 3959 facultas
420 3908 599 3961 oblata
643 3919 755 3974 est,
788 3909 839 3963 in
868 3925 969 3980 qua
1015 3926 1112 3980 pro
1152 3912 1271 3967 lidei
1299 3922 1491 3967 vestra:
1536 3915 1753 3981 prmmio

199 3995 414 4054 debeatis
440 4001 638 4060 anniti.
690 4003 763 4057 De
809 4017 1038 4073 superna
1085 4004 1328 4074 primitus
1367 4006 1751 4072 misericordia,

198 4086 425 4160 deinceps
454 4092 524 4146 de
553 4094 881 4148 conscientia
908 4096 1312 4151 clementissimi
1345 4097 1597 4165 principis
1623 4112 1755 4166 pra:-

199 4191 447 4236 sumentes
466 4224 483 4250 ,
515 4184 721 4253 legatos
749 4202 843 4254 pro
873 4187 1143 4256 religionis
1173 4188 1450 4241 catholica:
1488 4202 1644 4241 causa
1674 4188 1722 4241 di
1742 4218 1754 4227 -

198 4271 433 4338 reximus,
466 4288 564 4342 per
590 4289 726 4342 quos
751 4278 1154 4345 amplitudinem
1179 4286 1408 4331 vestram
1443 4277 1636 4332 debita:
1667 4295 1756 4332 ve—

198 4362 464 4416 nerationis
502 4365 800 4421 salutamus
834 4368 1039 4432 officio;
1081 4369 1407 4438 postulantes
1446 4377 1505 4422 ut
1538 4386 1631 4436 pro
1662 4385 1752 4424 ec-

196 4450 493 4509 clesiastica:
522 4456 973 4526 rediutegratioue
1008 4459 1306 4513 concordia:
1334 4470 1569 4513 vestrum
1606 4459 1754 4513 labo-

198 4554 293 4593 rem
310 4552 464 4613 atque
484 4560 703 4613 operam
724 4562 826 4601 non
848 4550 1070 4618 negetis,
1090 4558 1351 4616 quatenus
1366 4564 1507 4611 cum,
1526 4548 1755 4615 repulsis
1786 4558 1833 4616 ί)

196 4635 506 4700 remotisque
536 4637 600 4688 iis
628 4652 761 4705 quos
790 4638 1095 4704 aposrobca:
1115 4638 1260 4692 sedis
1282 4637 1554 4691 damnavit
1576 4648 1757 4696 aucto-

198 4718 331 4785 ritas,
358 4722 425 4777 ad
460 4740 620 4778 uuam
640 4765 655 4789 ,
682 4741 799 4794 qua:
826 4735 968 4780 recta
997 4738 1113 4789 est,
1144 4730 1574 4781 communionem
1608 4727 1757 4797 plebs

193 4810 477 4869 Christiana
512 4817 765 4881 redierit,
810 4816 1021 4873 beatum
1054 4820 1266 4874 Petrum
1295 4821 1592 4887 apostolum
1613 4861 1627 4883 ,
1663 4835 1757 4889 pro

194 4904 325 4970 cujus
351 4904 458 4960 ﬁde
485 4907 727 4973 nitimur,
768 4910 818 4963 in
852 4912 1044 4964 vestris
1084 4910 1300 4979 possitis
1325 4910 1522 4965 habere
1550 4911 1757 4965 actibus

192 4995 475 5062 adjutorctn
507 5000 671 5069 (anno
701 5000 906 5054 Domini
932 5001 1077 5071 519).

318 5088 708 5147 EXEMPLUM
746 5092 1253 5149 SUGGESTIONIS-
1274 5093 1612 5148 SECUND/E

191 5191 407 5234 GEMIANI
450 5199 515 5236 ΕΤ
566 5199 805 5247 ιοιυεκις,
860 5200 1118 5247 ΕΡ150οΡ1,
1168 5200 1369 5239 FELICIS
1419 5201 1482 5237 ET
1521 5200 1755 5238 DIOSCOIII

436 5270 795 5315 DIACUNIHKUH.
838 5271 904 5308 ET
943 5270 1128 5308 BLANDI
1168 5271 1507 5309 PRESBYTER!-

344 5343 548 5408 Quanto
577 5360 693 5396 cum
717 5344 909 5398 honore
937 5346 1144 5415 Scampi
1174 5345 1358 5415 fuerint
1383 5348 1593 5415 accepti.

252 5431 305 5487 lu
332 5436 547 5490 civitate
575 5438 890 5490 Aulouitana
925 5452 1030 5508 quo
1060 5438 1248 5491 ordine
1276 5453 1395 5491 cum
1431 5438 1520 5492 Dei
1550 5438 1752 5507 adjuto-

191 5526 263 5578 rio
286 5530 627 5596 pervenimus
647 5572 661 5593 ,
691 5538 745 5582 et
770 5529 1039 5597 quomodo
1067 5543 1252 5582 sumus
1278 5529 1510 5599 suscepti
1539 5530 1606 5584 ab
1642 5529 1755 5595 epi-

190 5631 347 5686 scopo
381 5620 616 5674 civitatis
662 5620 828 5688 ip~ius
848 5661 863 5687 ,
894 5629 948 5675 et
976 5621 1103 5690 quid
1145 5630 1425 5675 estactum
1447 5662 1461 5683 ,
1495 5622 1579 5675 vel
1607 5622 1761 5690 quale

193 5724 498 5779 rrsponsum
526 5712 820 5773 dederunt,
862 5723 917 5767 et
944 5713 1065 5782 quia
1101 5711 1214 5767 ba'c
1245 5713 1516 5781 promisit,
1548 5721 1603 5765 ut
1642 5727 1760 5766 cum

192 5806 600 5874 metropolitano
638 5822 733 5860 suo
768 5805 967 5861 faceret
1013 5804 1275 5869 libe’lum,
1313 5803 1365 5858 in
1397 5803 1495 5857 alia
1541 5803 1761 5870 cpistola

1855 1944 1958 1997 reis
1981 1944 2076 1999 viri
2104 1960 2225 2000 cum
2253 1948 2594 2014 mulirribus,
2621 1950 2817 2005 milites
2839 1966 2957 2006 cum
2982 1955 3229 2010 crucibus
3265 1958 3317 2011 in
3347 1960 3423 2012 ci-

1855 2034 2015 2089 vitate
2055 2050 2151 2090 nos
2176 2049 2545 2102 susceperunt.
2588 2039 2879 2095 Celebrate!
2908 2053 3029 2097 sunt
3059 2046 3265 2111 missa,
3304 2048 3422 2101 nul-

1854 2124 1957 2178 lius
1987 2141 2179 2180 nomen
2212 2127 2497 2182 obnoxium
2539 2131 2811 2198 religionis
2859 2142 2939 2186 est
2982 2136 3288 2199 recitatum,
3320 2138 3423 2193 nisi

1854 2228 2055 2274 tantum
2085 2221 2423 2276 beatitudinis
2450 2234 2661 2278 vestrm.
2686 2222 2877 2278 Noster
2902 2226 3183 2295 episcopus
3204 2245 3424 2284 venera-

1856 2311 1972 2364 lailis
2017 2309 2313 2366 Germanus
2348 2312 2562 2366 missam
2610 2314 2916 2369 celebravit.
2964 2317 3025 2369 Et
3070 2318 3425 2386 promiserunt

1855 2417 1952 2455 nec
1977 2412 2162 2471 postea
2193 2404 2429 2467 recitari,
2463 2405 2563 2457 nisi
2591 2421 2724 2474 quos
2753 2407 2907 2462 sedes
2937 2409 3220 2476 apostolica
3246 2426 3425 2468 susce-

1856 2493 1949 2561 pit.
1981 2494 2184 2559 Quanta
2228 2509 2257 2546 a
2290 2494 2441 2547 nobis
2479 2505 2693 2564 operata
2723 2507 2877 2563 Sunt,
2914 2499 3049 2552 Deus
3081 2501 3341 2568 propitius
3371 2502 3425 2557 in

1855 2586 2002 2640 vobis
2024 2598 2329 2641 conservet.
2354 2587 2509 2641 Istam
2532 2589 2810 2658 epistolam
2844 2600 2967 2644 ante
2996 2592 3207 2661 triginta
3238 2594 3426 2648 millia-

1856 2676 1929 2729 ria
1961 2690 1988 2727 a
2022 2676 2242 2746 Lignido
2286 2676 2538 2743 fecimus,
2569 2689 2844 2744 sperantes
2875 2681 2988 2751 ipsa
3026 2680 3114 2735 die
3160 2683 3212 2735 in
3240 2683 3427 2738 eadem

1854 2768 2071 2822 civit-Ie
2095 2783 2213 2822 cum
2238 2766 2330 2821 Dei
2356 2768 2620 2838 adjutorio
2652 2771 2946 2839 pervenire.
2981 2772 3047 2824 Et
3068 2774 3334 2841 quomodo
3360 2776 3424 2828 ad

1856 2874 1952 2912 nos
1974 2860 2214 2928 pervenit
2237 2858 2553 2927 Scampinus
2573 2861 2872 2928 episcopus,
2897 2876 3169 2930 speramus
3193 2873 3245 2917 et
3264 2864 3429 2930 ipsius

1853 2953 2081 3006 civitatis
2130 2952 2333 3021 Lignidi
2384 2953 2690 3022 episcopum
2737 2952 2927 3006 similia
2975 2953 3169 3009 facere.
3200 2955 3349 3021 Quod
3381 2956 3428 3009 si
3501 2986 3513 2993 ο

1854 3047 2050 3101 factum
2086 3046 2271 3111 fuerit,
2301 3044 2421 3097 data
2448 3045 2729 3098 occasione
2769 3045 3141 3099 rescribemns.
3188 3047 3428 3115 Scampis

1855 3144 2009 3198 nobis
2036 3144 2249 3212 positis,
2279 3152 2400 3211 post
2430 3142 2658 3204 missas,
2692 3142 2818 3194 liora
2849 3142 3139 3195 cmnatoria
3160 3183 3174 3206 ,
3206 3140 3429 3208 Stepha-

1856 3254 1955 3292 nus
1981 3246 2035 3291 et
2060 3237 2311 3293 Leontius
2341 3253 2427 3291 vv.
2464 3251 2544 3291 cc.
2591 3236 2659 3290 ab
2705 3237 3023 3305 imperatore
3063 3235 3210 3291 missi
3257 3233 3307 3285 in
3339 3248 3429 3287 oc—

1852 3348 2066 3387 cursum
2099 3331 2255 3387 nobis
2276 3340 2559 3393 venerunt,
2589 3330 2764 3384 adhuc
2788 3329 3084 3383 nescientes
3111 3342 3204 3387 uos
3231 3326 3281 3379 io
3309 3340 3429 3395 par-

1855 3425 1993 3480 tibus
2013 3424 2338 3478 Grrrciarum
2371 3423 2590 3490 positos,
2623 3423 2743 3490 quia
2791 3409 2912 3475 talia
2944 3418 3189 3473 mandata
3220 3416 3430 3471 fuerunt

1853 3515 2033 3570 eotuiti
2070 3515 2344 3582 Stephano
2373 3514 2517 3577 data,
2553 3521 2609 3565 ut
2645 3512 2711 3565 ad
2745 3522 2921 3581 partes
2951 3509 3117 3562 Italia:
3146 3506 3430 3562 transirent

1855 3608 1906 3661 in
1936 3622 2214 3661 occursum
2247 3615 2507 3659 nostrum.
2543 3606 2638 3658 Est
2667 3602 2970 3668 Stephanus
2994 3600 3122 3663 iste,
3156 3598 3243 3665 qui
3272 3596 3430 3651 modo

1854 3697 2067 3760 dicitur,
2101 3696 2167 3750 de
2197 3696 2466 3764 parentela
2498 3695 2589 3748 lilii
2623 3694 2783 3747 vestri
2822 3691 3057 3759 magistri
3088 3690 3311 3742 militum
3334 3686 3430 3741 Vi-

1857 3786 2057 3839 taliani.
2102 3786 2164 3839 Hi
2197 3786 2351 3839 nobis
2392 3785 2767 3838 nuntiaverunt
2809 3781 3091 3835 Patricium
3130 3788 3428 3831 senatorem

1858 3880 2208 3949 proscriptum
2248 3889 2302 3932 et
2335 3878 2385 3930 in
2415 3876 2660 3943 exsilium
2702 3876 2940 3928 missum.
2990 3873 3092 3926 Pro
3120 3887 3219 3939 qua
3249 3882 3428 3924 tamen

1857 3986 2013 4025 causa
2039 4011 2053 4033 ,
2085 3969 2184 4023 nisi
2226 3968 2490 4037 quomodo
2519 3967 2586 4020 ad
2618 3982 2714 4021 nos
2747 3963 3069 4033 pervenerit,
3103 3977 3208 4021 non
3238 3975 3429 4030 possuo

1859 4076 1975 4115 mus
2022 4059 2221 4125 dicere,
2254 4057 2376 4129 quia
2403 4072 2506 4111 non
2533 4067 2613 4110 est
2639 4057 2705 4110 de
2735 4055 2930 4124 talibus
2956 4053 3114 4107 rebus
3146 4050 3296 4104 facile
3332 4048 3429 4103 de-

1862 4155 2110 4209 liberare.
2146 4153 2345 4208 Dicitur
2385 4164 2560 4207 tamen
2601 4162 2651 4206 et
2692 4148 3065 4219 apocrisiarius
3094 4146 3434 4201 Thessaloni-

1860 4244 2037 4298 censis
2070 4243 2325 4300 Ecclesia:
2359 4245 2559 4309 teneri,
2608 4243 2743 4311 apud
2783 4257 2916 4311 quos
2955 4241 3136 4293 dicunt
3184 4237 3433 4305 epistolas

1861 4334 2093 4386 inventa.
2128 4349 2144 4398 ;
2178 4349 2273 4401 pro
2302 4349 2404 4402 qua
2456 4346 2615 4386 causa
2638 4372 2652 4395 ,
2684 4331 2949 4386 nescimus
2979 4346 2994 4382 ε
3036 4342 3155 4381 cum
3206 4327 3334 4395 ipsis
3378 4337 3434 4380 et

1860 4423 2262 4485 Plrilumcuom,
2318 4423 2682 4485 Demetr'um,
2729 4420 3159 4490 Magistrianum,
3204 4430 3257 4473 et
3301 4419 3435 4472 alias

1860 4527 2136 4581 personas,
2164 4529 2386 4579 quarum
2416 4514 2627 4567 nomina
2651 4514 2976 4580 ignoramus.
3007 4511 3106 4564 Ista
3138 4520 3283 4577 sunt,
3306 4525 3435 4579 quo-

1860 4603 2017 4655 modo
2045 4603 2410 4671 praedisiums,
2441 4619 2556 4670 qua:
2594 4603 2915 4655 audivimus.
2949 4600 3025 4655 De
3056 4615 3213 4653 causa
3254 4611 3432 4652 tamen

1860 4711 1938 4749 ecr
1958 4697 2222 4750 lesiastica
2248 4711 2367 4750 eum
2402 4696 2496 4749 Dei
2522 4694 2879 4749 misericordi:
2906 4708 3158 4763 prospera
3192 4693 3435 4745 rutulian-

1864 4794 1967 4839 tur.
1989 4786 2286 4840 Cosmatetn
2318 4798 2488 4839 tamen
2512 4786 2775 4839 medicum
2800 4798 2895 4849 pro
2916 4800 3016 4853 qua
3041 4798 3195 4837 causa
3220 4782 3273 4835 in
3290 4782 3435 4835 Italia

1861 4878 2026 4941 venit,
2054 4879 2261 4944 penitus
2286 4878 2577 4943 intelligere
2602 4892 2704 4930 non
2730 4875 3019 4945 potuimus,
3046 4876 3145 4928 nisi
3171 4874 3290 4939 hoc,
3315 4872 3434 4942 quia

1863 4968 2073 5022 fortiter
2112 4970 2385 5038 qumritur,
2434 4968 2500 5020 tle
2543 4982 2647 5032 quo
2683 4966 2890 5021 debetis
2932 4980 3052 5019 esse
3095 4963 3338 5027 solliciti,
3384 4972 3435 5016 ut

1865 5060 2067 5126 sciatis,
2098 5076 2190 5127 pro
2218 5076 2321 5129 qua
2349 5074 2506 5113 causa
2535 5059 2727 5113 ibidem
2760 5058 2921 5111 venit.

2216 5171 2376 5224 ITEM
2412 5171 2660 5225 TERTIA
2703 5169 3087 5225 SUCCESTIO

2192 5278 2502 5316 LEGA'I‘OIRU.“
2542 5277 3109 5316 δυνιιΑΝοωΝΑτοιιυω.

1929 5364 2203 5434 Liguidum
2229 5365 2531 5433 pervenisse,
2560 5376 2605 5415 et
2625 5366 2780 5434 juxta
2808 5366 2915 5432 ejus
2947 5362 3186 5414 mandafa
3214 5375 3381 5412 omnm

2545 5445 2764 5504 peracta.

1941 5527 1994 5579 lu
2020 5526 2119 5579 alia
2143 5526 2362 5594 epistola
2390 5524 2803 5585 significavimus
2833 5520 3139 5575 beatitudini
3163 5529 3351 5571 vestra:
3374 5520 3439 5573 tle

1864 5621 2147 5688 Scampiua
2176 5618 2394 5671 civitate
2421 5617 2487 5670 de
2519 5615 2807 5669 venerabili
2836 5611 2995 5679 Trojo
3023 5610 3295 5679 episcopo,
3331 5628 3437 5678 quo

1865 5712 2054 5765 ordire
2079 5710 2310 5764 libellum
2333 5706 2500 5771 dedit,
2524 5718 2575 5760 et
2597 5704 2766 5771 qualis
2792 5700 3047 5755 festivitas
3070 5714 3145 5757 eat
3171 5702 3435 5757 celebrata

1872 5803 1922 5855 in
1957 5803 2065 5871 ipsa
2111 5799 2340 5854 civitate.
2375 5800 2503 5851 Cum
2557 5796 2648 5849 Dei
2680 5792 3034 5848 misericordia
3067 5794 3314 5849 venimus
3351 5792 3435 5846 Li-
