3998 6368
533 352 640 405 “5

1869 346 2116 403 llORMlS

2220 344 2236 399 Β
2277 343 2470 399 ΡᾹΡιΕ
3687 349 3778 405 ιιι

533 465 773 532 κιιὶιιυηι,
800 463 1158 518 Theodoritus
1179 463 1463 532 episcopus
1495 465 1811 518 venerabilis
1839 466 1916 516 vir
1945 463 2109 530 ips-ius
2137 464 2183 520 Α
2216 460 2388 512 rituali
2444 461 2662 513 caritate
2715 471 2903 514 νεθιτιιξ
2957 462 3284 527 sanctitatis,
3335 464 3474 534 quod
3531 465 3777 520 unitatem

535 556 764 612 civitatis
791 555 912 609 simi
935 557 1037 609 iter
1066 555 1304 608 libellum
1349 556 1522 619 dedit,
1566 556 1656 622 qui
1684 556 1897 611 libellus
1923 558 1976 610 in
2009 558 2108 610 Ec-

534 649 695 702 clesia
733 656 814 700 est
844 645 1099 709 relectus,
1145 657 1199 700 et
1237 646 1415 699 omnia
1455 645 1750 700 secundum
1777 633 2050 700 constituti
2074 667 2112 693 ι·-

539 756 657 793 netn
688 747 920 790 vestram
951 745 1074 791 sunt
1114 737 1272 790 facta.
1325 737 1526 807 liogate
1559 738 1758 802 De'tm;
1795 749 2005 806 sperate
2047 739 2114 791 ab

532 830 785 898 apostolis
817 830 936 898 ejus
974 830 1283 885 beatissimo
1330 832 1487 884 Petro
1517 840 1570 885 et
1606 829 1802 897 Paulo,
1853 840 1909 884 ut
1937 830 2111 897 Deus,

533 924 624 990 qui
665 921 808 974 initia
843 923 964 974 talia
1005 922 1226 976 donavit
1253 923 1588 976 orationibus
1616 924 1837 983 vestris.
1869 923 2114 976 similiter

535 1023 828 1079 sequantur
846 1012 962 1084 [sic]
980 1023 1034 1067 et
1061 1028 1343 1081 prositera,
1363 1023 1421 1067 ut
1438 1023 1674 1080 tempora
1691 1029 1904 1067 coronae
1923 1023 2113 1068 ve~trsc

534 1107 924 1161 incorrectione
938 1107 1290 1160 Ecclesiarum
1308 1123 1522 1176 semper
1539 1107 1918 1174 praedicantur.
1941 1109 2112 1173 Quam

533 1197 816 1264 epistolam
866 1197 932 1251 ad
992 1199 1345 1266 apostolatum
1408 1209 1643 1251 vestrum
1691 1198 1988 1253 direximus
2026 1200 2115 1255 die

536 1305 794 1344 nonarum
825 1290 1156 1344 Martiarum.

912 1400 1290 1456 EXEMPLUM
1332 1400 1742 1456 RELATIONIS

867 1515 896 1551 Α
907 1513 1087 1550 NDREA-Z
1127 1511 1356 1550 EPISCOPI
1394 1512 1772 1551 Ριςιενιιωτιικι.

534 1611 767 1665 Continrt
809 1606 1177 1664 simulationsnn
1223 1611 1574 1680 episcoporum
1623 1611 1677 1663 in
1728 1611 1926 1677 symdo
1973 1612 2117 1678 Epiri

604 1683 751 1749 novi,
780 1690 826 1734 et
862 1697 975 1747 qua:
1005 1680 1242 1749 Scampis
1271 1696 1314 1734 et
1345 1680 1548 1752 Lignidi
1580 1683 1631 1732 iu
1660 1687 1876 1734 adreum
1919 1683 2119 1752 legato-

604 1768 720 1804 rum
745 1762 857 1805 acta
882 1761 1018 1806 δωιι.

604 1863 830 1918 Domino
879 1880 1092 1933 semper
1145 1880 1267 1920 meo
1324 1865 1655 1932 beatissimo,
1718 1875 1772 1921 et
1823 1867 2112 1938 apostolica

533 1956 660 2010 sede
691 1955 872 2009 intima
905 1955 1246 2010 veneratione
1276 1955 1640 2024 prazl'erendo,
1672 1967 1829 2026 atque
1859 1958 2116 2027 angelicis

533 2049 738 2102 meritis
780 2049 1109 2118 comquando
1173 2049 1308 2118 patri
1369 2058 1574 2118 patrum
1623 2064 1772 2118 papae
1823 2049 2116 2104 llorntisd.c

533 2141 796 2195 Andreas.
1749 2206 1752 2210 .

603 2231 997 2288 Commendaus
1030 2248 1115 2287 me
1161 2231 1460 2288 lmmillime
1485 2234 1722 2303 vestigiis
1753 2235 1942 2289 vestris
1986 2236 2116 2304 piis-

533 2325 704 2392 simis,
738 2325 913 2380 indico
942 2335 1159 2394 propter
1189 2327 1450 2397 synodum
1483 2325 1626 2394 Epiri
1679 2329 1838 2393 novi,
1865 2328 2115 2396 quoniam

534 2419 800 2470 tinxerunt
845 2415 1297 2469 anathematizare
1358 2417 1496 2470 intra
1548 2417 1866 2483 semetipsos
1913 2417 2118 2486 aliquas

540 2523 814 2578 personas.
845 2507 956 2562 Hoc
986 2509 1349 2562 tantummodo
1379 2510 1590 2579 ingenio
1619 2510 1700 2563 usi
1728 2519 1869 2572 sunt,
1895 2522 1949 2564 ut
1981 2528 2040 2564 os
2063 2512 2116 2564 in

535 2617 629 2654 sua
659 2600 780 2653 mali
809 2599 856 2654 ia
888 2611 1142 2667 caperent
1175 2618 1186 2653 :
1219 2601 1411 2668 quibus
1456 2601 1651 2656 restitit
1681 2603 1855 2656 divina
1884 2603 2118 2657 Trinitas

536 2708 628 2760 per
658 2701 859 2747 vestras
889 2703 1099 2746 sanctas
1133 2707 1316 2760 preces
1347 2710 1361 2757 ;
1394 2702 1448 2746 et
1475 2708 1593 2746 cum
1639 2693 1954 2761 deprehensi
1992 2695 2119 2747 fuis-

534 2794 653 2838 sent
677 2783 727 2837 iu
760 2799 852 2838 sua
879 2784 1102 2849 malitia,
1130 2800 1397 2853 nunquam
1424 2789 1689 2853 potuimus
1719 2785 2118 2853 archiepi-copn

538 2876 762 2931 suadere
824 2886 880 2930 ut
909 2875 974 2930 ad
1028 2876 1162 2930 viam
1192 2876 1432 2931 veritatis
1459 2884 1513 2931 ct
1546 2875 1607 2930 ad
1639 2885 1809 2930 vestra
1857 2888 2117 2944 pra-cepta

534 2976 854 3022 verteretur.
886 2966 989 3021 Sed
1017 2968 1176 3020 tnodo
1207 2983 1326 3021 cum
1357 2967 1688 3021 advenerunt
1721 2965 2008 3020 beatissimi
2038 2977 2117 3020 at-

533 3074 636 3127 que
663 3059 910 3113 Sanctis-si
934 3081 942 3104 ι
969 3059 984 3112 i
1010 3057 1213 3111 domini
1253 3057 1488 3126 episcopi
1521 3056 1601 3109 Vel
1635 3057 1684 3109 t'i
1705 3057 1843 3109 lCtllli
1872 3057 2059 3110 directi
2088 3072 2117 3110 a

534 3157 718 3202 sancta
764 3165 957 3203 corona
1005 3159 1212 3209 vestra,
1254 3157 1600 3202 occurrerunt
1649 3149 1754 3202 illis
1802 3147 2119 3217 Scampintts

535 3243 816 3309 episc0pus
843 3241 923 3293 vir
965 3239 1307 3294 beatissimus
1337 3240 1532 3308 Trnjus
1578 3255 1697 3295 Cliti
1741 3242 1885 3296 omni
1928 3243 2120 3311 gaudio

537 3340 592 3384 et
614 3332 999 3385 lmnitmrihus:
1025 3340 1100 3398 et,
1130 3342 1373 3399 porrecto
1391 3331 1868 3386 libcl'osecumlnm
1885 3346 2116 3389 veSIram

540 3422 980 3489 prtem-ptionein,
1013 3423 1191 3475 statim
1239 3423 1434 3490 recepti
1473 3435 1596 3476 sunt
1626 3424 1676 3475 in
1715 3439 1844 3492 pace
1885 3426 2112 3492 Christi,

537 3523 592 3564 et
623 3513 812 3566 missas
839 3515 931 3567 eel-
957 3513 1174 3567 bravere
1205 3529 1326 3567 eum
1356 3516 1608 3583 episcopo
1637 3516 1690 3569 in
1717 3517 1996 3584 Scampina
2037 3519 2117 3574 ci-

539 3601 722 3656 vitate.
757 3602 818 3656 Et
849 3603 1089 3656 videntes
1118 3603 1535 3672 Lignidonenses
1558 3608 1696 3676 quod
1730 3608 1852 3663 fecit
1875 3608 2119 3680 Scampi-

539 3709 660 3758 nus,
693 3695 850 3750 simili
884 3696 1042 3750 modo
1070 3707 1123 3750 et
1153 3698 1250 3764 ipsi
1284 3699 1450 3752 secuti
1483 3708 1625 3753 sunt.
1657 3699 1809 3754 Nunc
1837 3701 1962 3755 dum
1992 3701 2119 3756 istas

541 3786 746 3840 litteras
771 3786 904 3840 σιτιιὶι
927 3803 1163 3852 aretnus,
1188 3790 1496 3856 supervenit
1520 3791 1887 3860 Magistrianus
1903 3792 1968 3847 de
1990 3793 2121 3848 urbe

536 3877 1146 3946 Constantinopolitano,
1179 3881 1266 3947 qui
1298 3882 1552 3934 nuntiavit
1579 3880 1707 3950 quia
1753 3882 1862 3936 Deo
1893 3882 2119 3952 propitio

537 3971 787 4038 precibus
817 3972 1016 4027 sanctis
1046 3974 1240 4026 vestris
1269 3983 1322 4026 et
1351 3973 1922 4042 Constantinopolitani
1955 3975 2118 4029 mise-

537 4072 659 4115 runt
688 4064 968 4116 anathema
1000 4065 1219 4126 Acacio,
1253 4073 1305 4116 et
1335 4078 1454 4117 cum
1489 4079 1619 4132 pace
1653 4063 1854 4118 Pascha
1883 4065 2117 4120 celebra—

539 4158 750 4204 verunt.
779 4150 894 4204 .l-tnt
941 4151 1082 4216 quod
1127 4163 1399 4220 sequatur,
1429 4163 1606 4207 vestra
1640 4153 1953 4209 intercessio
1981 4157 2119 4224 apud

540 4241 704 4296 Βιιιιτιι
727 4243 954 4308 laboret,
985 4255 1042 4298 nt
1064 4246 1131 4298 ad
1162 4245 1452 4314 perfectura
1476 4247 1617 4300 servi
1643 4249 1786 4301 sedis
1812 4250 2121 4317 apostolica:

540 4333 898 4390 inveniamur.
935 4337 1198 4405 Epistolas
1239 4353 1368 4392 vero
1417 4355 1549 4408 quas
1603 4340 2005 4396 destinaverunt
2055 4343 2119 4396 ad

538 4441 712 4479 meam
759 4427 1111 4482 humi‘itatem
1154 4445 1312 4497 supra
1359 4446 1477 4483 men
1502 4433 1635 4485 orati
1686 4431 1782 4485 viri
1833 4433 2122 4488 beatissimi

539 4518 772 4585 cpisc0pi
830 4519 1012 4588 pietati
1073 4531 1266 4576 vestrm
1306 4520 1520 4591 jnnctas
1551 4526 1841 4580 transmisi.
1888 4526 2119 4597 Accepta

539 4605 626 4659 die
656 4623 760 4675 quo
786 4624 968 4677 supra.

958 4701 975 4722 ⁸
1018 4698 1396 4756 EXEMPLUM
1437 4701 1700 4758 LIBELLI

750 4804 960 4844 JOANNIS
1000 4807 1227 4847 EPISCOPI
1267 4811 1744 4850 CONSTANTINIWOLI
1761 4812 1893 4850 l‘A\l.

540 4877 854 4933 Catholicam
881 4871 1031 4963 ﬁdem
1062 4884 1348 4963 proﬁtetitr.
1385 4885 1660 4963 [hereticos
1704 4904 1872 4942 omnes
1908 4899 1955 4942 et
1990 4906 2120 4960 pra:-

953 4956 1100 5022 cipue
1127 4956 1364 5006 Acacium
1395 4959 1694 5011 detestatur.

611 5043 839 5096 Dom'no
866 5059 983 5096 meo
1011 5059 1104 5112 per
1147 5048 1322 5098 omnia
1355 5049 1692 5102 sanctissimo
1731 5061 1783 5102 et
1809 5050 2117 5105 beatissimo

541 5131 691 5185 fratri
720 5141 774 5186 et
812 5135 1179 5188 counninistro
1224 5136 1519 5193 llormisda:
1558 5139 1791 5195 Joannes
1833 5143 2118 5212 episcopus

533 5224 584 5276 in
621 5223 849 5278 Domino
874 5227 1120 5282 salutem.

609 5316 853 5371 Redditis
878 5319 1006 5373 mihi
1038 5319 1227 5374 litteris
1254 5334 1445 5378 vestrm
1473 5326 1791 5386 sanctitatis,
1824 5326 1875 5380 in
1902 5323 2118 5381 Christo

535 5409 698 5464 frater
720 5411 1030 5476 carissime,
1077 5430 1171 5481 per
1199 5414 1416 5468 Gratum
1446 5419 1800 5473 clarissimum
1833 5422 2114 5486 Comitem,

534 5511 584 5550 et
617 5515 760 5555 nunc
790 5518 884 5569 per
913 5504 1240 5559 Germanum
1270 5519 1323 5560 ct
1351 5507 1609 5562 Joannem
1643 5511 2118 5565 reverendissimos

536 5591 849 5659 episcopos,
905 5593 1135 5648 Felicem
1165 5605 1220 5649 et
1259 5597 1567 5652 Dioscorutn
1611 5600 1978 5654 sanctissimos
2005 5600 2118 5655 dia-

538 5693 723 5744 conos,
750 5691 804 5734 et
829 5683 1084 5738 Blandum
1112 5687 1500 5757 presbyterum,
1536 5689 1745 5745 laetatus
1775 5708 1892 5745 sum
1913 5693 1978 5748 de
2003 5697 2082 5764 spi

608 5794 629 5813 θ
659 5791 890 5862 ΙίμίειυΙιι
923 5796 1033 5851 sive
1065 5794 1296 5853 lil'eiltts.

2215 553 2666 606 sanctissimarutn
2697 554 2787 608 Dei
2835 556 3193 609 Ecclesiarum
3221 558 3513 610 secundum
3549 567 3779 612 veterem

2215 645 2428 699 Patrum
2460 647 2685 715 requiris
2721 647 3089 712 traditionem,
3123 659 3176 702 et
3206 650 3526 704 laceratores
3557 650 3782 704 rationa-

2213 737 2335 790 bilis
2363 740 2536 807 gregis
2569 738 2767 792 Chriin
2796 740 2974 792 animo
3011 739 3287 808 repulsare
3319 742 3526 807 (amore
3556 740 3782 808 pulsare)

2216 827 2452 882 festinas.
2481 827 2670 883 Certus
2696 830 2861 898 igitur
2883 831 3040 892 scitu,
3084 845 3176 899 per
3207 831 3384 883 omnia
3417 831 3748 883 sanctissime
3767 870 3783 893 ,

2213 920 2356 988 quia,
2399 923 2688 974 secundum
2718 921 2858 990 quod
2884 922 3034 974 vobis
3080 923 3299 990 scripsi,
3341 936 3441 975 nua
3467 933 3641 974 tecum
3667 937 3784 976 cum

2217 1013 2441 1066 veritate
2474 1013 2714 1067 sentiens
2737 1053 2750 1077 ,
2779 1029 2965 1066 omnes
3007 1028 3036 1065 a
3066 1023 3116 1067 te
3159 1014 3463 1082 repndiatos
3509 1013 3787 1067 haereticos

2217 1115 2384 1154 renuo
2415 1111 2468 1154 et
2489 1117 2614 1169 ego,
2646 1117 2825 1170 pacem
2853 1103 3095 1171 diligens.
3124 1104 3497 1158 Sanctissimae
3523 1104 3666 1156 enim
3695 1102 3787 1155 Dei

2221 1193 2484 1246 Feclesias
2505 1234 2519 1256 ,
2553 1192 2602 1245 id
2631 1203 2713 1247 est
2750 1196 3042 1261 superioris
3070 1204 3262 1248 vestra:
3292 1203 3348 1248 et
3386 1195 3611 1248 novella:
3639 1194 3787 1246 istius

2221 1286 2402 1339 ltoma:
2433 1301 2589 1338 unam
2621 1298 2740 1339 esse
2765 1289 2968 1354 accipio
2990 1286 3132 1338 illam
3157 1287 3339 1340 sedem
3369 1286 3592 1350 apostoli
3620 1283 3786 1348 Petri,

2218 1389 2270 1431 et
2302 1378 2456 1431 istius
2477 1379 2732 1447 Augusta:
2768 1378 2998 1431 civitatis
3027 1393 3182 1430 unam
3213 1390 3334 1432 esse
3361 1376 3577 1428 delinio.
3609 1374 3788 1428 Omni-

2219 1469 2316 1524 bus
2341 1473 2474 1524 aetis
2519 1487 2546 1522 a
2593 1471 2789 1524 sanctis
2827 1471 2927 1523 illis
2956 1480 3185 1540 quatuor
3230 1469 3480 1538 synodis,
3513 1468 3566 1522 id
3592 1475 3675 1522 est
3703 1465 3788 1521 Ni-

2218 1575 2364 1614 czcna
2383 1602 2398 1624 ,
2443 1562 3026 1628 ConstantinOpulitana
3045 1601 3060 1625 ,
3096 1560 3392 1627 Epltesina,
3420 1571 3474 1615 et
3497 1558 3790 1615 Chalcedo-

2221 1651 2405 1715 nensi,
2437 1651 2504 1704 de
2548 1652 2950 1704 conlirmatione
2985 1651 3102 1704 ﬁdei
3145 1661 3199 1705 et
3237 1661 3374 1704 statu
3405 1650 3654 1704 Ecclesia:
3706 1664 3792 1704 as-

2218 1746 2440 1804 sentior,
2472 1752 2526 1798 et
2567 1743 2694 1798 nihil
2741 1745 2968 1798 titubare
2997 1746 3063 1798 de
3112 1745 3247 1799 bene
3283 1744 3531 1813 judicatis
3577 1745 3792 1812 patior:

2146 1836 2192 1898 Β
2218 1836 2310 1889 srd
2336 1844 2391 1890 et
2410 1848 2666 1891 conantes
2694 1849 2783 1891 aut
2809 1839 2851 1861 "‘
2871 1838 3057 1892 enixus
3077 1837 3317 1906 (scissas)
3345 1853 3514 1906 usque
3537 1837 3602 1891 ad
3631 1851 3793 1889 unum

2217 1929 2422 1996 apicem
2465 1929 2775 1997 placitorum
2807 1930 3139 1998 perturbare,
3174 1931 3351 1998 lapsos
3377 1943 3500 1984 esse
3542 1944 3569 1982 a
3610 1936 3795 1982 saneta

2220 2021 2312 2075 Dei
2343 2022 2575 2088 generali
2597 2031 2651 2076 et
2671 2022 2962 2090 apostolica
2993 2021 3228 2076 Ecclesia
3253 2022 3386 2085 scio,
3414 2029 3466 2074 et
3493 2021 3596 2074 tuis
3615 2018 3797 2073 verbis

2218 2121 2362 2164 recte
2401 2110 2556 2164 dictis
2600 2109 2875 2165 evidenter
2909 2121 3093 2172 utens,
3140 2127 3233 2178 per
3273 2110 3555 2179 przesentia
3595 2109 3806 2177 scripta

2221 2199 2334 2254 haec
2363 2200 2487 2254 dico
2515 2218 2529 2255 :
2562 2201 2734 2255 Prima
2761 2202 2904 2254 salus
2931 2210 3043 2260 est.
3077 2211 3234 2255 rectae
3277 2201 3396 2254 litlci
3433 2199 3666 2269 regulam
3697 2213 3801 2253 cu-

2219 2291 2450 2355 stodire,
2483 2302 2537 2346 et
2578 2307 2607 2345 a
2643 2292 2855 2345 Patrum
2890 2293 3171 2346 traditione
3201 2291 3498 2345 nullatenus
3535 2291 3804 2353 deviare;

2218 2387 2342 2455 quia
2375 2402 2480 2440 non
2527 2395 2700 2455 potest
2747 2386 2954 2441 Domini
2999 2388 3163 2440 ltOSIrl
3202 2386 3327 2440 Jesu
3353 2385 3551 2438 Christi
3579 2393 3804 2452 prater-

2220 2479 2355 2533 ntitti
2383 2482 2666 2540 sententia,
2698 2479 2960 2533 dicentis:
2994 2478 3074 2532 Tu
3103 2495 3156 2532 es
3189 2477 3262 2530 Pe
3283 2494 3390 2540 rus,
3421 2490 3466 2530 et
3489 2492 3640 2546 super
3665 2475 3804 2526 hanc

2219 2581 2415 2642 pe'ram
2449 2571 2718 2625 redivralro
2745 2567 2897 2623 Ercle
2926 2571 3026 2622 ium
3058 2586 3217 2622 meum
3249 2567 3460 2630 (Matth.
3492 2568 3625 2632 xvi).
3671 2565 3807 2619 “me

2220 2678 2337 2729 qum
2369 2661 2508 2714 dicta
2541 2671 2663 2715 sunt
2701 2676 2879 2714 rerum
2925 2661 3218 2725 probantur
3242 2659 3559 2714 ell’ectihus:
3590 2657 3713 2727 quia
3751 2657 3806 2710 in

2220 2751 2347 2806 sede
2375 2753 2665 2819 apostolica
2713 2750 3033 2805 inviolabilis
3065 2766 3278 2819 semper
3325 2749 3583 2803 catholica
3620 2759 3805 2802 custo-

2221 2843 2365 2896 ditur
2391 2843 2595 2910 religio.
2628 2843 2700 2896 De
2727 2842 2825 2897 hac
2851 2842 3010 2912 igitur
3031 2841 3134 2896 [ide
3161 2857 3264 2894 non
3288 2841 3480 2895 cadere
3498 2841 3813 2908 cupientes,

2221 2945 2276 2988 et
2306 2935 2519 2989 Patrum
2551 2943 2835 3004 sequentes
2864 2934 2917 2988 in
2947 2934 3198 2988 omnibus
3229 2934 3550 2995 constituta,
3579 2932 3807 2986 anathe-

2223 3029 2537 3080 matizamus
2556 3041 2745 3080 omnes
2769 3027 3019 3086 hmreses.
3050 3026 3317 3093 praécipue
3345 3039 3470 3080 vero
3494 3024 3812 3079 Nestorium

2225 3119 2555 3182 hrereticum,
2587 3117 2700 3186 qui,
2723 3117 2988 3186 quomlam
3021 3114 3620 3181 Constantinopolitana
3649 3115 3816 3169 urbis

2145 3204 2191 3264 C
2223 3209 2544 3277 episcopus,
2591 3209 2872 3263 damnatus
2913 3207 2966 3262 itt
3015 3207 3243 3261 concilio
3289 3207 3555 3275 Ephesiuo
3583 3221 3612 3258 a
3643 3205 3816 3259 beato

2222 3301 2515 3356 Ctnlestino
2539 3317 2670 3371 papa
2702 3302 2847 3354 urbis
2875 3301 3077 3366 Romae,
3101 3312 3153 3354 et
3178 3315 3206 3353 a
3233 3298 3526 3354 venerabili
3555 3298 3670 3353 viro
3699 3298 3815 3367 Cy-

2222 3394 2342 3448 rillo
2367 3393 2622 3461 episcopo
2657 3393 3031 3447 Alexandrina:
3059 3391 3289 3445 civitatis
3315 3410 3326 3443 :
3357 3401 3412 3444 et
3435 3405 3538 3442 una
3561 3403 3680 3444 cum
3717 3390 3818 3443 illo

2220 3486 2728 3541 anathematizamus
2759 3485 3106 3556 Entychetem
3149 3495 3203 3538 et
3230 3484 3541 3538 Dioscorntn
3572 3486 3814 3538 Alexan-

2220 3579 2389 3632 drina:
2405 3578 2634 3632 civitatis
2652 3577 2986 3647 epise0pum,
3011 3577 3288 3630 damnatos
3313 3577 3365 3630 in
3387 3587 3571 3629 sancta
3595 3577 3816 3647 synodo

2221 3668 2642 3724 Chalcedonensi
2668 3710 2684 3733 ,
2731 3683 2888 3737 quam
2923 3676 3238 3721 venerantes
3283 3666 3558 3734 sequimur
3591 3675 3648 3721 et
3690 3682 3816 3720 amo

2226 3761 2527 3829 pleCIitttttr,
2557 3776 2676 3830 quae
2699 3774 2933 3828 sequens
2959 3769 3194 3812 sanetam
3220 3758 3483 3828 synodum
3509 3757 3816 3826 Nicmnam,

2222 3853 2566 3919 apostolicam
2602 3849 2758 3903 Iidem
2793 3849 3100 3917 prtedicavit
3130 3865 3144 3901 :
3180 3847 3260 3901 his
3303 3849 3688 3915 coniungentes
3719 3847 3814 3901 Ti-

2224 3943 2496 3995 motheum
2534 3941 2874 4002 tarricidam,
2911 3939 3152 3993 {Elurutn
3187 3940 3642 4008 cognominatum,
3673 3955 3814 3992 ana-

2227 4038 2662 4096 thematizamus,
2713 4044 2767 4086 et
2811 4032 2969 4101 hujus
3007 4033 3322 4099 discipulum
3354 4043 3407 4088 et
3435 4047 3726 4102 sequacem
3760 4032 3814 4086 in

2224 4128 2473 4183 Omnibus
2499 4129 2710 4180 l’t-trum
2733 4125 3147 4180 Alexandrinum
3176 4126 3419 4180 similiter
3439 4125 3814 4180 condemnan-

2227 4232 2324 4275 tes.
2379 4221 2904 4275 Anathematizamus
2952 4220 3195 4273 similiter
3239 4219 3491 4273 Acacium
3533 4219 3813 4285 quondam

2224 4315 2832 4383 Constantinopolitanae
2865 4312 3012 4366 urbis
3039 4315 3344 4380 episeopum
3370 4311 3693 4379 complicem
3723 4326 3810 4362 eo-

2226 4423 2368 4470 rum,
2398 4418 2449 4461 et
2479 4422 2759 4476 sequacem
2798 4406 2994 4460 factum
3018 4447 3032 4470 ,
3067 4422 3162 4458 nec
3190 4423 3293 4458 non
3321 4414 3374 4459 et
3404 4417 3812 4473 perseverantes

2225 4513 2413 4550 eorum
2459 4497 2818 4551 communioni
2849 4505 2903 4549 et
2943 4495 3372 4565 participatioui:
3403 4511 3633 4565 quorum
3667 4497 3814 4550 enim

2145 4585 2199 4643 D
2224 4587 2341 4655 quis
2387 4587 2812 4640 conmmnionem
2845 4586 3236 4651 complectitur,
3269 4602 3450 4638 eorum
3496 4594 3550 4638 et
3576 4585 3813 4639 similem

2226 4669 2669 4746 adjuilicationem
2721 4677 2772 4729 in
2820 4677 3265 4731 cotuletnnatione
3308 4677 3680 4743 con~equitnr.
3727 4675 3815 4729 Si-

2227 4770 2338 4822 mili
2368 4769 2526 4821 modo
2563 4779 2616 4823 et
2664 4769 2877 4822 l‘etrum
2926 4769 3313 4821 Antiochenam
3356 4768 3814 4829 condemnantes,

2226 4859 2737 4914 anathematizamus
2762 4875 2881 4914 cum
2905 4861 3220 4928 Sequacibus
3243 4861 3376 4922 suis,
3407 4871 3453 4913 et
3480 4859 3530 4912 in
3559 4859 3815 4914 omnibus

2223 4949 2335 5004 suis
2367 4949 2642 5020 (omnibus
2671 4950 3037 5021 supradictis).
3084 4950 3233 5005 Unde
3266 4952 3552 5018 probamus
3592 4962 3642 5005 et
3687 4966 3814 5002 am-

2225 5041 2510 5109 plectimur
2567 5042 2822 5110 epistolas
2863 5056 3049 5094 omnes
3115 5041 3171 5094 Β.
3223 5041 3413 5096 Leuitis
3462 5059 3613 5110 papze
3658 5041 3814 5095 urbis

2227 5132 2443 5194 Rontat,
2486 5148 2617 5200 quas
2647 5131 2967 5198 ceu-eripsit
3009 5132 3075 5185 de
3108 5142 3248 5186 recta
3284 5136 3405 5186 title.
3447 5136 3814 5200 Qnapmpter,

2227 5224 2366 5278 sicut
2397 5224 2768 5291 prwdiximus,
2799 5233 3084 5294 sequentes
3113 5225 3163 5276 in
3192 5225 3439 5279 c-mnibus
3466 5241 3525 5279 se
3548 5230 3644 5276 lem
3670 5238 3805 5285 apo-

2226 5316 2500 5381 stolicam,
2533 5329 2579 5370 et
2619 5316 2968 5384 praedicari-us
3005 5315 3182 5370 omnia
3209 5332 3328 5379 qua:
3356 5317 3425 5370 ab
3455 5317 3565 5384 ipsa
3589 5317 3812 5368 decreta

2227 5418 2381 5468 sunt.
2429 5418 2482 5461 et
2531 5417 2808 5476 proriterea
2846 5424 3007 5477 spero
3053 5410 3104 5462 in
3149 5424 3252 5462 una
3292 5409 3662 5462 communione
3705 5421 3800 5458 v0-

2225 5502 2460 5564 biscum,
2506 5517 2664 5570 quam
2696 5503 2988 5570 apostolica
3031 5502 3188 5557 sedes
3226 5503 3511 5571 praedicat,
3540 5517 3620 5555 me
3656 5500 3785 5553 [ιι-ιι

2224 5608 2364 5654 rum,
2402 5593 2452 5645 in
2480 5607 2581 5660 qua
2606 5603 2684 5646 est
2713 5594 2914 5662 integra
2951 5593 3269 5649 Christianae
3308 5594 3578 5664 religionis
3600 5602 3650 5646 et
3673 5606 3788 5658 per

2223 5686 2358 5739 fectu
2392 5685 2654 5741 soliditas.
2688 5684 3069 5741 Promitteutes
3097 5687 3148 5741 in
3180 5687 3422 5756 sequenti
3452 5697 3677 5754 tempore
3741 5701 3817 5736 e-

2298 5809 2335 5826 "
2368 5807 2450 5860 Al.
2475 5807 2610 5862 uisos
2665 5809 2831 5867 "Mm.
