3998 6368
181 359 259 419 N5
1306 360 1345 414 E
1357 360 1662 419 PISTOLIE
1705 362 1788 416 ΕΤ

181 483 447 548 questratos
477 490 507 529 a
537 478 915 531 communione
946 475 1200 530 Ecclesia:
1226 476 1501 529 catholica:
1526 515 1540 536 ,
1570 476 1619 527 id
1648 485 1730 529 est
1759 483 1804 537 Α

183 573 220 625 in
240 567 476 623 omnibus
501 583 608 621 non
632 568 1029 622 coosentientes
1056 567 1167 620 sedi
1190 566 1515 633 apostolicm,
1542 582 1723 619 eorum

183 660 359 713 nomina
384 657 528 711 inter
546 672 697 711 sat-ra
723 672 827 711 non
849 656 1113 711 recitanda
1137 672 1257 710 esse
1280 656 1550 725 mysteria.
1575 654 1726 721 Quod

180 752 213 803 si
250 750 293 802 in
334 750 515 816 aliquo
545 762 575 799 a
625 747 957 816 professione
1000 762 1117 800 mea
1154 747 1397 802 dubitare
1429 754 1722 813 tentavero,

180 841 243 891 bis
264 854 388 906 quos
411 838 793 904 condemnari,
819 854 913 907 per
932 837 1428 892 condemnationem
1458 840 1723 907 propriam

178 937 453 980 consortem
489 943 575 982 me
604 944 724 981 esse
756 930 1027 996 profiteor.
1074 928 1206 983 lluic
1235 944 1364 982 vero
1412 930 1724 999 professioni

178 1017 440 1085 subscripsi
475 1033 592 1071 mea
626 1035 808 1081 manu,
840 1031 891 1073 et
920 1020 1089 1073 direxi
1121 1035 1217 1089 per
1244 1023 1440 1085 scripta
1473 1021 1564 1075 tibi
1595 1022 1729 1074 llor-

180 1110 333 1162 otisdte
366 1120 552 1163 sancto
580 1120 637 1163 et
683 1111 989 1164 beatissimo
1038 1111 1184 1165 fratri
1231 1122 1285 1165 et
1329 1126 1477 1180 papae.
1523 1128 1726 1181 magna:

180 1202 358 1264 lloma',
391 1216 485 1267 per
510 1201 901 1266 suprascriptos
921 1200 1251 1256 Germanum
1271 1212 1326 1255 et
1352 1201 1609 1255 Joannem
1638 1218 1728 1255 ve-

178 1290 416 1344 nerabiles
441 1292 723 1358 epi~cottos
743 1331 756 1352 ,
790 1303 845 1346 et
876 1291 1105 1346 Felicem
1137 1302 1191 1345 et
1221 1292 1528 1345 Dioscorum
1549 1292 1728 1345 diaco-

176 1399 271 1448 nos,
298 1396 349 1437 et
386 1384 646 1437 Blandum
682 1383 1068 1453 presbyterum.
1100 1382 1165 1435 Et
1196 1384 1303 1437 alia
1342 1400 1537 1436 manu:
1570 1384 1729 1437 Joan-

176 1490 251 1527 nes
276 1474 642 1527 misericordia
688 1474 780 1528 Dei
821 1476 1103 1543 episcopus
1129 1475 1727 1540 Ctutstautinopolitante

172 1566 373 1618 novella:
424 1565 608 1623 [totum
658 1565 756 1619 hac
805 1581 921 1620 mea
972 1565 1301 1633 professione
1350 1567 1726 1630 consentiens,

172 1657 401 1709 omnibus
454 1657 773 1724 supradictis
828 1656 1119 1722 subscripsi
1163 1670 1324 1709 sanus
1376 1656 1426 1709 in
1482 1655 1724 1707 Dvmino.

172 1746 279 1799 Data
323 1761 511 1800 mensi:
556 1746 745 1799 Martio
787 1745 874 1800 die
904 1746 974 1799 27
1013 1744 1147 1814 (9.8),
1194 1745 1479 1799 indictione
1526 1744 1729 1798 duode-

176 1839 315 1901 cima,
335 1837 675 1907 (consulibus
692 1837 905 1890 domino
922 1835 1131 1889 Jusdno
1154 1834 1471 1903 imperatore
1492 1840 1727 1903 Augu-to
1758 1844 1805 1906 Β

168 1940 212 1983 et
238 1929 438 1983 Eraclio
469 1926 801 2000 [Eutharico]
830 1943 879 1980 ν.
897 1942 947 1981 c.
972 1944 1075 1980 :cra
1106 1942 1245 1980 DLVlt
1263 1926 1303 1995 ),
1335 1939 1599 1979 consensu
1625 1925 1723 1976 do-

171 2024 281 2079 ntini
304 2023 500 2078 Justini
529 2022 868 2091 imperatoris
893 2023 1140 2092 Augusti,
1174 2022 1460 2075 Eutharico
1487 2021 1601 2074 viro
1618 2020 1726 2074 cla-

169 2116 362 2169 rissimo
389 2116 617 2168 consule
641 2118 806 2178 (anno
836 2113 1040 2167 Domini
1071 2113 1217 2182 5l9).

644 2206 808 2260 ITEM
849 2206 1024 2261 SUGG
1035 2205 1227 2261 ESTIU

170 2314 378 2354 GEIlANI
411 2316 479 2353 ΕΤ
509 2313 720 2353 ιοΑΝκιε
747 2312 1126 2365 εινιεαοροκυκ,
1151 2313 1352 2351 FEL'CIS
1368 2312 1433 2350 ΕΤ
1467 2312 1723 2360 ιοιοδεοκι,

418 2390 779 2455 nucosOitJtt,
814 2405 881 2443 ET
909 2405 1093 2443 suum
1118 2404 1458 2441 cursurum.

169 2480 352 2544 Quanto
400 2496 519 2533 cum
568 2482 758 2533 honore
803 2482 865 2531 ab
896 2480 1200 2548 imperatore
1244 2479 1345 2531 sint
1398 2477 1589 2545 accepti
1634 2490 1655 2529 :
1696 2492 1727 2528 a

225 2572 424 2627 Joanne
466 2574 704 2643 episcopo
744 2572 863 2639 ﬁdei
893 2572 1030 2640 (Ed.
1097 2571 1250 2624 liom.
1282 2570 1428 2621 addit
1467 2568 1727 2636 libellum)

226 2665 586 2733 subscriptum,
616 2673 669 2717 et
690 2665 875 2715 Acacio
901 2662 1192 2730 cwterisqtte
1215 2660 1547 2714 sectatoribus
1578 2659 1727 2710 dant-

226 2759 373 2823 natis,
404 2773 578 2824 pacem
613 2755 851 2809 Ecclesia:
884 2754 1159 2808 redditam.

226 2849 335 2902 Non
382 2850 519 2903 mi-a
546 2867 556 2899 ι
582 2864 647 2901 ur
675 2848 1003 2916 apostolatus
1045 2847 1210 2901 vestri
1252 2843 1496 2913 precibus
1539 2851 1726 2896 cuncta

162 2943 303 2995 nobis
347 2956 608 3011 prospera
659 2943 1005 3005 successisse,
1053 2939 1283 2995 scientes
1311 2939 1456 3007 quod
1500 2937 1729 3005 amplius

162 3044 331 3087 nostro
363 3033 668 3088 ministerio
712 3043 888 3087 vestra
940 3048 1035 3101 pro
1068 3032 1219 3087 nobis
1256 3032 1499 3086 elaboret
1534 3032 1725 3085 oratio.

161 3128 225 3181 tta
252 3129 395 3181 enim
444 3137 589 3181 totus
616 3142 675 3180 se
713 3126 1062 3181 ecclesivtstici
1106 3126 1302 3194 negotii
1334 3125 1455 3178 tulit
1483 3131 1726 3183 eventus.

160 3228 210 3270 ttt
235 3218 470 3272 dubitari
504 3233 609 3271 non
643 3218 808 3284 pos~it
838 3218 973 3268 beati
1003 3216 1143 3271 Petri
1176 3232 1269 3280 per
1297 3215 1501 3284 singula
1534 3227 1719 3282 prove-
1753 3215 1799 3275 C

157 3312 295 3365 uisse
322 3311 679 3371 miraculum;
715 3310 945 3379 primum
974 3308 1113 3374 quod
1142 3317 1343 3362 tantum
1376 3308 1427 3360 itt
1471 3307 1600 3374 ipsis
1638 3307 1725 3375 qtti

157 3402 410 3471 dignitate
463 3403 751 3470 funguntur
800 3402 1097 3455 invenimus
1138 3401 1411 3469 religionis
1439 3396 1751 3463 ardorem,‘

154 3504 207 3546 ut
237 3493 556 3557 Vitalianus,
588 3492 872 3560 Pompeius
906 3501 961 3545 et
989 3491 1320 3545 Jttstinianus
1359 3491 1510 3543 nobis
1533 3504 1725 3543 occur-

154 3596 327 3638 rerent
360 3585 416 3638 in
448 3586 638 3637 decem
668 3582 920 3644 millibus,
964 3594 1017 3636 et
1041 3582 1108 3636 de
1136 3582 1364 3636 adventu
1394 3590 1577 3635 nostro
1604 3596 1724 3634 cum

152 3688 322 3728 vestra
368 3675 667 3741 grniarntu
711 3675 922 3727 actione
949 3672 1162 3742 gloriari
1206 3688 1310 3727 non
1340 3672 1728 3726 arbitrarentur

154 3766 454 3835 indignum.
483 3765 685 3821 Deinde
710 3767 851 3835 quod
875 3776 1017 3820 tanta
1056 3768 1152 3820 luit
1174 3766 1333 3820 etiam
1366 3766 1417 3819 in
1455 3766 1606 3835 plebe
1636 3767 1725 3820 tle-

152 3859 309 3927 ratio,
346 3870 407 3913 ut
432 3875 557 3929 pars
586 3858 814 3913 maxima
859 3859 1174 3927 populorum
1202 3874 1325 3912 cum
1362 3858 1533 3911 cereis
1565 3859 1724 3912 simul

149 3963 199 4004 et
226 3953 480 4006 laudibus
507 3952 698 4005 vestris
728 3964 968 4005 nostrum
1000 3952 1397 4021 praestolaretur
1418 3952 1725 4005 adventum.

146 4042 253 4097 Sub
281 4043 387 4098 bac
414 4044 598 4111 itaque
623 4042 934 4097 celebritate
960 4043 1189 4097 secunda
1217 4042 1349 4096 feria
1381 4043 1727 4096 hebdomadas

151 4135 368 4201 majoris
399 4132 917 4201 Constantinopolim
946 4136 1173 4198 sospites
1203 4132 1503 4201 hilaresque
1532 4147 1725 4186 conve-

147 4226 323 4278 nimus
357 4242 374 4279 :
404 4236 731 4293 posteroque
753 4223 841 4277 die
871 4222 1110 4290 piissimo
1141 4222 1365 4290 principi
1398 4224 1724 4289 praesentati,

145 4326 290 4370 tanto
320 4318 445 4385 ejus
476 4315 697 4369 relevati
741 4328 923 4367 sumus
962 4313 1173 4376 affectu,
1211 4324 1264 4366 ut
1292 4314 1334 4365 si
1375 4313 1475 4365 alia
1510 4312 1727 4366 minime

145 4408 548 4469 prmcedt-rent.
575 4406 687 4459 sola
723 4405 876 4459 nobis
896 4405 960 4458 ad
999 4405 1243 4458 solatium
1280 4404 1498 4473 piissimi
1536 4405 1728 4474 print-i-

143 4499 218 4566 pis
236 4500 426 4569 gratia
456 4498 754 4553 suffecisset
780 4514 795 4553 :
827 4499 923 4553 sed
950 4499 1280 4553 orationibus
1308 4500 1499 4552 vestris
1528 4498 1724 4567 majora

139 4600 321 4643 secuta
359 4600 515 4642 sunt.
550 4590 677 4641 Nam
716 4604 781 4642 eo
798 4589 886 4642 die
917 4591 1015 4643 sub
1042 4604 1259 4645 senatus
1287 4590 1462 4643 cuncti
1491 4604 1724 4658 prrcsen-
1762 4589 1808 4648 Ι)

138 4682 204 4733 tia
237 4681 496 4750 episwpi
525 4697 737 4749 quoque
766 4692 990 4748 quatuor
1018 4682 1322 4745 adfuerunt,
1347 4696 1479 4747 quos
1499 4681 1730 4736 Joannes

138 4771 776 4840 Cullslanlillﬂpniilalllls
823 4772 1047 4825 antistes
1087 4788 1180 4841 pro
1212 4773 1378 4840 partis
1407 4789 1518 4826 sua:
1543 4774 1728 4827 defen-

132 4863 287 4916 sione
322 4861 729 4922 transmiserat,
762 4862 951 4928 quibus
986 4863 1293 4930 apostolica:
1322 4862 1465 4915 sedis
1498 4864 1729 4915 libellttnt

132 4954 510 5017 ostendimus,
546 4951 833 5018 omniaque
861 4952 913 5005 in
942 4967 1009 5005 eo
1040 4965 1179 5006 recta
1218 4956 1577 5022 canonicaqoe
1614 4970 1734 5010 esse

129 5045 518 5111 probavimus.
546 5032 825 5097 l'ostremo
849 5043 1027 5112 quinta
1060 5042 1215 5108 feria,
1249 5046 1347 5097 ltoc
1378 5055 1477 5108 est,
1500 5046 1550 5096 itt
1581 5060 1731 5099 etena

132 5137 347 5189 Domini
377 5136 453 5187 ad
481 5135 733 5201 palatium
762 5136 814 5188 in
844 5136 1079 5204 generali
1124 5146 1396 5189 conventu
1435 5136 1576 5188 venit
1623 5136 1734 5201 cpi-

122 5242 360 5295 scopus,
400 5234 464 5278 et
487 5227 725 5291 perlecta
760 5224 939 5278 libello
963 5226 1322 5289 consentiens,
1356 5242 1475 5280 ctttn
1520 5242 1729 5280 summa

120 5324 442 5377 devotione
462 5323 947 5391 sub.~cripsit.Quis
969 5325 1196 5391 explicet
1224 5336 1419 5394 quanta
1453 5326 1559 5380 illic
1588 5329 1734 5395 prin-

116 5414 253 5481 cipis
311 5412 539 5480 pariter
581 5427 644 5465 ac
691 5424 909 5465 senatus
952 5414 1127 5466 la-titia
1162 5414 1342 5483 fuerit,
1375 5431 1506 5485 quas
1551 5417 1620 5471 ibi
1653 5419 1731 5471 la-

115 5521 348 5573 crymas
379 5503 581 5574 gaudia
612 5506 938 5575 pepereriut,
970 5521 1102 5576 quas
1131 5522 1291 5563 voces
1322 5509 1405 5562 vel
1436 5510 1489 5563 in
1520 5510 1728 5563 laudem

114 5601 432 5669 principis.
464 5597 542 5650 vel
570 5598 623 5651 in
653 5597 797 5651 sedis
827 5610 1041 5663 vestrte,
1064 5601 1224 5654 totius
1240 5612 1409 5655 costus
1431 5612 1483 5655 et
1513 5603 1638 5655 cleri
1659 5605 1733 5655 fa-

116 5708 209 5745 \ol’
241 5690 499 5745 emisit?
531 5689 793 5757 Explicari
824 5690 939 5744 haec
964 5692 1221 5746 relatione
1253 5710 1357 5747 non
1389 5696 1731 5762 po.~sunt,sed

181 5804 268 5875 (ιι)
305 5802 477 5858 Edit.
503 5799 658 5855 Rotn.
692 5801 838 5856 addit
867 5806 1253 5862 communionis.

1829 359 2141 415 DECRETA
2152 400 2167 415 .
3296 358 3399 413 HG

1835 474 2248 527 cousiderationi
2285 484 2472 527 vestra:
2508 476 2858 545 portitorique
2889 475 3238 544 relinquimus
3261 478 3401 545 quod

1830 564 2005 632 eloqui
2037 580 2141 616 non
2180 565 2438 619 valemus.
2480 567 2523 618 Α
2558 566 2750 630 palatio
2780 567 2831 620 in
2869 566 3151 621 ecclesiam
3195 581 3401 621 summa

1829 671 1950 709 cum
2000 656 2316 711 celebritate
2368 659 2730 724 pervenimus,
2761 668 2817 715 ut
2848 660 2965 714 fidei
2996 660 3402 728 animorumque

1828 747 2167 800 concordiam
2209 750 2286 815 (α)
2326 748 2583 801 solemnis
2609 765 2819 818 quoque
2849 752 3131 805 celebritas
3181 752 3401 805 robora-

1829 848 1931 892 ret.
1966 837 2060 891 Vix
2092 839 2236 892 credi
2269 848 2445 906 potest
2482 839 2600 908 quis
2633 839 2791 893 ﬂetus
2817 841 3125 905 lmtautium,
3153 857 3272 911 qua:
3302 841 3401 894 itu-

1829 931 2088 985 mensitas
2117 931 2275 986 fuerit
2306 932 2703 1002 exundatioque
2735 936 3048 1001 pupttlornm
3074 952 3088 988 :
3116 935 3224 1002 ipsa
3250 949 3399 988 suam

1828 1021 2064 1075 laetitiam
2097 1022 2245 1075 turba
2285 1023 2605 1077 mirabitur:
2637 1040 2736 1079 nec
2759 1025 2993 1079 dubitari
3043 1034 3250 1093 poterat
3288 1040 3399 1076 ma-

1828 1129 1952 1168 nutn
1981 1112 2220 1168 adfuisse
2257 1115 2558 1178 caelestem,
2590 1130 2708 1183 qua:
2740 1115 2901 1168 talem
2945 1114 3141 1167 mundo
3172 1114 3399 1168 contulit

1828 1207 2105 1261 unitatem.
2140 1207 2318 1261 Acacii
2360 1207 2783 1273 praevaricatoris
2818 1206 3249 1261 anatltetuatizati
3300 1220 3399 1260 no-

1828 1312 1949 1351 men
1968 1298 2032 1351 de
2050 1298 2314 1367 diptycbis
2334 1297 2733 1359 ecclesiasticis,
2758 1298 2850 1350 sed
2872 1309 2924 1350 et
2945 1307 3258 1350 czeterorum
3288 1296 3401 1361 cpi-

1835 1402 2143 1456 scoporum,
2175 1390 2262 1455 qui
2286 1404 2407 1442 eum
2435 1388 2486 1441 in
2516 1387 2891 1442 communione
2918 1386 3086 1441 secuti
3127 1395 3272 1448 sunt,
3299 1384 3401 1439 sub

1828 1488 2012 1531 nostro
2042 1488 2333 1544 conspectu
2360 1478 2725 1544 significamus
2750 1492 2949 1530 erasas.
2976 1476 3242 1531 Anastasii
3273 1490 3405 1541 quo-

1826 1584 1931 1638 que
1954 1584 2013 1623 ac
2043 1568 2273 1622 Zenonis
2313 1569 2527 1621 nomina
2578 1569 2825 1623 similiter
2864 1569 2932 1621 ab
2975 1569 3162 1621 altaris
3212 1566 3405 1620 recita-

1829 1661 1973 1715 tione
2006 1663 2249 1714 subtnota
2278 1678 2289 1713 :
2326 1677 2421 1727 pax
2456 1672 2538 1713 est
2564 1661 2895 1715 orationibus
2930 1661 3119 1713 vestris
3145 1658 3404 1713 Christia-

1832 1767 2019 1806 norum
2080 1754 2345 1807 mentibus
2398 1753 2604 1806 reddita
2646 1771 2657 1804 :
2693 1768 2793 1806 una
2846 1753 3008 1806 totius
3050 1763 3105 1806 et
3154 1749 3405 1806 Ecclesia:

1830 1844 2030 1910 anima,
2073 1859 2174 1897 una
2214 1843 2396 1897 laetitia
2430 1861 2445 1898 :
2477 1844 2626 1899 solus
2653 1845 2798 1912 luget
2828 1844 3041 1897 ltumani
3070 1844 3281 1912 generis
3306 1842 3404 1895 ini-

1828 1937 2017 1995 micus.
2051 1947 2242 1989 vestra:
2273 1937 2448 2003 precis
2473 1937 2867 2003 expugnatione
2896 1936 3133 1989 collisus.
3157 1934 3317 1987 Orate
3347 1943 3404 1985 ut

1828 2026 2215 2081 Antiochenam
2252 2041 2463 2095 quoque
2486 2026 2678 2080 similis
2711 2028 2934 2080 felicitas
2966 2026 3194 2079 illustret
3223 2024 3405 2077 Eccle-

1825 2119 1986 2183 siam,
2005 2118 2073 2173 de
2098 2119 2251 2187 cujus
2280 2119 2521 2173 antistite
2549 2120 2724 2174 adhuc
2751 2129 3003 2172 tractatus
3034 2128 3219 2172 nutare
3247 2131 3347 2170 con
3379 2146 3405 2157 -

1826 2214 2077 2282 spicitur;
2115 2214 2364 2283 quoniam
2405 2213 2545 2267 inter
2584 2214 2798 2267 diversa
2828 2223 2947 2265 vota
2993 2212 3305 2280 populorum
3338 2208 3405 2262 de

1829 2321 2068 2374 personat
2090 2305 2351 2359 electione
2379 2320 2482 2358 non
2517 2314 2744 2358 constat.
2760 2302 3039 2357 Credimus
3061 2312 3238 2355 tamen
3261 2299 3402 2368 quod

1829 2395 2076 2465 precibus
2104 2396 2448 2450 beatitudinis
2467 2406 2657 2449 vestrae
2674 2396 2741 2448 de
2773 2396 2884 2455 ipsa
2915 2408 3128 2462 quoque
3154 2391 3407 2447 velociter

1828 2485 2094 2541 ordinatio
2123 2485 2280 2553 digna
2312 2486 2610 2552 proveniat.
2647 2496 2703 2538 ut
2731 2496 2904 2554 empta
2934 2500 3031 2552 pax
3077 2482 3406 2551 temporibus

1830 2576 2021 2630 vestris
2063 2592 2156 2643 per
2204 2591 2417 2629 omnem
2469 2576 2723 2628 mundum
2777 2575 2973 2643 pariter
3025 2574 3305 2642 dirigatur,
3354 2580 3408 2626 et

1827 2667 2037 2721 cunctis
2056 2667 2107 2719 itt
2126 2669 2483 2734 apestolicam
2504 2668 2740 2735 partibus
2770 2668 3197 2722 communionem
3226 2666 3385 2719 Iidem

1828 2774 1933 2827 que
1975 2760 2415 2812 convenientibus
2468 2760 2721 2826 perfecte,
2770 2760 2905 2812 sicut
2960 2759 3162 2827 pridem
3214 2758 3405 2821 fuerat,

1830 2849 2079 2902 omnibus
2122 2849 2377 2903 membris
2420 2848 2579 2917 capiti
2624 2866 2722 2901 suo
2748 2859 3096 2903 connectatur
3145 2850 3403 2904 Ecclesia.

2433 2938 2817 2993 SUCCESTIU

1830 3046 2062 3085 ntoscost
2078 3046 2282 3086 uncos:
2298 3047 2396 3084 PER
2410 3046 2669 3084 PULIONEII
2689 3030 3403 3101 (Pttllianett|)SUBD|ACDNtlll.

1902 3119 2122 3174 Nuntiat
2147 3137 2263 3192 qua:
2298 3120 2672 3261 Tltessaltrtica:
2695 3133 2738 3173 et
2764 3119 3199 3189 Constantinopoli
3226 3130 3341 3173 acta

2546 3200 2744 3243 ucrant.

2546 3200 2744 3243 ucrant.

1902 3280 2186 3336 lneffabilis
2212 3280 2307 3334 Dei
2338 3281 2725 3347 omnipotentis
2752 3278 3136 3341 misericordia,
3169 3288 3220 3333 et
3244 3280 3407 3347 pietas

1831 3373 1971 3441 ejus,
2004 3389 2162 3442 quam
2192 3388 2352 3442 super
2385 3374 2675 3426 humanum
2708 3387 2877 3441 genus
2905 3371 3197 3424 clementer
3242 3370 3408 3424 effun-

1833 3464 1932 3529 dit,
1969 3464 2215 3518 bumauis
2239 3464 2438 3518 viribus
2460 3463 2710 3518 aestimari
2742 3480 2847 3518 non
2867 3472 3060 3531 potest,
3093 3478 3190 3515 nec
3204 3477 3408 3516 ternio-

1832 3556 1984 3608 nibus
2012 3556 2293 3623 explicari;
2314 3556 2406 3610 sed
2424 3553 2617 3609 sufficit
2640 3554 2753 3623 ejus
2777 3563 2982 3608 tantum
3004 3553 3227 3607 consilia
3243 3552 3407 3606 devo-

1830 3647 1897 3700 tis
1917 3648 2159 3700 sensibus
2175 3648 2449 3715 adtnirari,
2471 3649 2673 3703 etscirc
2690 3648 2865 3699 omnia
2886 3645 3021 3699 bona
3053 3645 3120 3699 de
3141 3646 3255 3713 ejus
3289 3657 3409 3698 tan-

1830 3747 1938 3791 tum
1957 3738 2142 3806 gratia:
2159 3739 2392 3807 pendere
2416 3737 2685 3792 remediis.
2714 3737 2803 3790 Est
2836 3737 2932 3789 ista
2951 3736 3257 3804 quotidiana
3283 3752 3408 3804 pro-

1828 3828 1971 3882 batio
2001 3844 2014 3879 :
2044 3828 2489 3881 audactertamen
2514 3841 2778 3897 prtesumu
2800 3825 2999 3889 dicere,
3020 3824 3233 3878 doioine
3252 3841 3405 3877 meus

1830 3919 2137 3975 beatissime
2155 3920 2447 3989 papa,quia
2472 3932 2706 3987 praesens
2727 3932 2885 3970 causa
2911 3918 3174 3985 prmterita
3204 3926 3403 3969 cuncta

1831 4012 2177 4073 transcendit,
2207 4026 2365 4080 quam
2393 4012 2529 4064 Deus
2556 4012 2744 4063 vestris
2769 4009 3097 4075 temporibus
3121 4018 3171 4060 et
3199 4008 3405 4083 meritis

1829 4106 2141 4159 reservavit.
2169 4104 2303 4170 Quid
2350 4105 2401 4157 in
2435 4102 2641 4158 Aniene
2666 4103 2731 4156 sit
2762 4113 2960 4165 actum,
2987 4100 3111 4170 quid
3144 4099 3407 4168 Scampis,

1829 4195 1953 4265 quid
1984 4195 2189 4265 Lignidi
2244 4195 2398 4248 fuerit
2444 4194 2810 4256 subsecutum,
2841 4192 3108 4246 anteriore
3145 4191 3407 4259 significa-

1832 4285 1973 4339 tione
2013 4286 2275 4353 suggessi.
2307 4285 2386 4339 Ad
2419 4280 2848 4338 Tltcssalonicatit
2877 4282 3250 4350 p’t-rvenimus;
3278 4296 3412 4349 quas

1832 4364 2155 4429 intentiones
2209 4374 2687 4444 (contentiones)
2740 4372 3079 4426 habuerimus
3130 4387 3248 4425 cum
3297 4371 3411 4437 epi-

1834 4483 1998 4536 scopo
2022 4466 2507 4528 Tltessaloniccusi,
2536 4477 2589 4520 et
2618 4483 2736 4535 qua:
2760 4466 2894 4519 dicta
2922 4464 3113 4517 iuerint
3141 4463 3221 4517 vel
3249 4463 3409 4517 etiam

1832 4558 2141 4624 constituta,
2173 4563 2358 4611 ltarutu
2394 4559 2664 4626 portitoris
2696 4557 2811 4609 viva
2847 4556 3202 4609 insinuatione
3231 4553 3408 4608 disce-

1835 4648 1922 4704 tis.
1951 4650 2102 4715 Quod
2138 4661 2310 4702 tamen
2342 4664 2445 4701 non
2474 4656 2686 4717 oportet
2714 4647 2987 4716 praeterire
3016 4646 3250 4708 silentio,
3286 4646 3411 4698 IllSi-

1836 4758 1998 4795 nuaro
2031 4758 2135 4795 non
2180 4742 2389 4795 tltll'ero.
2434 4742 2559 4795 Post
2605 4741 2767 4794 multa
2815 4742 3106 4795 certamina
3160 4738 3415 4810 praefatus

1834 4836 2115 4902 episcopus
2155 4836 2361 4887 ratione
2385 4834 2659 4887 convictus
2686 4833 2921 4887 libellum
2950 4834 3285 4889 subscribere
3316 4850 3410 4887 vo-

1836 4923 1932 4977 luit
1952 4940 1965 4977 :
1985 4923 2076 4977 sed
2109 4926 2229 4993 quia
2259 4921 2496 4991 episcopi
2528 4922 2615 4991 qui
2644 4925 2743 4976 sub
2768 4924 2885 4993 ejus
2922 4933 3047 4977 sunt
3074 4925 3415 4980 ordinatione

1835 5017 2105 5071 constituti
2152 5032 2337 5070 omnes
2368 5032 2469 5068 non
2502 5014 2745 5082 aderant,
2777 5016 2828 5069 in
2862 5016 3115 5084 praesenti
3148 5015 3250 5069 ltoc
3279 5031 3405 5069 con-

1836 5108 1998 5169 venit,
2048 5108 2147 5158 hoc
2201 5106 2462 5171 promisit,
2498 5117 2551 5158 ut
2585 5118 2704 5174 post
2754 5107 2870 5160 dies
2925 5117 3163 5169 sanctos,
3213 5122 3319 5158 uno
3350 5122 3415 5158 ex

1838 5199 1990 5251 nobis
2014 5212 2042 5251 a
2072 5197 2197 5249 sede
2225 5196 2827 5264 Constantinopolitanze
2858 5199 3009 5252 urbis
3036 5197 3264 5261 directo,
3297 5198 3413 5265 cpi-

1835 5291 2011 5357 scopis
2031 5291 2383 5358 congregatis,
2404 5291 2491 5357 qui
2523 5290 2575 5345 itt
2598 5292 2713 5360 ejus
2734 5300 2857 5346 sunt
2878 5292 3094 5345 (Ιίωοεεί
3113 5288 3412 5343 constituti.

1837 5381 2069 5435 libellum
2100 5382 2495 5435 sttbscriberent
2522 5399 2535 5434 :
2559 5383 2698 5451 quod
2723 5399 2843 5435 cum
2870 5383 2962 5436 Dei
2993 5380 3262 5448 adiutorio
3292 5390 3415 5430 crc-

1838 5472 2015 5524 ditnus
2061 5485 2179 5523 esse
2222 5473 2619 5538 complendum.
2675 5472 2797 5525 llzec
2843 5483 2960 5523 sunt
3015 5466 3413 5523 Tltessalonit-tr

1838 5562 2142 5617 consuituta.
2188 5561 2387 5615 Vestris
2429 5563 2755 5616 orationibus
2797 5558 3155 5613 commendati
3181 5558 3246 5609 ad
3274 5555 3414 5610 Cin-

1838 5654 2361 5724 stantiuopolitanam
2391 5654 2724 5722 pervenimus
2746 5651 3016 5703 civitatem
3031 5649 3161 5701 feria
3179 5664 3252 5703 set
3272 5651 3411 5702 unda

1840 5746 2187 5803 hebdomadis
2236 5747 2576 5800 atttltcntit-tc.
2615 5744 2825 5796 Decimo
2877 5742 2942 5793 ab
2991 5740 3119 5795 urbe
3156 5741 3408 5811 praedith
