3998 6368
561 371 659 424 N7

1895 346 2266 406 HORMISDAE
2305 344 2388 400 PA
2398 342 2505 400 Ριε

3716 340 3808 396 M8

561 480 809 538 milliario
863 475 1121 530 sublimes
1147 480 1202 526 et
1228 468 1490 539 magniﬁci
1544 465 1641 521 viri
1693 466 1846 519 nobis
1886 478 2131 517 occurre-
2163 464 2206 520 Α
2241 459 2442 513 nicaret
2468 457 2771 525 episcopus,
2804 456 2893 524 qui
2925 455 3162 510 libellum
3208 456 3455 525 primitus
3497 471 3604 511 non
3632 456 3805 512 dedis-

562 581 706 635 runt,
738 571 875 623 imcr
913 580 1045 635 quos
1069 571 1193 617 sunt
1238 560 1493 630 magister
1542 557 1767 612 militum
1816 555 2133 616 Vitalianus,

562 661 845 730 Pompeius
870 668 922 711 et
952 656 1298 716 Justinianus,
1326 662 1383 707 et
1412 651 1498 704 alii
1529 658 1828 711 senatores,
1854 647 2137 714 cunctique

570 750 1186 825 (multiqne)catholic:e
1216 748 1333 801 [idei
1364 745 1555 800 ardore
1580 757 1642 797 ac
1664 742 1931 796 desiderio
1960 739 2140 793 redin-

563 846 830 914 tegranda:
868 843 1012 909 paris
1058 840 1335 894 ardebant.
1376 838 1509 904 Quid
1536 835 1726 904 plura?
1755 833 1887 886 Cum
1915 830 2137 885 summis

564 954 701 1004 pene
728 938 965 989 omnium
996 933 1203 1002 gaudiis
1227 929 1555 999 ingredimur
1583 926 1869 981 civitatem.
1888 922 2003 977 Alia
2026 922 2136 985 die,

564 1044 678 1098 quze
706 1039 788 1081 est
820 1027 973 1080 tertia
1008 1026 1156 1085 feria,
1199 1022 1421 1091 piissimi
1456 1018 1709 1087 principis
1753 1024 2139 1085 prarsentamur

564 1121 898 1190 aspectibus:
930 1126 1152 1171 cunctus
1176 1116 1283 1169 illic
1311 1116 1496 1168 aderat
1524 1121 1766 1177 senatus,
1792 1110 1842 1163 in
1876 1123 1983 1176 quo
2012 1120 2142 1161 cons

565 1223 727 1265 ventu
758 1219 910 1264 erant
932 1219 986 1263 et
1016 1209 1251 1276 episcopi
1272 1216 1674 1273 quatuor,quos
1696 1203 1980 1270 episcopus
2000 1196 2142 1252 Con-

566 1302 1067 1370 stantinopolitauus
1100 1315 1195 1369 pro
1235 1314 1328 1353 sua
1373 1311 1599 1366 persona
1648 1294 1940 1347 direxerat.
1973 1289 2142 1342 Obtu-

568 1392 727 1445 limus
761 1390 1101 1445 beatitudinis
1134 1400 1322 1442 νθειτω
1354 1392 1580 1450 litteras,
1614 1398 1747 1454 quas
1785 1381 2142 1437 clementissi-

567 1497 685 1535 mus
717 1482 962 1550 princeps
996 1494 1114 1533 cutn
1153 1478 1341 1547 grandi
1374 1476 1670 1529 reverentia
1703 1473 1958 1540 suscepit.
1994 1470 2140 1523 Dicta

568 1581 692 1624 sunt
721 1587 838 1641 qua:
882 1580 1006 1624 ante
1049 1569 1501 1623 eaaminationem
1538 1579 1715 1619 causa:
1757 1561 1993 1631 oportuit
2023 1561 2144 1615 inti-

569 1680 716 1719 mare
739 1684 750 1715 ε
778 1679 897 1716 mox
927 1679 1083 1716 causa
1114 1671 1289 1731 coepta
1310 1670 1412 1715 est.
1432 1660 1755 1713 llortabatur
1779 1670 1875 1709 nos
1903 1656 2143 1710 clemenJ-

569 1755 802 1809 tissimus
850 1757 1156 1823 imperator,
1188 1754 1287 1806 hoc
1319 1753 1503 1806 dicens
1529 1768 1542 1803 :
1576 1750 1762 1803 Videte
1792 1748 2022 1801 civitatis
2049 1748 2144 1798 hu-

2238 562 2337 604 set.
2373 550 2491 604 Pari
2540 548 2697 609 modo
2726 557 2781 602 et
2818 563 3005 601 omnes
3054 543 3492 602 archimandritie
3537 551 3808 603 iecerunt:

2238 643 2378 710 apud
2409 657 2541 712 quos
2570 641 3019 695 archimandritas
3044 648 3099 694 ct
3128 641 3420 695 certamina
3441 655 3539 694 nos
3571 639 3813 694 habuisse

2239 735 2592 802 suggerimus,
2627 732 2927 786 dicentibus
2958 732 3061 785 illis
3090 749 3101 783 :
3133 732 3344 787 Sufﬁcit
3377 734 3503 802 quia
3549 732 3809 800 archiepi-

2238 840 2433 893 scopus
2461 833 2645 878 noster
2666 823 2818 885 fecit;
2851 838 2949 877 nos
2982 822 3179 876 factum
3212 823 3329 889 ejus
3357 822 3652 892 sequimur.
3683 820 3813 887 Quid

2238 915 2503 986 amplius?
2534 916 2664 969 Post
2692 915 2859 968 multa
2896 913 3213 981 certamina,
3239 912 3340 982 ipsi
3370 927 3585 982 quoque
3615 913 3813 966 ratione

2239 1007 2501 1073 convicti,
2550 1006 2763 1059 libellos
2811 1005 2986 1058 modis
3032 1004 3283 1058 omnibus
3335 1003 3661 1057 obtulerunt.
3696 1000 3812 1055 Post

2242 1097 2356 1152 hzec
2387 1098 2588 1163 omnia,
2626 1098 2733 1150 lico
2759 1095 3000 1164 jnvante,
3036 1094 3087 1148 in
3108 1094 3391 1148 ecclesiam
3424 1092 3813 1161 processimus:

2240 1200 2296 1242 et
2339 1188 2516 1255 qualia
2553 1186 2744 1255 gaudia
2777 1187 2911 1239 facta
2953 1186 3067 1239 sint
3105 1184 3352 1249 unitatis,
3381 1193 3438 1238 et
3473 1183 3817 1252 quemadmo-

2240 1282 2369 1335 dum
2409 1280 2547 1334 Deus
2577 1278 2889 1333 benedictus
2936 1278 3027 1343 sit,
3061 1292 3178 1347 qua:
3208 1276 3394 1331 laudes
3417 1291 3633 1345 quoque
3664 1275 3817 1328 beato

2246 1371 2405 1426 Petro
2437 1371 2705 1439 apostolo,
2739 1380 2791 1424 et
2821 1369 2971 1422 vobis
3001 1370 3182 1423 relata:
3206 1376 3355 1433 sunt,
3386 1367 3553 1435 ipsius
3593 1365 3817 1419 actionis

2244 1462 2678 1519 consideratione
2709 1461 3034 1530 perspicitis,
3063 1459 3206 1528 quod
3238 1474 3356 1513 mea
3384 1459 3561 1527 lingua
3595 1472 3702 1511 non
3728 1472 3820 1509 va-

2248 1558 2319 1611 let
2360 1557 2649 1624 explicare.
2681 1554 2823 1608 Nihil
2858 1563 2942 1608 est
2970 1553 3313 1608 subsecutum
3363 1550 3655 1605 secundum
3702 1559 3817 1603 vota

2248 1647 2606 1710 inimicorum,
2638 1662 2741 1699 non
2781 1645 2993 1710 seditio,
3028 1659 3131 1696 non
3161 1642 3351 1697 elTusio
3382 1640 3682 1709 sanguinis,
3716 1654 3820 1693 non

2248 1737 2525 1799 tumultus,
2552 1736 2689 1804 quod
2720 1736 2882 1790 veluti
2915 1744 3177 1790 terrentes
3219 1733 3419 1787 inimici
3450 1742 3605 1786 antea
3632 1732 3823 1802 pradi-

564 1851 651 1917 jns
681 1850 1014 1917 episcopum,
1039 1855 1093 1900 et
1118 1846 1343 1899 invicem
1371 1843 1527 1897 vobis
1557 1842 1776 1910 pacilico
1808 1838 1998 1892 ordine
2024 1838 2145 1890 red-
2181 1826 2225 1886 Β
2251 1833 2461 1884 cebant.
2492 1829 2592 1897 Ipsi
2620 1842 2725 1895 quo
2746 1842 2831 1893 rue
2876 1826 3222 1880 ecclesiastici
3252 1825 3823 1893 Constantinopolitani

567 1942 676 1995 dite
706 1942 988 1995 rationem.
1010 1939 1117 1993 Nos
1144 1954 1172 1991 e
1200 1947 1383 1991 contra
1416 1934 1787 2004 respondimus
1813 1930 1976 1997 :Qnid
2006 1930 2142 1982 imus

568 2034 633 2087 ad
683 2034 992 2101 episcopum
1038 2032 1333 2087 certamina
1388 2028 1606 2081 facere?
1651 2024 1902 2079 dominus
1962 2031 2145 2075 noster

570 2125 912 2178 beatissimus
942 2137 1074 2192 papa
1104 2121 1402 2183 llormisda,
1431 2119 1519 2188 qui
1550 2131 1648 2172 nos
1676 2115 1899 2176 direxit,
1921 2129 2025 2167 non
2049 2128 2145 2166 no-

574 2216 657 2269 bis
688 2216 939 2285 prtrcepit
969 2225 1178 2268 certare
1204 2230 1215 2265 :
1248 2212 1340 2265 sed
1375 2225 1485 2279 pra:
1514 2210 1759 2263 manibus
1790 2207 2050 2261 habemus
2085 2205 2146 2259 li-

571 2305 765 2361 bellum
811 2321 969 2374 quem
998 2320 1183 2358 omnes
1208 2304 1444 2373 episcOpi
1476 2301 1715 2355 volentes
1758 2299 1869 2353 sedi
1924 2306 2147 2366 aposto-

575 2400 690 2453 lica:
716 2398 1047 2454 reconciliari
1090 2398 1369 2461 fecerunt;
1399 2396 1443 2449 si
1475 2394 1715 2464 prmcipit
1747 2392 1912 2461 pietas
1944 2401 2145 2454 vestra,

573 2493 815 2560 legatur;
850 2504 903 2546 ct
928 2493 971 2546 si
1003 2502 1083 2546 est
1112 2492 1162 2544 itt
1195 2492 1312 2559 ipso
1349 2489 1487 2558 quod
1522 2488 1813 2558 ignoretur,
1847 2493 1939 2538 aut
1962 2498 2144 2538 vermn

573 2600 694 2639 esse
727 2600 829 2637 non
861 2582 1134 2645 credatur,
1161 2583 1373 2646 dicant,
1420 2590 1471 2634 et
1499 2589 1621 2633 tunc
1648 2577 1993 2632 ostendemus
2019 2574 2148 2628 nihil

575 2686 724 2729 extra
753 2672 1014 2743 judicium
1055 2671 1476 2727 ecclesiasticum
1507 2671 1558 2723 in
1600 2670 1788 2723 eodem
1820 2667 2001 2721 libello
2027 2679 2149 2719 esse

573 2768 929 2835 conscriptum
952 2783 966 2831 ;
990 2766 1141 2819 autsi
1166 2766 1237 2819 illi
1263 2774 1481 2832 possunt
1503 2763 1700 2817 docere
1724 2762 1847 2830 quia
1880 2775 1982 2813 non
2016 2774 2145 2812 con-

575 2860 714 2913 venit
748 2874 805 2912 re
831 2857 989 2926 igioni
1020 2857 1295 2911 catholica:
1316 2898 1331 2922 ,
1365 2867 1490 2910 tunc
1521 2855 1675 2909 nobis
1725 2852 1982 2907 incumbit
2023 2866 2145 2920 pro-

575 2951 723 3004 bare.
750 2950 998 3004 Relectus
1027 2958 1110 3003 est
1152 2948 1361 3003 libellus
1406 2947 1506 3001 sub
1552 2956 1843 3015 conspectu
1891 2943 2151 3013 principis

572 3054 626 3098 et
656 3057 893 3097 sensus.
926 3043 1030 3095 Nos
1052 3043 1230 3096 statim
1263 3040 1676 3107 subjunximus:
1708 3038 1895 3090 Dicant
1917 3049 2146 3104 praesen-

573 3145 653 3189 tes
676 3144 902 3204 quatuor
920 3134 1153 3201 episcopi
1175 3133 1265 3202 qui
1291 3132 1485 3185 adsunt
1507 3146 1601 3195 pro
1631 3144 1857 3198 persona
1885 3126 2150 3181 Constan-

2246 1918 2592 1984 admirantes,
2620 1927 2675 1972 et
2719 1918 2828 1971 Deo
2873 1916 3071 1984 gratias
3101 1914 3415 1977 relcrentes,
3462 1916 3649 1969 dicunt
3692 1930 3826 1968 nun-

2242 2024 2405 2079 quam
2442 2025 2501 2063 se
2532 2009 2841 2062 meminisse
2872 2007 2996 2061 ullis
3027 2007 3360 2075 temporibus
3402 2013 3605 2059 tantam
3636 2008 3817 2075 populi

2247 2103 2640 2157 multitudinem
2694 2102 3139 2156 communicasse.
3191 2099 3282 2153 llis
3323 2098 3631 2167 adimpletis
3668 2098 3830 2153 etiarn

2246 2195 2695 2250 clementissimus
2736 2193 3029 2263 imperator
3071 2192 3135 2245 ad
3182 2192 3565 2246 beatitudinem
3595 2204 3831 2246 vestram

2247 2302 2341 2341 sua
2370 2287 2563 2356 scripta
2592 2286 2889 2354 subjunxit,
2912 2283 3154 2339 ordinem
3185 2284 3259 2338 rei
3300 2294 3467 2353 gesta:
3495 2283 3833 2351 signiﬁcans,

2248 2380 2497 2435 similiter
2539 2388 2594 2435 et
2633 2379 2714 2433 vir
2744 2378 3220 2433 reverendissintus
3260 2378 3494 2431 Joannes
3519 2375 3837 2431 Constanti-

2250 2471 2576 2538 noriolitanc
2606 2469 2838 2524 civitatis
2866 2470 3116 2523 antistes.
3144 2468 3367 2522 Novi-ris
3408 2469 3565 2522 etiam
3592 2479 3646 2523 et
3674 2483 3835 2522 sacra

2249 2563 2518 2632 generalia
2541 2576 2660 2616 esse
2703 2561 2867 2625 edita,
2898 2568 3056 2628 atque
3083 2559 3356 2628 credimus
3386 2559 3494 2611 Deo
3528 2559 3758 2627 propitio
3780 2568 3842 2611 et

2252 2657 2447 2711 vestris
2472 2654 2673 2709 sanctis
2714 2652 3050 2707 orationibus
3076 2667 3170 2720 per
3210 2653 3485 2705 universas
3529 2651 3841 2719 provincias

2252 2748 2568 2819 quantocius
2586 2744 2864 2800 destinari.
2884 2744 3006 2797 Haec
3026 2741 3490 2811 Constantinopoli
3516 2749 3659 2810 gesta
3681 2751 3844 2806 sunt,

2253 2849 2309 2895 et
2350 2853 2490 2893 nunc
2521 2838 2586 2891 de
2624 2834 2953 2889 Antiochena
3004 2832 3243 2886 Ecclesia
3288 2840 3576 2895 tractatur;
3610 2839 3666 2886 et
3711 2830 3851 2884 ideo

2253 2931 2427 2986 adhuc
2464 2930 2757 2991 laboratur,
2783 2927 2904 2996 quia
2950 2924 3185 2979 nondum
3217 2938 3444 2993 persona
3489 2937 3723 2991 congrua
3752 2932 3848 2976 est

2252 3022 2443 3077 electa.
2471 3020 2599 3075 Oret
2628 3034 2759 3087 ergo
2784 3016 3054 3072 beatitudo
3078 3026 3250 3071 vestra
3273 3014 3549 3077 intentius,
3582 3023 3638 3067 ut
3668 3013 3857 3075 Dens,

2252 3115 2343 3183 qui
2380 3113 2576 3167 vestris
2619 3111 2869 3180 precibus
2912 3119 3165 3164 exoratus
3192 3108 3853 3175 ConstantinOpolitanam

576 3225 911 3294 tinopolitani
942 3224 1178 3293 episcopi
1210 3223 1256 3277 si
1301 3222 1414 3276 hmo
1436 3238 1553 3291 qua:
1585 3222 1635 3273 in
1668 3220 1848 3274 libello
1899 3220 2145 3288 leguntur

2256 3207 2547 3262 Ecclesium
2592 3204 2898 3272 apostolica:
2940 3202 3052 3255 sedi
3084 3201 3357 3264 restituit,
3392 3201 3505 3269 ipse
3535 3210 3589 3254 et
3614 3199 3855 3269 dignam

560 3304 735 3387 gestis
765 3319 1140 3373 coclesiasticis
1174 3316 1393 3370 minime
1429 3316 1806 3370 continentur?
1840 3314 2147 3382 Responde-

571 3419 692 3462 runt
708 3409 885 3461 omnia
908 3423 1029 3461 vera
1054 3414 1191 3461 esse.
1215 3407 1338 3460 Post
1353 3422 1472 3476 quae
1494 3420 1593 3459 nos
1613 3407 2021 3474 sobjunximus:
2046 3404 2150 3459 Do-

572 3504 715 3553 mine
746 3500 834 3564 itm
855 3509 1052 3559 erator,
1080 3507 1133 3552 ct
1161 3498 1314 3551 nobis
1356 3497 1609 3564 grandem
1645 3498 1881 3549 laborem
1909 3495 2143 3564 episcopi

572 3589 929 3652 abstule'unt,
960 3600 1011 3641 ct
1054 3589 1157 3642 sibi
1186 3588 1591 3642 convenientem
1634 3603 1745 3640 rem
1787 3586 2026 3640 fecerunt
2069 3588 2149 3640 di-

573 3696 697 3735 cere
742 3681 1039 3735 veritatem.
1070 3680 1188 3734 Mox
1231 3680 1681 3734 clementissimus
1729 3680 2020 3745 imperator
2065 3678 2149 3733 his

572 3770 661 3839 qui
693 3770 917 3824 aderant
956 3770 1089 3823 dixit
1113 3770 1416 3839 episcopis:
1455 3769 1519 3822 Et
1558 3768 1601 3822 si
1644 3785 1767 3823 vera
1808 3778 1953 3833 sunt,
1982 3782 2151 3837 quare

569 3882 676 3923 non
700 3863 910 3919 facitis?
944 3864 1199 3919 Similiter
1231 3872 1284 3916 et
1313 3861 1569 3932 aliquanti
1609 3861 1676 3916 de
1711 3862 1900 3915 ordine
1927 3870 2145 3915 senato-

571 3960 651 4012 rio
666 3958 913 4012 dixerunt
936 3955 1073 4010 :Nos
1096 3955 1213 4008 laici
1246 3970 1464 4020 smnus;
1494 3954 1670 4007 dicitis
1699 3953 1814 4006 haec
1844 3967 1966 4006 vera
1994 3967 2146 4006 esse:

573 4051 753 4113 lacite,
793 4060 845 4103 et
874 4064 971 4102 nos
999 4063 1302 4116 sequemur.
1330 4046 1636 4100 Intermissa
1662 4059 1850 4113 quarta
1882 4044 2011 4097 feria
2040 4044 2151 4112 epi-

572 4156 771 4208 scopus
798 4138 1417 4206 Constantinopolitanus
1440 4138 1490 4190 in
1514 4136 1711 4205 palatio
1740 4134 1974 4204 suscepit
1996 4149 2027 4187 a
2052 4150 2149 4187 no-

572 4233 653 4286 bis
699 4232 957 4296 libelium,
997 4240 1050 4286 et
1104 4230 1362 4298 imprimis
1407 4229 1558 4298 quasi
1599 4229 1825 4282 tentavit
1865 4226 2147 4295 epistolam

572 4327 747 4393 ponus
791 4324 967 4379 facere
1017 4338 1173 4392 quam
1228 4322 1488 4376 libellum.
1524 4320 1632 4377 Sed
1667 4336 1771 4373 non
1816 4329 1933 4388 post
1983 4319 2149 4373 multa

575 4417 865 4471 certamina
897 4417 996 4470 hoc
1018 4415 1285 4479 convenit,
1310 4416 1625 4483 prooemium
1650 4412 1918 4467 modicum
1948 4411 2148 4476 lacere,

572 4518 626 4562 et
656 4508 976 4578 subjungere
1014 4523 1135 4562 mox
1182 4507 1440 4572 libellum,
1480 4506 1929 4576 quemadmodum
1974 4515 2147 4559 vestra

573 4603 844 4657 beatitudo
871 4605 1107 4658 dictavit.
1144 4603 1478 4671 Subscriptio
1520 4604 1588 4655 ab
1632 4602 1821 4655 eodem
1878 4601 2014 4653 laeta
2046 4609 2148 4663 est,

574 4696 757 4750 libello
823 4698 1182 4762 conveniens,
1237 4698 1483 4751 similiter
1539 4706 1595 4750 et
1641 4697 1945 4759 datarum,
1999 4697 2153 4763 cujus

572 4788 895 4857 eaetnplaria
923 4799 975 4844 et
1005 4789 1188 4843 Graece
1212 4800 1266 4843 et
1293 4789 1478 4843 Latine
1508 4788 1829 4857 apostolatui
1861 4797 2041 4841 vestro
2067 4787 2149 4840 di-

578 4882 831 4935 reximus.
862 4883 984 4936 Post
1011 4882 1205 4937 factum
1244 4883 1479 4937 libellum
1507 4897 1699 4935 nomen
1732 4883 1910 4935 Acacii
1942 4882 2009 4935 dc
2035 4882 2149 4950 dip-

575 4978 749 5048 tychis
770 4986 853 5031 est
881 4977 1137 5039 deletum,
1171 4977 1418 5030 similiter
1448 4987 1501 5029 et
1527 4976 1808 5039 l'hravita’,
1841 4976 2147 5042 Euphemii,

570 5068 861 5121 Macedonii
909 5080 961 5121 et
1002 5067 1270 5121 Timothei
1303 5084 1317 5117 :
1359 5079 1410 5120 et
1452 5083 1554 5120 non
1608 5069 1779 5120 solum
1816 5066 1917 5120 hoc
1954 5066 2004 5120 in
2036 5067 2149 5135 ipsa

569 5166 681 5215 sola
720 5164 965 5225 ecclesia,
1000 5163 1051 5216 in
1079 5179 1178 5232 qua
1207 5166 1489 5232 episcopus
1527 5172 1727 5230 manet,
1770 5181 1956 5219 verum
1989 5167 2148 5218 etiam

568 5272 664 5325 per
693 5270 881 5309 omnes
910 5258 1164 5311 ecclesias
1195 5272 1313 5309 cum
1343 5257 1531 5325 grandi
1561 5256 1858 5325 diligentia,
1909 5256 2020 5309 Deo
2048 5255 2145 5309 ad-

566 5350 773 5417 jntore,
819 5350 1151 5417 suggerimus
1206 5349 1372 5401 fuisse
1419 5348 1641 5401 factum.
1674 5349 1930 5401 Similiter
1977 5348 2148 5402 deleta

566 5448 692 5492 sunt
718 5439 785 5492 de
806 5439 1071 5509 diptycliis
1094 5438 1326 5492 Zenonis
1349 5447 1403 5491 et
1431 5439 1696 5492 Anastasii
1745 5439 1986 5490 nomina.
2023 5439 2149 5505 Epi-

568 5533 715 5600 scopi
756 5532 1089 5587 diversarum
1132 5532 1429 5595 civitatum,
1461 5530 1643 5599 quanti
1678 5531 1877 5583 inventi
1910 5541 2052 5593 sum,
2083 5531 2148 5583 li-

571 5625 764 5679 bellum
812 5624 1057 5678 similiter
1100 5624 1409 5678 obtulerunt
1440 5640 1451 5673 :
1479 5630 1533 5676 et
1562 5637 1683 5675 cum
1729 5621 1913 5690 grandi
1945 5625 2147 5675 cautela

569 5719 901 5785 suggerimus
930 5716 1277 5782 custoditum,
1313 5731 1379 5771 nc
1433 5716 1551 5785 quis
1595 5715 1870 5769 nobiscum
1911 5690 2147 5769 commu-

639 5811 667 5841 “
692 5812 852 5862 Sacra
881 5808 1238 5875 imperatoris.

2186 4562 2236 4620 D

2256 3314 2539 3367 personam
2577 3297 2742 3350 donet
2780 3296 2831 3348 in
2864 3294 3146 3348 Antiochia
3192 3292 3561 3355 ordinandam,
3608 3299 3664 3345 et
3700 3291 3854 3344 assi-

2250 3393 2385 3443 duas
2402 3388 2602 3442 adnuet
2634 3386 2921 3440 Ecclesias.
2949 3384 3248 3437 RI‘SCI'ibile
3283 3383 3534 3451 episcopo
3564 3380 3855 3460 Constan-

2252 3480 2622 3551 tinopolitano.
2639 3478 2696 3532 Si
2715 3477 2924 3530 videtur
2944 3473 3256 3529 beatitudini
3279 3483 3471 3527 vestra:
3504 3471 3658 3525 facile
3681 3486 3856 3525 met)—

2252 3574 2453 3627 tionem
2484 3570 2884 3625 damnationum
2924 3567 3108 3622 Severi
3139 3576 3193 3621 et
3236 3567 3446 3619 illorum
3474 3580 3607 3632 quos
3662 3567 3855 3618 nomi—

2253 3666 2416 3719 nastis
2438 3666 2489 3718 in
2519 3663 2745 3730 cpistola
2772 3662 2859 3716 illa
2890 3675 3051 3729 quam
3100 3658 3392 3728 scripsistis
3439 3659 3505 3711 ad
3541 3659 3855 3711 secundam

2251 3758 2457 3826 Syriam
2486 3771 2584 3826 per
2610 3754 2872 3809 Joannem
2904 3762 2958 3806 et
2986 3752 3229 3821 Sergium
3274 3752 3587 3811 monachos,
3617 3750 3726 3803 hoc
3759 3751 3851 3816 ip-

2228 3862 2367 3909 sum
2394 3846 2486 3900 det
2520 3845 2585 3899 ad
2630 3844 3006 3912 imperatorem
3051 3841 3431 3895 rescribentes.
3472 3839 3524 3893 Si
3575 3839 3855 3903 leceritis,

2254 3938 2463 3993 videtur
2493 3936 2623 3991 mihi
2654 3935 3020 3991 necessarium
3051 3947 3193 3986 esse.

2855 4049 2877 4068 ‘
2917 4045 3248 4100 EPISTULA

2730 4143 2928 4183 JUSTINI
2954 4143 3019 4180 AD
3047 4139 3372 4179 HORNISDAI.

2252 4218 2504 4274 Joannem
2534 4222 2824 4286 episcopum
2847 4215 3151 4270 catholicam
3176 4217 3328 4280 ﬁdem
3350 4213 3646 4286 antplexunt
3675 4210 3853 4263 lime-

2326 4291 2453 4343 ticos
2499 4283 2974 4349 aii—atlteiiiatizasse,
3034 4296 3183 4351 atque
3235 4299 3421 4336 nomen
3469 4283 3667 4347 Acacii,
3729 4297 3861 4333 cum

2328 4362 2546 4413 aliorum
2591 4358 3030 4412 scltismaticorum
3057 4354 3362 4416 nominibus,
3391 4369 3420 4406 e
3448 4353 3613 4405 sacris
3650 4353 3854 4404 tabulis

2327 4442 2636 4499 expunctum
2663 4444 2789 4483 esse.

2330 4520 2513 4574 Victor
2541 4519 2810 4581 Justinus,
2842 4516 2979 4585 pius,
3012 4516 3163 4581 felix,
3202 4514 3453 4585 inclytus,
3482 4511 3857 4581 triumphator

2260 4627 2474 4681 semper
2513 4613 2803 4681 Augustus,
2838 4608 3132 4663 llormisda:
3163 4606 3504 4660 sanctissimo
3547 4604 3855 4672 (sacratis-

2261 4703 2432 4770 simo)
2486 4718 2550 4755 ac
2600 4701 2909 4755 beatissimo
2965 4697 3369 4767 archiepiscopo
3424 4703 3481 4749 et
3525 4694 3857 4763 patriarcha:

2262 4795 2454 4867 (alma:
2474 4794 2621 4848 urbis
2651 4794 2832 4846 Romm
2851 4796 2894 4858 ).

2332 4887 2481 4942 Scias
2509 4884 2752 4939 ell'ectum
2778 4883 2951 4948 nobis,
2978 4890 3128 4951 pater
3158 4876 3583 4947 religiosissime,
3616 4883 3668 4929 et
3697 4874 3857 4942 quod

2260 4980 2347 5034 diu
2390 4976 2612 5031 summis
2640 4975 2829 5028 studiis
2861 4974 3216 5041 quaerebatur,
3251 4969 3460 5022 noveri.~
3495 4968 3852 5035 patefactum,

2260 5082 2315 5125 et
2358 5079 2639 5137 antequam
2672 5066 2989 5119 advenerint
3018 5063 3107 5132 qui
3139 5078 3169 5114 a
3200 5062 3348 5114 vobis
3378 5059 3628 5113 destinati
3668 5068 3804 5110 sunt
3837 5078 3851 5108 :

2259 5163 2399 5235 quod
2430 5162 2663 5217 Joannes
2704 5160 2785 5213 vir
2828 5154 3167 5211 beatissimus
3213 5152 3435 5217 antistes
3471 5166 3619 5203 nova:
3644 5156 3859 5201 vestrae

2262 5256 2523 5327 (nostrai)
2560 5254 2739 5307 Romae
2773 5267 2873 5303 una
2902 5266 3024 5304 cum
3065 5248 3212 5301 clero
3254 5246 3367 5312 ejus
3414 5246 3681 5296 vobiscum
3712 5255 3859 5291 sen-

2262 5351 2419 5411 tiunt,
2467 5347 2623 5400 nullis
2672 5346 2939 5396 variantes
2993 5338 3442 5408 ambiguitatibus,
3472 5334 3630 5387 nullis
3671 5332 3857 5386 divisi

2262 5439 2579 5502 discordiis;
2610 5437 2748 5490 scias
2796 5433 3028 5487 libellmn
3057 5431 3125 5485 ab
3160 5445 3224 5483 eo
3269 5427 3647 5495 subscriptum,
3672 5439 3855 5490 quem

2264 5529 2593 5586 oﬂ‘orendum
2664 5525 3026 5584 indicaveras,
3103 5520 3564 5574 sanctissimormn
3620 5514 3858 5567 Patrum

2263 5622 2491 5676 concilio
2505 5626 2910 5687 congruentem.
2926 5616 3123 5670 Omnes
3150 5619 3475 5665 concurrunt
3493 5606 3648 5661 alacri
3668 5619 3867 5671 opere

2267 5714 2329 5768 ad
2363 5709 2699 5779 suscipienda
2736 5718 2851 5760 vota
2894 5718 2996 5759 tam
3050 5716 3219 5757 vc5tra
3270 5716 3427 5769 quam
3464 5694 3869 5753 Cons'amino»
