3998 6368
151 352 223 410 με)

1332 328 1681 388 ΕΡΙΒΤΟΙιᾸΞ
1722 328 1807 384 ΕΤ
1848 323 2184 382 DECRETA.

3284 311 3389 364 450

152 465 372 538 politius:
417 459 593 526 sedis,
627 469 761 528 quos
793 450 1031 507 veritatis
1071 459 1323 501 coruscus
1373 444 1544 512 fulgur
1590 443 1708 496 illu-
1740 444 1781 501 Α
1816 436 2136 509 procuravit.
2176 432 2377 487 ldcirco
2424 431 2474 484 in
2520 429 2766 484 omnibus
2815 428 2925 482 Deo
2965 440 3157 496 magno
3196 427 3394 495 gratias

149 534 290 612 mittat
316 572 332 617 ;
364 568 559 606 omnes
584 548 891 603 accelerant
917 538 1290 601 libentissime,
1319 550 1453 605 quos
1484 534 1713 588 oblectat

152 651 215 701 tia
263 644 537 706 dilucida;
574 647 870 708 sequuntur
912 633 1042 687 scita
1094 630 1306 683 Patrum
1352 623 1709 683 sanctissima,

156 744 277 807 teges
307 731 751 804 probatissimas:
784 720 1089 779 etconciliis
1110 714 1459 788 quorumdam
1492 713 1713 765 ﬁrmatis

153 804 223 897 qui
271 842 477 881 rectum
524 821 781 877 tenebant
829 814 1144 873 tramitem,
1190 809 1413 861 aliorum
1460 804 1715 858 correctis

152 892 225 989 qui
253 916 585 985 vagabantur
615 906 823 969 incerti,
854 906 906 958 in
936 917 1001 955 eo
1035 916 1119 953 res
1145 896 1427 964 colligitur,
1455 903 1509 946 ut
1542 892 1716 946 unita-

155 985 246 1067 tem
277 1008 568 1063 individua:
597 998 877 1057 Trinitatis
922 995 1020 1063 ipsi
1050 1005 1261 1062 quoque
1301 988 1501 1040 unitate
1539 985 1719 1037 celant

155 1102 423 1157 mentium.
454 1099 710 1165 Negatutn
741 1099 824 1145 est
865 1088 1001 1142 inter
1027 1083 1205 1137 divina
1234 1079 1483 1149 mysteria
1517 1090 1720 1129 memo-

157 1201 275 1251 riam
303 1196 360 1247 in
391 1200 666 1262 posterum
700 1184 812 1237 ﬁeri
834 1181 968 1253 (pro
998 1188 1185 1231 tenore
1218 1170 1379 1227 libelli
1400 1183 1556 1239 quem
1581 1167 1721 1221 dixi-

159 1292 301 1354 mus)
327 1258 507 1339 Aeacii
545 1270 967 1348 praevaricatoris
997 1267 1263 1338 quondam
1304 1263 1460 1331 bujus
1491 1258 1721 1333 (regite)

159 1351 294 1433 urbis
316 1372 577 1444 episcopi,
601 1383 703 1423 nec
733 1382 836 1420 non
877 1363 1103 1417 aliorum
1135 1354 1492 1417 sacer'domm,
1525 1352 1615 1422 qui
1640 1351 1721 1404 vel

161 1467 305 1537 primi
331 1473 522 1519 contra
552 1460 841 1515 constituta
867 1461 1133 1508 venerunt
1152 1448 1467 1517 apostolica,
1489 1445 1575 1498 vel
1606 1456 1727 1496 suc-

162 1569 393 1613 cessares
419 1553 621 1609 erroris
652 1549 777 1603 iacti
803 1556 947 1608 sunt,
981 1543 1126 1597 nulla
1166 1555 1335 1609 usque
1375 1538 1439 1590 ad
1482 1537 1725 1591 ultimum

162 1651 290 1705 diem
322 1663 479 1703 suum
522 1642 834 1716 poenitentia
874 1637 1126 1693 correcti.
1161 1635 1225 1689 Et
1264 1631 1511 1701 quoniam
1540 1642 1728 1681 omnes

164 1754 350 1798 nostrze
383 1740 631 1809 regiones
650 1728 999 1789 admouenda:
1029 1725 1341 1797 (religionis
1369 1718 1729 1787 admonendi)

1819 531 2056 585 referens
2086 535 2275 579 cuncta
2308 522 2701 592 sapientissime
2725 520 3395 591 gnbernanti,annuntiare

1819 622 1908 675 tibi
1934 634 2116 689 pacem
2141 614 2286 685 pacis
2314 615 2421 667 ﬁlio
2448 614 2705 680 nuntiavi,
2734 614 2783 665 in
2810 610 3057 664 omnibus
3081 608 3189 689 Deo
3209 622 3395 660 aman-

1820 682 2057 774 tissime;
2089 682 2307 762 ut—illnd
2334 705 2585 773 gaudium
2632 704 2818 765 salias,
2841 718 2945 768 quo
2989 682 3161 754 David.
3182 699 3394 769 quidem

1819 804 2110 859 secundum
2140 802 2309 869 legem
2342 797 2393 851 in
2430 811 2566 850 area:
2611 795 2701 849 Dei
2731 794 3067 848 revocatinne
3112 790 3401 861 ﬁguraliter

1820 895 2117 950 exsultabat
2148 888 2242 962 (II
2280 889 2401 959 Reg.
2454 886 2598 957 vin),
2631 886 2857 953 apostoli
2901 898 3026 937 vero
3049 897 3141 952 per
3165 881 3391 950 gratiam

1822 984 2083 1037 veraciter
2111 980 2446 1034 ltetabantur.
2474 976 2660 1031 Gaude
2695 976 2874 1043 itaque
2922 973 2975 1026 in
3009 973 3234 1026 Domino
3271 984 3401 1039 gat:-

1822 1078 1966 1130 diuut
2000 1084 2102 1129 tute
2140 1072 2468 1128 conveniens
2522 1068 2816 1134 sanctitati,
2868 1075 2921 1120 et
2960 1065 3135 1118 scribe
3170 1078 3232 1117 ea
3282 1078 3403 1131 qute

1823 1177 2059 1221 vestrum
2090 1164 2376 1232 benignum
2413 1161 2647 1214 animum
2676 1158 2893 1219 decent,
2923 1156 3084 1208 homo
3113 1153 3204 1206 Dci
3233 1171 3245 1205 :
3278 1167 3401 1206 nam

1824 1272 1943 1325 quae
1975 1256 2183 1308 fuerant
2218 1252 2386 1305 divisa
2416 1250 2700 1316 conjuncta
2732 1260 2878 1309 sunt,
2911 1255 2965 1299 et
3005 1244 3248 1309 dispersa
3292 1241 3406 1296 col-

1827 1345 1960 1399 let-ta
2010 1352 2172 1405 sunt;
2227 1350 2282 1396 et
2308 1355 2427 1410 qua:
2461 1340 2614 1408 longe
2656 1343 2810 1390 erant
2852 1333 2953 1387 sibi
2997 1332 3222 1386 invicem
3271 1333 3406 1383 adu-

1828 1448 1949 1493 nala
1975 1446 2100 1490 sunt
2135 1450 2151 1499 ;
2187 1443 2263 1499 et,
2294 1433 2432 1487 sicut
2469 1438 2679 1498 oportet
2721 1427 2899 1480 dicere
2939 1433 2989 1480 et
3020 1424 3146 1478 olim
3177 1421 3404 1490 scripsi,

1831 1540 2083 1598 utrasque
2116 1527 2408 1587 Ecclesias,
2445 1534 2550 1578 tam
2574 1521 2802 1576 senioris
2832 1535 2988 1588 quam
3012 1532 3164 1571 nova:
3205 1516 3407 1577 ltoma,

1831 1636 1990 1676 unam
2020 1635 2142 1674 esse
2168 1617 2444 1673 evidenter
2472 1615 2801 1682 intelligens,
2832 1621 2886 1666 et
2916 1610 3196 1677 uttiusque
3226 1622 3408 1662 earum

1834 1731 1991 1770 unam
2018 1715 2202 1768 setlem
2230 1721 2378 1766 recte
2405 1724 2526 1764 esse
2548 1708 2841 1773 difﬁniens,
2871 1704 3249 1758 indivisibilem
3273 1701 3412 1755 adu-

165 1844 301 1899 sunt,
332 1841 393 1884 nt
420 1827 731 1897 exemplum
776 1823 1049 1877 imitentur
1078 1816 1307 1871 civitatis
1349 1815 1531 1880 regite,
1566 1809 1729 1863 desti-
1764 1808 1808 1867 Β
1838 1808 2129 1867 nationem,
2160 1812 2215 1858 et
2244 1803 2519 1871 utriusque
2546 1810 2852 1854 nostrorum
2879 1812 3171 1851 consonam
3218 1796 3414 1848 contir-

166 1924 327 1977 nanda
374 1920 571 1988 ubique
618 1913 925 1986 principalia
974 1918 1239 1980 praecepta
1285 1906 1552 1969 duximus,
1588 1911 1733 1955 tanto

169 2018 450 2081 ﬁngrumus
480 2007 757 2076 religionis
785 2003 985 2066 ofﬁcio,
1027 2010 1176 2054 tanto
1218 1997 1527 2051 aﬁ‘ectatnns
1558 1992 1739 2047 studio

170 2121 344 2175 pacem
362 2102 643 2157 catholica
671 2098 791 2153 ﬁdei
821 2110 917 2165 pro
945 2094 1333 2148 remuneranda
1362 2087 1577 2142 coalitus
1609 2097 1737 2152 pace

172 2206 359 2250 nostra:
410 2192 738 2261 reipublicte,
783 2202 879 2257 pro
925 2184 1262 2239 conciliando
1308 2178 1563 2247 subjectis
1606 2175 1739 2229 meis

172 2303 395 2357 superno
426 2284 695 2355 praesidio.
726 2280 861 2348 Quid
905 2288 1079 2333 autem
1111 2274 1311 2345 (enim)
1342 2272 1542 2341 gratius
1584 2285 1739 2337 tepe-

172 2384 259 2437 riri
282 2381 496 2452 potest?
523 2374 901 2449 quidjustius?
927 2372 1054 2441 quid
1095 2367 1391 2425 illustrius?
1419 2381 1578 2434 quam
1606 2379 1741 2430 quos

175 2477 304 2530 idem
329 2487 554 2543 regnum
582 2472 838 2526 continet.
868 2465 1216 2533 ejusdemque
1256 2459 1377 2513 ﬁdei
1412 2457 1585 2510 cultus
1611 2456 1743 2508 irra-

174 2568 300 2631 diat,
328 2581 425 2619 eos
477 2578 582 2617 non
628 2561 840 2615 diversa
879 2554 1227 2618 contendere,
1270 2549 1365 2604 sed
1406 2546 1648 2601 collectis
1691 2546 1742 2597 in

174 2659 355 2713 eodem
370 2655 639 2713 sensibus,
656 2652 894 2706 instituta
917 2645 1161 2701 venerari
1190 2658 1293 2695 non
1316 2642 1543 2692 humana
1568 2644 1745 2689 mente

176 2753 301 2817 lata,
329 2750 422 2803 sed
454 2745 624 2801 divini
656 2741 931 2813 prudentia
960 2735 1226 2805 Spiritus?
1253 2734 1381 2787 Oret
1425 2730 1581 2797 igitur
1629 2742 1746 2781 vcs-

176 2852 270 2894 trae
298 2838 587 2908 religionis.
609 2835 885 2899 sanctitas,
918 2838 972 2883 ut
1000 2828 1140 2898 quod
1172 2822 1411 2893 pervigili
1443 2819 1619 2874 studio
1650 2833 1746 2885 pro

175 2932 456 2986 concordia
513 2926 875 2982 Ecclesiarum
922 2919 1204 2976 catholica:
1258 2915 1385 2969 ﬁdei
1436 2920 1746 2980 |rocuratur

174 3024 341 3077 divini
377 3019 618 3075 muneris
664 3013 958 3086 opitulatio,
988 3012 1100 3080 jugi
1143 3008 1495 3078 perpetuitate
1538 3001 1747 3058 servari

175 3125 389 3169 annuat.

246 3205 435 3257 Datum
469 3219 498 3255 ι
522 3201 622 3254 cal.
658 3199 774 3252 Maii
800 3193 1264 3261 Constantinopoli
1292 3194 1340 3243 ‘.

551 3309 930 3368 EXEMPLUM
972 3304 1380 3362 RELATIONIS

282 3422 512 3461 EPISCOPI
569 3414 1173 3458 CONS'I‘ANTISOPOUTANI
1215 3414 1281 3451 ΔΙ)
1322 3409 1641 3449 IIORIISDAM.

181 3500 277 3554 Ecc
298 3502 419 3555 esiw
439 3515 612 3570 pacem
643 3498 821 3550 initam
846 3511 952 3570 esse
991 3492 1207 3552 nuntiat,
1231 3490 1446 3558 ideoque
1472 3487 1749 3555 plurima-it

659 3583 773 3621 eum
799 3567 1024 3637 gaudere
1050 3573 1235 3615 monet.

245 3663 473 3717 Domino
503 3674 624 3714 meo
649 3673 741 3727 per
763 3657 940 3710 omnia
970 3663 1158 3709 sancto
1188 3663 1240 3706 et
1271 3652 1378 3705 Deo
1406 3647 1622 3702 amabili
1648 3648 1749 3700 lra-

178 3756 243 3808 tri
288 3764 344 3809 et
381 3751 754 3807 comministro
799 3746 1099 3802 Hormisdte
1148 3742 1380 3798 Joannes
1426 3742 1480 3793 in
1532 3738 1754 3792 Domino

180 3847 428 3900 salutem.

246 3939 471 4006 Quando
504 3936 642 3990 Deus
680 3932 895 4003 propria
933 3928 1189 3984 mirabilia
1237 3928 1289 3980 in
1331 3925 1441 3980 suis
1483 3930 1754 3992 operatur,

179 4038 307 4084 tunc
335 4036 549 4097 oportet
580 4042 644 4079 ea
671 4040 790 4093 quae
828 4022 1025 4077 divinis
1055 4020 1246 4073 litteris
1290 4016 1634 4070 continentur
1679 4011 1759 4079 ip-

182 4120 295 4173 sius
318 4118 612 4187 Scripturte
642 4114 863 4169 vocibus
893 4110 1209 4167 ﬁducialiter
1246 4106 1552 4160 exclamare
1583 4120 1598 4158 :
1630 4102 1759 4167 Quis

180 4212 419 4278 loquetur
463 4209 715 4277 potentias
755 4204 963 4257 Domini
1004 4210 1093 4254 aut
1140 4198 1341 4253 auditas
1393 4197 1542 4266 faciet
1588 4209 1759 4247 omnes

180 4302 358 4354 laudes
401 4303 511 4371 ejus
562 4299 614 4350 in
652 4297 788 4349 omni
829 4305 1053 4361 tempore
1082 4286 1266 4362 (Psal.
1294 4287 1427 4357 cv)?
1460 4288 1595 4340 Ecce
1615 4288 1760 4343 enim

183 4394 342 4446 talem
376 4393 520 4462 piutn
566 4391 863 4460 principem
899 4388 1151 4441 Romanae
1181 4384 1494 4449 reipublicae
1539 4379 1761 4433 suscita-

184 4484 281 4547 vit,
302 4485 441 4553 quali
467 4483 639 4536 multo
669 4492 795 4533 ante
826 4488 879 4533 et
906 4475 1167 4532 catholica
1195 4473 1463 4544 indigebat
1493 4470 1757 4535 Ecclesia,

180 4585 237 4627 et
257 4590 416 4628 omne
438 4588 605 4644 genus
629 4572 903 4625 hominum
929 4567 1109 4622 videre
1144 4566 1412 4635 cupiebat.
1437 4564 1663 4633 Ideoque
1693 4562 1760 4615 ita

184 4667 345 4720 etiam
389 4682 557 4720 cornu
600 4663 918 4734 (coronam)
966 4661 1151 4730 gratite
1195 4673 1355 4726 super
1395 4674 1513 4711 cum
1554 4656 1765 4711 ctelitus

182 4758 496 4820 declinavit,
524 4767 586 4811 ut
620 4756 902 4809 a'ﬁuenter
933 4756 982 4807 in
1015 4768 1227 4807 sacrum
1258 4752 1378 4820 ejus
1405 4761 1565 4819 caput
1608 4751 1767 4803 mise-

186 4849 421 4903 ricordia
470 4848 782 4903 funderetur
827 4864 838 4897 :
887 4846 1136 4912 omnique
1185 4842 1609 4897 annuntiationis
1650 4840 1767 4908 ejus

186 4950 429 5009 tempore
452 4956 572 4994 cum
600 4954 788 5007 magna
828 4953 959 4992 Voce
993 4938 1158 4989 Deum
1192 4936 1430 4989 omnium
1476 4933 1765 5002 principem

182 5032 644 5094 gloriﬁcaverunt,
677 5028 925 5098 quoniam
978 5028 1135 5081 talem
1188 5025 1441 5079 verticem
1493 5026 1626 5077 meis
1658 5038 1771 5077 ma-

185 5122 351 5174 nibus
383 5122 469 5173 tali
510 5135 706 5175 eorum
739 5119 1033 5173 decoravit.
1065 5118 1112 5171 Is
1143 5131 1271 5171 vero
1303 5119 1565 5169 maximus
1602 5116 1769 5181 impe-

185 5222 343 5265 rator
378 5214 602 5279 primam
633 5225 850 5264 suorum
888 5210 1241 5263 certaminum
1272 5209 1523 5276 palmam,
1559 5207 1771 5260 devicto

186 5300 432 5365 inimico,
462 5302 739 5355 evidenter
774 5300 1005 5353 ostendit
1044 5316 1056 5363 ;
1086 5299 1383 5353 secundum
1413 5298 1622 5352 virtutis
1659 5298 1775 5366 ejus

188 5392 471 5457 meritum,
494 5391 881 5461 aduna'ionemj
901 5390 1249 5445 sanctissimis
1282 5390 1535 5444 Ecclesiis
1564 5390 1773 5457 sapien-

191 5482 405 5536 tissime
441 5486 818 5550 comparavit:
852 5497 1073 5551 regnum
1120 5482 1241 5548 ejus
1282 5483 1495 5534 tertium
1544 5480 1771 5543 bonum,

190 5572 456 5641 dissiptla
486 5574 791 5643 coitjunxit,
823 5582 877 5627 et
925 5588 1108 5642 pacem
1148 5572 1327 5625 mundi
1373 5570 1777 5639 sapientissime

269 5712 291 5729 ⁴
326 5711 479 5789 anno
505 5711 713 5789 Domini
737 5709 857 5772 519,
891 5723 1007 5762 cum
1037 5709 1190 5776 legati
1222 5717 1401 5761 essent
1433 5707 1602 5761 adhuc
1636 5704 1779 5761 Coo-

190 5783 566 5848 sratttinopoli.

1836 1898 2127 1953 mationem
2174 1910 2295 1949 cum
2344 1891 2531 1961 judicii
2578 1890 2882 1959 integritate
2928 1901 3213 1957 cognosco.
3265 1884 3413 1939 Unde

1837 2006 1963 2060 rogo
2002 1989 2167 2042 Deum
2207 2000 2419 2055 semper
2464 1999 2583 2037 eam
2634 1981 3050 2051 inseparabilem
3096 1992 3414 2049 permanere

1837 2081 2164 2134 orationibus
2200 2082 2506 2131 sanctorum
2537 2077 2899 2143 apostolorum
2935 2083 2991 2127 et
3033 2082 3136 2125 tute
3170 2070 3417 2140 precibus

1839 2173 2156 2236 sanctitatis,
2177 2187 2270 2237 μετ
2297 2184 2431 2239 quas
2463 2168 2648 2222 donari
2676 2167 2829 2221 nobis
2851 2178 2902 2219 ct
2928 2169 3175 2219 universo
3219 2163 3418 2217 mundo

1840 2264 2315 2319 clementissimum
2344 2271 2398 2315 rt
2428 2259 2942 2314 Chrisianissimum
2973 2256 3264 2325 principem
3294 2253 3418 2308 Jus-

1842 2358 2031 2418 tinum,
2060 2363 2113 2408 et
2136 2353 2427 2421 piissimam
2458 2352 2575 2421 ejus
2619 2365 2661 2403 ct
2688 2348 2777 2417 nju
2814 2364 2930 2413 em,
2961 2356 3196 2404 nostram
3242 2358 3421 2398 autem

1844 2449 2005 2501 ﬁliam
2036 2446 2410 2515 Euphemiam.
2453 2444 2506 2497 iu
2541 2457 2669 2511 pace
2698 2440 2878 2494 multis
2908 2438 3238 2507 tempotibus
3272 2451 3423 2489 rout-

1848 2547 2111 2607 pretatur,
2140 2552 2232 2604 per
2262 2534 2438 2588 omnia
2478 2532 2788 2588 beatissime
2830 2530 2944 2583 l‘rat-
2967 2546 3012 2583 r.
3040 2528 3220 2583 Gavisi
3264 2528 3333 2595 igi
3359 2543 3424 2581 ur

1845 2630 1911 2682 de
1947 2627 2221 2696 praesentit
2272 2624 2845 2680 reverendissimorum
2896 2623 3292 2690 episcoporum,
3323 2634 3424 2672 nec

1849 2734 1953 2771 non
1998 2726 2050 2771 et
2094 2731 2123 2769 c
2144 2716 2411 2770 ericorum
2444 2723 2766 2775 vestrorum,
2796 2711 2995 2782 gratias
3037 2712 3263 2777 agimus,
3296 2725 3425 2773 quo-

1849 2811 1990 2863 niam
2023 2806 2315 2861 secundum
2363 2807 2672 2875 petititnem
2722 2820 2754 2856 ιι
2795 2812 2960 2857 stram
3006 2802 3137 2855 tales
3179 2802 3426 2869 paciﬁcos

1851 2907 1994 2959 viros
2044 2910 2099 2956 et
2131 2912 2318 2957 vestrae
2362 2899 2553 2969 dignos
2581 2896 2727 2951 sedis
2746 2897 3050 2965 aposto'cc
3092 2894 3425 2955 dcstinasti<,

1851 3000 2087 3070 regulam
2109 2998 2321 3053 Patrum
2348 2994 2396 3047 si
2422 3008 2467 3047 te
2490 2990 2700 3044 confusi
2728 3004 2811 3045 ne
2839 2996 3138 3051 servantrs,
3166 2986 3427 3054 tidemquo

1854 3092 2138 3146 indivisam
2158 3086 2548 3143 custodientes.
2572 3083 2805 3148 Quorum
2831 3080 3217 3149 amplet-tentes
3240 3078 3293 3131 in
3315 3094 3428 3131 om-

1854 3186 2009 3240 nibus
2068 3192 2324 3242 mentem,
2363 3186 2554 3231 cnncta
2612 3190 2707 3244 per
2754 3187 2848 3228 eos
2903 3172 2967 3226 ad
3008 3172 3429 3226 saisfattionem

1855 3287 2048 3333 vestrae
2075 3274 2282 3345 egimus
2312 3270 2634 3326 sanctitatis.
2664 3268 2888 3321 Omnem
2917 3267 2969 3319 in
3000 3265 3215 3320 Cbristo
3242 3264 3431 3318 t‘rater-

1856 3369 2094 3430 nitatem,
2125 3381 2245 3435 quaa
2275 3378 2397 3418 cum
2428 3370 2605 3416 vestra
2632 3368 2716 3414 est
2747 3360 3051 3424 sanctitate,
3081 3372 3180 3426 ego
3222 3347 3430 3427 quoque

1854 3472 1907 3516 et
1939 3464 2043 3515 mei
2074 3458 2362 3527 plurimum
2393 3454 2686 3509 salutamus
2709 3454 2790 3504 ".

2247 3591 2625 3649 EXEMPLUM
2669 3590 3020 3645 EPISTOLIE

1854 3742 2134 3781 ιυδτιοιιιδιι
2167 3742 2233 3779 Αἰ)
2264 3739 2561 3778 110111118ἿΑΙ
2582 3764 2595 3784 ,
2624 3737 2708 3775 CUI
2756 3737 2818 3774 Ill-2
2859 3735 3161 3773 PROSTRATA
3193 3735 3433 3774 PERZ’IDIA

2197 3812 2263 3849 ΕΤ
2291 3811 2432 3849 ΙΝΙΤΑ
2462 3809 2593 3846 PACI".
2622 3806 3092 3846 CONGBATULATUIL

1857 3929 1983 3985 Cum
2013 3931 2125 4000 jam
2159 3925 2389 4000 Ecclesia
2432 3942 2555 3996 pace
2602 3928 2834 4000 fruatur,
2886 3940 2978 4000 pro
3016 3924 3315 3993 imperatore
3368 3924 3436 3974 ad

2286 3995 2450 4052 Deum
2480 4012 2651 4066 preces
2684 3995 2978 4066 fundendus.

1917 4133 2140 4189 Domino
2163 4147 2281 4187 meo
2301 4131 2639 4185 Sanctissimo
2659 4127 2952 4183 Ilormisdte
2967 4127 3137 4195 primo
3152 4127 3405 4197 arcbipon
3420 4158 3438 4170 -

1864 4227 1988 4281 tiﬁci
2015 4236 2069 4282 et
2088 4242 2232 4297 papae
2261 4224 2408 4278 urbis
2427 4224 2557 4277 Rom
2578 4242 2604 4272 ι·
2628 4222 2958 4277 Justinianus
2989 4237 3167 4276 comes
3189 4222 3437 4279 salutem.

1936 4317 2263 4371 Veneranda:
2302 4314 2607 4369 sanctitatis
2651 4322 2843 4366 vestra“:
2885 4312 3190 4381 prtudicatio
3239 4316 3442 4381 regula-

1862 4425 2000 4469 rum,
2046 4421 2165 4476 quae
2203 4405 2415 4459 Christo
2443 4404 2550 4457 Deo
2582 4418 2675 4473 pro
2712 4401 3067 4455 Ecclesiarutn
3111 4416 3237 4468 pace
3272 4412 3322 4455 et
3348 4418 3445 4470 pro

1797 4539 1843 4598 υ
1869 4499 2036 4567 plebis
2057 4494 2341 4551 concordia
2366 4494 2565 4562 jugiter
2587 4492 2868 4558 supplicat,
2904 4490 3155 4559 quidquid
3184 4506 3321 4545 nunc
3354 4508 3446 4560 per

1871 4590 2205 4646 beatissimos
2229 4602 2356 4641 suos
2376 4585 2684 4639 sacerdotes
2712 4587 2894 4637 annuit
2918 4584 3299 4653 peragendum,
3326 4601 3447 4655 pro-

1872 4684 1995 4751 pitia
2042 4679 2324 4734 divinitate
2371 4687 2560 4731 cuncta
2617 4675 2831 4729 eﬁ‘ectui
2877 4676 3076 4729 sociata
3127 4685 3272 4741 sunt,
3308 4680 3445 4733 nulla

1873 4787 2095 4843 prorsus
2119 4770 2469 4838 quorumdam
2502 4768 2712 4821 valente
2751 4766 3037 4820 discordia.
3068 4767 3230 4835 Igitur
3258 4770 3447 4823 vestris

1872 4865 2037 4919 sacris
2080 4862 2408 4916 orationibus
2442 4875 2502 4913 ac
2546 4860 2994 4927 prteceptionibus
3025 4859 3444 4915 ortbodoxorutn

1880 4959 1981 5014 ﬁde
2013 4958 2225 5018 muniti,
2258 4954 2523 5023 supplices
2553 4953 2781 5021 petimus
2806 4962 2862 5006 ut
2891 4950 2944 5005 bi
2977 4967 3071 5021 pro
3111 4954 3443 5008 sanctissimo

1883 5055 2125 5118 Augusto
2153 5056 2356 5110 nostro,
2384 5048 2546 5100 totius
2583 5045 2702 5098 ﬁdei
2737 5045 2961 5109 fantore,
2996 5060 3196 5113 proque
3222 5046 3335 5114 ejus
3370 5064 3442 5101 te-

1884 5142 2112 5210 publica,
2146 5154 2242 5208 pro
2291 5138 2446 5192 nobis
2486 5152 2695 5206 quoque
2744 5136 3110 5189 mandatorum
3153 5146 3440 5189 vestrorum

1882 5231 2426 5291 custodibus,:eterno
2457 5227 2582 5294 [tegi
2616 5227 2855 5279 consueti
2881 5226 3240 5293 impetrabiles
3270 5240 3438 5292 precvs

1884 5324 2077 5376 oﬁ’erre
2113 5320 2424 5391 dignemini,
2464 5334 2667 5387 nosque
2714 5317 2863 5371 vobis
2913 5316 3139 5369 ﬁdeliter
3186 5316 3436 5383 supplices

1882 5414 2073 5468 vestris
2101 5412 2386 5467 sa'utiferis
2417 5409 2861 5480 rescriptionibus
2887 5408 3104 5460 visitare
3129 5407 3305 5476 (anno
3348 5407 3437 5459 Do-

1884 5507 2014 5561 mini
2039 5506 2142 5562 519
2158 5510 2197 5573 ).

1960 5705 2001 5729 ”
2032 5707 2183 5757 Anno
2207 5698 2549 5754 Dontinifiltt.
2585 5695 2696 5747 lluc
2735 5691 2875 5746 refer
2900 5688 3207 5745 relationem
3237 5689 3455 5747 Joann's

1852 5794 1869 5813 ο
1889 5789 2043 5843 supra
2059 5773 2397 5827 recensitam.
