3998 6368
614 273 711 327 ἄδι

1012 381 1388 437 EXEllPLUM
1431 381 1784 441 EPISTOLA‘I

1081 486 1291 528 POHPEII
1323 492 1348 526 Α
1360 491 1386 526 D
1416 489 1740 528 IIORIISDAM.

616 567 689 619 De
710 574 961 632 prostrata
991 564 1227 632 per/idin,
1254 575 1300 617 et
1327 580 1448 631 pace
1474 566 1748 619 Orientalis
1771 567 2017 623 Ecclesia:
2039 571 2189 633 inita,

864 638 877 650 '
1072 636 1299 703 pontiﬁci
1325 640 1733 707 congratulatur.

683 748 907 801 Domino
944 762 1065 802 meo
1093 748 1400 803 heatissirrro
1430 758 1485 803 et
1518 751 1816 819 apostolico
1867 753 2003 822 patri
2049 752 2191 807 ﬂor-

608 838 793 892 misdre
823 840 1230 908 archiepiscopo
1248 842 1565 896 universalis
1595 844 1856 899 Ecclesiae
1882 844 2196 915 Pompeius.

674 929 884 984 Sanctis
916 931 1258 985 beatitudinis
1303 944 1503 987 vestra:
1524 935 1773 1001 precibus
1799 937 2191 1006 ernnipotcutis

613 1020 703 1074 ι)θί
733 1021 903 1089 pietas
934 1034 1153 1075 exorata
1209 1033 1371 1077 tanta:
1400 1025 1554 1079 nobis
1583 1026 1701 1080 ﬁdei
1733 1028 2026 1097 principem
2062 1044 2194 1081 con-

606 1113 809 1168 donare
840 1113 996 1182 digna
1020 1129 1051 1167 a
1082 1124 1187 1177 est,
1215 1123 1276 1168 ut
1300 1114 1716 1186 religiosissimis
1750 1120 2049 1173 clementim
2075 1120 2192 1185 ejus

609 1206 816 1259 meritis
858 1206 1240 1274 redintegratio
1270 1209 1413 1274 pacis
1454 1207 1859 1271 ecclesiasticae,
1892 1226 2011 1277 qua:
2050 1211 2190 1264 vot's

606 1296 842 1350 omnium
877 1295 1111 1348 lidcliurn
1138 1297 1477 1364 poscebatur,
1507 1298 1628 1364 jure
1652 1297 1894 1352 videatur
1918 1315 2042 1354 esse
2070 1300 2186 1355 col-

607 1390 745 1449 lata;
778 1387 830 1440 in
856 1390 1005 1454 cujus
1036 1390 1175 1456 regis
1210 1397 1473 1456 proventu
1503 1389 1829 1447 solidissima
1860 1391 2188 1458 principatus

605 1477 687 1530 sui
714 1477 1056 1530 fundamenta
1086 1479 1253 1532 sancti
1289 1479 1520 1548 Spiritus
1551 1482 1864 1549 operatione
1887 1482 2187 1547 constituit,

604 1582 725 1636 quae
748 1578 952 1622 tantrrm
984 1569 1148 1623 robur
1168 1571 1409 1625 obtinent
1432 1572 1737 1626 stabilitatis
1764 1574 2000 1640 invictae,
2020 1590 2189 1643 quan-

606 1668 717 1711 tum
767 1660 990 1713 actionis
1029 1661 1347 1717 excellentia
1395 1664 1555 1717 unica
1595 1672 1650 1717 et
1678 1666 2014 1721 admirabilis
2042 1671 2187 1722 testi-

608 1762 802 1805 matur.
831 1750 897 1804 Et
924 1750 1044 1805 ideo
1072 1755 1423 1808 reverendam
1457 1756 1619 1809 vestri
1646 1756 1985 1822 pontiﬁcatus
2016 1759 2181 1813 beati-
2214 1760 2260 1820 Β

605 1838 840 1893 tudinem
869 1840 1014 1893 cultu
1047 1842 1430 1910 reciprocantis
1457 1845 1677 1914 alloquii
1703 1847 2018 1914 salutantes,
2038 1865 2184 1917 qure-

602 1943 789 1983 smnus
845 1939 900 1983 ιιι
939 1932 1106 1999 magis
1136 1934 1409 2002 magisque
1454 1949 1550 2003 pro
1574 1937 1976 1991 clementissimi
2025 1946 2184 2009 atque

603 2017 767 2071 invict
788 2019 935 2071 ssimi
1008 2022 1214 2077 domini
1276 2025 1440 2077 nostri
1505 2025 1760 2095 principis
1829 2028 2183 2097 prosperitate

601 2122 756 2161 orare
798 2110 1114 2176 dignemini,
1159 2122 1419 2181 quatenus
1470 2116 1754 2171 irrell'abilis
1802 2119 2183 2189 omnipotentis

605 2196 696 2248 Dei
725 2197 895 2265 pietas
916 2214 1011 2252 sua
1043 2201 1206 2267 dona,
1233 2203 1283 2256 in
1328 2204 1520 2271 quibus
1546 2205 1711 2259 etiam
1753 2206 1957 2261 fructus
1990 2218 2182 2263 vestrae

601 2288 1455 2361 agricolationisexuberat,justis
1477 2297 1667 2364 gratia}
1690 2299 2038 2366 opitulatione
2060 2316 2184 2354 cus-

605 2376 771 2431 todiat
820 2381 1010 2435 :nubis
1052 2398 1262 2452 quoque
1311 2386 1430 2438 ﬁliis
1473 2389 1662 2441 vestris
1708 2389 1977 2457 spirituali
2030 2393 2181 2447 vobis

599 2469 974 2537 conglutinatis
996 2472 1210 2539 allectu,
1240 2490 1374 2543 qrtos
1393 2476 1549 2545 hujus
1575 2479 1754 2545 operis
1778 2481 2008 2535 maxime
2037 2498 2181 2535 sern-

606 2572 703 2624 per
752 2560 1050 2614 sollicitudo
1088 2565 1418 2630 perstrinxit,
1472 2566 1812 2635 sutl'ragatrix
1861 2570 2177 2624 intercessio

599 2651 963 2705 sanctimonia:
993 2653 1309 2719 pontiﬁcalis
1333 2660 1548 2710 assistat
1577 2660 1752 2725 (anno
1776 2658 1989 2714 Domini
2018 2663 2169 2729 519).

1002 2786 1326 2843 ΕΧΕΜΡΙΛ]
1339 2788 1383 2842 Μ
1428 2790 1781 2847 EPISTULA}

937 2892 1164 2930 JULIANE
1198 2895 1382 2933 ᾹΝΙΟΙᾸΞ
1405 2898 1471 2933 AD
1500 2897 1822 2937 llrtﬂllSDAll.

600 2963 720 3018 Prw
748 2967 883 3017 entia
909 2970 1188 3037 legatorum
1217 2986 1388 3022 omnes
1407 2969 1649 3024 Et-clesite
1670 2974 2009 3029 dissensiones
2039 2993 2176 3028 cont-

674 3039 861 3101 positas
890 3054 994 3089 esse
1020 3044 1249 3113 nuntiat;
1283 3043 1372 3093 Iros
1414 3057 1516 3095 non
1548 3042 1647 3095 nisi
1685 3044 1889 3110 ﬁrmata
1920 3063 2042 3113 pace
2068 3048 2177 3100 dis-

671 3110 844 3158 cedere
871 3126 913 3173 pe
934 3110 1258 3161 rrnittendunt
1272 3148 1286 3161 .

672 3219 895 3273 Domino
916 3220 1223 3274 beatissimo
1245 3221 1381 3289 patri
1404 3222 1704 3277 Hormisdrc
1725 3223 1937 3280 .luliana
1966 3229 2173 3285 Anicia.

630 3308 921 3362 'Preeibus
952 3320 1146 3363 vesme
1188 3310 1549 3373 beatitudinis.
1597 3314 1827 3369 advemrr
1876 3317 2172 3388 legatorum

598 3396 908 3466 principalis
936 3399 1080 3451 sedis
1119 3401 1427 3467 apostolica:
1468 3403 1619 3457 elisis
1648 3406 1923 3461 erroribus
1956 3409 2175 3465 lucreti-

595 3500 805 3547 eorum,
838 3485 892 3537 in
921 3486 1175 3542 unitatem
1210 3489 1329 3544 ﬁdei
1356 3492 1632 3547 catholica:
1664 3496 2012 3551 convenimus
2050 3514 2178 3553 cou-

600 3582 804 3649 grt-gati
861 3581 1019 3636 simul
1066 3585 1129 3635 ad
1182 3584 1343 3638 rrbera
1395 3595 1633 3639 materna
1687 3588 1938 3644 Ecclesia:
1987 3591 2039 3645 in
2088 3593 2176 3648 die

600 3686 800 3728 sancta:
828 3677 1256 3729 resurrectionis.
1289 3682 1620 3748 Quapropter
1648 3681 1790 3751 stylo
1815 3687 2175 3740 venerationis

596 3769 931 3834 alloquentes
1000 3770 1335 3824 sanctitatem
1390 3783 1649 3837 vestram,
1708 3772 2058 3829 admonemus
2115 3784 2174 3830 ut

591 3863 849 3933 intimetis
872 3908 887 3929 ,
930 3864 1207 3918 destinatis
1245 3880 1274 3916 a
1311 3865 1461 3920 vobis
1507 3868 1968 3922 reverendissimis
1997 3870 2127 3923 viris
2153 3914 2167 3940 ,

591 3954 736 4007 nullo
759 3955 915 4006 rnodu
946 3956 1252 4018 abscedere,
1276 3972 1586 4025 antequam,
1621 3959 1758 4012 sicut
1791 3960 2167 4027 przevideritis,

594 4057 649 4098 ιιι
696 4054 929 4110 Oportet,
991 4050 1268 4100 ﬁrmentur
1316 4064 1377 4103 ea
1410 4065 1530 4118 quae
1574 4051 1708 4103 bene
1748 4049 2002 4115 dislmsita
2047 4062 2170 4105 srrnt

590 4135 656 4186 ab
676 4135 753 4187 eis
778 4151 791 4187 :
817 4144 893 4198 ut,
923 4139 1206 4204 amputatis
1230 4138 1475 4192 erunibus
1511 4139 1752 4208 reliquiis
1800 4143 2051 4195 trarrsacri
2082 4159 2168 4195 er-

591 4224 748 4283 roris,
782 4221 1063 4290 impendiis
1091 4233 1280 4277 vestrae
1324 4225 1666 4280 beatitudinis
1700 4212 1945 4281 roborata
1990 4230 2165 4283 unitas

590 4312 653 4363 ad
682 4313 926 4367 ellectum
951 4325 1262 4383 perpetuum
1286 4316 1749 4388 deducatur(aunu
1776 4320 1981 4374 Domini
2010 4322 2157 4388 519).

987 4429 1364 4485 Εχειιιιιυιι
1403 4432 1764 4487 EPISTOLIE

900 4539 1267 4577 ANASTASLI
1310 4542 1383 4578 AD
1430 4541 1812 4582 ιιοιιλιιευλιι

586 4631 633 4686 ι]
638 4641 655 4684 ι
688 4651 778 4701 pro
806 4636 1020 4704 piissimi
1042 4639 1359 4711 imperatoris
1383 4640 1548 4692 salute
1569 4657 1739 4709 preces
1764 4643 1831 4695 ad
1854 4642 2017 4695 Deum
2040 4644 2158 4711 [un-

1172 4710 1281 4771 dat,
1311 4720 1566 4779 precatur.

654 4793 876 4847 Dutttitto
913 4806 1096 4848 SilllCIO
1135 4808 1189 4850 et
1242 4800 1551 4855 beatissimo
1584 4802 1717 4869 patri
1766 4812 1971 4871 patrum
2026 4806 2159 4859 llor-

582 4885 766 4939 misda:
796 4887 1194 4955 archiepiscopo
1225 4890 1540 4945 universalis
1572 4894 1823 4948 Beclesiae
1852 4900 2157 4952 Anastasia.

655 4976 821 5030 Divini
850 4978 1060 5032 lumittis
1081 4979 1322 5035 illuxisse
1350 4984 1503 5038 nobis
1538 4988 1760 5052 gratiam
1801 4988 1993 5044 merito
2024 5006 2149 5059 pro-

581 5069 821 5132 litemur,
870 5082 1025 5139 apost
1064 5073 1200 5127 latus
1251 5076 1412 5129 vestri
1464 5080 1818 5135 reverentiam
1869 5081 1921 5134 in
1964 5094 2152 5136 sancto

575 5162 737 5214 corde
784 5164 951 5215 nOSIri
984 5172 1164 5218 terrere
1206 5169 1521 5222 memoriam
1570 5173 1797 5241 paginali
1854 5175 2151 5229 assertione

576 5262 892 5318 noscentes;
921 5255 1098 5309 veraci
1128 5272 1358 5327 namque
1395 5276 1491 5329 spe
1539 5267 1859 5321 conlidirrnrs
1904 5283 2150 5337 superna:

574 5344 959 5400 misericordia:
1003 5349 1427 5415 propitiationem
1463 5355 1533 5409 de
1564 5357 1851 5423 pontiﬁcali
1891 5362 2149 5416 interces-

572 5439 723 5493 sione
770 5441 1086 5504 subsistere,
1137 5442 1355 5499 domine
1407 5447 1712 5503 beatissime
1756 5462 1811 5504 et
1849 5455 2147 5521 apostolico

574 5531 773 5583 honore
803 5532 1138 5600 suscipiende
1173 5542 1338 5601 pater.
1373 5536 1663 5606 Pervigiles
1686 5551 1982 5595 vestrarum
2014 5559 2144 5597 ora-

574 5618 773 5674 tionum
803 5625 1059 5689 excubias,
1096 5636 1148 5679 ct
1188 5627 1428 5687 miranda
1474 5629 1895 5687 victoriosissitni
1949 5637 2148 5704 princi-

574 5700 654 5777 pis
697 5712 827 5764 ﬁdes
874 5716 1155 5783 splendore
1193 5719 1459 5774 catholico
1499 5736 1714 5791 semper
1742 5725 2018 5792 irradiaus,
2052 5732 2140 5784 diu

2192 4497 2240 4555 Β

1946 276 2174 334 IIORMIE

2280 276 2317 332 E
2359 277 2558 335 PAF/1‘3
3717 298 3802 351 ne

2226 396 2271 454 Α
2303 398 2658 457 exspectatam
2693 391 3048 445 sacrosanctis
3078 392 3326 449 Ecclesiis
3352 402 3661 460 concordiam
3683 412 3801 476 pacis

2299 479 2549 541 restituit,
2578 494 2737 547 quam
2782 480 3028 534 omnibus
3073 484 3350 552 triumphis
3388 490 3496 543 suis
3526 496 3803 555 srdidissiure

2299 568 2522 621 ﬁrmatis
2553 569 2808 622 invicurm
2828 566 2949 638 jure
2969 573 3204 626 exsultat
3228 578 3547 641 praecolnisse
3566 587 3797 642 vesilium.

2298 658 2529 727 Ideoque
2564 660 2763 714 illibata
2794 670 2995 715 vestra:
3021 665 3350 732 paternitatis
3387 675 3699 729 sanctimonia
3723 696 3802 746 pro

2298 749 2661 805 incolumitate
2689 762 2853 822 atque
2874 757 3223 823 prosperitate
3252 760 3479 828 praedicti
3503 766 3679 820 domini
3706 786 3804 823 nos-

2296 840 2361 893 tri
2393 844 2609 909 Augusti
2638 854 2758 895 vota
2790 858 3086 913 precesque
3132 848 3472 915 omnipotenti
3521 853 3618 907 Deo
3641 859 3803 914 ollerrc

2296 930 2614 986 indesinenti
2666 935 3066 990 continuatione
3119 943 3384 1006 persisutr,
3428 956 3482 997 ut
3527 947 3802 1003 inell‘abitcnr

2296 1031 2558 1078 tantorum
2592 1025 2848 1080 honururn
2880 1030 3124 1097 gratiam,
3146 1047 3303 1100 quam
3337 1034 3446 1102 ipse
3475 1038 3567 1105 piis
3586 1039 3687 1106 ejus
3708 1057 3804 1097 serr-

2293 1118 2439 1171 sibus
2476 1117 2779 1187 inspiravit,
2808 1121 2875 1175 ad
2908 1122 3102 1176 futura:
3132 1139 3341 1193 quoque
3370 1126 3685 1184 beatitudinis
3711 1149 3806 1201 pro-

2295 1213 2487 1267 fectum
2514 1230 2834 1270 conservare
2859 1217 3123 1286 dignetur.
3143 1219 3363 1272 Domino
3382 1221 3532 1275 etiarn
3557 1224 3697 1292 jugali
3722 1227 3804 1279 tilio

2293 1316 2488 1372 vestro,
2513 1315 2568 1361 et
2597 1307 3005 1375 mihi'peculiari
3033 1310 3242 1363 cultriei
3273 1322 3482 1380 vestrae,
3504 1328 3614 1366 cum
3633 1315 3805 1377 sobole.

2290 1415 2446 1467 quam
2478 1400 2631 1455 nobis
2677 1400 2933 1455 Dominus
2978 1403 3180 1457 donare
3220 1403 3462 1471 dign-tus
3489 1419 3586 1473 εει,
3612 1421 3638 1460 a
3663 1422 3807 1462 vesrrn

2292 1490 2605 1558 pontiﬁcatu
2653 1493 2823 1545 oratio
2855 1494 3154 1563 benigniter
3182 1495 3534 1564 impendatur,
3560 1504 3695 1566 cujus
3720 1504 3808 1555 sul-

2289 1580 2455 1651 lragio
2485 1582 2649 1636 divini
2690 1586 2884 1637 laveris
2919 1588 3179 1652 prorectio
3218 1588 3370 1641 nobis
3398 1590 3668 1644 clementer
3692 1593 3803 1660 aspi-

2290 1681 2370 1725 ret
2396 1673 2412 1738 (
2436 1687 2578 1725 anno
2606 1672 2817 1726 Domini
2852 1675 2953 1729 519
2974 1673 3013 1742 ).

2696 1786 3073 1842 EXEMPLUM
3107 1789 3462 1845 ΕΡδΤυιΑς

2286 1894 2599 1932 τηεεοοθιιιτι
2633 1895 2860 1933 EPISCOPI
2894 1896 3210 1935 LIGNIDENSIS
3244 1899 3311 1936 AD
3335 1898 3618 1937 HORII‘TDMI
3648 1900 3810 1939 ιιλνυι.

2448 1968 2752 2022 Gratulatur
2776 1971 3007 2037 pontiﬁci
3038 1973 3101 2024 de
3121 1973 3309 2025 unione
3329 1972 3677 2026 Ecclesiarnm.

2358 2057 2581 2112 Domino
2606 2069 2792 2113 saneto
2816 2061 2973 2115 beato
3013 2062 3341 2129 praedicabili
3371 2075 3423 2118 et
3446 2063 3696 2117 adoranda
3712 2079 3813 2129 apo-

2287 2147 2446 2201 tolico
2474 2150 2608 2216 patri
2640 2149 2937 2203 llormisdze
2970 2166 3118 2222 papa:
3143 2153 3294 2207 urbis
3320 2155 3500 2208 Roma:
3530 2155 3725 2208 humilis
3750 2157 3813 2207 la-

2283 2240 2459 2293 utulus
2490 2250 2610 2293 tuus
2636 2244 2662 2293 Ἰ
2682 2242 3015 2296 heodoritus.

2354 2332 2483 2385 Mean
2505 2334 2720 2399 quidem
2750 2335 3056 2404 exiguitatis
3081 2353 3185 2390 non
3210 2352 3334 2392 esse
3363 2349 3466 2391 tam
3498 2352 3672 2407 magna
3707 2352 3816 2407 prae

2282 2437 2513 2486 sumere,
2544 2436 2597 2479 et
2637 2427 2702 2479 ad
2744 2439 2981 2481 vesnum
3021 2428 3167 2497 pium
3215 2440 3461 2483 sanctum
3506 2429 3817 2497 apostolatum

2282 2517 2456 2584 pusilli
2479 2532 2726 2572 sermone
2746 2532 3037 2581 praesentes
3061 2524 3311 2590 parvulas
3340 2524 3605 2578 destinare
3619 2524 3817 2590 τιθείης.

2282 2591 2386 2660 Sed
2418 2609 2560 2674 quia,
2598 2624 2693 2676 pro
2720 2609 2880 2665 insita
2909 2614 3061 2665 vobis
3104 2614 3457 2678 humanitate,
3492 2616 3575 2684 pio
3604 2614 3818 2684 propitia-

2282 2699 2446 2753 tionis
2471 2700 2652 2753 aninro
2689 2702 2867 2755 omnia
2910 2714 3038 2757 nutu
3074 2705 3377 2761 Divinitatis
3422 2717 3688 2774 protegere
3712 2719 3821 2758 corr-

2281 2790 2562 2855 suevistis,
2600 2793 2830 2847 lucidum
2864 2795 3005 2850 diem
3043 2808 3097 2851 et
3128 2799 3294 2852 tutius
3338 2797 3510 2852 festivi
3535 2800 3633 2852 atis
3674 2796 3822 2866 reple-

2281 2891 2391 2936 tum
2417 2884 2561 2936 omni
2600 2884 2904 2939 reddidistis
2929 2889 3147 2951 mrrndo,
3185 2899 3239 2943 et
3270 2892 3468 2944 vestris
3508 2888 3825 2958 praedicandis

2286 2974 2537 3041 precibus
2573 2973 2638 3027 ad
2666 2975 2945 3042 pristinum
2985 2978 3221 3033 veritatis
3256 2982 3545 3050 (unitatis)
3575 2978 3825 3033 revocastis

2281 3074 2419 3117 statu
2447 3081 2498 3128 u,
2529 3076 2583 3119 et
2610 3067 2661 3119 in
2691 3082 2851 3121 rrnum
2896 3071 3227 3125 concordare
3286 3074 3373 3126 vel
3420 3073 3700 3141 subjugare
3731 3084 3827 3121 ves-

2285 3158 2380 3211 tris
2422 3159 2845 3227 prrcdicabilibus
2888 3172 2940 3214 et
2984 3162 3276 3216 adorandis
3322 3164 3531 3219 mer-itis
3578 3162 3827 3216 aunuistis.

2283 3245 2512 3317 Ideoque
2533 3250 2636 3303 etsi
2668 3251 2802 3305 meis
2826 3250 3047 3306 obrutus
3078 3254 3479 3322 iniquitatibus,
3501 3266 3553 3309 et
3572 3254 3636 3307 ab
3664 3254 3734 3307 eis
3755 3268 3831 3303 un-

2282 3338 2440 3407 dique
2455 3352 2765 3408 oppressus,
2782 3356 2843 3395 ex
2863 3342 3130 3414 ipsius[F.
3151 3344 3309 3414 ἱρείη]
3327 3355 3600 3400 rer-reatus
3620 3342 3829 3401 infernis,

2281 3441 2593 3484 recurrente
2608 3432 2673 3484 ad
2700 3432 2865 3501 rcligb
2888 3447 2945 3486 sa
2968 3434 3186 3503 vestigia
3216 3450 3401 3489 vestra
3426 3437 3622 3490 famulo
3643 3436 3832 3490 tnovirn

2279 3522 2530 3592 religioso
2588 3525 2807 3579 Pulione
2843 3528 3175 3597 (Pollione),
3206 3531 3466 3601 usurpavi
3515 3548 3598 3587 me
3638 3526 3730 3583 t'arn
3756 3545 3832 3598 per

2278 3631 2436 3678 cum,
2469 3632 2625 3683 quam
2668 3618 2829 3673 etiar‘n
2871 3620 2955 3674 bis
2985 3622 3220 3689 parvulis
3273 3636 3331 3678 et
3382 3626 3590 3693 exiguis
3630 3623 3833 3683 chartis,

2276 3706 2468 3761 vestris
2509 3707 2858 3774 praedicandis
2898 3725 2949 3765 et
2994 3714 3287 3769 adoraudis
3340 3730 3668 3782 pnesentare
3697 3714 3834 3768 vesti-

2274 3797 2395 3864 giis,
2421 3798 2653 3853 divinum
2685 3800 2935 3856 omnibus
2961 3805 3161 3859 viribus
3193 3806 3503 3862 exhortans
3530 3808 3775 3867 favorem,
3794 3814 3837 3858 et

2273 3887 2417 3943 clara
2442 3904 2571 3943 voce
2597 3905 2718 3945 cum
2761 3893 3011 3947 omnibus
3052 3896 3271 3949 omnino
3313 3912 3523 3952 canens
3552 3918 3562 3950 :
3592 3898 3755 3951 Gloria
3793 3897 3836 3946 in

2271 3979 2484 4033 excelsis
2516 3979 2638 4046 Deo,
2671 3992 2718 4033 et
2741 3983 2792 4035 in
2820 3993 2955 4036 terra
2984 4001 3087 4053 pax
3108 3978 3407 4041 hominibus
3428 3990 3575 4042 bona
3595 3987 3839 4042 voluntatis

2272 4066 2432 4135 (Luc.
2466 4084 2500 4122 ll
2520 4070 2555 4135 ).
2577 4071 2664 4138 qui
2697 4085 2791 4141 pro
2815 4088 2908 4127 sua
2938 4072 3485 4142 incompr’ehensibii
3517 4095 3551 4147 p
3576 4090 3709 4132 etate
3737 4089 3838 4128 ves-

2273 4159 2369 4212 tris
2398 4160 2637 4215 mirilicis
2667 4164 2918 4229 operibus
2940 4165 3118 4218 omnia
3150 4166 3488 4223 illuminavit
3518 4178 3573 4223 et
3600 4167 3839 4227 liberavit,

2268 4262 2322 4305 et
2368 4252 2599 4306 lucidum
2628 4263 2682 4308 et
2723 4255 2889 4309 totius
2936 4255 3247 4311 festivitatis
3296 4259 3574 4328 repletum
3624 4260 3757 4313 diem
3796 4258 3837 4308 in

2270 4351 2379 4396 toto
2403 4343 2534 4398 orbe
2558 4346 2753 4399 vestris
2792 4346 2900 4400 Deo
2926 4347 3100 4416 dignis
3135 4349 3390 4413 precibus
3426 4350 3694 4419 praestitit,
3720 4347 3840 4402 etab
3868 4406 3871 4409 λ

2268 4437 2411 4489 ornui
2460 4437 2735 4506 iniquitate
2781 4439 2996 4507 eripuit,
3038 4455 3086 4495 et
3130 4456 3355 4496 omnem
3390 4444 3597 4497 nodum
3643 4444 3839 4508 ro‘liga-

2271 4527 2428 4581 tionis
2477 4528 2724 4593 absolvit,
2773 4541 2826 4582 et
2870 4546 3084 4584 omnem
3130 4533 3389 4587 semitam
3444 4536 3676 4605 aperuit.
3717 4534 3843 4588 Hanc

2267 4617 2447 4687 itaque
2476 4621 2843 4688 gratulationis
2877 4623 3133 4691 repletam
3174 4625 3263 4692 pio
3303 4636 3504 4682 vestro
3537 4629 3750 4696 pronius
3776 4624 3839 4675 ol-

2264 4708 2441 4762 lereus
2481 4710 2835 4778 apostolatui,
2886 4713 3145 4781 deprecor
3190 4714 3261 4768 uti
3300 4732 3404 4784 pro
3446 4734 3586 4772 mea:
3622 4716 3844 4771 ﬂebiliu-

2267 4804 2335 4855 tis
2385 4802 2674 4872 exiguitate
2724 4805 2918 4858 vestris
2970 4805 3068 4873 piis
3117 4808 3375 4875 precibus
3421 4825 3695 4863 memores
3740 4820 3844 4861 esse

2262 4895 2585 4961 dignemini,
2630 4897 2847 4950 domine
2886 4909 3071 4951 sancte
3118 4902 3270 4954 leate
3325 4904 3641 4970 apostolice
3688 4914 3842 4970 pae.

2232 4987 2493 5076 .Accepta
2542 5002 2632 5039 χιιι
2664 4987 2918 5041 calendas
2946 4988 3009 5041 .lu
3035 4990 3091 5053 ii,
3123 4992 3351 5045 domino
3402 4994 3702 5047 Eutharico
3750 4992 3844 5043 \irv

2261 5076 2557 5131 clarissimo
2578 5078 2799 5131 enusulu
2826 5080 3001 5143 (anno
3030 5080 3236 5133 Domini
3259 5082 3428 5141 519?.

2792 5189 3116 5245 EPISTULA
3163 5192 3301 5247 XLl.

2513 5296 2576 5334 ΑΙ)
2604 5297 2893 5335 (ςειιωιςωι
2930 5299 3289 5348 οιετειιοςουε
3334 5303 3614 5343 ιειςΑτοε.

2259 5369 2335 5421 De
2361 5386 2531 5422 eorum
2550 5372 2896 5425 incolumitate
2918 5382 2965 5425 et
2994 5374 3141 5427 rebus
3163 5376 3320 5442 gestis
3345 5381 3550 5432 certior
3573 5379 3687 5447 ﬁeri
3706 5375 3848 5443 rupit.

2328 5461 2606 5514 llormisda
2635 5461 2901 5515 Germano
2932 5472 2984 5517 et
3010 5464 3141 5529 (ad.
3173 5466 3413 5536 Joanni)
3452 5470 3747 5539 episcopis,
3766 5464 3851 5518 Fe-

2256 5550 2342 5603 lici
2365 5559 2419 5604 et
2446 5551 2700 5605 Dioscorn
2731 5553 2992 5619 diaconis,
3026 5566 3081 5608 et
3105 5557 3310 5611 Blando
3358 5563 3723 5631 presbytero.

2326 5641 2649 5709 Opinionum
2674 5643 2957 5697 diversitas
2980 5645 3070 5699 diu
3111 5662 3209 5701 nos
3232 5646 3368 5703 iacit
3401 5651 3475 5705 de
3507 5650 3852 5722 prosperitate

2256 5740 2427 5785 vestra
2478 5731 2559 5784 vel
2588 5733 2655 5785 de
2686 5746 2946 5804 sust-epla:
2988 5738 3211 5792 actionis
3237 5740 3523 5807 qualitate
3555 5743 3731 5797 sollici
3758 5754 3813 5793 os
3839 5756 3847 5787 ε
