3998 6368
190 315 265 370 ιὸὄ
1352 297 1706 356 EPISTULA“.
1750 294 1834 348 ET
1878 290 2211 347 DECRETA.
3316 291 3419 345 454

192 427 416 501 praecipue
445 438 571 477 cum
618 419 749 475 nihil
789 426 994 473 certum
1028 422 1133 468 tant
1185 412 1439 464 diuturno
1491 422 1734 478 temp're
1767 408 1815 467 Α
1843 401 2095 470 alloquia,
2119 401 2170 453 in
2193 414 2298 469 quo
2321 399 2457 455 ratio
2486 399 2808 469 poposcerit,
2828 398 3253 468 competentibus
3282 399 3359 453 sol
3380 418 3419 442 ι·

194 490 340 577 iestra:
385 515 690 571 dilectionis
741 512 1099 581 potuissemus
1135 504 1486 572 rescriplintte
1526 518 1717 570 cogito.
1836 494 1923 545 tiis
1945 492 2222 560 adjuvate,
2254 493 2374 559 quia
2407 492 2546 544 hunc
2568 506 2779 560 semper
2807 504 3048 545 nos‘trutn
3078 490 3242 545 fuisse
3270 506 3417 544 reco-

192 628 320 670 srere.
355 612 462 663 Nos
494 618 672 662 tamen
705 614 916 673 reperta
949 599 1136 654 latoris
1159 597 1441 651 occasione
1475 596 1585 648 luce
1617 595 1729 662 ipsa
1838 586 1964 638 litis.
2001 584 2041 637 Ι)
2062 593 2129 637 ιω
2157 584 2347 639 eodem
2376 584 2462 637 die
2489 583 2650 653 (ῖιιηιο
2677 584 2880 637 Domini
2908 585 3056 655 519).

191 706 455 777 signiﬁcare
512 700 821 756 maluimus.
882 696 1215 762 Quapropter
1264 691 1555 751 salIIl'Itl‘S
1610 702 1729 742 Cm"
2321 704 2705 761 ‘EPlSTOLA
2748 704 2932 761 XLIV,

189 802 261 855 Dei
294 793 675 864 omnipotentis
702 791 899 846 auxilio
935 788 1227 842 incolumes
1258 800 1355 837 nos
1386 798 1507 837 esse
1537 796 1736 844 coguo-
2267 821 2333 857 Αυ
2370 819 2624 857 ",5me
2676 819 2979 859 AUGUSTI)“.

189 892 313 953 scite,
336 888 476 957 quod
510 896 565 940 et
605 885 675 939 de
709 882 861 935 vobis
896 879 1081 933 audire
1110 875 1498 929 desideramus.
1532 870 1635 924 Sed
1681 879 1737 922 ut

188 987 241 1038 de
258 983 494 1036 omnibus
520 994 637 1046 qua:
674 985 822 1043 gesta
854 982 977 1028 sunt
1010 978 1243 1021 nostram
1280 965 1485 1033 plenius
1517 960 1736 1028 possitis

190 1078 419 1129 instruere
453 1069 750 1130 notionem,
783 1084 808 1113 a
836 1062 1026 1131 quibus
1058 1058 1319 1127 personis,
1352 1056 1432 1106 vel
1468 1054 1517 1106 in
1546 1051 1737 1117 quibus

191 1167 295 1221 locis
316 1165 468 1225 bene,
498 1164 638 1213 sicut
664 1156 955 1217 credimus,
985 1150 1215 1219 suscepti
1249 1148 1475 1205 fueritis,
1511 1144 1590 1197 vel
1625 1144 1693 1196 ub
1721 1182 1735 1203 ,

192 1254 373 1310 autsth
409 1268 515 1321 qua
550 1248 837 1303 l‘esrivitate
871 1241 1285 1298 resurrectionis
1329 1234 1615 1291 dominica:
1644 1248 1738 1285 ca-

193 1365 213 1402 r
231 1361 295 1401 tas
322 1355 495 1397 vestra
531 1339 763 1394 tenuerit
785 1338 949 1391 diem.
969 1335 1033 1388 Et
1056 1332 1179 1403 quid
1211 1330 1467 1397 deinceps
1496 1325 1739 1395 egeritis,

192 1456 268 1510 per
290 1436 461 1491 otnnia
493 1434 767 1501 rescriptis
798 1428 1134 1484 currentibus
1162 1424 1456 1480 declarate,
1480 1428 1742 1489 quatenus

194 1548 267 1587 res
290 1545 390 1585 ram
409 1527 503 1598 [Γ.
520 1544 589 1581 no
623 1522 781 1593 tram]
802 1520 1173 1590 cogitationem
1189 1517 1255 1570 de
1272 1524 1444 1568 vestra
1462 1520 1740 1567 etactunm

1841 915 2139 968 Gratulatur
2163 930 2276 966 cum
2302 918 2413 986 ejus
2441 930 2593 978 opera
2625 914 3070 985 Constantinopoli
3100 932 3201 981 prta:
3228 916 3414 984 rigeat,

1910 986 2006 1038 hoc
2036 986 2202 1056 ipsum
2242 986 2526 1039 Antiochia:
2551 997 2595 1037 et
2624 986 2949 1038 Alexandria:
2986 988 3276 1055 faciendum
3326 1006 3417 1041 ru-

1916 1067 2013 1110 ret.

1916 1170 2194 1225 llormisda
2219 1171 2502 1238 episcopus
2535 1168 2746 1223 Justino
2777 1171 3037 1237 Augusto.

1917 1264 2090 1317 Lectis
2120 1265 2420 1318 elementa:
2464 1274 2656 1316 vestrae
2703 1264 2931 1331 paginis,
2960 1276 3079 1329 qum
3126 1262 3421 1317 restitutam

1848 1358 1971 1413 ﬁdei
2001 1358 2344 1413 concordiam
2374 1357 2710 1422 nuntiabant,
2745 1357 2795 1409 in
2824 1356 3017 1410 diviua-
3059 1356 3228 1409 laudis
3257 1357 3424 1409 canti-

1846 1467 1966 1505 cum
1991 1466 2142 1505 mens
2163 1451 2325 1504 totius
2350 1450 2601 1503 Ecclesia:
2634 1450 2749 1502 laeta
2777 1450 3036 1516 prorupit,
3057 1464 3162 1513 quo
3182 1449 3419 1502 canitur:

1847 1540 2027 1594 Gloria
2080 1543 2132 1593 in
2182 1540 2395 1594 excelsis
2446 1540 2571 1602 Deo,
2604 1553 2649 1591 et
2697 1540 2751 1592 in
2798 1548 2938 1591 terra
2992 1555 3093 1613 pax
3141 1540 3428 1592 hominibus

193 1621 458 1694 prosperita
489 1636 521 1673 e
552 1619 792 1671 relevare
828 1612 1067 1682 possitis,
1098 1609 1221 1663 etsi
1252 1607 1379 1675 quid
1406 1598 1742 1658 instruetiuni

1863 1636 1992 1687 bona:
2017 1634 2293 1686 voluntatis
2322 1633 2341 1702 (
2367 1631 2492 1685 Luc.
2524 1598 2626 1701 tt).
2658 1631 2823 1699 Ilnjus
2850 1598 3214 1700 igituriilducia
3245 1632 3426 1701 hymni

192 1693 321 1786 quam
340 1711 657 1783 suscepistis
681 1722 857 1762 causa:
886 1704 1135 1764 defuerit,
1158 1699 1482 1767 subjungerc
1503 1709 1622 1748 cum
1651 1693 1741 1745 Dei

1863 1725 2060 1794 lignam
2137 1693 2380 1779 ﬁdelibus
2448 1693 2653 1777 meritis
2714 1693 2937 1792 gloriam
3015 1693 3429 1792 felicitatemque

192 1803 853 1865 ιιοῧπίθο¹²ιίυν³¹θ³η¹¹¹δο
877 1798 1048 1851 Dm“
1075 1786 1739 1887 '"ale"d"s_Maif§tha'
1779 1790 1823 1851 Β
1853 1786 2175 1886 praesumite.
2218 1816 2399 1887 Neque
2444 1817 2583 1871 enim
2619 1826 2670 1871 te
2707 1786 2774 1870 ita
2807 1818 2914 1871 Deo
2937 1819 3191 1886 placitum
3234 1786 3429 1887 princi-

191 1905 284 1959 rico
306 1902 413 1956 viro
440 1898 745 1954 clarissimo
767 1892 987 1948 consule
1022 1902 1195 1956 (anno
1224 1883 1430 1939 Domini
1463 1881 1616 1948 5l9).

702 2003 1031 2060 EPISTOIA
1071 2000 1228 2056 XLII.

592 2115 621 2151 Α
643 2116 669 2151 D
715 2111 960 2150 EOSDEII
1000 2107 1316 2147 LEGATOS.

1852 1923 1969 1974 pem
2018 1908 2080 1960 ad
2108 1909 2312 1975 imperii
2355 1909 2609 1962 verticem
2659 1908 2918 1961 humanus
2963 1918 3163 1961 tantum
3196 1924 3428 1962 euuseu-

1849 2015 1938 2053 sus
1971 2000 2151 2054 evexit
2186 2041 2198 2063 ,
2234 2010 2285 2053 te
2327 2001 2425 2052 sibi
2469 2002 2677 2052 divinus
2726 2002 2873 2053 lavor
2913 2010 3036 2054 ante
3086 2002 3428 2053 fortnas-erat.

1850 2091 2090 2144 Tradidit
2123 2091 2265 2144 enim
2297 2090 2390 2143 tibi
2420 2092 2655 2143 Orientis
2696 2090 2975 2157 imperium
3048 2100 3103 2143 nt
3146 2090 3262 2158 ejus
3304 2105 3431 2152 ape-

1852 2198 1967 2236 rum
2015 2184 2169 2236 lieres
2212 2182 2656 2244 ittStrumentum;
2695 2189 2852 2249 atque
2902 2182 3022 2233 ideo
3059 2189 3119 2233 ιιι
3165 2182 3264 2233 hoc
3297 2181 3346 2233 in
3380 2190 3432 2233 te

1850 2272 2218 2340 propheticum
2275 2270 2475 2325 dictum
2513 2271 2634 2337 jure
2663 2270 2945 2323 conveniat
2983 2269 3228 2323 el’lielatis
3255 2288 3266 2321 :
3298 2269 3433 2321 Con-

1850 2364 2026 2415 stitues
2059 2379 2142 2415 eos
2194 2362 2449 2429 principes
2498 2377 2649 2430 super
2695 2376 2893 2413 onmem
2942 2371 3161 2422 terrain;
3192 2376 3436 2413 "temore:

1851 2464 1997 2505 erunt
2020 2454 2239 2506 nominis
2271 2455 2364 2515 tui,
2403 2453 2636 2519 Domine,
2664 2453 2717 2503 in
2758 2452 2894 2503 omni
2932 2452 3172 2522 progenie
3207 2461 3252 2504 et
3280 2469 3433 2520 gene-

1851 2550 2045 2599 ratione
2080 2548 2095 2615 (
2128 2544 2269 2599 Paul.
2300 2561 2419 2599 xuv
2441 2550 2480 2613 ).
2529 2545 2737 2598 Etenim
2770 2559 2891 2598 cum
2925 2546 3017 2596 tibi
3066 2546 3137 2597 sit
3177 2544 3434 2597 Clrristia-

1856 2653 1975 2690 nam
2026 2654 2209 2706 pacem
2265 2652 2481 2690 serrare
2530 2636 2882 2703 prepositum,
2926 2636 3046 2703 quis
3080 2644 3128 2687 te
3171 2634 3377 2689 dubitet
3405 2651 3433 2687 ιι

1854 2730 2066 2783 Christo
2110 2744 2230 2783 esse
2255 2728 2504 2783 dilectum
2541 2726 2923 2798 (delectum)?
2949 2726 3071 2779 llwc
3113 2726 3282 2795 printa
3315 2736 3437 2779 sunt.
3466 2775 3473 2782 .

194 2217 319 2272 Dolet
342 2216 459 2269 illos
486 2230 588 2267 non
617 2212 835 2265 scribere
858 2223 877 2261 :
906 2224 956 2261 se
993 2205 1271 2259 Paulinum
1292 2211 1358 2255 aa
1392 2204 1746 2271 imperatorem

803 2281 998 2332 "risisse
1033 2279 1125 2330 ait.

252 2398 518 2455 Ilormisda
547 2396 740 2465 quibus
779 2408 962 2461 supra.

249 2493 461 2546 Animus
515 2497 698 2542 noster
750 2486 998 2538 diuturna
1046 2481 1288 2536 redditur
1342 2481 1749 2546 exspectatione

190 2585 430 2637 sollicitus
461 2600 471 2632 :
504 2579 773 2649 przeeipuc
802 2578 866 2629 ad
897 2585 1096 2629 tantum
1132 2573 1301 2641 priuci
1329 2588 1426 2624 u-m
1468 2571 1681 2623 destina
1711 2570 1745 2630 i,

190 2676 273 2729 sub
290 2672 563 2728 celeritate
586 2686 683 2724 nos
704 2689 715 2719 I
735 2668 963 2722 ertiores
991 2665 1310 2718 debitis-setis
1351 2663 1590 2717 allicere.
1619 2663 1749 2714 Nam

187 2776 294 2820 ante
318 2766 461 2819 diem
486 2760 832 2817 Ascensionis
854 2758 1136 2811 dominicm
1166 2756 1372 2807 litteras
1402 2762 1606 2806 vestras
1637 2766 1754 2805 crc-

188 2858 423 2911 debamus
478 2871 576 2908 nos
626 2869 781 2923 posse
826 2852 1119 2919 sxscipere.
1152 2847 1353 2901 Idcirco
1406 2859 1512 2899 tam
1558 2855 1752 2900 vestra:

188 2949 444 3019 sospitatis
478 2948 695 3010 indicia,
725 2961 880 3016 quam
910 2942 1199 3014 proiectum
1222 2954 1422 3001 causa),
1448 2951 1605 3005 quam
1636 2951 1756 3005 per-

186 3042 427 3111 agendam
466 3057 590 3096 cum
619 3040 711 3093 Dei
743 3037 913 3091 nostri
947 3034 1215 3102 iuvamine
1245 3030 1579 3097 Sttscepislis,
1614 3027 1755 3081 de~i-

186 3134 417 3187 deramns
447 3144 757 3199 agno-cere.
795 3126 1071 3181 Paulinum
1100 3124 1354 3177 Eccles'm
1383 3120 1639 3173 Romana:
1661 3118 1754 3171 de-

188 3224 436 3279 fensorem
467 3238 588 3275 cum
622 3220 834 3287 scriptis
883 3214 1237 3284 przesentibus
1277 3213 1551 3265 destinare
1593 3225 1752 3263 cura-

188 3315 365 3377 vimus,
398 3325 513 3367 tam
555 3310 773 3379 principi
819 3309 1044 3370 litteras,
1088 3322 1245 3373 quam
1293 3302 1531 3371 singulis,
1566 3300 1757 3368 quibus

187 3406 441 3473 oportuit,
514 3401 823 3471 dirigentes.
898 3398 1232 3466 QuaprOpti-r
1288 3394 1455 3448 Deum
1516 3403 1756 3446 nostrum

185 3497 419 3568 congruis
478 3494 722 3564 precibus
752 3505 990 3555 oramus,
1032 3498 1089 3542 ut
1116 3488 1229 3557 ipse
1271 3486 1494 3539 salutem
1530 3492 1755 3537 vestram

187 3603 268 3641 sna
295 3586 678 3657 propitiatione
705 3581 993 3646 custodiat,
1022 3588 1077 3633 et
1104 3593 1281 3632 causa:
1305 3576 1514 3644 qualem
1544 3573 1756 3625 tleside-

188 3694 352 3733 ramus
363 3677 667 3733 eor-cedere
686 3675 929 3744 dignetur
945 3671 1212 3725 eliectum.
1231 3670 1329 3735 Qui
1349 3665 1440 3738 [Ρ.
1458 3664 1603 3735 quia]
1630 3662 1758 3716 nihil

189 3768 347 3835 majus
360 3771 505 3822 inter
528 3767 707 3821 titulos
721 3763 901 3831 optimi
918 3761 1250 3831 imperatoris
1264 3758 1519 3811 ascribitu
1531 3774 1576 3821 r,
1596 3770 1694 3823 qua
1705 3770 1752 3805 ιιι

187 3861 226 3913 si
245 3876 360 3915 eum
395 3861 642 3915 Ecclesia
666 3857 767 3910 Gru
789 3873 871 3919 ea,
902 3868 1140 3925 przcsens
1166 3861 1217 3905 et
1236 3851 1434 3909 futura,
1469 3848 1761 3917 prmdicare

189 3966 446 4008 mereatur
491 3952 635 4015 pacis
679 3958 973 4003 auctorem.
1019 3944 1146 3997 Data
1182 3957 1234 3994 ut
1274 3941 1524 3994 calendas
1576 3937 1758 3997 Maias,

190 4040 469 4097 Eutharico
492 4045 606 4094 viro
628 4038 926 4093 clarissimo
952 4035 1173 4088 consule
1193 4034 1355 4102 (anno
1382 4029 1589 4083 Domini
1613 4028 1760 4097 519).

694 4150 1030 4205 EPISTULA
1071 4147 1247 4201 XLIII.

659 4260 722 4296 AD
773 4257 974 4295 κυδιιι-ῑιι
1024 4252 1259 4293 ιεαΑτοε

267 4354 340 4410 De
382 4354 470 4407 his
514 4369 627 4422 qua:
668 4363 822 4424 agant
862 4353 962 4404 vult
1001 4368 1061 4424 se
1099 4349 1331 4403 moneri:
1363 4346 1681 4417 Stephanum

798 4422 1115 4475 commendat
1126 4460 1138 4473 .

254 4539 542 4595 llorrnisrla
580 4539 767 4607 legatis
796 4536 992 4589 nostris
1023 4536 1212 4603 quibus
1242 4550 1425 4601 supra.

251 4630 494 4685 Necesse
528 4637 612 4683 est
638 4640 692 4680 ut
722 4629 804 4682 vel
833 4627 899 4681 de
944 4627 1193 4695 iujuncta:
1233 4624 1457 4679 actionis
1504 4632 1642 4676 statu
1687 4625 1769 4677 vel

191 4720 249 4775 de
274 4733 477 4775 vestra:
502 4719 804 4772 dilectionis
843 4717 1138 4786 cogitemus
1174 4713 1414 4769 absentia
1442 4754 1458 4779 ,
1493 4723 1546 4768 et
1571 4730 1664 4783 pro
1689 4715 1769 4767 his

192 4813 342 4868 rebus
368 4813 681 4867 sollicitudo
704 4820 881 4866 nostra
923 4826 1026 4863 non
1060 4810 1253 4879 patitur
1275 4807 1541 4862 scribendi
1574 4807 1770 4873 quasli-

191 4903 274 4958 bet
301 4904 626 4959 occasiones
654 4902 920 4956 omittere.
951 4904 1188 4954 Antehac
1217 4914 1309 4967 per
1352 4897 1766 4967 Magistriamun,

190 4995 269 5061 qui
300 4994 354 5049 in
390 4994 701 5065 Symmachi
730 4992 935 5061 patricii
966 4991 1222 5044 remeavit
1260 4992 1596 5057 obsequium,
1629 4989 1770 5041 litte-

191 5099 270 5136 ras
312 5086 530 5138 caritati
579 5096 768 5138 vestra:
808 5083 1130 5147 direximus,
1162 5081 1433 5134 hortantes
1475 5091 1529 5133 ut
1584 5096 1681 5134 nos
1709 5080 1774 5133 de

190 5179 461 5233 universis
491 5192 609 5246 qum
639 5179 688 5229 in
720 5192 877 5230 causa
924 5175 1291 5230 ecclesiastica
1334 5187 1481 5245 ges'a
1525 5184 1649 5228 sunt
1692 5176 1771 5227 vel

188 5280 457 5336 geruntur
506 5285 610 5323 non
643 5268 963 5323 omitteretis
1013 5268 1300 5332 instruere,
1339 5268 1481 5336 quod
1511 5278 1565 5323 et
1597 5265 1775 5320 lacere

187 5374 281 5429 pro
325 5372 537 5415 nostra:
584 5354 921 5431 cogitationis
968 5362 1291 5414 revelatione
1340 5361 1564 5415 debetis.
1598 5359 1773 5414 Nostri

186 5454 328 5505 enim
380 5453 498 5506 voti
529 5463 611 5505 est.
658 5464 713 5507 ut
742 5455 906 5507 labori
936 5464 1110 5506 vestro
1144 5452 1285 5507 Deus
1314 5456 1653 5521 omnipotens
1682 5453 1775 5508 de-

188 5540 494 5599 sideratum
526 5544 818 5596 concedere
861 5544 1109 5614 dignetur
1137 5543 1405 5597 elTectum.
1444 5544 1773 5612 Stephanum

188 5634 592 5701 negotiatorem
642 5650 734 5701 ι-(ιι-
779 5651 932 5702 quem
967 5635 1116 5689 vobis
1164 5645 1346 5689 nostra
1393 5636 1778 5689 contradentur

1836 2822 2014 2875 'vestri
2050 2819 2389 2873 fundamenta
2420 2810 2766 2885 principatus,
2805 2817 2967 2870 Deum
3012 2816 3111 2883 pla:
3133 2831 3252 2869 asse
3281 2817 3437 2884 justi-

1857 2916 1963 2977 tia,
2016 2923 2069 2967 et
2115 2912 2369 2967 a-civisse
2418 2911 2566 2963 vobis
2623 2908 3089 2963 excellentissima:
3142 2909 3436 2975 majestatis

1856 3004 2071 3067 auxdia,
2091 3004 2217 3057 dum
2245 3002 2582 3057 adversarios
2603 3001 2718 3069 ejus
2742 3002 2889 3055 velut
2920 3002 3164 3068 preprios
3198 3001 3436 3067 compri-

1861 3097 2002 3149 mitis
2052 3093 2314 3148 inimicos.
2372 3092 2493 3146 Ilaze
2544 3092 2796 3144 nimirum
2847 3092 3075 3143 maxima
3129 3091 3437 3159 reipublicm

1784 3159 1830 3220 Ο
1864 3186 2203 3240 fundamenta
2235 3194 2377 3247 sunt,
2416 3184 2516 3237 hoc
2559 3198 2586 3237 s
2626 3183 2791 3235 lidutn
2844 3183 3205 3250 invictumque
3253 3183 3434 3235 robur.

1858 3278 2039 3355 Neque
2060 3278 2203 3331 enim
2230 3274 2477 3330 humanis
2497 3274 2686 3329 ictibus
2709 3283 2881 3343 potest
2900 3290 3016 3327 esse
3043 3273 3276 3342 pervium
3299 3275 3440 3343 quod

1860 3382 1943 3427 est
1972 3370 2167 3425 divina:
2203 3369 2386 3438 gratia:
2420 3367 2665 3421 lirntitate
2697 3366 2971 3418 vallatum.
3006 3365 3179 3420 Testis
3209 3374 3290 3417 est
3318 3364 3441 3417 huic

1863 3464 2167 3533 prophetica
2196 3460 2508 3529 Scriptura;
2535 3460 2606 3511 ait
2641 3459 2781 3512 enim
2818 3476 2829 3510 :
2866 3456 3013 3527 Elogi
3046 3457 3209 3510 David
3245 3473 3443 3509 serram

1862 3570 2048 3616 meum,
2091 3553 2201 3605 oleo
2230 3563 2407 3605 sancto
2446 3566 2559 3603 meo
2602 3550 2728 3603 tinxi
2757 3565 2909 3603 eum:
2939 3566 3118 3601 manus
3158 3550 3291 3602 enim
3334 3566 3444 3601 mea

1861 3646 2196 3698 auritiabitur
2241 3645 2307 3704 ei,
2350 3655 2395 3697 et
2442 3641 2703 3695 brachium
2759 3657 2927 3694 meum
2974 3642 3280 3710 confortabit
3328 3658 3444 3694 eum

1864 3734 2031 3801 (Pent.
2046 3750 2207 3788 LXXXV
2220 3734 2319 3801 ιιι).
2339 3731 2531 3787 Contra
2548 3724 2725 3785 autem
2740 3732 2933 3784 frustra
2949 3746 3115 3795 arma,
3138 3732 3330 3787 frustra
3345 3733 3443 3787 sibi

1866 3824 2049 3890 Copias
2078 3824 2290 3891 qumrit,
2316 3838 2472 3890 quem
2497 3823 2662 3891 gratia
2689 3836 2919 3889 superna
2950 3822 3209 3874 destituit.
3236 3824 3443 3877 Etenim

1867 3914 2125 3968 veraciter
2180 3914 2435 3980 scripturn
2489 3922 2573 3966 est
2619 3930 2632 3964 :
2681 3910 2800 3965 Nisi
2853 3912 3100 3967 hauriam
3148 3916 3445 3967 custodierit

1867 4006 2155 4069 civitatem,
2212 4005 2265 4056 in
2342 4018 2528 4057 vanum
2582 4004 2791 4073 vigilant
2856 4004 2942 4070 qui
2996 4004 3285 4056 custodiunt
3334 4020 3446 4056 eam

1867 4095 2260 4167 (Psalmuvr).
2286 4095 2515 4153 Bellabis
2541 4094 2819 4163 tuquidettt
2848 4094 3031 4148 divino
3055 4104 3194 4148 tutus
3220 4096 3445 4160 auxilio,

1868 4189 2323 4259 excellentissime
2347 4189 2617 4259 princeps,
2644 4198 2700 4243 et
2741 4197 2843 4242 tua:
2884 4188 3190 4256 reipublicze
3219 4190 3345 4259 jugo
3372 4188 3448 4243 fe-

1870 4266 2553 4348 rorissimaruut'genliutn
2607 4282 2742 4334 colla
2796 4282 3105 4343 submittes;
3158 4281 3251 4335 sed
3306 4283 3449 4335 nulla

1870 4371 2088 4425 victoria
2125 4381 2300 4439 poto-st
2331 4388 2451 4425 €986
2480 4372 2840 4439 prmstantior,
2873 4386 3028 4441 quam
3056 4372 3195 4440 quod
3234 4371 3451 4427 humani

1872 4461 2083 4530 generis
2120 4461 2331 4514 hostem
2375 4470 2493 4525 post
2517 4459 2739 4530 quaesita
2771 4468 2876 4514 tam
2907 4462 3049 4530 longi
3083 4464 3337 4530 temporis
3365 4468 3454 4518 lir-

1801 4543 2143 4604 Dmatneuta
2194 4549 2484 4603 subvenis.
2536 4549 2823 4603 Enimvero
2878 4559 3199 4604 ctcterorum
3264 4564 3451 4608 natura

1879 4642 2182 4711 praeliorum
2208 4642 2456 4695 distincta
2499 4641 2765 4711 gentibus,
2793 4640 3101 4710 regionibus
3145 4645 3453 4713 terminata,

1877 4748 2071 4787 cruore
2112 4734 2348 4801 polluta;
2389 4734 2503 4787 lucc
2540 4748 2698 4787 omne
2736 4748 2906 4803 genus
2950 4734 3235 4789 humanum
3283 4740 3455 4806 palma

1878 4823 2288 4890 complectitur,
2334 4824 2473 4877 hunc
2521 4825 2770 4877 omnibus
2822 4825 3129 4893 regionibus
3172 4828 3459 4896 imputabis

1882 4915 2260 4985 (itnportabis)
2289 4915 2644 4983 triumphum;
2676 4925 2729 4969 et
2760 4918 2898 4984 quod
2930 4918 3123 4972 divina.-
3155 4921 3455 4987 proximum

1883 5008 2065 5078 pietati
2096 5020 2200 5069 εει,
2244 5006 2333 5075 qui
2378 5007 2533 5074 paulo
2572 5015 2697 5061 ante
2721 5009 2882 5061 ductu
2913 5008 3111 5063 diaboli
3146 5012 3460 5079 grassaban-

1885 5109 1989 5164 tur,
2021 5115 2162 5154 nunc
2191 5099 2256 5153 ad
2299 5100 2527 5169 propria:
2555 5100 2746 5154 salutis
2775 5102 3023 5156 ell'ectum
3049 5104 3165 5157 sine
3191 5104 3461 5172 sanguinis

1883 5190 2143 5244 elfusione
2165 5190 2469 5244 vincuntur.
2507 5189 2725 5243 Durahit
2757 5191 2917 5259 igitur
2958 5194 3114 5259 hujus
3144 5193 3453 5247 Christiana:

1884 5279 2123 5333 victoria:
2160 5295 2254 5348 per
2282 5295 2450 5333 rerum
2480 5280 2798 5349 triumphus.
2836 5284 3016 5352 Neque
3042 5283 3181 5337 enim
3211 5290 3458 5350 poterunt

1887 5368 2003 5422 labe
2035 5371 2287 5436 temporis
2312 5368 2538 5434 aboleri,
2566 5385 2684 5438 qua:
2716 5372 2766 5423 iu
2795 5373 3120 5438 sempiterna
3152 5370 3272 5424 ﬁdei
3294 5370 3451 5424 stabio

1889 5457 2038 5523 litate
2062 5458 2274 5512 fundata
2298 5469 2442 5514 sunt.
2474 5460 2812 5516 l’ermanebit
2836 5464 2992 5529 longe
3016 5463 3225 5531 lateque
3254 5470 3446 5515 vestro-

1887 5564 2002 5603 rum
2048 5549 2183 5604 iama
2228 5549 2512 5616 laetorum,
2543 5562 2597 5607 et
2617 5557 2753 5606 sicut
2779 5552 2973 5604 divinis
2998 5550 3307 5613 designatur
3349 5552 3458 5605 elo-

1886 5645 2047 5714 quiis,
2078 5645 2130 5697 iu
2158 5663 2355 5700 omnem
2382 5657 2569 5700 terram
2595 5647 2743 5701 exivit
2764 5661 2917 5697 sonus
2947 5660 3143 5709 eorum,
3174 5654 3220 5699 et
3253 5649 3303 5701 in
3334 5649 3459 5715 [inea

260 5764 277 5781 ‘
309 5764 447 5817 llaec
481 5764 704 5832 epistola
747 5781 863 5819 cum
911 5770 1144 5837 qufnqne
1192 5770 1536 5840 sequentibus
1581 5776 1774 5845 scripta
1806 5787 1883 5831 est
1914 5789 2031 5848 post
2063 5795 2246 5849 pacem
2279 5781 2604 5847 nuntiatam,
2637 5793 2777 5832 antro
2804 5779 3009 5835 Domini
3040 5782 3161 5838 5l9.
3198 5790 3205 5797 '
