3998 6368
573 300 673 356 ιὸδ

1950 284 2315 340 HORMISDrE
2356 286 2553 341 PAI’IE

3676 299 3761 354 456

573 430 716 470 εει-τω
741 413 883 467 verba
920 426 1094 464 eorum
1140 405 1327 477 (Psal.
1352 403 1531 471 xviii).
1584 402 1648 456 Et
1691 402 1899 455 cteteris
1927 400 2135 470 quidem
2166 404 2213 460 Α
2243 410 2429 454 cuncta
2460 401 2572 455 haec
2612 402 2996 470 provrdeutiam
3040 400 3362 468 disposuisse
3404 403 3645 459 divinam?
3669 411 3763 464 Pri-

572 504 726 559 bellis
754 515 941 571 agros,
977 499 1155 559 urbes,
1189 497 1378 565 oppida
1407 505 1482 560 et,
1530 494 1669 562 quod
1701 504 2008 557 supremum
2040 498 2144 551 est,

571 595 929 662 subjectorum
960 590 1256 643 libertatem
1302 586 1491 647 tueris,
1517 597 1658 652 quae,
1690 581 1993 635 mortalium
2040 580 2147 631 tisi-

570 688 673 737 bus
704 691 1027 748 comparata,
1074 677 1234 731 simili
1275 676 1503 745 quadam
1536 672 1857 727 mortalitate
1887 669 2142 723 solvenda

571 783 716 827 sunt.
750 772 806 825 In
838 771 937 822 hoc
958 768 1249 822 certamine
1282 768 1386 817 vita
1419 766 1529 831 ipsa
1569 759 1891 819 defenditur,
1920 768 1974 810 et
2013 772 2148 824 quo-

568 866 857 920 dammodo
903 878 999 930 pro
1037 860 1380 929 sempiterna:
1417 853 1761 910 beatitudinis
1792 865 1915 904 arce
1946 864 2147 920 pugna-

571 966 674 1009 tur.
699 954 954 1021 Quocirca
986 951 1289 1005 continuam
1335 947 1461 998 tanti
1493 943 1672 1011 operis
1712 948 1999 1007 apparatus
2028 938 2144 990 cle-

572 1046 787 1101 mentiae
832 1055 1022 1096 vestra:
1056 1039 1404 1093 intentionem
1436 1034 1676 1103 requirit.
1721 1030 1899 1083 Facite
1928 1039 1984 1081 ut
2029 1028 2146 1081 nul-

572 1140 682 1193 lum
714 1152 930 1208 prorsus
961 1133 1347 1201 receptaculum
1372 1145 1436 1183 eo
1484 1144 1589 1197 quo
1617 1141 1801 1180 rursus
1824 1122 2147 1178 immanissi-

574 1246 691 1285 mus
733 1231 899 1283 hostis
938 1234 1178 1293 emergat
1239 1221 1505 1284 inveniat;
1535 1218 1741 1273 cunctis
1783 1232 1905 1271 eum
1951 1213 2147 1267 nudate

573 1320 856 1389 prmsidiis,
884 1327 937 1371 et
963 1317 1007 1371 si
1045 1317 1170 1383 quid
1218 1328 1435 1381 usquam
1479 1311 1821 1378 vestigiorum
1863 1307 1979 1375 ejus
2018 1306 2145 1359 reli-

571 1426 735 1480 quum
762 1417 863 1471 est,
895 1408 945 1461 id
968 1421 1125 1459 omne
1154 1404 1404 1459 elementi
1436 1401 1676 1456 remedio
1698 1408 1956 1469 purgate:
1985 1412 2144 1450 omne

573 1501 821 1571 nequitiae
874 1513 1089 1566 germen
1146 1496 1381 1549 funditus
1432 1503 1689 1555 eruatur;
1757 1489 1979 1543 adversa
2041 1487 2148 1542 Deo

572 1594 737 1660 stirps
776 1590 842 1643 ad
890 1588 1070 1642 vivum
1119 1602 1284 1655 usque
1315 1592 1609 1647 resecetur,
1658 1596 1724 1635 ne
1772 1576 1949 1632 minus
1994 1592 2146 1630 com-

575 1700 754 1753 pressa
788 1683 958 1752 (quod
987 1681 1156 1747 absit)
1192 1676 1488 1745 iniquitatis
1517 1672 1665 1729 radix
1697 1679 1956 1724 venenata
1988 1668 2147 1720 latius

2250 507 2391 544 mum
2420 508 2539 546 eum
2568 493 2860 561 principem
2891 506 3011 545 esse
3048 492 3330 555 delectum,
3357 496 3441 563 qui
3471 510 3581 549 cunt
3608 513 3659 552 se
3685 505 3763 553 ho-

2251 582 2450 635 minum
2482 584 2785 651 suscepisse
2816 584 3020 637 videret
3052 584 3346 651 imperium,
3382 601 3481 639 non
3509 604 3563 640 se,
3593 591 3764 648 oblitus

2248 685 2326 728 est
2363 675 2470 729 Deo
2498 690 2618 730 esse
2647 676 2966 743 Sttbjectutn.
3019 678 3214 730 l‘ehinc
3253 679 3389 745 quod
3431 681 3580 734 talem
3609 684 3765 737 frater-

2251 766 2467 819 nitatem
2499 775 2640 819 tuam
2689 768 2942 820 Ecclesia:
2988 782 3098 820 sua:
3138 769 3408 835 praesulem
3438 770 3600 837 dedit,
3633 789 3766 841 quem

2250 871 2354 907 non
2382 867 2525 909 esset
2551 859 2850 925 ambiguum
2883 872 3003 910 Clllll
3026 859 3152 911 sede
3184 869 3379 924 nostra,
3412 860 3459 913 id
3482 860 3559 915 est
3585 876 3767 931 apostoo

2250 943 2369 1005 lica,
2398 957 2596 998 certam
2623 962 3032 1016 mansuramque
3065 947 3183 1000 ﬁdei
3214 951 3500 1003 subiturum
3529 966 3637 1008 esse
3662 969 3771 1007 con-

2250 1034 2509 1088 cordiam.
2530 1034 2736 1088 Etenim
2757 1036 2934 1089 libello
2959 1052 2987 1088 a
3009 1036 3158 1090 nobis
3181 1036 3300 1090 ﬁdei
3325 1038 3540 1092 libenter
3556 1054 3764 1108 accepto,

2249 1142 2368 1179 cum
2402 1126 2865 1195 redintegrationis
2895 1128 2949 1181 in
2990 1126 3202 1181 Christo
3242 1130 3403 1183 fueris
3442 1131 3630 1196 avidus,
3662 1149 3773 1185 nun-

2251 1235 2405 1287 quam
2440 1221 2490 1272 in
2520 1219 2987 1288 pra-destinatione
3033 1219 3206 1273 divina
3241 1219 3401 1274 fuisse
3439 1235 3469 1274 a
3508 1223 3647 1276 nobis
3669 1236 3773 1291 cog-

2252 1312 2490 1366 nosceris
2510 1311 2735 1365 alienus.
2753 1312 2952 1381 Itaque,
2971 1312 3313 1366 dilectissime
3334 1312 3511 1379 frater,
3527 1313 3611 1366 Dei
3632 1315 3775 1367 nostri

2250 1416 2441 1475 sponte
2482 1407 2820 1460 currentibus
2873 1407 3068 1460 instate
3115 1407 3416 1469 beneﬁciis,
3466 1408 3625 1475 sparsi
3668 1408 3774 1461 olim

2250 1497 2426 1567 gregis
2451 1497 2658 1566 plenius
2681 1499 2918 1552 membra
2936 1497 3190 1567 colligite,
3213 1507 3265 1552 et
3290 1498 3545 1551 custodite
3563 1498 3775 1552 collecta.

2255 1591 2520 1643 Memento
2549 1606 2689 1644 nunc
2718 1590 3008 1643 clementer
3044 1591 3328 1657 assignant:
3356 1603 3384 1640 a
3418 1587 3616 1641 Christo
3655 1589 3778 1641 navis

2253 1696 2373 1734 esse
2405 1691 2456 1734 te
2482 1690 2742 1734 rectorem
2773 1698 2785 1732 :
2821 1679 2901 1734 fac
2940 1682 3144 1750 cogites
3168 1680 3443 1734 diabolica:
3470 1681 3779 1734 contumacia

572 1774 763 1829 iterum
794 1772 1014 1840 virgulta
1056 1768 1333 1822 diffundat.
1371 1765 1639 1831 Quorsum
1687 1760 1837 1815 haec?
1866 1759 1999 1825 Quia
2050 1772 2139 1810 su-

2252 1772 2500 1841 Spiritus,
2532 1772 2760 1840 quietem
2813 1772 3018 1825 itineris
3048 1779 3101 1824 et
3144 1786 3331 1825 curam
3384 1771 3673 1833 turbantes;
3700 1785 3779 1823 nec

572 1871 755 1933 perest
791 1861 968 1915 adhuc
996 1859 1147 1912 vobis
1178 1854 1555 1911 Alexandrina:
1594 1861 1757 1922 atque
1798 1848 2148 1904 Antiochentc

568 1963 627 2007 et
662 1953 884 2006 aliarum
920 1950 1276 2003 Ecclesiarum
1310 1945 1453 1998 nu'lo
1484 1942 1642 1996 modo
1680 1938 1992 2009 negligenda
2024 1951 2147 1990 cor-

570 2044 756 2107 rectio,
794 2043 842 2095 in
866 2058 966 2111 qua
995 2041 1039 2095 si
1070 2054 1220 2093 suan
1253 2053 1433 2092 (Ill‘altt
1462 2034 1743 2090 clementia
1774 2042 1949 2087 vestra
1982 2030 2149 2084 immi-

568 2133 723 2198 serit,
770 2146 894 2200 spes
941 2140 1022 2183 est
1070 2144 1175 2197 quo
1219 2136 1434 2180 auctore
1482 2126 1618 2179 bona
1658 2133 1846 2177 cuncta
1878 2122 2146 2175 credimus

571 2222 752 2289 incipi,
783 2220 970 2275 eodem
1020 2219 1266 2272 celeriter
1311 2215 1629 2268 auxiliatore
1670 2212 1951 2276 compleri.
1985 2210 2146 2264 Com-

569 2311 885 2363 mendamus
932 2319 1185 2377 praeterea
1228 2307 1428 2374 legatos
1467 2304 1533 2356 ab
1562 2302 1853 2371 apostolica
1903 2302 2031 2355 sede
2058 2302 2143 2355 di-

572 2410 782 2463 rectos,
817 2406 870 2451 et
916 2396 1054 2466 apud
1111 2407 1338 2449 vestram
1390 2393 1545 2448 ﬁdem
1590 2393 2004 2462 religionemque
2047 2391 2144 2445 de-

572 2489 852 2556 ponimus;
896 2502 1030 2552 qttos
1073 2487 1140 2539 ita
1183 2485 1429 2553 perfectis
1464 2483 1713 2536 omnibus
1756 2483 1924 2550 pietas
1970 2490 2143 2535 vestra

570 2579 825 2642 dimittat,
859 2590 915 2630 ttt
942 2576 1137 2629 divinis
1169 2574 1466 2642 vestrisque
1493 2570 1766 2631 beneﬁciis
1793 2570 1858 2664 qd
1888 2570 2142 2639 apostoli-

567 2688 686 2726 cam
712 2671 894 2726 sedem
924 2670 1132 2737 plenam
1164 2668 1398 2722 referant
1422 2666 1487 2718 de
1510 2663 1873 2719 Ecclesiarum
1905 2663 2141 2717 omnium

569 2778 697 2832 pace
726 2762 984 2816 laetitiam.
1014 2759 1143 2826 Qua:
1172 2760 1368 2828 scripta
1415 2772 1509 2825 per
1560 2754 1835 2808 Paulinum
1886 2754 2142 2805 Romanae

568 2853 822 2909 Ecclesia:
866 2852 1203 2906 defensorem
1236 2848 1486 2902 famulum
1521 2856 1713 2900 vestra:
1747 2845 1957 2914 pietatis
1990 2843 2141 2910 inge-

568 2945 727 3001 renda
768 2944 1178 2998 transmisimus.
1212 2941 1338 2994 Data
1382 2955 1453 2991 vit
1503 2938 1620 2991 idus
1650 2938 1797 2999 Julii,
1853 2935 2142 2989 Eutharico

569 3037 685 3089 viro
722 3034 1018 3088 clarissimo
1051 3031 1272 3084 consule
1294 3029 1467 3097 (anno
1500 3027 1706 3078 Domini
1735 3025 1890 3090 519).

1084 3118 1412 3174 EPISTULA
1446 3116 1484 3168 Χ
1497 3115 1604 3171 LV.

673 3232 737 3267 All
762 3227 993 3266 J().\NNE§I
1024 3221 1308 3261 EPISCOPU!
1336 3216 2024 3258 CONSTANTINOPOLITANUIE.

565 3303 766 3355 Laudat
796 3301 1047 3353 Joannem
1075 3298 1140 3347 ad
1172 3281 1413 3346 unitatem
1458 3291 1699 3343 Ecclesia?
1729 3290 1969 3352 rediisse;
2014 3292 2136 3343 hor-

635 3385 770 3425 tatur
800 3383 852 3423 ιιι
884 3366 1240 3421 Alexandrina
1279 3376 1323 3417 et
1364 3361 1691 3415 Antiocheam
1726 3361 1964 3413 ECCICailB
1992 3363 2138 3414 unio-

635 3458 745 3495 nem
775 3450 1068 3506 procurent,
1098 3438 1387 3503 legatosque
1409 3438 1451 3485 ei
1481 3432 1819 3484 commendat.

638 3531 916 3585 Hortnisda
944 3527 1131 3581 Joanni
1162 3526 1414 3593 episcopo
1443 3520 2051 3587 Constantinopolitano.

634 3619 1006 3676 Consideranti
1052 3616 1179 3670 milii
1211 3626 1314 3667 tua:
1340 3618 1536 3681 scripta
1568 3612 1826 3675 caritatis,
1863 3609 1914 3662 in
1947 3610 2139 3675 quibus

568 3732 686 3771 cum
726 3714 853 3769 sede
897 3712 1033 3766 beati
1081 3710 1306 3779 apostoli
1338 3707 1408 3761 Pe
1436 3708 1476 3758 ri
1522 3721 1681 3760 unam
1716 3705 1805 3759 tibi
1837 3719 1953 3757 esse
1981 3703 2082 3756 ﬁde
2106 3721 2136 3755 n

575 3807 849 3874 professus
892 3818 977 3865 es;
1010 3802 1316 3871 prophetica
1361 3799 1486 3853 libet
1531 3798 1832 3851 exclamare
1883 3798 2134 3849 licentia:

567 3899 699 3953 Ecce
723 3914 874 3967 quam
919 3896 1102 3948 bonum
1123 3904 1168 3947 et
1194 3908 1347 3962 quam
1366 3891 1655 3960 jucundum
1698 3889 1927 3940 habitare
1957 3888 2139 3955 fratres

563 3995 615 4046 in
642 4008 797 4045 unum
828 3988 998 4059 (Psal.
1031 3988 1223 4051 χχχιι).
1258 3984 1439 4051 Neque
1467 3982 1608 4035 enim
1643 3980 1807 4034 refert
1835 3994 1991 4049 quam
2026 3979 2134 4029 lou-

560 4074 774 4150 ginquis
806 4080 1043 4131 locorum
1083 4075 1268 4142 spatiis
1298 4073 1619 4133 dividamur,
1650 4070 1862 4138 quando
1889 4072 1995 4134 jani
2032 4068 2139 4121 Deo

565 4181 782 4225 auctore
814 4184 913 4222 una
947 4167 1067 4221 ﬁdei
1098 4165 1490 4219 coltabitatione
1534 4160 1902 4237 conjungimur
1931 4175 1945 4224 ;
1990 4172 2129 4211 ininc

564 4262 704 4316 enim
736 4256 1099 4314 misericoraia
1148 4262 1469 4324 procurante
1507 4253 1683 4304 divina
1724 4250 1777 4303 in
1826 4250 1981 4302 unius
2015 4265 2137 4302 cor-

565 4354 709 4422 poris
737 4351 934 4403 vultum
962 4347 1218 4415 dissipata
1256 4345 1383 4398 olim
1415 4342 1614 4397 Christi
1660 4340 1900 4394 membra
1942 4355 2139 4393 conve—

564 4445 736 4510 niunt,
759 4453 812 4497 et
837 4444 903 4496 ab
939 4438 1286 4508 iniquissimis
1329 4437 1533 4506 direpta
1583 4434 1875 4488 latronibus
1928 4448 2137 4486 annun-

2252 1873 2301 1915 te
2345 1864 2511 1915 latent
2560 1862 2748 1915 ﬁuc.us
2801 1861 3129 1929 tempestatis
3176 1862 3432 1923 incertae,
3465 1874 3591 1927 quos
3631 1860 3779 1929 evigili

2250 1964 2427 2008 mente
2461 1954 2797 2022 prospicias,
2832 1964 2886 2007 et
2913 1962 3091 2007 erecta
3131 1950 3183 2004 in
3233 1951 3400 2004 Deum
3433 1950 3624 2002 ratione
3649 1963 3775 2001 com-

2255 2063 2462 2116 penses.
2491 2046 2643 2100 Nulla
2684 2046 2775 2102 tibi
2802 2045 3076 2100 commissi
3117 2044 3315 2113 negotii
3365 2042 3663 2112 neg‘igentia
3689 2044 3783 2093 cla~

2251 2154 2370 2192 vum
2411 2136 2694 2192 dominicae
2726 2138 2854 2190 ratis
2883 2144 3216 2204 extorqueat.
3272 2133 3403 2186 Illud
3441 2132 3641 2184 unicum
3675 2131 3782 2184 reeti

2249 2229 2454 2283 itineris
2499 2228 2706 2295 signum
2741 2227 2856 2280 [itis
2887 2241 3102 2294 semper
3129 2224 3407 2278 obtutibus
3446 2223 3496 2275 in
3523 2236 3669 2282 uere,
3695 2235 3781 2289 quo

2246 2319 2445 2373 certius
2483 2318 2767 2386 .perflantis
2805 2317 3002 2370 diaboli
3048 2316 3257 2369 turbata
3309 2324 3635 2377 contemnas,
3663 2321 3708 2364 et
3730 2313 3784 2363 ad

2248 2408 2492 2479 promissi
2539 2417 2721 2476 portus
2764 2406 3043 2475 tranquilla
3078 2406 3382 2473 pervenias.
3414 2403 3531 2455 llzec
3558 2414 3631 2454 εει
3657 2402 3784 2452 Ultri-

2248 2501 2403 2554 stiani
2435 2501 2681 2570 palmstra
2709 2498 3046 2561 certaminis,
3088 2498 3173 2550 tali
3204 2496 3407 2550 Cluisti
3441 2495 3629 2548 militia:
3670 2508 3786 2546 sem-

2248 2593 2470 2662 pitcrnte
2498 2592 2615 2644 vita:
2647 2593 2815 2659 palma
2851 2589 3179 2659 preponitur.
3220 2589 3346 2642 llmc
3393 2587 3483 2641 tibi
3526 2585 3787 2640 rectissime

2245 2682 2496 2753 cngitanti
2544 2698 2647 2736 non
2681 2683 2850 2734 derit
2879 2696 2974 2734 suo
3018 2682 3167 2733 militi
3198 2679 3512 2749 praesidium
3555 2678 3718 2738 ducis;
3745 2692 3789 2727 et

2252 2782 2449 2845 quanto
2492 2774 2720 2826 hostium
2748 2772 3161 2841 multiplicantur
3189 2772 3423 2832 ἰηείιιίςιι,
3455 2780 3593 2822 tanto
3621 2765 3788 2821 summi

2243 2867 2411 2935 gratia
2442 2861 2662 2918 rectoris
2708 2863 3038 2915 adversantis
3067 2874 3275 2914 venena
3302 2859 3671 2913 misericordia:
3697 2872 3792 2910 sua:

2245 2956 2369 3009 facit
2396 2970 2514 3008 esse
2545 2955 2844 3016 tuat.-riant,
2875 2953 3211 3007 sicutseruto
3245 2950 3557 3018 apostolicae
3579 2945 3791 3001 veritatis

2246 3046 2495 3109 asseruit,
2526 3045 2706 3099 dicens
2737 3063 2748 3094 :
2782 3044 2878 3097 Ubi
2914 3043 3185 3096 abundavit
3214 3042 3484 3112 iniquitas,
3510 3040 3794 3108 superabun-

2163 3118 2208 3181 C
2240 3136 2375 3187 davit
2411 3144 2454 3187 et
2497 3138 2662 3203 gratia
2698 3133 2883 3203 (Rom.
2917 3134 3003 3200 v).
3038 3131 3116 3185 Tu
3156 3142 3365 3184 tantum
3407 3129 3598 3183 divinis
3636 3126 3794 3181 rectis-

2243 3223 2497 3293 simisque
2524 3222 2787 3276 inlnerens
2830 3222 3107 3285 institutis,
3138 3221 3566 3275 etclesiasticam
3595 3218 3797 3273 fovendo

2240 3315 2600 3377 concordiam,
2618 3314 2778 3368 veluti
2799 3312 3027 3383 quodam
3048 3313 3292 3380 paciﬁca:
3323 3312 3612 3365 voluntatis
3639 3311 3796 3378 signa-

2243 3419 2326 3464 tus
2356 3410 2570 3474 indicio,
2604 3408 2745 3462 illius
2770 3422 2890 3462 esse
2920 3407 3213 3475 discipulus
3250 3407 3573 3475 approberis
3594 3406 3676 3475 qui
3698 3404 3795 3458 ait:

2243 3501 2431 3555 Pacem
2481 3517 2640 3554 meam
2671 3502 2737 3553 do
2781 3499 2938 3561 vobis,
2977 3514 3149 3567 pacem
3192 3515 3364 3550 meum
3414 3498 3641 3566 relinquo
3682 3494 3799 3547 vobis

2237 3594 2423 3657 ann.
2444 3594 2575 3662 xiv).
2595 3594 2817 3648 Hortare
2844 3595 3024 3655 etiam,
3045 3608 3353 3662 quanquam
3385 3602 3576 3660 Sponte
3602 3589 3661 3642 ad
3677 3595 3802 3642 recta

2242 3686 2575 3747 tendentem,
2631 3686 2792 3737 ﬁlium
2849 3694 3085 3736 uestrum
3139 3682 3623 3737 clementissimum
3680 3679 3803 3746 plill-

2241 3781 2410 3847 cipem
2441 3777 2729 3841 Justinum,
2760 3775 3063 3829 Christiano
3090 3775 3292 3828 Stecolo
3323 3774 3586 3829 divinitus
3615 3784 3805 3837 compa-

2243 3884 2447 3937 ratum,
2481 3888 2540 3925 ea
2576 3872 2829 3939 perlicere
2869 3884 2985 3937 qua:
3026 3866 3296 3936 regalibus
3347 3867 3541 3921 litteris
3588 3864 3806 3931 dignatus

2240 3976 2323 4019 est
2345 3963 2602 4033 polliceri,
2639 3971 2693 4013 ut
2721 3961 2895 4014 miSsis
2923 3960 2986 4012 ad
3018 3974 3111 4013 eos
3142 3959 3340 4013 ed‘ctis
3372 3974 3510 4026 quos
3535 3956 3600 4011 ab
3646 3951 3807 4007 Eccle-

2241 4062 2333 4111 sia:
2364 4057 2547 4109 matris
2565 4053 2815 4109 uberibus
2843 4054 3002 4106 etiam
3027 4066 3165 4104 nunc
3185 4051 3388 4104 devius
3411 4065 3568 4104 error
3595 4043 3809 4105 abducit,

2241 4148 2553 4202 diabolicam
2589 4144 2827 4199 fraudem
2867 4156 2918 4197 et
2958 4144 3275 4197 auctoritate
3322 4141 3606 4209 religionis
3633 4148 3682 4192 et
3708 4149 3809 4189 mo-

2240 4241 2421 4295 derata
2449 4248 2704 4308 potestate
2733 4247 3035 4306 compescat
3058 4236 3295 4305 imperii,
3321 4249 3557 4303 eamque
3583 4233 3679 4285 sibi
3700 4245 3813 4283 con-

2242 4343 2321 4386 tra
2375 4346 2706 4386 communem
2765 4330 2926 4381 totius
2982 4327 3330 4380 humanitatis
3396 4328 3609 4379 hostem
3663 4320 3813 4375 maxi-

2243 4438 2379 4475 mam
2422 4422 2578 4475 ducat
2616 4433 2737 4473 esse
2772 4417 3066 4480 victoriam,
3098 4417 3140 4469 si
3172 4431 3437 4486 superna:
3463 4414 3663 4467 auxilio
3696 4410 3816 4463 Divi-

566 4535 737 4587 tiataa
769 4532 994 4601 prephet
1017 4533 1095 4585 cis
1126 4529 1345 4583 vocibus
1378 4528 1585 4581 Domini
1615 4526 1777 4579 nostri
1804 4524 2135 4592 redintegra-
2164 4492 2217 4552 Β
2244 4515 2422 4569 uitatis
2474 4512 2663 4567 vetuSti
2713 4511 2975 4579 serpentis
3019 4523 3235 4562 .venena
3296 4504 3707 4575 compresserit.
3755 4499 3817 4551 De

566 4636 650 4678 tur
703 4623 1004 4685 ltaerctlitas,
1054 4630 1108 4674 et
1156 4634 1279 4673 vere
1316 4619 1365 4671 in
1402 4619 1559 4684 hujus
1601 4624 1764 4683 petra:
1812 4614 1934 4678 ﬁde,
1969 4615 2018 4666 id
2053 4622 2138 4667 est

563 4713 925 4782 apostolorum
963 4711 1212 4780 principis
1245 4710 1527 4772 firmitate,
1559 4706 1850 4760 Orientalis
1882 4707 2132 4760 Ecclesia:

560 4804 906 4858 fundamenta
949 4802 1263 4867 solidantur,
1293 4815 1574 4869 qme,cuttt
1619 4800 1752 4852 facta
1797 4799 1901 4852 tuis
1943 4799 2132 4851 litteris

561 4894 883 4955 iudicentur,
932 4892 1240 4959 tetttpestiva
1282 4891 1634 4943 exsultatione
1677 4889 1960 4943 dicendum
2006 4897 2128 4941 est:

567 4988 733 5051 Qttam
758 4983 970 5051 speciosi
990 4982 1138 5051 pedes
1160 4980 1614 5050 evangelimntinm
1642 4995 1835 5048 pacem,
1876 4979 2127 5047 evangeli-

560 5078 785 5132 zuntium
834 5078 962 5129 bona
1007 5073 1195 5142 (Rom.
1225 5076 1307 5140 ι).
1338 5073 1549 5127 Gratias
1597 5074 1756 5142 igitur
1791 5071 2129 5126 excellentis-

558 5178 709 5229 sima:
737 5172 1020 5236 Tnnitati,
1064 5186 1181 5238 qua:
1224 5168 1608 5222 consentientis
1639 5168 1688 5219 in
1720 5166 1991 5220 Christum
2025 5164 2129 5217 Ec-

559 5269 735 5324 clesia:
783 5280 844 5318 ac
886 5261 1186 5332 reipublica:
1227 5259 1373 5313 dedit
1410 5274 1526 5313 esse
1558 5268 1793 5311 rectores
1819 5275 1830 5308 :
1855 5257 2129 5309 enimvero

559 5374 735 5415 rerum
758 5356 899 5409 salus
929 5361 1032 5418 est,
1065 5351 1311 5421 quotiens
1357 5351 1408 5404 itt
1435 5349 1555 5402 ﬁdei
1586 5347 1862 5402 catholica:
1904 5357 2129 5400 vertate

560 5451 866 5507 sacerdotes
892 5462 954 5501 ac
981 5448 1245 5515 principes
1277 5457 1429 5498 mens
1455 5458 1555 5495 una
1582 5445 1868 5495 connectit.
1905 5440 2014 5494 lloc
2043 5441 2130 5492 fir-

561 5562 703 5599 ntum
729 5544 872 5613 pacis
894 5540 1161 5605 vinculum
1187 5547 1288 5601 est,
1316 5538 1428 5590 haec
1456 5535 1665 5589 caelitus
1693 5532 1908 5585 dimissa
1953 5533 2127 5586 socie-

562 5648 670 5700 tas;
704 5650 875 5703 neque
918 5634 1001 5700 fas
1043 5642 1126 5686 est
1168 5631 1308 5684 enini
1352 5629 1402 5681 in
1454 5643 1557 5696 quo
1600 5626 1777 5679 vident
1817 5626 2128 5678 concordati

561 5729 874 5799 pra-positos
896 5768 910 5795 ,
940 5726 1081 5781 aliud
1114 5726 1314 5780 sentire
1353 5721 1637 5791 subjectos.
1670 5722 1748 5773 An
1794 5717 2016 5771 dubitttu
2046 5728 2127 5772 est

2240 4606 2585 4665 Autiochena:
2608 4620 2817 4674 quoque
2845 4615 3001 4670 atque
3037 4600 3435 4655 Alexandrina:
3478 4598 3815 4653 l'lcclesiarum

2238 4713 2379 4756 Statu
2426 4715 2529 4753 non
2562 4695 2910 4765 supersedeas
2938 4708 3055 4748 esse
3081 4693 3350 4747 sollicitus
3374 4732 3391 4756 ,
3426 4702 3483 4744 et
3531 4684 3820 4744 clementis-

2238 4797 2373 4847 simo
2395 4789 2619 4845 subinde
2648 4788 2943 4856 supplit-ato
2973 4794 3029 4837 ut
3058 4787 3107 4836 in
3137 4783 3219 4836 his
3249 4798 3484 4852 quoque
3535 4794 3716 4849 pacem
3747 4790 3820 4828 re-

2238 4886 2418 4952 ligiosa
2467 4881 2800 4935 ordinatione
2837 4878 3109 4939 restituat,
3142 4884 3422 4943 quatenus
3456 4872 3618 4927 bonis
3652 4864 3822 4928 emptis

2242 4979 2413 5045 plenae
2441 4973 2706 5028 cumulum
2742 4968 3082 5037 perfectionis
3116 4966 3406 5035 adiungat.
3436 4965 3667 5018 Frustra
3696 4957 3824 5013 enim

2239 5069 2433 5122 bonum
2464 5080 2596 5134 opus
2624 5061 2955 5131 incipitur,si
2980 5074 3084 5111 non
3113 5057 3162 5110 in
3192 5068 3373 5110 totum
3411 5055 3677 5124 perfectio
3708 5048 3825 5103 sub-

2235 5170 2505 5227 sequatur.
2550 5153 2992 5210 Commendamus
3044 5159 3304 5218 praeterea
3360 5149 3581 5217 legatos
3629 5161 3657 5198 a
3714 5139 3829 5194 sede

2235 5251 2526 5321 apostolica
2551 5248 2865 5308 destinatos,
2898 5258 3030 5311 quos
3060 5243 3126 5293 ita
3161 5240 3327 5293 faciat
3379 5242 3449 5293 ad
3499 5251 3603 5292 nos
3642 5244 3727 5288 tua
3758 5230 3826 5282 di~

2237 5345 2393 5399 lectio
2436 5354 2704 5403 remeare,
2738 5346 2795 5390 ut
2835 5336 2986 5389 nobis
3029 5333 3237 5403 plenam
3288 5333 3510 5386 referre
3554 5334 3749 5399 queant
3773 5322 3830 5374 de

2236 5437 2477 5491 restituta
2509 5431 2773 5487 universis
2810 5428 3062 5484 Ecclesiis
3100 5439 3226 5493 pace
3271 5424 3559 5477 laetitiam.
3606 5422 3731 5474 D..ta
3769 5426 3827 5463 ru

2235 5534 2352 5588 illus
2381 5532 2503 5587 Julii
2536 5530 2698 5600 (anno
2726 5526 2931 5584 Domini
2964 5521 3126 5593 519),
3163 5520 3516 5591 Enthayrico
3548 5535 3602 5574 v.
3636 5534 3683 5571 c.
3716 5525 3831 5566 con-

2233 5626 2364 5680 sttle.
