3998 6368
785 497 1117 560 EPISTOLA
1155 503 1335 560 XLVI.

826 610 893 647 AD
931 610 1304 652 JUSTINIANUII.

272 683 597 766 Commendat
622 689 912 766 eum,quod
930 687 1136 766 Iustino
1166 691 1460 766 adju_mento
1478 694 1632 764 fuerit
1656 697 1707 748 in
1738 713 1866 766 pace

334 756 578 810 Ecclesia:
593 756 877 826 reddenda,
911 761 978 813 ad
1003 779 1156 829 quam
1181 756 1398 833 perfecte
1427 756 1706 820 ineundum
1735 756 1862 821 lior-

331 837 491 882 tatur.

331 942 615 997 Hormisda
648 943 840 1000 illustri
873 945 990 1000 viro
1017 945 1341 1020 Justiniano.

339 1034 716 1092 Benedicimus
758 1036 1028 1093 ineﬁ‘abile
1060 1040 1362 1097 Divinitatis
1403 1042 1661 1099 auxilium
1684 1085 1699 1111 ,
1731 1045 1858 1116 quia

263 1125 328 1180 de
369 1126 730 1182 Ecclesiarum
782 1143 912 1197 pace
962 1131 1325 1191 universitatis
1371 1133 1701 1190 desiderium
1757 1138 1858 1193 sub

259 1217 641 1285 tranquillitate
695 1221 1010 1291 agnovimus
1067 1223 1229 1279 fuisse
1291 1227 1640 1297 completum.
1701 1231 1853 1296 Quod

260 1312 473 1381 quidem
503 1328 608 1366 non
635 1325 829 1383 praeter
850 1315 1154 1384 opinionem
1180 1327 1419 1374 nostram
1445 1321 1667 1392 contigit
1693 1323 1806 1377 ﬁeri
1835 1340 1848 1376 :

253 1404 373 1472 quia
414 1404 810 1473 religiosissimi
841 1407 1063 1476 Augusti
1098 1411 1410 1480 praesumpti
1455 1426 1653 1481 genere
1699 1428 1849 1483 spem

250 1508 464 1562 semper
491 1495 761 1563 gessimus
800 1495 868 1551 de
912 1498 1123 1568 quiete,
1162 1508 1217 1554 et
1243 1502 1386 1570 quod
1417 1504 1744 1560 credidimus
1773 1507 1850 1561 fa-

247 1585 496 1641 ciendum
525 1587 626 1641 sub
649 1588 890 1658 principe
918 1587 1229 1646 Christiano
1259 1595 1325 1650 de
1354 1595 1700 1661 adunatione.
1732 1611 1850 1655 erat

246 1676 298 1731 in
325 1689 535 1732 votum.
572 1679 749 1746 Quare
779 1681 999 1736 habebit
1033 1683 1301 1754 gloriosus
1333 1687 1623 1757 imperator
1652 1690 1718 1745 de
1745 1691 1846 1748 hac

243 1788 402 1827 causa
448 1773 843 1844 triumphorum
895 1776 1110 1847 titulos,
1156 1795 1262 1833 non
1305 1782 1498 1852 quibus
1545 1798 1605 1838 se
1646 1786 1842 1840 oblivio

243 1867 591 1921 mortalitatis
634 1868 953 1937 interserat,
998 1872 1092 1926 sed
1140 1889 1275 1942 quos
1326 1875 1626 1932 Divinitatis
1672 1881 1841 1950 gratia
1873 1897 1922 1959 Β

241 1973 403 2027 super
429 1961 793 2029 perpetuitate
822 1963 1105 2020 confirmet
1151 1983 1162 2017 :
1198 1977 1248 2021 et
1297 1969 1447 2023 vobis
1481 1986 1689 2042 quoque
1732 1989 1841 2030 cm-

240 2050 390 2106 lestis
411 2054 864 2109 remunerationis
897 2071 1003 2110 non
1036 2057 1208 2113 deerit
1239 2063 1539 2129 praemium,
1566 2065 1652 2133 qui
1687 2066 1840 2135 adju-

243 2145 387 2198 vistis
415 2146 543 2200 boni
575 2147 828 2217 principis
860 2149 1197 2219 institutum,
1228 2163 1388 2223 atque
1420 2155 1677 2226 obsequio
1707 2173 1836 2213 con-

235 2239 472 2293 venienti
530 2239 802 2295 desiderio
858 2242 1136 2298 horrorem
1191 2249 1577 2316 segregationis
1633 2250 1837 2307 fecistis

235 2331 466 2387 excludi.
496 2331 802 2388 Benedictus
826 2335 1077 2389 Dominus
1099 2335 1240 2391 Deus
1264 2351 1433 2394 noster
1453 2381 1467 2403 ,
1491 2343 1579 2410 qui
1614 2344 1834 2397 visitaeit

234 2435 277 2481 et
319 2428 438 2497 fecit
470 2426 867 2496 redemptionem
901 2429 1063 2496 plebis
1110 2447 1217 2484 suae
1255 2431 1418 2496 (Luc.
1471 2434 1532 2501 ι).
1581 2434 1838 2501 Superest

236 2534 375 2573 nunc
405 2528 500 2585 nt,
528 2518 651 2587 quia
686 2520 837 2573 vobis
877 2520 1185 2590 hujusmodi
1225 2522 1460 2578 ofﬁcium
1513 2535 1718 2581 certum
1752 2538 1836 2582 est

233 2611 572 2681 providentia
608 2611 912 2666 Divinitatis
943 2614 1262 2681 injunctnm,
1297 2615 1617 2686 accingatis,
1653 2628 1707 2672 ut
1737 2620 1834 2687 ait,

230 2701 478 2766 lumbos,
509 2714 563 2757 et
593 2702 828 2771 pacifica:
861 2704 1251 2760 adhortationis
1296 2707 1497 2761 viribus
1547 2723 1834 2779 persequa-

230 2797 397 2860 mini,
430 2812 460 2849 a
503 2797 699 2867 quibus
728 2812 913 2866 pacem
954 2813 1060 2853 non
1089 2799 1280 2854 videtis
1322 2803 1571 2870 agnosci,
1602 2803 1834 2858 maxime

227 2888 348 2959 quia
381 2878 580 2958 grati-.e'
608 2889 797 2960 gloriae
830 2902 1024 2945 vestrae
1053 2891 1386 2959 detrahitur,
1420 2894 1464 2948 si
1494 2894 1620 2964 quid
1652 2895 1704 2949 in
1735 2895 1834 2951 hac

226 2997 391 3038 causa
432 2982 598 3039 fuerit
639 2985 815 3040 minus
853 2985 1154 3054 impletum.
1209 2986 1615 3057 Circumspicite
1653 2991 1832 3045 omnia

227 3072 333 3129 ﬁde
367 3089 475 3144 qua
509 3074 683 3130 vivitis
709 3116 724 3140 ,
765 3083 821 3129 et
867 3075 1138 3144 diligentia
1184 3092 1286 3147 qua
1330 3079 1520 3146 vigetis
1567 3080 1832 3135 occurrite

226 3167 480 3221 omnibus
507 3167 813 3223 incursibus
871 3169 1067 3238 quibus
1094 3169 1368 3239 religionis
1404 3169 1721 3226 Christiana:
1747 3187 1832 3226 re-

228 3260 524 3312 verentiam
553 3258 748 3314 videtis
785 3274 906 3315 esse
936 3270 1208 3325 vexatam,
1255 3271 1309 3316 ut
1341 3263 1607 3318 instantiae
1638 3274 1830 3319 vestra:
1858 3284 1903 3348 ρ

229 3346 367 3404 bene
397 3347 667 3418 possimus
696 3366 816 3406 cum
852 3351 1215 3407 exsultatione
1244 3351 1425 3407 dicere
1449 3372 1461 3406 :
1485 3354 1832 3410 Reminiscon—

233 3451 338 3506 tur,
383 3453 432 3495 et
481 3452 833 3498 convertentur
872 3445 938 3498 ad
981 3444 1257 3500 Dominum
1293 3463 1462 3501 omnes
1511 3451 1636 3518 ﬁnes
1686 3459 1831 3503 terra:

233 3529 402 3600 (Psal.
430 3533 570 3601 xxi).
604 3533 732 3599 Quae
761 3548 881 3588 cum
909 3535 979 3589 ita
1009 3536 1115 3589 sint
1135 3577 1150 3602 ,
1188 3551 1284 3590 vos
1325 3537 1415 3607 qui
1458 3537 1714 3593 Ecclesia:
1736 3555 1828 3594 ca-

233 3621 454 3679 tholica:
484 3624 853 3694 tranquillitati
879 3623 1084 3681 fecistis
1107 3627 1337 3693 initium,
1360 3643 1651 3697 procurare
1675 3631 1831 3686 decet

230 3712 483 3769 effectum
517 3732 531 3767 :
572 3729 678 3769 non
709 3716 884 3773 deerit
915 3716 1214 3773 Salvatoris
1248 3721 1416 3774 nostri
1448 3721 1597 3774 favor
1619 3720 1672 3775 in
1709 3738 1832 3792 per-

228 3804 486 3872 fectione,
513 3806 605 3876 qui
635 3807 785 3861 vobis
817 3808 917 3864 hoc
941 3824 1074 3878 opus
1100 3809 1382 3875 inspiravit
1410 3811 1672 3882 incipere.
1699 3816 1828 3869 Data

229 3898 451 3953 consule
483 3899 846 3968 suprascripto
873 3899 1037 3970 (anno
1067 3901 1278 3955 Domini
1310 3902 1464 3972 519.)

302 3990 613 4059 (Posthanc
633 3991 918 4061 epistolam
948 3995 1001 4048 in
1019 3995 1338 4053 collectione
1368 3998 1626 4052 Avellana
1655 3999 1822 4054 altera

230 4061 346 4139 haec
373 4063 615 4139 succedit
655 4079 816 4139 quam
856 4079 920 4119 ex
953 4067 1156 4139 eadem
1181 4068 1502 4124 collectione
1542 4071 1828 4139 vulgarunt

229 4131 484 4187 B‘allerini
512 4131 756 4202 operis.
796 4135 1018 4201 Leonis,
1044 4145 1174 4191 tom.
1204 4139 1292 4206 lll,
1329 4155 1446 4209 pag.
1484 4141 1632 4208 166).

303 4225 610 4281 llormisda.

301 4318 437 4372 Cum
497 4334 721 4374 necesse
774 4319 937 4374 fuerit
968 4322 1171 4390 scripta
1221 4322 1440 4378 domino
1491 4324 1598 4379 ﬁlio
1640 4336 1827 4384 nostro

228 4412 656 4467 clementissimo
693 4413 924 4484 principi
952 4415 1255 4484 destinari,
1297 4417 1704 4487 amplitudinem
1739 4437 1830 4476 vc-

227 4513 398 4561 stram
422 4503 641 4559 silentio
669 4507 950 4574 praeterire
981 4508 1343 4577 nequivimus.
1389 4510 1455 4562 Et
1484 4509 1603 4564 ideo
1630 4512 1828 4566 saluta-

229 4597 394 4651 tionis
427 4595 895 4651 honoriﬁcentiam
943 4599 1340 4668 prreluquentes
1381 4614 1477 4655 eos
1507 4602 1596 4670 qui
1629 4603 1682 4657 in
1710 4618 1823 4659 rem

1483 391 1835 450 EPISTOLIE
1876 391 1965 448 ET
2002 393 2345 455 DECRETA.

1889 513 1945 570 Α
1967 509 2151 580 Magna
2189 513 2435 583 profecto
2462 521 2717 576 memoria
2741 517 3011 580 leltcitatis
3035 527 3335 583 transibitis
3357 531 3423 586 ad
3455 549 3555 604 po-

3455 423 3557 478 458

1970 611 2166 670 steros,
2199 606 2320 675 quia
2351 622 2445 663 vos
2501 611 2553 664 in
2593 611 2835 670 facienda
2882 631 3011 686 pace
3041 620 3399 679 sollicitudine
3423 641 3545 682 cer-

1969 702 2081 748 tum
2112 705 2193 751 est
2216 695 2381 754 fuisse
2409 704 2747 760 constrictos.
2783 707 3002 766 Habetis
3025 713 3164 782 apud
3206 714 3543 775 Divinitatem

1968 786 2243 856 meritum,
2270 792 2423 860 cujus
2445 793 2694 864 religioni
2714 802 3015 866 persolvitis
3038 805 3308 865 allectum.
3332 811 3551 883 Operati

1966 881 2182 950 quidem
2214 885 2346 939 estis
2395 889 2763 956 generalitatis
2812 893 3099 965 desideria,
3160 902 3255 956 sed
3287 914 3342 959 et
3369 881 3548 961 vestra

1964 973 2165 1040 pariter
2204 976 2467 1045 completa
2514 989 2640 1036 sunt
2688 993 2850 1052 vota;
2882 997 3082 1044 etcum
3115 993 3308 1048 anima:
3356 1009 3550 1054 vestrre

1964 1066 2281 1128 paraveritis
2313 1071 2614 1136 praemium,
2643 1072 2966 1134 universitas
3009 1082 3109 1136 sibi
3142 1086 3337 1151 gaudet
3374 1088 3543 1144 bene-

1963 1154 2144 1210 ﬁcium
2177 1158 2502 1228 impensum.
2552 1163 2891 1236 Quapropter
2924 1170 3101 1226 debita
3136 1174 3547 1236 honoriﬁcentia

1960 1247 2258 1305 Salutantes
2288 1251 2586 1321 hortamur,
2619 1269 2674 1312 et
2698 1261 2952 1331 petimus,
2996 1273 3053 1319 ut
3106 1267 3394 1326 vivacitate
3442 1290 3546 1344 qua

1957 1342 2160 1410 quietis
2189 1346 2570 1405 ecclesiasticae
2597 1353 2838 1422 cmpistis
2869 1357 3099 1428 initium,
3133 1369 3432 1432 procurelis
3460 1342 3545 1422 ef-

1955 1435 2152 1492 fectum
2179 1457 2193 1505 ;
2224 1448 2277 1496 et
2299 1457 2620 1514 quocunque
2646 1452 3007 1508 contentionis
3033 1454 3263 1525 alicujus
3305 1460 3546 1516 videritis

1955 1531 2280 1588 remansisse
2320 1536 2568 1607 vestigia,
2620 1543 2823 1597 curetis
2871 1546 3045 1601 modis
3089 1550 3340 1604 omnibus
3395 1554 3542 1607 inse-

1953 1625 2187 1692 quenda.
2242 1628 2442 1684 Adeste
2487 1631 2848 1690 Ecclesiarum
2893 1638 2987 1694 Dei
3030 1641 3362 1710 plenissimae
3393 1653 3543 1699 tran-

1881 1773 1884 1775 _
1951 1717 2226 1787 quillitati,
2271 1719 2503 1779 insistite
2534 1725 2731 1795 labori,
2754 1745 2910 1800 quem
2944 1732 3068 1788 ﬁdei
3099 1745 3291 1791 vestra:
3320 1753 3542 1794 munere

1949 1806 2180 1865 Domino
2224 1816 2452 1871 curastis
2489 1817 2705 1875 offerre.
2754 1820 2952 1878 Facitis
2982 1826 3148 1894 enim,
3181 1835 3238 1882 ut
3277 1831 3482 1897 majore
3510 1847 3540 1886 a

1949 1903 2102 1958 vobis
2121 1903 2313 1962 ﬁducia
2335 1910 2619 1980 exigamus
2632 1915 3042 1984 plenitudinem,
3066 1935 3198 1989 quos
3211 1923 3540 1991 gratulamur

1944 1995 2262 2053 desiderata:
2292 2001 2620 2060 dulcissima:
2660 2006 3003 2064 adunationis
3032 2011 3180 2067 initia
3211 2015 3382 2068 votiva
3417 2016 3538 2069 fun-

1944 2088 2122 2147 dasse.
2151 2093 2280 2147 Data
2309 2098 2533 2153 consule
2554 2104 2924 2171 suprascripto
2949 2106 3113 2174 (anno
3139 2107 3350 2162 Domini
3380 2108 3531 2180 5l9).

2447 2213 2780 2271 EPISTOLA
2812 2216 3040 2272 XLVIII.

2401 2345 2469 2384 AD
2506 2347 2764 2386 ιυιιΑΝΑΜ
2815 2349 3049 2388 ANICIAM.

2375 2443 2565 2498 Eadem
2605 2464 2718 2516 qure
2748 2449 2798 2501 in
2828 2453 3090 2519 superiore

2015 2555 2298 2613 llormisda
2320 2559 2546 2616 Julianae
2584 2563 2807 2622 Anieiae.

2013 2647 2231 2705 Litteris
2259 2655 2622 2723 amplitudinis
2652 2669 2842 2713 vestra:
2871 2661 3161 2731 perceptis,
3195 2667 3393 2734 gratias
3425 2668 3533 2726 Deo

1944 2751 2130 2794 nostro
2149 2745 2214 2798 de
2231 2746 2513 2801 catholica
2531 2749 2654 2804 fidei
2681 2752 3132 2824 rediutegratione
3152 2760 3530 2830 persolvimus;

1942 2845 2191 2905 optantes
2221 2849 2276 2892 ut
2308 2841 2422 2909 ipse
2450 2845 2644 2898 vestris
2675 2847 2946 2912 sensibus,
2973 2865 3069 2917 pro
3107 2852 3362 2922 religione
3410 2871 3527 2924 sua,

1941 2930 2082 2998 quod
2114 2933 2380 2987 concessit
2411 2935 2564 3005 longa
2589 2945 2748 2992 mtate
2798 2955 3119 2997 conservare
3143 2945 3394 3014 dignetur
3414 2957 3530 3003 stu-

1940 3021 2087 3076 dium
2117 3041 2127 3075 :
2157 3033 2213 3077 ut
2241 3027 2380 3080 sicut
2409 3042 2690 3096 personam
2723 3041 2956 3087 vestram
2992 3035 3286 3105 imperialis
3309 3043 3532 3110 sangui~

1940 3114 2024 3168 nis
2076 3132 2208 3172 vena
2242 3119 2511 3185 nobilitat,
2564 3122 2636 3175 ita
2683 3126 3032 3180 conscientiae
3073 3127 3338 3185 bonorum
3371 3134 3532 3188 meri-

1940 3217 2114 3264 torum
2149 3210 2266 3266 luce
2293 3213 2631 3284 praefulgent.
2667 3216 2820 3271 Unde
2854 3217 3150 3276 salutantes
3178 3223 3323 3277 cultu
3366 3233 3528 3294 atque

1940 3299 2347 3356 honoriﬁcentia
2406 3309 2752 3376 competenti,
2793 3313 3064 3378 poscimus
3116 3322 3173 3366 ut
3218 3314 3268 3367 in
3318 3330 3383 3368 eo
3424 3332 3529 3385 quo

1937 3394 2174 3462 caepistis
2209 3410 2523 3462 permanere
2556 3401 2830 3469 proposito
2859 3402 3122 3470 debeatis,
3155 3414 3208 3458 et
3237 3404 3367 3460 dare
3397 3422 3527 3476 ope-

1937 3503 2071 3549 ram.
2102 3497 2160 3542 ut
2183 3489 2250 3543 ad
2275 3489 2520 3545 effectum
2552 3502 2774 3547 conatus
2821 3503 2980 3549 tanta:
3008 3510 3184 3550 causze
3217 3499 3513 3567 perveniat,

1935 3603 2002 3643 ne
2023 3590 2237 3659 aliquod
2271 3592 2322 3645 in
2356 3602 2628 3662 posterum
2654 3602 2837 3650 semen
2873 3596 3031 3666 hujus
3065 3599 3187 3653 mali
3220 3611 3520 3666 remaneat,

1935 3689 2074 3744 unde
2106 3691 2328 3760 posthac
2371 3694 2469 3747 sub
2516 3695 2755 3762 qualibet
2796 3700 3081 3754 occasione
3123 3702 3369 3757 inimicus
3400 3705 3519 3773 qui-

1935 3792 2062 3850 libet
2096 3794 2215 3851 ﬁdei
2242 3797 2537 3884 revirescat
2567 3798 2732 3863 (anno
2767 3799 2978 3854 Domini
3007 3803 3166 3873 519).

2446 3929 2774 3986 EPISTULA
2833 3933 3018 3988 XLIX.

2514 4064 2578 4100 an
2603 4050 2954 4104 ANASTA'SIAII.

2333 4159 2527 4213 Eadem
2552 4177 2667 4231 quin
2695 4162 2744 4214 in
2783 4164 3037 4234 super-imi

2005 4273 2289 4328 llormisda
2317 4275 2634 4331 Anastasiae.

2003 4378 2290 4448 P05tquam
2328 4380 2467 4434 Deus
2511 4390 2694 4435 noster
2742 4381 2999 4436 Ecclesia)
3053 4397 3163 4436 sua:
3199 4385 3436 4446 membra
3471 4389 3521 4441 in

1935 4495 2118 4549 pacem
2156 4483 2433 4550 pristinam
2463 4483 2735 4537 redeuntis
2762 4485 3036 4548 solidat-it,
3062 4485 3148 4539 diu
3174 4503 3269 4540 vos
3301 4489 3522 4543 deside-

1932 4599 2081 4638 rasse
2124 4584 2488 4638 certamina...
2543 4581 2694 4652 Quod
2753 4589 3069 4655 provenisse
3116 4591 3429 4656 gaudentes,
3465 4600 3520 4646 et

228 4689 481 4745 destinati
514 4697 640 4743 sum,
668 4667 1134 4756 commendamus,
1162 4693 1494 4762 postulantes
1522 4667 1581 4748 in
1609 4695 1830 4754 domino
1857 4667 1909 4727 Ι)
1942 4701 2039 4740 nos
2064 4687 2278 4756 quidem
2314 4686 2678 4741 indesinenter
2697 4687 2930 4741 divinam
2964 4689 3301 4744 clementiam
3331 4692 3522 4761 depre-

227 4791 417 4835 nostro
446 4789 668 4835 auctore
714 4782 814 4836 sub
868 4795 1047 4837 vestra
1091 4784 1450 4853 dispositione
1489 4787 1743 4843 celeriter
1772 4802 1830 4846 ut

227 4872 351 4944 (leg.
373 4873 463 4942 ad)
487 4872 754 4928 destinata
779 4876 1112 4944 perveniant,
1143 4887 1198 4931 ut
1226 4878 1616 4935 sacratissimus
1631 4891 1685 4936 et
1705 4882 1831 4938 reli-

226 4968 571 5036 giosissimus
631 4970 924 5039 imperator
965 4973 1276 5027 meritorum
1339 4989 1559 5030 suorum
1597 4976 1827 5046 gloriam

225 5062 401 5131 possit
426 5061 544 5119 sine
573 5062 831 5118 dilatione
861 5079 1222 5134 cognoscere.

744 5178 1071 5234 EPISTOLA
1105 5179 1312 5236 XLVII.

839 5288 906 5325 AD
938 5287 1222 5326 POMI'EIUH.

227 5369 438 5423 Laudat
474 5370 776 5441 Pompeium
805 5374 939 5441 quod
960 5389 1012 5426 se
1032 5378 1171 5444 pacis
1192 5374 1476 5428 studiosum
1503 5376 1826 5429 ostenderit:

303 5445 542 5516 hortatur
561 5447 628 5495 ad
658 5459 866 5514 Operam
893 5446 1179 5498 navandum
1198 5486 1211 5510 ,
1243 5455 1297 5498 ut
1323 5449 1544 5516 perfecta
1577 5446 1830 5501 Ecclesia:

313 5515 662 5584 tranquillitas
690 5517 955 5568 reddatur.

307 5633 590 5707 Hormisda
627 5631 904 5701 Pompeio.

305 5730 385 5783 lta
415 5726 717 5782 devotionis
749 5733 947 5780 nostrae
985 5725 1222 5783 animum
1269 5724 1465 5795 gaudio
1517 5727 1832 5781 concordiae

231 5823 473 5878 fatemur
499 5820 807 5888 impletum,
839 5826 896 5872 ut
926 5818 1072 5891 nulla
1106 5818 1389 5874 credamus
1420 5819 1584 5874 verba
1615 5821 1831 5876 sufﬁce-

231 5933 299 5974 re
329 5914 525 5985 quibus
557 5911 682 5976 ﬁdei
730 5920 921 5967 vestrae
962 5913 1249 5981 puritatem
1280 5914 1553 5981 valeamus
1579 5915 1822 5983 explere.

545 6008 816 6070 Ρηιωι..
866 6007 1094 6068 LXIII.

1940 4803 2125 4856 camur
2154 4798 2232 4854 ut,
2262 4791 2397 4843 sicut
2430 4791 2524 4843 has
2556 4791 2705 4859 regni
2749 4791 3012 4859 primitias
3047 4791 3328 4862 gratanter
3373 4811 3523 4850 accc.

1939 4891 2037 4961 pit,
2068 4890 2138 4944 ita
2189 4890 2345 4944 ﬁdem
2396 4890 2518 4943 boni
2568 4891 2826 4960 principis
2873 4893 3016 4946 omni
3073 4908 3285 4964 semper
3311 4896 3522 4964 adjuvet

1940 4993 2310 5065 prosperitatis
2333 4992 2547 5060 alTeetu,
2574 5003 2626 5047 et
2652 5003 2756 5048 tam
2788 4995 2958 5064 ipsum
2989 4995 3144 5064 qn’am
3193 4977 3314 5051 vos'
3337 5011 3522 5050 omnes.

1941 5098 1993 5151 in
2023 5105 2365 5153 sacrosancto
2387 5096 2664 5166 religionis
2688 5112 2870 5152 amore
2887 5099 3152 5152 custodiat
3170 5140 3184 5164 ,
3213 5109 3269 5153 ut
3298 5115 3521 5165 quorum

1942 5197 2074 5252 ﬁdes
2097 5212 2335 5252 errorem
2381 5199 2629 5267 pessima:
2656 5197 3015 5255 dissensionis
3045 5200 3263 5269 abjecit,
3295 5212 3342 5254 et
3372 5211 3421 5254 tu
3453 5203 3520 5256 ita

1943 5298 1994 5352 in
2025 5298 2181 5352 terris
2211 5298 2426 5364 ﬂoreas,
2459 5305 2750 5352 ntmterna:
2788 5300 2974 5354 salutis
3004 5302 3368 5355 remuneratio
3392 5303 3519 5355 sub-

1939 5405 2214 5467 sequatur.
2246 5396 2394 5465 Nunc
2423 5399 2588 5468 igitur
2616 5413 2710 5452 vos
2755 5414 2964 5469 quoque
3018 5410 3136 5453 vota
3188 5399 3342 5453 nobis
3387 5415 3517 5453 con-

1935 5499 2186 5570 jungite,
2259 5509 2312 5553 et
2372 5501 2619 5555 omnibus
2685 5516 2711 5553 a
2771 5500 2879 5554 Deo
2930 5500 3130 5553 viribus
3196 5501 3519 5568 implorato:

1939 5611 1995 5656 ut
2019 5602 2174 5671 hujus
2219 5603 2567 5656 correctionis
2623 5593 2930 5670 exemplum
2983 5614 3170 5655 omnes
3222 5614 3516 5672 sequantur

1938 5705 2214 5768 Ecclesiae,
2236 5712 2291 5757 ut
2330 5704 2464 5758 nihil
2493 5704 2595 5757 sibi
2628 5702 2868 5757 diabolus
2898 5703 3224 5760 remansisse
3260 5707 3514 5776 gaudeat,

1935 5823 2092 5879 quem
2119 5807 2168 5859 in
2194 5814 2360 5860 totum
2395 5821 2528 5874 pene
2556 5813 2737 5858 uestra
2768 5806 3054 5860 concordia
3096 5808 3397 5877 gratulatur
3425 5827 3512 5867 ex.

1935 5914 2139 5970 clusum
2171 5910 2331 5978 (anno
2365 5908 2570 5964 Domini
2596 5907 2743 5972 519).

3050 6003 3117 6063 15
