3998 6368
492 360 588 421 ᾶὸθ

1058 462 1392 529 EPISTULA.
1440 460 1500 517 ιι,

1108 575 1174 619 ΑΙ)
1201 570 1442 613 ϐΒΑῙυἈ.

633 650 849 717 Gratum
872 652 1082 714 saltatu,
1110 648 1173 701 ab
1201 664 1361 719 eoque
1390 644 1573 719 certior
1601 641 1712 713 ﬁeri
1737 639 1801 694 de
1826 641 1935 709 ejus

1068 720 1230 775 salute
1262 718 1511 791 postulat.

561 844 636 913 (α)
669 837 951 896 llormisda
977 834 1141 893 Grato
1171 831 1287 887 viro
1313 828 1553 885 sublimi

561 911 910 990 Contristavit
957 942 1057 984 nos
1098 919 1471 994 amplitudinis
1525 924 1719 973 vestra:
1776 911 2079 978 silentium,

492 1031 613 1100 quia
637 1028 776 1083 inter
797 1021 1064 1094 quaslibet
1090 1015 1471 1083 occupationes
1502 1010 1671 1067 nostri
1699 1022 1820 1065 esse
1847 1021 1955 1061 non
1985 1004 2080 1061 de-

492 1099 683 1176 buistis
721 1118 1090 1172 immemores.
1121 1110 1186 1165 Et
1211 1108 1334 1162 ideo
1354 1121 1421 1161 ne
1444 1104 1587 1175 quod
1617 1101 1670 1157 iu
1712 1099 1860 1157 vobis
1898 1112 2085 1166 repre-

491 1214 777 1270 hendimus
828 1211 1104 1269 incurrere
1160 1201 1459 1269 videamur,
1508 1209 1732 1257 necesse
1791 1192 1889 1247 fuit
1955 1205 2084 1259 ope-

494 1322 608 1363 ram
632 1306 758 1374 styli
790 1299 1073 1373 praesentis
1102 1308 1404 1357 assumere,
1434 1304 1527 1359 per
1549 1304 1711 1359 quam
1742 1285 2084 1347 nobilitatem

495 1412 643 1457 tuam
668 1396 963 1454 honoriﬁce
997 1390 1311 1458 salutamus,
1360 1386 1695 1457 postulantes
1728 1391 1785 1437 ut
1825 1379 2085 1437 sollicito-

497 1498 677 1553 dinem
704 1500 947 1561 nostram
970 1490 1039 1545 de
1068 1488 1209 1542 bono
1234 1490 1430 1539 vestra:
1460 1477 1839 1553 prosperitatis
1862 1488 1966 1529 non
1994 1472 2090 1526 de-

495 1589 686 1647 sinatis
712 1588 927 1641 eflicere
951 1582 1264 1643 certiorem,
1289 1574 1412 1645 quia
1464 1567 1853 1629 incdumitatis
1897 1572 2089 1623 vestrae

496 1683 638 1739 bona
666 1677 994 1749 quibuslibet
1022 1672 1237 1729 indiciis
1264 1669 1378 1724 Deo
1407 1675 1596 1721 nostro
1626 1662 1872 1732 cupimus
1898 1655 2085 1731 ρι’ουὶ-

497 1780 668 1834 tiante
696 1788 1042 1845 cognoscere.

1062 1859 1395 1918 EPISTULA
1421 1857 1507 1912 Ll.

853 1975 922 2013 AD
949 1972 1116 2011 OINES
1144 1964 1423 2008 EPISCOPOS
1448 1961 1727 2004 IIISPANIE.

497 2052 531 2121 Ι
534 2056 714 2111 cannis
743 2044 1297 2121 Constantinoyrolitmti
1309 2040 1543 2121 _episc0pi
1563 2036 1937 2121 professionem
1949 2034 2089 2115 ,αἰνί-

568 2106 899 2198 ξιὶἷξργοριει·
928 2106 1198 2198 orientales
1239 2106 1506 2194 episcopos
1556 2106 1837 2180 (clericos),
1873 2106 1959 2175 qui
2000 2121 2088 2158 eo-

568 2184 681 2250 rum
695 2184 1117 2247 'cor'nmunionem
1139 2184 1485 2259 poposcerint.

572 2307 941 2389 Dilectissimis
974 2301 1227 2357 fratribus
1254 2293 1529 2352 universis
1561 2289 1829 2363 episcopis
1859 2304 1952 2359 per
1997 2286 2092 2343 Ili-

500 2406 742 2475 spaniam
768 2397 1076 2456 constitutis
1110 2390 1412 2449 llormisda.

574 2498 717 2551 lnter
761 2508 822 2547 ea
862 2507 981 2561 qua:
1046 2487 1249 2541 notitia:
1306 2491 1504 2536 nostra:
1555 2478 1790 2532 Joannes
1845 2474 2009 2528 frater
2040 2482 2095 2527 et

502 2591 857 2660 coepiscopus
885 2593 1067 2639 noster
1096 2580 1278 2635 studio
1329 2571 1711 2630 ecclesiastica:
1741 2568 1987 2623 utilitatis
2014 2568 2094 2620 in-

501 2681 691 2752 gessit,
732 2678 833 2733 ltoc
859 2688 1071 2745 quoque
1100 2687 1197 2742 pro
1224 2668 1415 2722 aliectu
1432 2662 1715 2719 catholica:
1737 2660 1859 2716 ﬁdei
1888 2672 1939 2741 et
1966 2674 2095 2728 apo-

499 2774 704 2829 stolica:
733 2770 877 2825 sedis
908 2765 1253 2821 veneratione
1294 2757 1596 2823 consuluit,
1638 2770 1743 2825 quo
1788 2738 1977 2807 ordine
2028 2767 2094 2805 ex

499 2868 649 2924 clero
676 2863 985 2922 Grtecorum
1031 2852 1369 2912 venientibus
1429 2850 1590 2905 tribui
1638 2848 1863 2903 deberet
1907 2856 2092 2900 sancta

500 2955 826 3022 communio,
866 2961 1081 3024 propter
1104 2960 1320 3003 causam
1343 2943 1550 2998 scilicet
1580 2939 1782 3005 Acacii,
1824 2953 1853 2991 a
1888 2937 2096 3008 praede-

499 3048 804 3105 cessorrbus
835 3041 1035 3098 nostris
1062 3055 1158 3111 pro
1180 3036 1557 3101 haereticorum
1588 3028 1967 3086 communione
2000 3028 2096 3080 da-

501 3141 692 3206 mnati,
724 3139 775 3195 in
804 3151 929 3207 qua,
968 3134 1059 3203 qui
1092 3146 1150 3185 se
1190 3130 1258 3185 ab
1293 3126 1411 3197 eius
1451 3124 1771 3192 contagione
1806 3137 1913 3175 non
1958 3119 2095 3173 divi-

1844 333 2211 397 HORMISBAE
2253 329 2462 389 PAPE

2104 452 2163 516 Α
2186 445 2445 518 poscerit,
2470 443 2534 497 ad
2566 456 2680 497 eam
2712 440 2883 511 possit
2919 435 3157 503 admitti,
3191 436 3469 491 secundum
3498 452 3641 508 quam
3682 452 3728 497 et

3634 326 3723 383 ιςο

2184 542 2250 596 de
2304 538 2548 594 Thraciae
2603 546 2656 591 et
2699 534 2956 606 Scythiin,
3007 530 3308 603 lllyricique
3360 534 3609 602 partibus,
3658 535 3730 591 vel

2190 634 2341 703 Epiri
2370 632 2594 697 veteris,
2624 629 2720 685 sed
2747 638 2800 684 et
2840 627 3137 683 secundum
3176 624 3313 699 quod
3345 625 3537 697 (quam)
3561 628 3621 682 de
3648 628 3731 699 sy-

2188 724 2272 780 ria
2306 723 2507 781 multos
2529 721 2639 791 jam
2671 728 2882 777 constat
2908 734 3033 776 esse
3061 726 3355 789 susceptos,
3384 718 3654 787 gaudentes
3679 721 3735 775 ad

2194 826 2346 873 recta
2376 815 2666 879 confluere,
2694 812 2913 867 etdevia
2944 811 3267 867 declinasse.
3291 810 3437 864 Unde
3463 823 3553 878 pro
3575 811 3737 866 subre-

2196 910 2383 980 ptione
2406 907 2744 972 mandamus,
2770 914 2825 989 ut
2841 904 3017 961 omnis
3039 917 3165 959 cura
3202 908 3260 957 et
3282 900 3568 957 sollicitudo
3590 904 3739 957 omnis

2186 1001 2454 1072 invigilet,
2489 1009 2542 1056 et
2574 1006 2631 1053 ut
2656 999 2766 1069 iam
2810 998 2985 1053 nullus
3012 997 3082 1051 sit
3111 994 3422 1066 ignorantiae
3444 994 3602 1060 locus,
3641 996 3742 1049 nul-

2188 1096 2275 1151 lus
2306 1101 2485 1149 utatur
2518 1091 2877 1162 simplicitatis
2898 1090 3248 1149 accusatione
3275 1091 3532 1158 preterita
3562 1088 3744 1159 (prate-

2199 1187 2367 1256 ritis).
2400 1184 2603 1241 Scienti
2635 1198 2860 1254 peccare
2888 1182 3193 1239 necessaria
3221 1180 3491 1238 confessio
3527 1189 3620 1235 est.
3658 1180 3746 1235 Ne-

2204 1293 2357 1335 cesse
2385 1279 2475 1349 (Et
2514 1276 2761 1345 necesse)
2799 1286 2883 1332 est
2914 1286 2971 1332 ut
2999 1289 3240 1331 errorem
3294 1274 3394 1330 sibi
3424 1274 3630 1339 scribat,
3667 1272 3748 1342 qui

2196 1381 2530 1429 monstratur
2557 1370 2820 1426 institisse
2851 1382 3021 1437 pravo
3067 1367 3272 1423 itineri.
3300 1366 3591 1421 Bonifacius
3619 1376 3749 1420 neta-

2194 1466 2312 1521 rius
2341 1473 2543 1519 sanctae
2576 1462 2830 1518 Ecclesia
2856 1461 3110 1516 Romana
3138 1471 3205 1514 en
3231 1458 3430 1514 scrinio
3446 1456 3568 1514 editi
3593 1472 3750 1512 erem-

2196 1558 2366 1629 plaria
2388 1558 2553 1613 libelli
2585 1556 2900 1626 exsequitur

2270 1657 2451 1711 Prima
2481 1656 2628 1710 salus
2658 1662 2765 1720 est,
2793 1663 2954 1708 rectm
2984 1650 3109 1706 ﬁdei
3136 1649 3376 1721 regulam
3399 1646 3753 1704 custodireeta

2206 1750 2515 1805 constitutis
2545 1748 2765 1803 Patrum
2796 1745 3100 1800 nullatenus
3126 1744 3364 1799 deviare.
3415 1742 3478 1795 Et
3520 1741 3634 1809 quia
3666 1756 3756 1796 non

2116 1846 2167 1917 Β
2193 1853 2369 1916 potest
2402 1842 2613 1897 Domini
2643 1842 2810 1895 nostri
2834 1839 2960 1894 Jesu
2987 1836 3191 1893 Christi
3218 1834 3543 1905 prmtermitti
3571 1843 3756 1888 senten-

2215 1936 2286 1990 tia
2316 1934 2579 1988 dicentis:
2617 1931 2693 1985 Tu
2722 1948 2772 1985 es
2806 1930 2997 1983 Petrus
3017 1940 3068 1982 et
3102 1944 3258 1998 super
3286 1927 3417 1979 hanc
3443 1936 3631 1994 petram
3652 1925 3761 1978 edi-

2197 2028 2361 2097 ﬁcabo
2386 2024 2676 2079 Ecclesium
2707 2038 2871 2076 inuam
2911 2019 3130 2089 (Matth.
3188 2020 3321 2087 rm),
3379 2026 3507 2083 etc.,
3530 2016 3638 2070 haec
3661 2028 3761 2083 quat

2204 2120 2349 2195 dicta
2380 2126 2506 2172 sunt
2534 2130 2712 2171 rerum
2736 2114 3030 2184 probantur
3048 2110 3335 2167 ell'ectibus
3364 2150 3378 2173 ,
3407 2110 3527 2179 quia
3563 2108 3611 2161 in
3652 2107 3765 2161 sede

2196 2212 2492 2281 apostolica
2524 2219 2673 2264 extra
2707 2208 2967 2262 maculam
3018 2219 3237 2274 semper
3284 2214 3369 2257 est
3392 2201 3643 2257 catholica
3670 2214 3765 2253 ser-

2198 2320 2318 2361 vata
2353 2307 2562 2376 religio.
2587 2305 2663 2358 De
2676 2319 2779 2371 qua
2811 2316 2907 2371 spe
2937 2310 2992 2355 et
3016 2300 3123 2355 ﬁde
3153 2297 3379 2352 minime
3422 2295 3650 2364 separari
3690 2307 3769 2347 cu-

2200 2402 2433 2469 pientes,
2461 2407 2517 2453 et
2538 2398 2751 2451 Patrum
2782 2402 3068 2463 sequentes
3089 2390 3409 2450 constituta,
3443 2383 3767 2439 anathemati-

2202 2508 2390 2549 zamus
2426 2508 2614 2547 omnes
2644 2492 2897 2553 haereses,
2928 2494 2986 2541 et
3029 2485 3303 2554 praecipue
3346 2480 3641 2535 Nestorium
3678 2477 3772 2530 bo-

2201 2590 2451 2655 reticum,
2484 2587 2569 2655 qui
2594 2583 2862 2655 quondam
2884 2576 3503 2646 Constantinopolitana
3528 2572 3622 2627 fuit
3645 2570 3772 2625 urbis

2201 2682 2509 2751 episcopus,
2542 2679 2826 2733 damnatus
2874 2676 2926 2727 in
2974 2672 3207 2727 concilio
3252 2668 3527 2739 Ephesiae
3579 2681 3608 2719 ι
3639 2665 3774 2718 beato

2202 2772 2497 2829 leestino
2531 2786 2661 2842 papa
2703 2770 2853 2825 urbis
2874 2768 3078 2834 Romae,
3104 2777 3158 2821 et
3178 2780 3209 2819 a
3234 2763 3531 2821 venerabili
3563 2756 3775 2827 riioliy-

2201 2869 2324 2923 rillo
2353 2868 2730 2923 Alexandrina
2750 2864 2985 2919 civitatis
3003 2862 3270 2916 antistite.
3302 2844 3566 2915 Simiiiter
3590 2865 3642 2910 et
3666 2868 3779 2907 ana-

2203 2963 2614 3017 thematizamus
2645 2959 2921 3030 Eutychen
2952 2964 3008 3012 et
3026 2955 3346 3009 Dioscornm
3386 2948 3778 3006 Alexandrinus

2202 3054 2255 3108 in
2286 3064 2466 3108 sancta
2522 3051 2747 3124 synodo,
2790 3063 2947 3119 quam
3003 3046 3284 3116 sequimur
3316 3053 3374 3099 et
3402 3042 3782 3110 amplectimur,

2202 3146 2633 3206 Chalcedonensi
2660 3143 2970 3211 damnatos,
3002 3154 3123 3210 qu
3153 3146 3349 3193 secuta
3401 3145 3640 3191 sanctum
3675 3144 3783 3185 ouo-

501 3233 898 3297 dunt,anostra
915 3221 1299 3280 communicare
1323 3219 1621 3272 habeantur
1646 3215 1878 3283 excepti.
1910 3212 2095 3266 Laudo
2124 3234 2173 3301 ε
2206 3244 2386 3301 omum
2418 3238 2692 3293 manu,“
2733 3236 2893 3288 ﬁdem
2924 3232 3285 3302 aWOlim
3334 3226 3665 3299 mdium.
3702 3224 3786 3278 Βο-

501 3326 836 3405 prepositum
862 3319 962 3375 viri
1000 3318 1101 3372 hoc
1151 3315 1267 3370 zelo
1324 3313 1467 3368 circa
1516 3310 1672 3365 ﬁdem
1716 3317 1769 3363 et
1798 3306 2091 3378 apostolica

502 3399 746 3475 instituta
787 3411 1062 3475 ferventis,
1106 3421 1162 3461 ut
1190 3421 1288 3462 nec
1336 3420 1429 3476 per
1474 3402 1833 3475 ignorantiam
1875 3399 2092 3469 quidem

503 3522 823 3584 quemquam
856 3518 1010 3559 cinno
1039 3501 1239 3557 erroris
1286 3498 1447 3552 alieni
1492 3502 1764 3565 pateretur
1825 3493 2091 3563 immergi.

502 3603 671 3670 Digna
696 3599 813 3652 haec
834 3611 962 3651 cura
1018 3592 1266 3647 ﬁdelibus
1290 3634 1306 3656 ,
1336 3598 1394 3645 ut
1421 3588 1651 3643 sollicito
1681 3588 1857 3641 studio
1879 3599 2095 3654 semper

504 3694 805 3762 invigilent,
836 3699 891 3746 et
918 3686 1218 3757 inculpatos
1245 3700 1304 3739 se
1331 3684 1397 3738 ab
1420 3683 1566 3737 omni
1592 3682 1941 3750 perversitate
1963 3694 2095 3734 con-

502 3794 740 3843 servent.
769 3784 887 3853 lpsa
913 3780 1153 3837 estenim
1180 3777 1301 3834 ﬁdei
1335 3777 1663 3847 innocentia,
1699 3785 1757 3829 ut
1780 3773 2089 3845 praevideat,

500 3897 570 3936 ne
594 3880 674 3935 vel
705 3892 834 3932 casu
862 3876 1037 3946 possit
1065 3888 1253 3929 errare
1284 3870 1604 3942 (praevidere
1632 3870 1718 3923 vel
1746 3882 1945 3923 cavere
1979 3882 2095 3936 pos-

500 3976 571 4029 sit
596 3971 856 4039 errores).
906 3968 1312 4023 Satisl‘acientcs
1344 3966 1501 4034 igitur
1530 3973 1584 4019 et
1616 3963 1971 4017 laudabilibus
1999 3961 2091 4015 de-

500 4065 714 4121 sideriis
734 4061 1016 4115 memorati
1039 4058 1159 4124 viri,
1185 4064 1240 4110 et
1260 4068 1531 4109 memores
1549 4054 1718 4107 nostri
1747 4054 1905 4123 (sicut
1931 4067 2091 4120 opor-

501 4159 599 4226 tet)
628 4155 814 4219 ofﬁcii,
858 4152 1177 4206 documenta
1220 4162 1446 4218 quaeque
1487 4146 1553 4201 de
1587 4145 1843 4200 Ecclesim
1874 4145 2093 4199 scriniis

502 4259 860 4314 assumentes,
889 4246 953 4300 ad
982 4244 1267 4300 concilium
1295 4251 1531 4297 vestrum
1582 4256 1679 4311 pro
1720 4239 2094 4309 generalitatis

499 4344 854 4421 instaretione
882 4341 1203 4405 direximus,
1237 4347 1294 4391 ut
1320 4351 1386 4392 ex
1436 4334 1546 4391 illis
1578 4334 1789 4404 plenius
1817 4347 1939 4403 quae
1968 4338 2095 4387 sunt

498 4446 619 4493 acta
643 4438 930 4498 discentes,
963 4433 1032 4489 ab
1053 4431 1199 4487 omni
1241 4445 1339 4485 vos
1372 4430 1672 4483 errantium
1713 4427 2094 4482 communione

502 4529 862 4604 (contagione)
911 4526 1190 4597 separetis.
1248 4524 1432 4593 Neque
1482 4523 1626 4577 enim
1663 4532 1744 4577 est
1794 4520 2094 4589 personalis

2203 3344 2463 3389 testamur
2488 3339 2544 3386 et
2567 3327 2915 3384 Timotheum
2936 3324 3288 3395 parricidam,
3322 3322 3574 3377 Alterum
3606 3329 3785 3386 cogno-

2201 3436 2405 3489 mento,
2437 3423 2754 3491 discipulum
2805 3432 3022 3489 quoque
3068 3418 3265 3486 ipsius,
3314 3424 3373 3471 et
3416 3425 3700 3483 sequacem
3744 3407 3789 3461 in

2200 3521 2452 3577 omnibus
2502 3519 2717 3573 Petrum
2766 3514 3185 3569 Alexandrinum
3244 3512 3694 3567 condemnamns.
3735 3500 3789 3557 Et

2201 3616 2363 3670 etiam
2394 3609 2913 3665 anatlicmatiaamos
2951 3606 3204 3660 Acacium
3239 3597 3792 3669 Constantinopolita-

2204 3720 2328 3760 num
2354 3702 2625 3775 quondam
2655 3702 2968 3771 episcopum
3002 3700 3070 3775 ab
3092 3698 3403 3767 apostolica
3434 3695 3564 3750 sede
3592 3692 3794 3746 damna-

2200 3810 2335 3874 tum,
2365 3810 2551 3852 eorum
2590 3793 2908 3863 compliccm
2935 3800 2989 3847 et
3025 3772 3363 3859 sequacem,
3400 3788 3490 3843 vel
3520 3787 3609 3854 qui
3638 3784 3691 3838 in
3718 3795 3796 3835 eo-

2200 3908 2319 3947 rum
2374 3890 2757 3945 communione
2806 3894 2898 3939 aut
2946 3887 3204 3939 societate
3253 3880 3677 3953 permanserint.
3710 3873 3797 3941 Qtti

2202 3982 2429 4037 Aeacius
2469 3962 2699 4050 quorum
2747 3991 2807 4032 se
2860 3976 3233 4031 communioni
3290 3975 3537 4038 miscuit,
3578 3972 3800 4037 ipsorum

2201 4074 2429 4130 similem
2473 4072 2671 4126 habere
2713 4068 2911 4125 meruit
2962 4069 3014 4122 in
3055 4067 3417 4120 damnatione
3468 4062 3797 4119 sententiam.

2199 4167 2417 4222 Petrum
2463 4163 2807 4219 nihilominus
2864 4159 3263 4215 Antioclienum
3318 4159 3648 4211 damnamus
3691 4162 3800 4204 cum

2199 4259 2523 4329 sequacibus
2577 4256 2689 4310 suis
2729 4264 2782 4308 et
2820 4253 3069 4309 omnibus
3108 4250 3533 4319 suprascriptis.
3579 4242 3803 4309 Suscipi-

2198 4366 2319 4407 mus
2345 4360 2521 4405 autem
2550 4360 2603 4403 ct
2631 4346 2921 4417 probamus
2947 4344 3203 4419 episrqlas
3243 4341 3399 4396 beati
3429 4338 3636 4395 Leonis
3666 4345 3804 4406 papae

2199 4444 2499 4504 universas,
2531 4453 2660 4500 quas
2692 4437 2760 4492 de
2791 4436 3051 4506 religione
3093 4433 3422 4488 Christiana
3468 4424 3803 4496 conscripsit,

2200 4535 2336 4589 sicut
2365 4531 2730 4603 pra-diximus,
2756 4537 3045 4599 sequentes
3080 4529 3131 4581 in
3162 4527 3433 4583 omnibus
3466 4520 3807 4596 apostolicam

500 4624 611 4680 odii
639 4638 799 4679 causa
825 4622 879 4676 in
907 4622 1100 4690 impios
1140 4629 1564 4688 transgressores
1588 4615 1729 4669 dicta
1753 4614 1887 4685 (Deo
1917 4614 2087 4683 inspi-

2194 4623 2396 4688 scdem,
2434 4630 2485 4675 et
2514 4620 2869 4690 praedicantes
2898 4618 3015 4687 ejus
3048 4617 3229 4673 omnia
3265 4616 3605 4671 constituta.
3645 4612 3706 4666 Et
3722 4621 3807 4679 per

500 4716 679 4787 rante)
710 4714 1000 4777 sententia,
1033 4714 1083 4766 in
1127 4728 1229 4781 qua
1280 4712 1496 4780 quidem
1529 4725 1691 4765 causa
1745 4724 2085 4779 nequaquam

502 4811 727 4880 (neque)
755 4823 784 4861 a
816 4804 1196 4877 praedicatione
1218 4802 1571 4865 cessavimus,
1606 4812 1660 4856 et
1701 4800 1929 4871 principi
1962 4816 2087 4870 sup-

502 4900 769 4970 plicando,
801 4906 855 4953 et
900 4896 1209 4950 sacerdotes
1254 4903 1308 4947 et
1350 4893 1573 4961 populos
1634 4890 2000 4954 admonendo,
2031 4898 2090 4944 ut

502 5001 927 5060 transgressores
953 4985 1204 5048 absoluti,
1234 4984 1301 5038 ad
1320 4995 1519 5038 rectam
1541 4998 1599 5039 se
1629 4984 1787 5039 fidem
1815 4993 1869 5038 et
1895 4982 2086 5037 affectu

506 5085 597 5137 Dei
629 5092 682 5138 et
704 5080 889 5151 iudicii
911 5080 1104 5134 timore
1129 5085 1526 5133 converterent.
1552 5076 1658 5130 Sed
1681 5075 1974 5130 obstinatio
1990 5074 2088 5129 mi.

501 5175 729 5231 serenda
758 5189 825 5229 eo
856 5171 1184 5244 perduxerat
1212 5172 1352 5233 illos,
1384 5178 1440 5223 ut
1482 5168 1640 5224 nullis
1671 5168 1845 5223 modis
1891 5169 2083 5223 πιοτιί-

505 5268 617 5323 fera
650 5281 855 5347 venena
884 5266 1189 5332 vincantur,
1215 5264 1309 5318 sed
1348 5264 1485 5317 male
1506 5264 1713 5318 semina
1753 5262 1876 5317 ﬁxis
1912 5263 1965 5318 in
1996 5263 2091 5317 de-

508 5361 672 5414 terius
703 5358 963 5427 pullulent
993 5357 1286 5412 radicibus.
1321 5356 1484 5421 Ergo,
1506 5355 2097 5425 dilectissimifrntrea,

504 5454 572 5509 ad
601 5455 777 5509 omnia
807 5460 1177 5521 competenter
1204 5452 1470 5516 instructi,
1501 5462 1715 5508 servate
1744 5466 1839 5508 vos
1886 5463 1942 5507 et
1984 5455 2089 5509 Ec-

504 5547 719 5601 clesiam
768 5548 857 5600 Dei
906 5544 1134 5615 apostoli
1181 5543 1556 5599 exhortatione
1605 5546 1911 5611 compuncti
1944 5546 2083 5617 (Act.

504 5637 619 5707 xx).
648 5640 753 5693 Nos
783 5649 960 5691 autem
996 5638 1234 5693 libellum
1281 5637 1543 5697 misimus,
1576 5637 1675 5689 sub
1720 5652 1827 5705 quo
1868 5638 1912 5691 si
1968 5640 2086 5707 quis

507 5733 934 5785 communionem
966 5742 1195 5785 vestram
1246 5731 1311 5785 de
1343 5730 1704 5785 orientalibus
1735 5730 1947 5786 clericis
1991 5746 2084 5801 po-

2194 4719 2371 4774 omnia
2401 4729 2583 4785 spero,
2612 4723 2671 4767 ut
2693 4712 2744 4766 in
2767 4726 2868 4765 una
2898 4711 3291 4765 communione
3316 4708 3633 4772 vobiscum,
3664 4717 3808 4777 quant

2193 4811 2351 4867 sedes
2406 4807 2694 4878 apostolica
2726 4804 3021 4874 praedicat,
3048 4818 3168 4859 esse
3218 4819 3476 4874 merear,
3515 4804 3569 4856 in
3602 4816 3701 4871 qua
3740 4804 3812 4851 est

2195 4903 2399 4971 integra
2425 4909 2477 4953 et
2511 4913 2635 4953 vera
2670 4895 2989 4951 Christiana:
3019 4895 3303 4965 religionis
3370 4903 3431 4949 et
3466 4894 3701 4965 perfecta
3736 4903 3811 4942 so-

2194 4992 2415 5049 liditas:
2449 4991 2769 5061 promittens
2794 4988 2847 5042 in
2871 4987 3114 5057 sequenti
3156 4997 3420 5056 tempore
3454 4993 3813 5057 sequestratos

2195 5102 2223 5140 a
2256 5086 2635 5141 communione
2668 5081 2924 5137 Ecclesiae
2956 5096 3017 5134 ca
3047 5078 3261 5145 holicaa,
3314 5079 3373 5133 id
3425 5092 3515 5135 est
3558 5094 3664 5133 non
3694 5089 3811 5129 con-

2194 5183 2488 5235 sentientes
2520 5178 2633 5233 sedi
2665 5176 2925 5245 apostolic
2946 5192 2998 5240 ρ,
3035 5188 3225 5227 eorum
3282 5174 3520 5227 nomina
3570 5174 3711 5226 inter
3736 5182 3815 5220 sa-

2195 5286 2284 5327 cra
2312 5288 2419 5325 non
2448 5270 2719 5325 recitando
2748 5281 2868 5323 eSSe
2898 5268 3174 5338 mysteria.
3205 5266 3379 5331 Quod
3423 5267 3471 5320 si
3505 5266 3564 5319 in
3592 5263 3766 5333 aliquo
3790 5272 3814 5311 a

2199 5381 2314 5420 mea
2343 5364 2673 5435 professione
2696 5361 2914 5417 deviare
2941 5368 3238 5421 tentavero,
3274 5359 3368 5411 his
3394 5374 3546 5427 quos
3577 5349 3814 5410 damnavi

2198 5459 2512 5527 compliccm
2547 5473 2629 5510 me
2675 5471 2791 5509 mea
2838 5453 2988 5523 (hac)
3032 5451 3303 5507 sententia
3359 5467 3493 5507 esse
3549 5451 3815 5521 proﬁteor.

2191 5552 2341 5607 Hanc
2370 5560 2545 5604 autem
2579 5548 2967 5617 professionem
2991 5563 3163 5601 meam
3194 5560 3301 5614 ego
3338 5562 3520 5601 manu
3554 5560 3676 5601 mea
3706 5542 3819 5597 sub-

2191 5645 2403 5713 scripsi,
2438 5653 2491 5697 et
2522 5644 2617 5696 tibi
2654 5642 2951 5695 Ilnrtnisdte
2980 5650 3167 5696 sancto
3192 5653 3256 5693 ac
3311 5640 3632 5695 venerabili
3677 5646 3820 5708 νίψω

2193 5739 2337 5790 urbis
2374 5742 2553 5790 liontaa
2589 5735 2785 5789 direxi.

580 5890 659 5962 (α)
690 5892 745 5945 In
769 5890 1092 5946 Collectionc
1120 5890 1369 5945 Atellana
1414 5889 1545 5945 Cod.
1594 5887 1760 5944 Vatic.
1792 5889 1925 5947 4061
1962 5892 2067 5949 iste
2095 5891 2279 5950 titulus
2309 5905 2385 5948 ενι
2415 5894 2747 5948 enuntiatur:
2784 5890 2942 5945 Grato
2973 5892 3024 5944 in
3059 5890 3094 5944 ι.
3133 5888 3459 5944 Hormisda.
