3998 6368
289 354 384 418 661

826 476 1157 544 EPISTULA
1207 487 1312 561 LII.

522 597 590 637 AD
628 596 911 637 GERIIANUH
951 594 1303 641 ειτειιοδρυε
1358 591 1611 631 LEGATOS.

296 672 459 728 Monet
499 680 554 725 ut
598 688 713 725 cum
752 674 1052 740 imperatore
1091 674 1297 740 ejusque
1324 672 1541 739 conjuge
1575 675 1754 740 agant,
1794 675 1861 740 Aut

357 758 526 796 omnes
552 737 1097 810 Ecclesiaz,prwcipue
1111 737 1228 792 itero
1248 737 1594 792 Alexandrina
1615 749 1658 791 et
1683 737 1862 789 Antio-

356 816 536 878 chena,
559 816 627 865 ad
647 814 1084 882 apostoliccsettis
1112 826 1520 864 communionem
1545 818 1861 863 revocentur.

359 907 639 961 llormisda
670 906 939 962 Germano
966 914 1021 959 et
1062 904 1251 958 Joanni
1280 904 1571 972 episcopis,
1620 900 1785 956 Felici
1812 906 1868 952 et

294 1001 544 1055 Dioscoro
564 999 824 1063 diaconis,
852 1006 908 1053 et
935 996 1139 1052 Blando
1168 996 1509 1064 presbytero.

361 1091 432 1145 De
453 1089 537 1143 bis
566 1105 684 1158 qua:
725 1099 843 1144 acta
874 1088 1111 1144 caritatis
1148 1096 1341 1142 vestra:
1370 1087 1567 1141 relatio
1617 1098 1871 1153 compre-

292 1184 488 1249 hcndit,
547 1184 745 1252 gratias
777 1183 885 1237 Deo
916 1192 1101 1237 nostro
1150 1181 1455 1245 referimus,
1488 1178 1578 1248 qui
1629 1179 1869 1232 laborem

292 1285 524 1345 vestrum
568 1276 755 1345 iuvare
793 1274 1039 1345 dignatus
1077 1282 1181 1337 est,
1214 1283 1269 1327 et
1324 1272 1605 1325 hortamur
1653 1278 1713 1323 ut
1763 1268 1874 1323 cle-

293 1369 630 1423 mentissimo
680 1367 903 1435 principi
936 1375 998 1421 et
1044 1365 1298 1435 piissimae
1354 1364 1607 1433 Augustae
1660 1360 1876 1429 conjugi

291 1461 401 1529 ejus
429 1461 623 1514 officiis
679 1460 961 1514 imminere
1002 1454 1434 1525 competentibus
1479 1454 1758 1518 debeatis,
1818 1460 1876 1506 et

292 1570 466 1623 agere,
499 1542 797 1607 auxiliante
814 1550 1030 1605 Christo
1069 1559 1254 1604 nostro
1284 1548 1553 1603 universis
1573 1546 1673 1600 sub
1701 1545 1878 1599 eccle-

292 1647 504 1701 siastica
536 1644 912 1701 observatione
950 1643 1249 1713 dispositis,
1283 1650 1339 1695 ut
1367 1654 1555 1696 omnes
1595 1638 1873 1699 Ecclesiae,

293 1757 408 1810 qua
437 1743 489 1795 in
512 1739 748 1809 qualibet
774 1738 955 1793 mundi
978 1750 1129 1807 parte
1154 1744 1277 1790 sum
1296 1722 1519 1804 positae,
1544 1733 1610 1789 ad
1637 1747 1880 1788 commu-

1486 350 1843 409 EPISTOLE
1885 348 1978 407 ET
2016 349 2332 408 DECRETA
2345 393 2359 410 .

1896 463 1951 522 Α
1976 474 2357 529 qurereremus,
2393 468 2446 515 et
2472 460 2571 515 hoc
2594 460 2910 518 deliberatio
2938 472 3117 519 nostra
3150 462 3215 518 de
3242 464 3544 533 supradicto

3444 356 3548 413 «£62

1975 550 2204 603 diacono
2232 550 2521 618 probabilis
2566 552 2788 619 invenit,
2831 564 2889 607 ut
2931 571 3025 624 per
3072 556 3429 611 testimonium
3474 557 3543 611 li-

1966 640 2093 695 belli
2120 642 2485 697 communioni
2522 644 2799 699 catholica:
2827 647 3166 716 iungeretur;
3196 663 3350 717 quem
3385 651 3544 707 libel-

1970 726 2076 784 lum
2106 730 2417 785 solemniter
2446 734 2703 801 oblatum,
2736 744 2789 789 et
2826 747 3026 791 nostra:
3062 737 3373 794 oll‘crentem
3404 757 3520 797 com

1970 822 2209 876 munioni
2235 822 2596 891 signiﬁcamus
2619 826 2945 894 atljunctutn.
2977 828 3101 882 [tata
3123 831 3342 887 consule
3364 847 3548 902 supra:

1972 914 2174 982 scripto
2204 915 2375 983 (anno
2403 916 2608 970 Domini
2635 916 2793 987 519).

2510 1010 2843 1068 EPISTULA
2886 1010 3019 1067 LIV.

2574 1120 2638 1157 Αἰ)
2666 1119 2901 1157 εωιυει.

1978 1188 2179 1242 Laudat
2202 1192 2311 1261 q’us
2334 1194 2397 1244 de
2408 1193 2663 1270 ﬁrmando
2680 1214 2813 1270 pace
2843 1198 3251 1255 sollicitudinem.
3279 1203 3358 1255 Ad
3387 1206 3552 1270 impe-

2050 1274 2272 1335 r_atorcnt
2320 1280 2372 1316 se
2420 1263 2617 1318 litteras
2652 1263 2915 1335 daturum,
2946 1280 3001 1323 ut
3048 1288 3159 1324 eum
3188 1263 3553 1329 Alexandrinas

2051 1330 2294 1386 Ecclesia:
2331 1337 2711 1403 prw/iciendum
2764 1330 2923 1394 curet.
2970 1342 3220 1395 Thomam
3245 1355 3289 1396 et
3335 1346 3466 1401 alios
3505 1351 3554 1400 ei

2050 1404 2386 1485 commendat,
2431 1418 2477 1485 et
2509 1408 2742 1485 hortatur
2772 1426 2833 1485 ne
2877 1428 2970 1481 pro
2998 1414 3189 1467 reditus
3234 1414 3558 1485 festinatione

2053 1476 2329 1542 quidquam
2352 1476 2707 1546 indispositum
2737 1476 3009 1551 relinquat.

2056 1567 2340 1623 Hortnisda
2373 1569 2627 1626 Dioscoro
2653 1572 2899 1629 diacono.

2058 1661 2131 1714 De
2162 1662 2358 1716 laboris
2397 1665 2466 1716 tui
2499 1665 2732 1735 quidem,
2764 1683 2919 1737 quem
2950 1669 3043 1723 Dei
3073 1672 3451 1740 omnipotentis
3474 1677 3559 1745 ju-

1985 1754 2197 1805 vatnine
2217 1754 2520 1821 suscepisti,
2550 1770 2645 1823 pro
2676 1771 2736 1810 ea
2768 1771 2917 1826 parte
2948 1775 3065 1829 qua:
3093 1771 3207 1815 acta
3247 1773 3347 1830 θμι,
3380 1777 3558 1835 gratu-

294 1836 505 1890 niouem
528 1834 675 1890 sedis
704 1833 1007 1901 apostolica
1032 1842 1378 1886 revocentur.
1408 1829 1485 1882 De
1506 1827 1866 1883 Aiexandrina

1994 1844 2159 1896 lantur
2178 1843 2399 1908 effectu;
2425 1844 2720 1901 indicantes
2743 1851 2991 1903 omnibus
3015 1852 3171 1905 Italia:
3186 1827 3408 1923 populis
3440 1872 3559 1927 qua:

294 1944 418 1984 vero
446 1938 609 1999 atque
637 1927 971 1981 Antiocbena
1002 1925 1254 1980 Ecclesiis
1292 1923 1531 1979 Iaborate
1577 1933 1633 1977 ut
1678 1931 1878 1976 nostra:

297 2023 417 2077 ﬁdei
442 2023 541 2077 sub
570 2022 947 2077 observatione
976 2020 1281 2075 rationabili
1306 2026 1723 2077 consectantur,
1750 2014 1876 2085 quia

296 2124 455 2169 tanta:
510 2116 593 2169 rei
649 2113 934 2184 perfectio,
990 2121 1096 2165 tam
1150 2110 1579 2166 clementissimo
1629 2106 1874 2175 principi,

298 2221 455 2274 quam
483 2206 659 2271 vobis,
687 2207 914 2277 gratiam
955 2203 1149 2259 divina
1199 2202 1592 2272 propitiationis
1633 2198 1876 2269 acquirit.

303 2299 427 2352 Data
459 2278 750 2353 Eutharico
778 2298 893 2351 viro
946 2293 1247 2351 clarissimo
1284 2293 1508 2348 consule
1556 2292 1723 2356 (anno
1778 2291 1879 2344 Do-

303 2392 427 2447 mini
454 2390 606 2461 5l9).

848 2458 1174 2516 EPISTOLA
1203 2457 1331 2513 LIII.

724 2568 790 2606 Αι)
835 2567 882 2605 Dl
890 2566 1126 2606 OSCORUII
1167 2562 1387 2603 DIACO-NU
1398 2562 1429 2598 Μ
1441 2585 1451 2595 .

312 2645 373 2698 Ut
424 2644 603 2716 cogitet
647 2646 900 2715 quomodo
948 2645 986 2698 ii
1030 2645 1115 2708 qui
1157 2642 1565 2716 Chalcedonensis
1598 2639 1882 2716 concilium

372 2710 560 2782 scripto
606 2710 991 2781 damnaverant,
1024 2725 1071 2767 et
1100 2714 1167 2767 ad
1193 2712 1473 2782 Ecclesium
1518 2711 1682 2763 redire
1708 2710 1882 2782 cupie-

372 2780 509 2850 battt,
542 2787 821 2855 rccipiendi
846 2780 1261 2849 sint.Thomam,
1284 2780 1629 2835 Nicostratum
1654 2790 1700 2834 et
1718 2780 1883 2832 Joan-

382 2874 492 2911 nem
519 2859 782 2927 episwpos
802 2858 849 2911 ei
879 2858 1217 2911 commendat.

382 2949 658 3003 Hormisda
691 2949 946 3005 Dioscoro
975 2949 1219 3004 diacono.

382 3042 452 3095 De
480 3041 682 3096 laboris
716 3043 813 3108 tui,
842 3056 1000 3111 quem
1031 3056 1151 3095 cum
1183 3040 1279 3097 Dei
1302 3038 1690 3109 omnipotentis
1726 3036 1883 3106 juva-

314 3135 449 3189 mine
477 3134 781 3203 suscepisti,
814 3149 912 3203 pro
941 3148 1003 3188 ea
1042 3142 1200 3204 parte
1229 3150 1346 3204 quae
1375 3143 1490 3187 acta
1519 3140 1621 3197 est,
1649 3128 1886 3201 gratula-

313 3239 424 3276 mur
451 3221 681 3288 eﬂ‘ectu;
723 3231 776 3276 et
806 3221 1111 3278 indicamus
1142 3233 1197 3277 ut
1236 3220 1681 3292 quemadmodum
1730 3234 1883 3273 revo-
1909 3210 1958 3273 (Ζ

314 3314 461 3367 candi
490 3322 614 3368 sunt
635 3312 688 3366 hi
741 3314 833 3381 qui
863 3327 928 3366 ex
958 3313 1157 3382 scripto
1182 3310 1633 3367 Chalcedonensis
1671 3308 1883 3363 concilii

310 3406 596 3459 constituta
652 3404 1041 3460 damnaverunt
1095 3402 1291 3458 debeas
1337 3404 1593 3472 cogitare.
1640 3400 1883 3454 Forsitan

310 3496 440 3552 tales
472 3512 577 3551 non
605 3495 958 3563 schismatici,
983 3495 1075 3551 sed
1116 3498 1283 3566 magis
1314 3495 1549 3548 haeretici
1584 3493 1883 3547 vidcantur.

309 3589 387 3643 An
412 3596 560 3643 certe
589 3600 692 3641 una
726 3588 792 3642 sit
842 3602 1003 3641 causa
1040 3596 1143 3639 tam
1173 3601 1356 3639 eorum
1404 3585 1492 3654 qui
1545 3583 1885 3637 sermonibus

309 3694 463 3749 quam
519 3692 706 3733 eorum
761 3694 846 3747 qut
901 3673 1287 3731 convincuntur
1342 3678 1541 3743 scripto
1581 3675 1885 3738 damnasse,

309 3772 425 3840 quia
463 3784 559 3839 per
595 3769 730 3823 hanc
777 3769 1083 3821 distantiam
1144 3767 1280 3821 filius
1324 3776 1503 3820 noster
1534 3766 1613 3818 vir
1664 3764 1887 3818 illu5tris

310 3861 533 3916 Albinus
560 3859 846 3930 religiosus
877 3858 1086 3913 videtur
1113 3857 1287 3911 facere
1311 3858 1677 3925 qua‘stionem,
1711 3864 1764 3908 et
1794 3869 1887 3907 co-

310 3959 410 4027 gita
442 3967 621 4012 utrum
655 3968 707 4011 et
734 3955 1033 4010 scribentes
1079 3964 1263 4007 contra
1297 3950 1733 4006 Cltalcedonense
1762 3963 1888 4001 con-

310 4052 509 4115 cilium,
542 4066 636 4121 per
669 4051 817 4104 illum
846 4050 1150 4119 generalem
1184 4047 1418 4101 libellum
1449 4055 1646 4098 tantum
1688 4042 1887 4111 suscipi

310 4144 561 4211 debeant,
586 4158 651 4197 an
678 4152 825 4197 certe
846 4141 1044 4209 aliquid
1086 4141 1313 4208 amplius
1336 4138 1600 4193 addicere.
1628 4137 1703 4191 De
1734 4136 1891 4189 Alex-

311 4239 533 4290 andrina
579 4245 632 4288 et
680 4234 1011 4288 Antiochena
1045 4231 1301 4285 Ecclesiis
1331 4231 1519 4282 solatio
1572 4229 1664 4281 Dei
1718 4227 1888 4281 nostri

311 4328 521 4397 adjutus
553 4326 781 4389 enitere,
806 4336 862 4379 ut
898 4326 1145 4378 omnibus
1176 4334 1319 4377 recte
1352 4320 1622 4391 dispositis
1651 4337 1891 4374 commu-

310 4420 458 4472 nioni
490 4418 773 4471 catholica:
801 4417 1091 4469 sociemur.
1121 4414 1339 4468 Thomm
1388 4428 1601 4483 quoque
1648 4424 1700 4466 et
1741 4412 1892 4467 Nico-

308 4511 459 4565 strati
486 4508 711 4563 fratrum
740 4516 792 4562 et
821 4507 1259 4576 coepiscoporum
1293 4514 1596 4559 nostrorum
1633 4505 1889 4557 observa-

1984 1945 2203 1988 aactore
2233 1935 2344 1989 Deo
2372 1940 2390 1959 ⁹
2421 1938 2541 2005 (per
2572 1946 2622 1992 te
2648 1948 2763 1993 acta
2793 1950 2917 1993 sunt
2958 1942 3253 2009 placuisse;
3282 1955 3335 1998 ct
3360 1948 3557 2015 gratias

1984 2023 2123 2092 Deo)
2145 2034 2329 2079 nostro
2367 2027 2483 2081 sine
2510 2031 2814 2085 cessatione
2844 2034 3213 2103 persolvimus,
3246 2037 3334 2106 qui
3363 2046 3413 2093 te
3434 2039 3560 2095 fecit

1983 2130 2296 2185 agnoscere,
2320 2118 2447 2186 quia
2475 2133 2578 2172 non
2613 2135 2709 2188 pro
2733 2120 2879 2185 odio.
2916 2124 3010 2177 sed
3060 2139 3157 2194 pro
3187 2140 3359 2182 causa:
3389 2132 3561 2199 magis

1983 2208 2150 2264 fueris
2179 2210 2527 2279 amplitudine
2553 2213 2870 2270 destinatus.
2898 2214 3050 2272 Unde
3076 2220 3326 2288 quoniam
3358 2222 3561 2292 suppli-

1986 2314 2102 2354 cem
2130 2312 2183 2355 et
2216 2316 2402 2370 puram
2429 2303 2805 2371 cogitationem
2841 2318 3074 2363 nostram
3119 2325 3214 2380 per
3259 2323 3310 2367 te
3350 2315 3559 2371 miseri-

1985 2393 2167 2447 cordia
2195 2394 2392 2449 divina
2446 2396 2837 2464 propitiationis
2868 2399 3089 2468 adjuvit,
3139 2417 3362 2458 necesse
3390 2414 3470 2459 est
3503 2413 3564 2461 ut

1986 2484 2056 2538 de
2082 2484 2355 2539 industriae
2384 2487 2470 2540 vel
2502 2487 2825 2557 fatigationis
2854 2498 2959 2543 tute
2984 2495 3202 2561 prmio
3244 2502 3299 2549 et
3350 2496 3559 2567 vicissi-

1986 2576 2172 2628 tudine
2215 2574 2531 2644 cogitemus.
2592 2579 2722 2632 Nam
2761 2584 3006 2649 sequenti
3056 2592 3295 2653 tempore
3328 2588 3565 2646 scribere

1989 2668 2209 2722 domino
2236 2679 2290 2721 et
2321 2670 2429 2722 tilio
2456 2680 2640 2725 nostro
2674 2675 2979 2742 imperatori
3026 2675 3360 2746 disponimus
3403 2691 3458 2735 ut
3515 2690 3567 2737 te

1990 2760 2410 2815 Alexandrinum
2427 2765 2735 2830 episcOpum
2760 2765 2949 2819 debeat
2969 2768 3461 2825 ordinachustum
3484 2783 3567 2828 est

1991 2854 2134 2907 enim
2168 2868 2313 2909 utea
2338 2856 2579 2909 doctrina
2628 2866 2681 2910 et
2739 2859 3102 2915 moderatione
3152 2871 3238 2915 tua
3264 2866 3565 2933 corrigatur

1991 2946 2255 3014 Ecclesia,
2283 2950 2333 3002 in
2365 2964 2467 3016 qua
2497 2949 2765 3018 prtecipue
2792 2952 2859 3004 ab
2900 2952 3028 3020 ipsis
3053 2955 3226 3009 aetatis
3270 2966 3377 3010 tute
3418 2958 3566 3025 priu-

1990 3042 2146 3110 cipiis
2174 3042 2411 3096 militasti
2438 3059 2453 3107 ;
2486 3058 2609 3097 nam
2639 3043 2910 3113 displicuit
2944 3046 3095 3099 nobis
3123 3048 3262 3115 quod
3289 3048 3566 3104 caritatem

1994 3145 2139 3189 tuam
2170 3137 2531 3204 amplissimus
2558 3138 2850 3204 imperator
2878 3134 3227 3193 Antiocheam
3261 3154 3569 3209 praeponere

1992 3229 2267 3283 nitebatur
2298 3230 2572 3284 Ecclesia.
2604 3231 2791 3284 Melius
2818 3232 2960 3284 enim
2994 3231 3043 3283 in
3069 3231 3188 3284 solo
3223 3234 3405 3299 patrias
3436 3236 3569 3290 tanti

1993 3324 2226 3392 accipies
2249 3323 2535 3377 sacerdotii
2586 3322 2921 3391 dignitatem,
2952 3333 3008 3377 ut
3036 3324 3315 3395 Egyptios
3347 3328 3581 3397 populos

1992 3414 2210 3478 doceas,
2237 3429 2393 3482 quam
2423 3415 2561 3468 inter
2587 3418 2772 3484 Syros,
2799 3428 2966 3471 novos
2988 3424 3041 3471 et
3068 3417 3364 3486 incognitus
3396 3418 3569 3475 homi-

1992 3521 2108 3571 nes,
2141 3507 2193 3559 in
2219 3507 2323 3559 alia
2353 3507 2496 3561 orbis
2526 3516 2677 3575 parte
2738 3510 3044 3579 progenitus
3093 3523 3274 3566 errare
3315 3510 3566 3567 videaris.

1994 3598 2036 3653 Τ
2042 3600 2214 3653 hama:
2242 3614 2455 3668 quoque
2482 3610 2536 3653 et
2560 3600 2842 3655 Nicostrati
2880 3602 3112 3655 fratrum
3145 3614 3199 3656 et
3222 3605 3568 3674 coepiscopo-

1992 3704 2111 3743 rum
2146 3701 2450 3747 nostrorum
2493 3692 2797 3745 observatio
2828 3693 2981 3761 longa
3034 3707 3131 3748 nos
3175 3696 3475 3762 contristat,
3518 3705 3571 3752 et

1993 3782 2253 3835 miramur
2280 3797 2375 3835 cur
2404 3784 2543 3851 apud
2577 3784 2903 3841 catholicum
2936 3786 3228 3855 principem
3259 3797 3419 3841 recta:
3448 3788 3570 3841 lidei

1992 3875 2240 3929 laborare
2266 3876 2547 3929 videantur
2578 3877 2837 3945 episcopi,
2886 3892 3115 3945 quorum
3167 3879 3430 3934 desideria
3483 3891 3571 3936 tua

1995 3964 2212 4020 debebit
2249 3966 2442 4020 caritas
2486 3965 2793 4030 sublevare,
2841 3968 3051 4036 agendo
3098 3979 3359 4037 quatenus
3390 3979 3569 4039 optata

1994 4055 2371 4125 consequendo
2420 4071 2619 4111 mteror
2677 4058 2918 4112 converti
2972 4061 3143 4127 possit
3190 4062 3241 4115 in
3293 4062 3565 4130 gaudium.

1994 4148 2227 4203 Jotnnes
2277 4147 2683 4218 Nicopolitanus
2732 4149 3016 4220 episcopus
3072 4167 3173 4219 per
3229 4152 3569 4211 Ammonium
3616 4200 3619 4201 ν

1995 4242 2276 4296 diaconum
2336 4242 2491 4296 nobis
2534 4242 2771 4310 scripsit,
2828 4244 2971 4311 quod
3024 4246 3072 4297 ei
3125 4244 3287 4312 aliqui
3329 4246 3571 4303 malevoli

1994 4334 2132 4400 apud
2197 4332 2487 4400 principem
2560 4334 2797 4385 nituntur
2869 4346 3128 4400 generare
3205 4334 3561 4389 calumniam:

1995 4438 2151 4492 quem
2191 4422 2466 4478 dilectioni
2517 4433 2619 4478 tua:
2664 4424 3119 4489 commendamus,
3167 4427 3465 4492 hortantes,
3519 4436 3576 4483 ut

1998 4517 2244 4572 elabores
2267 4532 2331 4570 ne
2344 4517 2466 4585 eius
2486 4517 2649 4585 quieti
2677 4516 3010 4571 inimicorum
3040 4518 3210 4587 possit
3230 4532 3423 4574 nocere
3447 4520 3575 4575 sub-

309 4607 386 4658 tio
414 4600 509 4658 ne.
542 4604 697 4671 longa
720 4602 1037 4667 contristat;
1098 4613 1151 4656 et
1187 4602 1445 4654 mitatnnr
1502 4615 1595 4653 cur
1635 4601 1772 4671 apud
1804 4616 1892 4653 ca-
1918 4588 2192 4676 Dreptio.
2218 4608 2387 4673 Quem
2411 4606 3045 4664 Ammoniumdiaconnm
3059 4608 3124 4661 ad
3156 4624 3252 4663 nos
3274 4610 3573 4667 venientem

306 4699 569 4753 thoLcum
619 4697 913 4765 principem
958 4704 1121 4749 recta:
1162 4694 1280 4748 fidei
1327 4694 1571 4748 laborare
1616 4694 1896 4747 videantur

306 4788 577 4857 episcopi,
610 4802 834 4856 quorum
853 4785 1119 4840 desideria
1150 4796 1233 4839 tua
1266 4784 1481 4839 debebit
1508 4785 1698 4839 caritas
1725 4785 1896 4839 suble

303 4896 460 4943 vare,
493 4879 701 4949 agendo
746 4888 1006 4949 quatenus
1053 4887 1229 4946 optata
1279 4877 1657 4947 consequendo
1701 4890 1899 4931 ntmror

303 4972 556 5025 converti
601 4971 770 5040 possit
816 4970 868 5022 in
916 4969 1187 5038 gaudium.
1230 4968 1463 5023 Joannes
1492 4968 1896 5037 Nicopolitanus

303 5068 602 5134 episcopus
632 5079 725 5132 per
750 5064 1095 5116 Ammonium
1135 5062 1414 5115 diaconum
1456 5062 1609 5117 nobis
1652 5062 1892 5132 scripsit,

302 5156 456 5224 quod
486 5155 535 5208 ei
567 5153 726 5221 aliqui
751 5152 996 5207 malevoli
1028 5152 1167 5220 apud
1198 5154 1490 5222 principem
1539 5154 1777 5207 nituntur
1805 5169 1896 5224 ge-

302 5261 511 5302 nerare
536 5246 853 5299 calumniam
884 5263 896 5298 :
932 5261 1088 5316 quem
1120 5246 1393 5301 dilectioni
1425 5257 1526 5301 tuae
1552 5248 1896 5302 commenda-

303 5354 461 5401 mus,
489 5339 787 5405 hortantes,
811 5350 869 5393 ut
899 5340 1144 5394 elabores
1189 5355 1255 5394 ne
1294 5338 1409 5409 ejus
1443 5339 1607 5411 quieti
1648 5340 1892 5395 inimicov

259 5505 262 5508 g
301 5447 438 5487 rum
468 5432 636 5499 possit
663 5445 855 5486 nocere
882 5432 1175 5502 subreptio.
1208 5433 1375 5499 Quem
1407 5433 1749 5489 Ammonium
1779 5434 1893 5491 dia-

302 5538 518 5576 ronutn
558 5524 625 5577 ad
682 5538 783 5578 nos
836 5526 1137 5581 venientem
1186 5526 1239 5581 in
1282 5527 1424 5581 sedis
1467 5529 1777 5597 apostolica:
1807 5542 1899 5581 no-

302 5618 522 5670 luimus
544 5612 919 5672 communione
944 5618 1239 5686 suscipere,
1281 5619 1459 5672 tandiu
1504 5620 1693 5685 donec,
1725 5620 1901 5674 habito

302 5720 448 5765 cum
480 5706 667 5778 Sergio
690 5708 914 5763 diacono
943 5717 1188 5775 tractatu,
1222 5711 1346 5780 quid
1376 5710 1611 5765 ordinari
1659 5712 1902 5767 debuerit

1972 4728 1977 4735 ~
2002 4699 2055 4753 in
2078 4699 2221 4754 sedis
2243 4698 2550 4767 apostolica:
2581 4697 2851 4752 noluimus
2881 4700 3258 4753 communione
3279 4702 3573 4770 suscipere,

2004 4793 2183 4849 tandiu
2224 4791 2432 4855 donec,
2471 4791 2651 4846 habito
2695 4806 2815 4845 cum
2845 4791 3035 4861 Sergio
3064 4792 3289 4847 diacono
3320 4801 3572 4860 tractatu,

2003 4884 2127 4953 quid
2155 4882 2394 4938 ordinari
2421 4881 2665 4936 debuerit
2696 4897 3091 4951 quaereremus;
3147 4892 3204 4937 et
3238 4885 3339 4938 hoc
3376 4884 3576 4939 delibe-

2002 4973 2137 5027 ratio
2163 4980 2345 5027 nostra
2367 4971 2431 5025 de
2461 4972 2768 5039 supradicto
2790 4972 3015 5027 diacono
3035 4973 3328 5041 probabilis
3350 4974 3574 5041 invenit,

2008 5078 2065 5123 ut
2101 5083 2198 5139 per
2243 5068 2612 5123 testimonium
2660 5068 2828 5123 libelli
2884 5069 3248 5125 communioni
3298 5069 3576 5123 catholicas

1998 5162 2339 5231 jungerelur;
2364 5176 2469 5229 quo
2489 5160 2672 5217 libello
2688 5162 3197 5218 solemniteroblato
3224 5170 3415 5215 nostrae
3443 5161 3576 5215 οπε-

2002 5265 2209 5323 rentcm
2236 5253 2600 5317 communioni
2628 5254 2990 5324 significamus
3024 5256 3359 5324 adiunctum.
3399 5253 3575 5307 Pauli-

2002 5363 2130 5405 num
2184 5345 2437 5400 Ecclesia:
2464 5344 2725 5402 Romana:
2762 5347 3095 5402 defensorem
3144 5346 3575 5400 tommendamus

2006 5448 2059 5495 et
2088 5439 2386 5505 hortamur,
2418 5448 2475 5492 ut
2497 5439 2629 5493 nihil
2667 5438 3040 5508 indispositum
3093 5452 3188 5505 pro
3239 5435 3575 5489 festinatione

2005 5531 2167 5587 vestri
2197 5532 2395 5586 reditus
2442 5531 2755 5599 relinquatis
2797 5528 2960 5599 :quia
3004 5527 3193 5581 melius
3241 5534 3427 5580 cuncta
3478 5528 3575 5581 sub

2006 5624 2306 5694 prolixitate
2338 5625 2591 5692 temporis
2620 5638 2736 5676 cum
2787 5622 2876 5673 Dei
2906 5619 3068 5674 nostri
3102 5618 3373 5687 juvaminc
3399 5617 3574 5687 dispo-

2007 5725 2223 5779 nuntur,
2250 5723 2302 5769 et
2324 5715 2521 5782 gratius
2547 5724 2648 5777 est,
2672 5720 2727 5763 ut
2753 5709 2850 5763 sub
2873 5723 3018 5764 mora
3044 5710 3280 5765 omnium
3311 5710 3572 5765 Ecclesia-

394 5827 417 5846 ⁶
448 5822 661 5879 Ansulis
693 5825 891 5881 inclusa
914 5825 1279 5895 supplevimus
1301 5841 1365 5880 ex
1392 5825 1622 5880 editione
1655 5827 1889 5883 ltomana
1914 5843 2014 5894 per
2042 5829 2296 5883 incuriam
2324 5830 2373 5879 in
2398 5826 2606 5879 Labbeo
2637 5823 2851 5875 omissa.
