3998 6368
402 296 507 352 4ῧῦ

1734 295 2101 353 ΠΟΒΜΙδΠΑΞ
2130 299 2331 356 ΡᾹΡιΕ

3567 313 3677 388 ω

402 429 519 471 rum
550 412 827 469 ordinetur
848 419 1043 479 status,
1082 426 1239 484 quam
1291 424 1416 467 cum
1447 424 1539 480 per
1585 411 1981 468 festinationem
2009 417 2062 473 Α
2164 415 2425 473 Gloriosis
2461 434 2759 476 clementia:
2781 420 2976 478 vesIe
2999 425 3270 483 laboribus
3292 428 3671 488 ecclesiasticae

402 509 609 580 aliquid
635 508 997 578 imperfectum
1028 514 1323 571 remaneat,
1355 506 1495 561 unde
1520 506 1714 562 iterum
1742 517 1798 562 et
1827 507 1980 562 labor

402 604 555 660 nobis
591 608 874 672 generetur
919 607 975 654 et.
1018 598 1217 653 nostris
1243 597 1503 653 afferatur
1550 598 1981 655 ordinationibus

401 696 706 752 difﬁcultas.
751 693 883 748 Data
933 690 1245 766 supradicto
1294 691 1516 746 consule
1561 691 1739 761 (anno
1768 690 1980 747 Domini

401 787 506 843 519
526 786 569 856 ).

950 874 1272 931 EPISTULA
1318 873 1425 928 LV.

781 987 848 1026 ΔΙ)
867 986 1086 1025 ’ΠΙΟΜΛΜ
1124 988 1190 1026 ΕΤ
1213 985 1593 1025 NICOSTRATUM.

401 1082 471 1137 Se
502 1082 564 1135 de
592 1097 765 1135 eorum
790 1084 951 1137 salute
977 1100 1083 1138 esse
1102 1082 1397 1138 sollicitum.
1430 1084 1624 1139 Joanni
1651 1094 1700 1139 et
1731 1082 1977 1140 Dioscoro

759 1170 849 1222 per
894 1156 1086 1209 litteras
1115 1172 1198 1209 eos
1222 1156 1617 1211 commendasse.

473 1244 751 1300 llormisda
784 1244 1003 1300 Tliomte
1027 1256 1083 1301 et
1112 1246 1414 1301 Nicostrate
1459 1248 1746 1318 episcopis.

474 1338 720 1391 Animum
754 1347 993 1391 nostrum
1020 1353 1114 1407 pro
1159 1339 1369 1409 negotio
1397 1349 1578 1395 vestro
1609 1340 1838 1395 otiosum
1885 1349 1977 1396 aut

400 1430 636 1486 desidem
670 1446 774 1485 non
798 1432 995 1501 putetis
1020 1474 1033 1499 ,
1062 1446 1183 1485 nam
1227 1446 1331 1486 non
1364 1432 1517 1487 aliter
1543 1432 1610 1487 de
1644 1442 1820 1488 vestra
1857 1432 1979 1487 fati-

400 1524 613 1593 gatione
641 1538 797 1594 quam
827 1522 895 1578 de
937 1524 1147 1593 propria
1178 1524 1493 1594 cogitainus.
1533 1525 1683 1579 Mena
1712 1524 1975 1594 siquidem

400 1616 657 1671 Ecclesia:
688 1626 885 1671 nostra:
915 1617 1125 1671 notario
1156 1617 1482 1681 insinuante,
1520 1617 1867 1687 cognovimus
1889 1632 1978 1672 ca-

400 1710 609 1763 ritatem
642 1718 873 1763 vestram
904 1707 1078 1763 adhuc
1105 1709 1536 1763 Observationum
1566 1709 1836 1764 molestias
1851 1724 1975 1764 sus-

2090 507 2261 575 palma
2306 511 2603 565 concordiae
2630 521 2683 566 et
2712 512 2858 567 orbis
2895 518 3064 582 pacati
3103 520 3278 572 votiva
3311 523 3670 588 tranquillitas

2086 601 2319 667 generali
2354 602 2731 669 praedicatione
2762 609 3105 674 resliotnlent.
3141 612 3269 678 Qua:
3307 629 3392 667 res
3422 626 3665 673 nostrum

2086 702 2301 757 parcum
2332 692 2505 746 reddit
2536 708 2598 747 ac
2625 694 2819 751 retinet
2844 697 2909 751 ad
2935 699 3169 766 agendas
3201 703 3400 771 gratias
3448 719 3663 760 sermo-

2086 780 2168 833 nis
2191 782 2445 838 ofﬁcium.
2462 784 2590 839 Illud
2616 795 2811 853 tamen,
2837 789 2976 858 quod
3004 806 3098 857 pro
3124 794 3273 849 vobis
3305 795 3670 855 indesinenter

2088 872 2317 929 Domino
2352 886 2540 933 nostro
2591 895 2781 948 preces
2827 882 3170 951 effundimus,
3216 904 3322 943 non
3371 897 3667 960 taceamus,

2084 966 2205 1033 quia
2236 966 2286 1019 in
2319 969 2460 1023 votis
2489 970 2726 1027 inﬁnitus
2758 973 2982 1029 aﬁ'ectus
3024 986 3124 1042 est,
3157 979 3363 1034 ﬁnitum
3406 996 3527 1037 esse
3575 998 3672 1053 po-

2084 1063 2191 1112 test
2219 1058 2271 1112 in
2302 1060 2684 1128 prmdicatione
2705 1064 2990 1133 judicium.
3027 1068 3223 1126 Verum
3248 1072 3389 1127 inter
3420 1077 3534 1131 haec
3558 1076 3672 1144 pie-

2084 1149 2209 1202 tatis
2252 1158 2446 1205 vestrae
2491 1152 2769 1221 beneﬁcia,
2800 1173 2905 1212 uno
2936 1157 3025 1231 [F.
3060 1160 3189 1233 una]
3220 1177 3339 1229 nos,
3361 1180 3479 1234 quae
3505 1168 3669 1222 etiam

2080 1240 2429 1299 vehementer
2457 1247 2623 1302 afﬁcit
2644 1288 2658 1311 ,
2699 1264 2822 1303 cura
2853 1267 2959 1306 non
2990 1252 3184 1309 deserit
3211 1299 3224 1321 ,
3262 1259 3403 1328 quod
3437 1260 3665 1329 Heliam,

2083 1332 2423 1405 Thomatem,
2447 1348 2607 1408 atque
2626 1340 2990 1398 Nicostratum
3016 1346 3207 1403 fratres
3236 1358 3289 1404 et
3314 1353 3667 1424 coepiscopos

2102 1442 2274 1495 meos,
2306 1430 2394 1499 qui
2438 1432 2593 1500 primi
2640 1434 3057 1491 ecclesiasticam
3091 1440 3279 1495 festina
3329 1446 3501 1498 secuti
3544 1456 3671 1502 sunt

2088 1518 2372 1576 devotione
2400 1524 2767 1593 concordiam,
2810 1542 2916 1582 non
2961 1529 3135 1585 solum
3170 1533 3344 1603 magni
3385 1534 3672 1593 frustratur

2079 1612 2257 1682 palma
2289 1615 2557 1687 principii,
2591 1633 2777 1675 verum
2804 1621 2965 1676 etiam
2996 1624 3118 1678 mali
3140 1626 3352 1685 miseria
3382 1629 3670 1685 comitatur

2079 1705 2331 1774 exempli.
2364 1707 2541 1774 Quare
2579 1709 2921 1767 clementiam
2968 1725 3224 1782 vestram,
3277 1718 3446 1774 mixto
3504 1722 3669 1776 etiam

400 1804 606 1859 tinere:
656 1814 709 1858 et
739 1803 859 1859 ideo
888 1802 940 1857 in
989 1803 1103 1858 istis
1153 1804 1568 1861 adversitatibus
1618 1807 1758 1863 Deus
1795 1807 1973 1861 omni—
2002 1796 2053 1859 B
2080 1797 2328 1867 precibus
2350 1799 2500 1867 ﬂeui,
2527 1801 2887 1872 deposcimus,
2940 1822 3009 1861 ne
3059 1808 3249 1878 gaudia
3293 1821 3495 1879 nostra,
3549 1830 3671 1883 qua:

400 1907 588 1966 potens
614 1896 859 1967 dignetur
875 1905 1131 1967 prmslare
1156 1897 1469 1965 remedium,
1496 1908 1603 1953 tam
1618 1899 1685 1954 ad
1715 1898 1974 1957 Joannem

400 1990 621 2044 fratrem
649 1996 705 2044 et
733 1988 1111 2058 coepiscOpum
1163 1998 1404 2045 nostrum
1434 1992 1630 2059 scripta
1662 1992 1974 2061 direximus,

399 2098 556 2153 quam
583 2081 933 2137 dilectissimo
962 2082 1069 2136 ﬁlio
1108 2090 1295 2138 nostro
1335 2084 1592 2140 Dioscoro
1618 2085 1853 2142 diacono.
1885 2104 1980 2157 per

400 2174 606 2229 litteras
635 2183 845 2228 nostras
870 2174 1216 2242 injnnxitnus,
1242 2184 1296 2229 ut
1327 2175 1544 2231 domino
1572 2186 1628 2233 et
1656 2178 1767 2233 ﬁlio
1795 2189 1979 2237 nostro

400 2264 610 2320 Justino
641 2264 869 2334 principi
913 2266 1287 2322 necessitatem
1319 2277 1373 2324 et
1400 2283 1614 2324 causam
1648 2281 1845 2327 nostra:
1893 2272 1977 2327 di-

401 2358 644 2414 lectionis
670 2356 925 2423 insinuet,
953 2365 1007 2413 et
1036 2358 1295 2415 instanter
1338 2370 1477 2430 agat,
1528 2372 1788 2431 quatenus
1830 2363 1977 2418 desi-

400 2451 565 2507 deriis
620 2451 812 2506 vestris
864 2449 1114 2506 dominus
1169 2461 1353 2508 noster
1407 2467 1699 2523 congruum
1732 2455 1981 2524 dignetur

402 2553 659 2615 praestare
687 2543 935 2600 effectum
960 2562 973 2597 :
1009 2560 1127 2600 cum
1158 2560 1265 2615 quo
1288 2546 1541 2603 Dioscoro
1568 2547 1794 2603 diacnno
1823 2547 1982 2604 debet

402 2637 547 2708 loqui
574 2646 749 2692 vestra
779 2636 1108 2703 fraternitas,
1149 2638 1273 2707 quia
1321 2653 1541 2694 necesse
1581 2648 1666 2693 est
1708 2650 1765 2694 ut
1809 2641 1981 2695 inten-

401 2730 531 2784 tioni
572 2738 783 2793 vestrae,
806 2728 889 2783 vel
918 2727 1111 2783 intuitu
1153 2729 1432 2785 catholica:
1460 2731 1853 2785 communionis
1894 2733 1976 2787 vel

400 2822 825 2878 consideratione
854 2834 1052 2876 nostrae
1089 2821 1499 2887 adhortationis,
1554 2823 1791 2879 studeat.
1845 2824 1972 2879 Data

399 2930 503 2985 quo
520 2929 678 2986 supra
706 2913 925 2970 consule
946 2914 1109 2982 (anno
1132 2912 1340 2968 Domini
1363 2914 1512 2985 519).

936 3027 1262 3084 EPISTOLA
1317 3027 1449 3083 LVI.

652 3133 718 3170 Δί)
769 3130 1004 3171 «ΙΟΛΝΝΕΙΙ
1054 3133 1118 3170 ET
1143 3134 1436 3175 DIOSCORUN
1470 3139 1726 3179 LEGA'I‘OS.

471 3212 718 3265 Thomam
738 3220 787 3265 et
821 3209 1173 3291 Nico-stratum
1196 3210 1639 3291 Cpitstaittinopoli
1674 3235 1902 3291 congruo

716 3284 909 3335 honore
927 3281 1064 3335 dolet
1093 3298 1197 3334 non
1220 3284 1378 3353 fuisse
1404 3281 1649 3357 receptos.

468 3375 749 3431 Hortnisda
774 3373 968 3430 Joanni
996 3373 1247 3445 episcopo
1269 3385 1323 3432 et
1348 3379 1603 3435 Dioscoro
1630 3384 1873 3441 diacono.

468 3469 783 3537 lleperimus
838 3466 1153 3523 Thomatem
1184 3478 1239 3524 et
1266 3468 1623 3529 Nicostratum
1683 3476 1873 3533 fratres
1921 3490 1976 3535 et

397 3562 743 3629 coepiscopos
767 3566 982 3613 nostros
1022 3558 1541 3632 Constantinopolim
1566 3583 1669 3623 non
1699 3572 1769 3624 ita
1790 3586 1975 3628 susce-

398 3662 516 3721 ptos
566 3652 726 3707 sicuti
773 3662 956 3708 nostra
1010 3652 1159 3709 fuere
1203 3656 1494 3726 desideria,
1525 3671 1578 3721 et
1608 3663 1709 3733 ipsi
1763 3681 1976 3738 semper

396 3748 652 3816 optabant
694 3764 706 3798 :
749 3760 855 3801 non
898 3746 1068 3802 solum
1093 3750 1235 3803 enim
1264 3750 1378 3807 loca
1406 3753 1487 3810 eis
1519 3755 1694 3813 debita
1726 3758 1976 3817 dicuntur

395 3840 595 3905 ablata,
637 3840 731 3894 sed
771 3855 799 3894 a
829 3844 1207 3899 communione
1251 3862 1464 3919 quoque
1491 3865 1585 3907 eos
1627 3856 1974 3924 cognovimus

395 3933 559 3987 fuisse
578 3947 890 4003 suspensos.
927 3933 1080 3999 Quod
1119 3951 1277 4006 quam
1325 3940 1520 3997 acerbe
1576 3944 1710 4000 ferat
1765 3950 1975 4007 animus

395 4032 614 4090 noster,
669 4024 828 4079 etiam
886 4024 1273 4083 fraternitatem
1339 4040 1393 4085 et
1440 4033 1778 4093 dilectionem
1830 4049 1972 4098 tuam

394 4116 665 4170 credimus
702 4116 1018 4173 aestimare:
1068 4129 1124 4174 et
1173 4122 1294 4177 ideo
1343 4136 1595 4194 quantam
1644 4130 1972 4203 diligentiam

395 4220 571 4260 causae
598 4205 790 4261 videtis
818 4209 1237 4277 magnitudinem
1266 4229 1506 4284 poscere,
1535 4228 1733 4277 tantam
1768 4240 1862 4281 vos
1891 4228 1972 4283 ef-

397 4300 630 4354 ﬁcaciam
661 4299 869 4356 debetis
897 4300 1014 4359 sine
1036 4319 1183 4359 mora
1226 4319 1485 4376 praestare
1524 4329 1538 4379 ;
1583 4324 1637 4371 et
1677 4332 1861 4389 agere,
1906 4338 1975 4379 ne

395 4404 494 4443 nos
522 4392 710 4461 magis,
741 4393 878 4462 apud
903 4410 1036 4465 quos
1074 4396 1311 4470 fuerunt,
1366 4404 1643 4464 videamur
1678 4425 1800 4467 esse
1838 4429 1973 4469 con-

396 4483 605 4550 tempti,
634 4497 755 4538 cum
781 4484 907 4551 illis,
935 4497 1120 4544 contra
1144 4506 1303 4561 quam
1331 4493 1653 4555 desiderium
1684 4518 1971 4563 commune

394 4572 599 4635 habuit,
638 4575 1011 4635 sollicitudinis
1060 4582 1305 4640 molestia
1346 4588 1506 4644 fuerit
1550 4592 1863 4653 indecenter
1892 4600 1974 4654 in-
1999 4569 2053 4629 Ῑ)

393 4665 552 4732 jecta,
586 4665 638 4719 in
666 4674 869 4722 tantum
890 4680 949 4724 ut
976 4687 1075 4728 nec
1105 4674 1172 4730 de
1217 4677 1556 4738 facultatibus
1594 4700 1781 4744 eorum
1832 4691 1973 4761 (quae

395 4755 473 4809 eis
519 4755 768 4811 dicuntur
815 4759 1011 4817 iuvasze
1041 4778 1071 4817 a
1120 4765 1286 4824 fratre
1335 4781 1389 4826 et
1429 4776 1748 4849 coepiscopo
1790 4755 1974 4841 nostro

395 4844 623 4918 Joanne)
654 4847 862 4904 dicatur
887 4851 1103 4921 aliquod
1135 4858 1468 4932 ordinatum,
1519 4844 1619 4924 nec
1644 4844 1850 4929 litteras
1872 4892 1971 4935 no-

310 4962 313 4963 ν
396 4948 554 5006 stras,
578 4950 711 5011 quas
730 4958 824 5012 per
845 4960 941 5000 eos
966 4949 1230 5019 misimus,
1249 4954 1413 5013 fuisse
1433 4973 1729 5034 susceptas.
1757 4969 1827 5023 De
1848 4972 1969 5041 qui-

395 5033 495 5088 bus
516 5035 764 5091 omnibus
794 5038 863 5093 ita
890 5055 987 5097 vos
1013 5058 1173 5115 agere
1199 5047 1567 5112 desideramus
1604 5033 1888 5133 instanter,
1919 5076 1977 5124 ut

394 5124 461 5178 ad
486 5140 584 5181 nos
604 5129 801 5186 caritas
832 5140 1006 5188 vestra
1047 5136 1116 5191 de
1141 5138 1335 5197 effectu
1382 5143 1539 5215 liujus
1578 5164 1753 5209 causae
1802 5124 1976 5215 valeat

393 5216 495 5270 sub
548 5218 821 5278 celeritate
871 5226 1186 5286 rescribere.
1223 5231 1352 5289 Data
1382 5252 1491 5307 quo
1532 5255 1695 5313 supra
1726 5250 1970 5308 consule.

396 5307 562 5375 (anno
581 5310 791 5369 Domini
823 5315 971 5387 519).

917 5403 1245 5495 EPISTULA
1292 5443 1442 5501 LVII.

845 5542 906 5578 et)
941 5542 1192 5585 JUSTINUM
1238 5552 1535 5597 AL'GUSTL'II.

470 5606 537 5661 Ut
562 5612 667 5663 suis
690 5616 889 5670 sedibus
914 5619 1134 5701 Heliam,
1166 5625 1460 5701 Thomatcm
1484 5646 1528 5688 et
1558 5635 1900 5701 Nimslralnm

918 5695 1258 5752 rcstimendos
1287 5715 1425 5755 utre?

471 5769 748 5831 linrmisda
780 5780 930 5837 Just-.i
976 5786 1229 5856 Augusto.

2081 1888 2148 1944 de
2177 1888 2550 1947 haereticorum
2568 1895 2809 1964 quotidie
2833 1899 3192 1955 conversione
3223 1904 3508 1969 priestatis,
3535 1921 3670 1973 pric-

2079 1978 2307 2035 fatorum
2326 1982 2907 2051 abjectiointoleranda
2924 1990 3233 2058 conturbet,
3265 1994 3388 2062 quia
3418 2011 3522 2050 non
3552 1998 3668 2052 sola

2082 2086 2431 2141 personarum
2448 2090 2547 2130 nos
2567 2090 2726 2133 causa
2758 2079 3035 2150 sollicitat,
3064 2083 3258 2152 quibus
3293 2095 3347 2140 et
3375 2085 3500 2142 boni
3542 2089 3669 2146 facti

2079 2164 2237 2219 simul
2264 2166 2513 2223 sufﬁcere
2534 2169 2703 2238 gloria
2732 2183 2915 2241 posset
2944 2184 2999 2229 et
3026 2176 3200 2231 meriti
3228 2194 3243 2231 :
3284 2179 3376 2235 sed
3407 2181 3550 2254 quod
3578 2199 3669 2239 ve-

2081 2261 2399 2316 nerabilium
2447 2264 2739 2319 constituta
2786 2281 3056 2323 canonum
3112 2279 3563 2339 contemnuntur,
3611 2286 3670 2331 et

2081 2351 2221 2421 quod
2265 2368 2371 2407 non
2404 2370 2621 2421 parvam
2658 2372 2845 2411 eorum
2900 2358 3132 2429 abjectio
3179 2357 3486 2432 apostolicte
3521 2368 3669 2423 sedis

2080 2445 2246 2514 tangit
2275 2445 2547 2515 injuriam,
2578 2463 2678 2503 nec
2700 2449 3114 2508 Christianitatis
3145 2464 3337 2511 vestra:
3360 2457 3667 2529 sinceritas,

2080 2550 2183 2603 qua
2223 2544 2277 2590 et
2321 2553 2569 2609 magnum
2625 2544 2979 2609 patrocinium
3031 2549 3306 2604 veteribus
3360 2554 3666 2609 constitutis

2086 2611 2412 2696 impenditis,
2449 2640 2502 2685 et
2528 2632 2671 2687 sedis
2700 2636 3009 2705 apostolica:
3031 2640 3384 2711 principatum
3417 2656 3535 2701 acta
3568 2662 3667 2703 no-

2084 2717 2216 2771 viter
2237 2723 2580 2797 veneratione
2627 2728 2872 2795 sancitis,
2905 2744 3015 2783 uno
3063 2733 3533 2807 inexpugnabilem
3576 2755 3669 2797 re-

2080 2807 2285 2880 linquat
2315 2814 2543 2881 posteris
2573 2819 2789 2886 negotio
2818 2822 3191 2890 qttieStionem.

2602 2912 2936 2989 EPISTOLA
2962 2935 3142 2993 LVIII.

2512 3039 2578 3075 ΑΙ)
2602 3040 2906 3082 EUPHEMIAM
2938 3046 3215 3088 AUGUSTAI

2027 3184 2054 3208 η
2086 3126 2365 3199 Perpetuos
2387 3150 2477 3215 mlo
2494 3132 2792 3215 Euphean
2809 3152 2855 3194 et
2881 3144 2991 3212 ejus
3018 3148 3112 3198 viri
3133 3150 3297 3203 salute
3326 3153 3394 3204 ad
3429 3152 3589 3209 Deum
3615 3175 3669 3215 se

2006 3191 2054 3246 Ε

2188 3218 2360 3267 preces
2389 3204 2674 3268 e/Inndere.
2704 3208 2750 3268 Τ
2755 3204 2965 3266 Ιιοηιᾰηι
2989 3226 3038 3270 et
3068 3218 3196 3272 alios
3216 3204 3554 3281 cli-mmeildttt.

2152 3316 2435 3373 Horntisda
2471 3320 2780 3390 Euphemite
2817 3327 3085 3399 Augustae.

2149 3413 2316 3467 Orare
2347 3429 2441 3469 nos
2469 3425 2523 3470 et
2571 3433 2668 3487 pro
2709 3429 2884 3476 vestra
2933 3424 3297 3485 incolumitate
3332 3434 3440 3488 Deo
3481 3445 3669 3492 nostro

2081 3513 2199 3559 vota
2235 3511 2558 3575 persolvere,
2589 3526 2709 3566 cum
2740 3516 3130 3575 catholicorum
3168 3525 3327 3578 etiam
3375 3535 3518 3582 etetu
3548 3531 3669 3586 sine

2078 3601 2375 3655 cessatione
2406 3604 2732 3671 pontificum,
2770 3622 2873 3661 non
2917 3621 3107 3667 vestrm
3136 3615 3368 3671 studium
3396 3622 3669 3676 exoratio-

2079 3690 2163 3743 nis
2185 3691 2395 3757 invitat,
2430 3696 2523 3749 sed
2554 3695 2801 3751 devotum
2832 3710 2992 3770 atque
3016 3706 3310 3772 persistens
3332 3708 3383 3763 in
3413 3712 3669 3768 ecclesia-

2079 3783 2209 3837 stica
2237 3786 2475 3841 Stimulat
2504 3791 2938 3849 reconciliatione
2968 3802 3318 3867 propositum.
3357 3804 3487 3872 Quis
3520 3809 3664 3864 enini

2077 3875 2145 3929 ab
2174 3877 2420 3933 haeretica
2445 3894 2753 3952 segregatus
2785 3888 3186 3957 conspiratione,
3210 3908 3269 3949 se
3300 3904 3506 3961 teneat,
3546 3900 3667 3968 quis

2077 3968 2194 4022 aliis
2235 3970 2285 4023 in
2318 3986 2411 4024 sua
2471 3983 2653 4029 utatur
2688 3977 3063 4046 deprecatione
3104 3988 3409 4059 principiis,
3459 3994 3563 4048 nisi
3611 4005 3668 4050 ut

2080 4061 2231 4126 vobis
2258 4064 2710 4136 serenissimoque
2736 4072 2963 4143 principi
2982 4076 3145 4146 jugali
3173 4092 3355 4136 vestro
3384 4093 3437 4140 et
3466 4087 3571 4140 vita
3596 4088 3666 4143 sit

2080 4152 2306 4222 longior,
2338 4164 2396 4210 et
2421 4158 2486 4211 ad
2512 4146 2886 4230 prosperitatis
2916 4181 3257 4238 augmentum
3288 4180 3455 4244 gratia
3484 4181 3666 4237 divina

2078 4246 2373 4313 proximior
2398 4289 2416 4314 ,
2449 4251 2537 4319 qui
2567 4251 2712 4306 initia
2742 4254 2911 4310 felicis
2950 4260 3159 4329 imperii
3210 4267 3477 4334 plectendi
3508 4288 3664 4329 exse-

2077 4338 2407 4393 cratiottibus
2447 4347 2802 4401 consecrastis
2842 4352 3070 4418 erroris,
3103 4364 3157 4409 et
3185 4359 3408 4414 amicam
3450 4363 3667 4421 diabolo

2078 4429 2291 4498 paciﬁca
2318 4435 2597 4509 expulistis
2623 4438 2918 4497 intentione
2939 4445 3257 4503 discordiam
3288 4452 3308 4505 ?
3342 4452 3492 4511 Unde
3525 4474 3668 4513 nunc

2077 4520 2230 4577 decet
2260 4538 2353 4578 vos
2385 4524 2740 4585 laudabilibus
2770 4537 2962 4604 emptis
2986 4539 3254 4610 insistere,
3288 4554 3341 4599 et
3372 4562 3467 4615 per
3493 4559 3664 4607 totum

2081 4614 2265 4670 orbem
2299 4621 2582 4685 perfectam
2616 4639 2870 4695 spargere
2910 4632 3265 4702 medicinam;
3299 4643 3421 4709 quia
3450 4640 3667 4701 Christo

2081 4708 2253 4776 major
2282 4726 2533 4767 numerus
2562 4717 2736 4785 gregis
2758 4718 2970 4777 oblatus
3005 4708 3667 4794 ntercedetnconﬁtlenter

2080 4803 2245 4873 exigit
2270 4805 2547 4875 largiorem
2573 4825 2586 4873 ;
2616 4809 2757 4865 inter
2783 4828 2903 4883 quae
2932 4831 3075 4873 cura:
3103 4832 3296 4879 vestrae
3335 4826 3402 4881 sit
3455 4839 3513 4882 ut.
3545 4834 3667 4886 nul-

2081 4893 2190 4948 lum
2243 4895 2465 4952 Satanas
2490 4900 2806 4968 jamdudum
2860 4920 3157 4977 prostratus
3198 4918 3392 4973 vulnus
3438 4922 3662 4992 efﬁciat,

2080 4986 2172 5041 sed
2204 4990 2594 5047 communionis
2648 4997 2824 5052 unitas
2867 5016 3115 5072 magnum
3138 5007 3206 5062 sit
3229 5009 3449 5079 justitiic
3498 5020 3664 5084 iniic-

2083 5081 2284 5135 trandie
2312 5081 2643 5154 suffragium.
2672 5089 2990 5156 Quiesumus
3021 5113 3252 5170 namque
3284 5113 3338 5159 ut
3361 5081 3667 5166 tandem‘de

2082 5174 2478 5231 venerabilibus
2505 5179 2758 5237 fratribus
2781 5193 2834 5238 et
2864 5188 3196 5260 coepiscopis
3229 5198 3451 5264 nostris,
3493 5199 3662 5269 llelia,

2080 5262 2342 5322 Tltomate
2391 5278 2550 5340 atque
2596 5272 2923 5359 Nicostrate,
2979 5285 3121 5351 quod
3177 5290 3662 5351 saeratiSsimorum

2079 5371 2342 5415 canonum
2370 5361 2535 5419 dictat
2560 5370 2855 5427 auctoritas
2911 5375 3069 5432 vobis
3115 5378 3528 5444 decernentibus
3569 5392 3664 5445 im-

2087 5453 2318 5524 pleatur,
2371 5473 2440 5513 ne
2495 5460 2798 5531 videantur,
2852 5477 2909 5522 ut
2965 5480 3213 5529 auctores
3244 5477 3474 5549 alicujus
3518 5485 3659 5551 mali,

2085 5547 2224 5615 quod
2248 5549 2401 5617 primi
2434 5552 2498 5606 ad
2530 5554 2785 5612 unitatem
2818 5562 2961 5617 sedis
2988 5567 3295 5635 apostolidze
3325 5547 3658 5645 festinarunt,

2083 5639 2136 5692 in
2162 5645 2427 5697 communi
2459 5647 2696 5701 omnium
2720 5652 2916 5719 gaudio
2969 5657 3067 5710 soli
3120 5662 3384 5720 meruisse
3420 5670 3657 5736 percelli,

2082 5743 2134 5785 et
2176 5734 2225 5787 in
2275 5735 2411 5791 facto
2455 5738 2703 5796 laudabili
2761 5745 2948 5800 vit-tuin
2986 5754 3251 5817 personali
3283 5734 3659 5816 odio'cessissc

2075 5824 2349 5889 justitiam.
2393 5828 2595 5887 Nostris
2644 5848 2770 5905 ergo
2827 5840 3074 5906 precibus
3123 5847 3261 5915 apud
3329 5850 3653 5912 clementissi
