3998 6368
314 370 413 425 ιῦὕ

1046 439 1105 493 1

1518 380 1865 437 EPISTOLE
1907 383 1993 441 ET
2033 384 2348 443 DECRETA
2361 429 2373 441 .

3462 394 3565 445 4ὁεῖ

244 480 253 493 ’
312 500 454 540 munt
478 486 776 556 Augustum
809 497 1012 545 vestras
1048 480 1340 565 a'djungite,
1370 495 1689 562 utfructum,
1726 514 1881 567 quem
1910 506 1961 562 Α
1991 502 2305 558 clesiasticre
2326 504 2541 562 unitatis
2570 508 2761 565 atfectu
2790 517 2939 581 parte
2964 508 3039 563 sic
3060 507 3279 574 ferveat,
3312 516 3366 563 ut
3390 509 3565 563 nullus

312 579 413 633 illis
441 576 658 635 Patrum
693 582 890 651 regula:
921 584 1081 639 tribui
1116 597 1170 642 et
1210 591 1514 645 conservari
1555 594 1885 663 prmcipiunt,

315 670 531 728 inimica
563 676 932 745 tergiversatio
959 681 1168 736 auferre
1199 697 1306 737 non
1346 684 1531 752 possit.

849 792 1183 848 EPISTOLA
1224 795 1353 850 LIX.

872 901 939 939 ΑΙ)
964 902 1321 941 ιυετιιςιλιηυκ.

307 986 597 1070 Iustiniani-
626 994 1021 1070 stridium__erga
1069 999 1455 1053 ecclesiasticam
1482 1018 1652 1068 pacem
1682 1003 1879 1070 laudat,

374 1063 514 1128 eique
544 1062 772 1144 Heliam,
824 1062 1123 1121 Thotuatem
1161 1080 1206 1123 et
1242 1062 1593 1125 Nicostratum
1622 1062 1881 1144 epismpos

373 1136 711 1186 commendat.

376 1224 655 1279 llorniisda
674 1225 974 1283 Iustiniano
996 1231 1111 1284 viro
1142 1231 1360 1287 illustri.

370 1314 613 1370 Studium
661 1330 894 1375 vestrum
950 1338 1074 1391 erga
1116 1324 1533 1381 ecclesiasticam
1582 1342 1766 1396 pacem
1824 1339 1879 1385 et

302 1404 577 1462 damnatos
601 1408 869 1465 bmreticaa
890 1414 1247 1469 contentionis
1274 1430 1501 1484 errores,
1532 1419 1661 1487 ipsis
1698 1435 1875 1475 rerum

306 1495 583 1553 effectibus
608 1500 1003 1569 approbamus;
1030 1503 1183 1572 cujus
1220 1520 1324 1583 vos
1348 1507 1525 1575 operis
1555 1524 1743 1577 magna
1773 1511 1876 1565 im-

298 1601 586 1656 mensaque
642 1591 761 1646 sine
799 1592 962 1647 dubio
1015 1611 1221 1651 merces
1261 1608 1557 1666 exspectat.
1613 1601 1748 1656 Ilinc
1794 1614 1877 1659 est

298 1680 433 1749 quod
462 1682 719 1753 quidquid
744 1700 840 1754 pro
865 1700 1133 1742 canonum
1162 1688 1414 1746 ﬁrmitate
1440 1703 1493 1746 et
1515 1708 1613 1762 pro
1656 1705 1873 1764 aposto-

296 1772 407 1826 lica:
434 1776 580 1828 sedis
619 1779 918 1833 reverentia
964 1783 1332 1837 necessarium
1361 1783 1695 1851 duxerimus,
1754 1802 1869 1842 ma-

1998 598 2122 651 boni
2163 599 2492 669 relinquatur
2520 601 2668 656 locus
2711 602 2892 669 officii,
2928 602 3014 657 ubi
3055 618 3160 656 non
3202 602 3438 671 paternis
3482 615 3565 655 re-

1993 689 2133 760 gulis
2153 699 2347 747 vestrae
2376 696 2729 763 patrocinium
2756 695 3080 751 defensionis
3103 697 3337 751 assistat.
3366 695 3562 749 Prmci-

1992 799 2095 853 pue
2118 793 2296 840 tamen
2319 784 2509 858 ﬂente,
2545 786 2765 841 Thomte
2806 799 2962 858 atque
3009 787 3294 844 Nicostrati
3341 786 3562 841 fratrutn

1988 886 2043 931 BI.
2094 878 2533 948 οοθρίεοοροωιη
2564 889 2867 935 nostrorum
2899 896 3056 937 causa
3098 898 3195 937 00$
3237 890 3560 947 commovet,

1986 968 2073 1038 qui
2098 970 2270 1038 primo
2287 969 2485 1026 mundo
2503 969 2620 1041 [sici
2644 972 2998 1027 necessariam
3016 973 3183 1027 secuti
3195 972 3561 1037 concordiam,

1988 1059 2342 1115 Ecclesiarum
2374 1076 2588 1116 suarum
2623 1063 2921 1131 privatione
2954 1064 3215 1133 perculsi,
3252 1080 3370 1120 cum
3403 1080 3563 1120 vene.

1984 1154 2471 1225 rabilium'quoque
2511 1170 2773 1210 canonum
2821 1158 3141 1211 contumelia
3168 1156 3557 1224 deprimuntur,

1984 1244 2152 1312 fitque
2181 1245 2283 1299 illis
2304 1246 2548 1315 .propria:
2595 1248 3044 1303 reconciliationis
3075 1246 3243 1317 gloria
3272 1262 3427 1301 causa
3458 1246 3560 1300 dif-

1927 1404 1934 1411 ι
1966 1336 2157 1407 ‘ficilis,
2186 1343 2333 1411 quasi
2358 1342 2455 1411 ipsi
2488 1343 2653 1413 magis
2686 1343 2941 1412 pertinaci
2966 1351 3142 1398 mente
3168 1342 3481 1406 restiterint,
3505 1351 3558 1397 et

1980 1432 2097 1486 aliis
2123 1433 2189 1486 ad
2221 1435 2366 1489 sedis
2426 1436 2731 1505 apostolica:
2775 1436 3121 1491 redeuntibus
3161 1437 3415 1490 unitatem
3459 1435 3555 1504 ipsi

1981 1526 2233 1582 Ecclesia:
2259 1531 2424 1599 magis
2466 1531 2707 1586 membra
2738 1531 3161 1601 discerpserint;
3211 1530 3349 1599 quod
3397 1544 3552 1598 quam

1978 1619 2136 1674 nobis
2165 1620 2355 1675 durum
2388 1623 2475 1687 sit,
2506 1638 2771 1692 quamque
2794 1621 3193 1677 clementissimi
3226 1619 3555 1689 temporibus

1976 1710 2314 1779 imperatoris
2350 1712 2645 1781 indignum,
2676 1713 3010 1783 prudentiam
3037 1721 3265 1767 vestram
3309 1708 3556 1766 convenit

1974 1807 2260 1871 aestimare,
2295 1815 2348 1860 et
2376 1806 2591 1861 tandem
2617 1816 2870 1876 praestare
2900 1806 3217 1871 remedium,
3267 1819 3371 1875 quo
3411 1814 3461 1859 et
3492 1804 3555 1858 il-

295 1863 555 1931 gnitudini
586 1878 778 1923 vestras
823 1884 1009 1926 secura
1045 1874 1403 1944 peragendum
1458 1878 1701 1945 protinus
1736 1894 1863 1947 pra:-

1977 1896 2150 1951 lorum
2180 1898 2413 1965 labores,
2450 1907 2503 1954 et
2528 1908 2765 1953 nostram
2798 1908 2950 1969 grato
2983 1897 3145 1969 possit
3172 1896 3428 1953 solamine
3455 1911 3545 1949 au-

295 1958 596 2027 sumptione
617 1962 953 2028 mandamus,
985 1966 1111 2036 quia
1159 1983 1280 2022 cum
1333 1984 1525 2039 magno
1555 1986 1651 2025 vos
1680 1972 1873 2041 gaudio

294 2062 389 2117 pro
409 2050 589 2105 causis
606 2053 803 2108 talibus
819 2066 1027 2123 Sperata
1050 2058 1344 2128 suscipere,
1367 2062 1676 2131 multiplicia
1690 2062 1872 2134 hujus-

292 2141 434 2194 modi
461 2145 706 2212 exempla
740 2154 1022 2219 testantur.
1056 2150 1230 2215 Quare
1259 2152 1474 2206 omissis
1502 2154 1557 2206 in
1590 2154 1745 2226 longa
1767 2157 1873 2210 cir-

292 2232 519 2288 euitione
564 2236 860 2306 principiis,
892 2240 959 2292 ad
991 2256 1101 2294 rein
1134 2241 1303 2309 ipsam
1356 2246 1641 2313 pra-sentis
1668 2248 1871 2317 pagina;

293 2324 446 2380 verba
475 2330 861 2386 convertimus.
889 2333 1073 2386 Moeret
1104 2334 1361 2401 Ecclesia,
1384 2345 1438 2390 et
1468 2352 1660 2407 magno
1680 2338 1871 2395 votivae

293 2418 504 2473 unitatis
533 2422 755 2477 exordio
785 2424 887 2478 frui
916 2428 1151 2491 prmstita
1204 2443 1310 2483 non
1365 2440 1543 2499 potest
1590 2449 1684 2501 pro
1715 2433 1871 2488 unius

293 2523 460 2564 causa:
486 2510 777 2569 amictioue
799 2514 978 2569 laetitia
1004 2516 1177 2573 :banc
1204 2530 1262 2574 ut
1280 2520 1435 2575 nobis
1454 2521 1870 2578 sollicitudinem

292 2600 545 2658 beneficia
586 2598 771 2661 vestra
822 2608 1197 2676 submoveant,
1256 2626 1361 2666 non
1394 2614 1570 2682 parvis
1622 2615 1870 2684 precibus

292 2710 589 2753 exoramus.
615 2701 777 2771 Angit
806 2716 903 2756 nos
931 2703 1073 2757 enim
1103 2713 1158 2759 et
1180 2720 1416 2774 presens
1443 2708 1617 2775 dolor,
1646 2717 1701 2763 et
1728 2707 1870 2764 futu-

290 2802 467 2845 rorum
494 2793 710 2849 occasio
748 2804 1032 2863 procurata
1079 2799 1453 2867 certaminum,
1484 2816 1580 2871 per
1625 2816 1785 2872 quam
1816 2811 1870 2858 et

290 2883 670 2941 venerabilium
701 2886 917 2943 Patrum
946 2890 1143 2959 regulae
1185 2891 1544 2961 negliguntur,
1575 2900 1629 2948 et
1652 2900 1869 2963 aposto-

290 2974 403 3029 licae
450 2975 593 3031 sedis
630 2988 846 3047 putatur
873 2981 1165 3036 auctoritas
1210 2998 1368 3053 posse
1410 2985 1700 3040 contemni.
1732 2985 1865 3045 Nam

288 3078 404 3119 cum
431 3066 618 3121 divino
635 3068 1149 3143 clementissimique
1179 3074 1435 3145 principis
1458 3075 1744 3147 beneficio,
1768 3079 1865 3135 sed

286 3166 338 3212 et
362 3168 540 3214 vestro
564 3160 722 3215 simul
764 3161 961 3218 adnixu
993 3164 1045 3218 bi
1074 3166 1173 3225 soli
1202 3167 1493 3223 credantur
1524 3184 1643 3226 esse
1684 3173 1865 3241 ponti-

286 3248 434 3317 fices,
464 3261 517 3306 et
536 3252 657 3320 jure
686 3254 953 3311 Ecclesias
974 3257 1274 3327 continere,
1307 3261 1397 3329 qui
1429 3260 1495 3316 ad
1530 3264 1861 3319 communio-
1886 3268 1932 3331 ο

284 3358 404 3399 nem
431 3354 672 3401 nostram
695 3347 960 3404 damnatis
988 3351 1263 3407 erroribus
1294 3353 1472 3409 redire
1493 3356 1859 3425 consentiunt;

282 3432 467 3502 Heliae,
495 3426 740 3493 Tbomati
789 3448 946 3509 atque
989 3441 1292 3498 Nicostrato
1336 3442 1587 3501 fratribus
1612 3457 1666 3503 et
1685 3452 1865 3519 coepi-

282 3529 458 3597 scopis
486 3530 709 3595 nostris,
739 3533 830 3600 qui
858 3532 1060 3588 bonum
1088 3548 1264 3590 causa:
1295 3536 1455 3591 etiam
1495 3539 1597 3594 sub
1635 3540 1863 3598 adverso

284 3619 613 3690 imperatore
661 3623 861 3680 dedere
893 3625 1209 3696 principium
1262 3642 1368 3683 non
1407 3630 1578 3685 solum
1626 3633 1759 3689 nihil
1792 3634 1859 3689 ad

280 3723 586 3782 provectum
660 3716 797 3771 bona
846 3717 1017 3772 studia
1064 3718 1424 3790 profuerunt,
1465 3736 1647 3777 verum
1697 3726 1857 3783 eiam

278 3805 483 3861 collatae
508 3806 610 3861 sibi
639 3822 667 3860 a
717 3808 935 3864 domino
963 3809 1209 3865 obtinere
1250 3823 1520 3881 nequeunt
1569 3815 1742 3871 officia
1774 3818 1859 3873 di-

276 3895 507 3964 gnitatis,
541 3908 593 3951 et
621 3907 863 3955 extorres
884 3914 913 3952 a
941 3901 1246 3956 commissis
1275 3903 1378 3958 sibi
1401 3906 1653 3974 gregibus
1680 3908 1858 3965 subire

276 3998 533 4057 coguntur
561 3989 807 4045 miserias
831 3992 1232 4049 damnatorum.
1285 3994 1623 4067 Quapropter
1645 4014 1861 4067 quaesu-

274 4093 390 4133 mus
419 4089 476 4135 et
523 4097 620 4151 per
650 4082 885 4138 divinam
918 4099 1014 4138 vos
1062 4085 1489 4144 misericordiam
1525 4090 1858 4149 obtestamur

275 4180 331 4224 ut
353 4188 536 4228 eorum
569 4190 746 4231 caussa
794 4178 936 4249 (qua:
961 4178 1104 4249 justa
1160 4179 1265 4251 est)
1306 4196 1571 4237 summum
1627 4189 1857 4256 patroci-

245 4265 414 4333 Inium
436 4279 491 4322 et
518 4270 755 4339 probata:
780 4271 1412 4343 vivacitatisimpendatis
1438 4275 1852 4350 affectum,piis-

271 4364 389 4417 simi
422 4366 676 4434 principis
706 4366 958 4423 haerendo
987 4370 1245 4441 vestigiis,
1296 4382 1556 4442 quatenus
1606 4388 1699 4427 eos
1738 4382 1854 4427 tan-

270 4457 388 4511 dem
414 4463 525 4515 suis
558 4461 810 4516 Ecclesiis
837 4473 890 4517 et
920 4464 1132 4533 pietatis
1163 4466 1353 4519 intuitu
1390 4475 1444 4519 et
1489 4466 1704 4535 justitia:
1730 4481 1852 4521 con-

271 4554 612 4618 templatione
655 4554 939 4619 restituat;
972 4554 1093 4623 quia
1124 4556 1176 4610 in
1217 4557 1429 4610 illorum
1461 4557 1844 4611 contumeliam

1976 1988 2116 2043 ferre
2140 1988 2464 2044 mmstitiam.

2049 2079 2126 2149 (In
2151 2079 2468 2135 collectione
2499 2079 2752 2134 Avellana
2773 2089 2892 2149 post
2940 2080 3076 2134 banc
3113 2078 3394 2149 epistolam
3424 2077 3552 2149 sub-

1974 2147 2117 2204 ditur
2139 2160 2192 2205 et
2211 2150 2311 2204 alia
2341 2150 2514 2219 primo
2537 2152 2747 2215 vulgata
2776 2147 2806 2204 a
2840 2151 3116 2206 tlallerinis
3140 2147 3290 2220 oper.
3320 2149 3375 2203 S.
3420 2147 3552 2202 Leo-

1975 2222 2077 2288 nis,
2106 2231 2234 2276 tom.
2270 2220 2354 2285 III,
2381 2237 2499 2291 pag.
2535 2222 2682 2293 16⁸7).

2046 2315 2281 2368 Justinus
2304 2314 2572 2382 Augustus
2601 2314 2915 2369 tiormisdm.

2048 2406 2308 2461 lllustrem
2358 2407 2531 2460 virum
2583 2405 2891 2475 episcopum
2928 2404 2992 2457 It.
3023 2412 3173 2474 grato
3220 2402 3551 2470 suscepimus

1973 2496 2150 2550 animo
2180 2512 2284 2551 non
2315 2512 2411 2566 pro
2433 2497 2640 2552 ltonore
2682 2506 2891 2551 tantum
2929 2496 3019 2565 qui
3044 2495 3268 2550 debetur
3305 2492 3551 2548 sacerdo-

1975 2588 2137 2661 tibus,
2166 2605 2350 2645 verum
2378 2590 2539 2645 etiam
2574 2605 2670 2660 pro
2711 2590 2908 2646 allecto
2938 2598 3129 2645 vestra:
3159 2586 3546 2643 sanctitudinis.

1972 2679 2104 2736 Nam
2133 2682 2439 2753 quicunque
2470 2693 2563 2739 tuo
2603 2683 2985 2754 comprobatus
3025 2682 3227 2751 judicio
3262 2680 3417 2736 fuerit
3468 2686 3550 2734 est

1971 2775 2108 2843 apud
2138 2790 2235 2830 nos
2268 2775 2427 2831 etiam
2471 2775 2741 2843 judicatus
2784 2774 3212 2843 probatissimus.
3269 2773 3343 2827 De
3387 2785 3548 2839 opera

1971 2874 2147 2921 tamen
2183 2876 2240 2922 et
2275 2867 2457 2923 favore
2487 2868 2576 2937 qui
2609 2866 2967 2922 sacrosanctis
2996 2863 3309 2919 inferendus
3331 2872 3413 2918 est
3444 2862 3547 2917 Ec-

1969 2959 2145 3014 clesiis
2173 2968 2300 3014 tunc
2322 2962 2534 3015 demum
2565 2958 2919 3029 Opportunitas
2950 2964 3215 3013 statuetur
3244 2971 3364 3010 cum
3389 2955 3547 3024 legati

1969 3066 2102 3119 quos
2134 3067 2299 3121 nuper
2324 3049 2391 3106 ad
2414 3066 2593 3122 regem
2623 3049 2960 3119 magnificum
3004 3046 3424 3103 Trasamundum
3449 3046 3545 3100 de-

1968 3144 2198 3198 SIinasse
2226 3144 2500 3199 nascimur
2529 3143 2732 3198 reversi
2761 3142 2987 3213 prapitia
3012 3140 3299 3195 Divinitate
3326 3154 3545 3208 respon-

1967 3248 2084 3289 sum
2110 3235 2266 3290 nobis
2295 3234 2605 3291 detulerint.
2638 3234 2825 3290 Vestra
2861 3244 3036 3289 autem
3065 3233 3338 3288 beatitudo
3363 3248 3544 3303 supreo

1965 3342 2110 3381 mum
2141 3328 2294 3381 nobis
2326 3326 2634 3396 praesidium
2669 3326 2953 3381 indefessis
2990 3324 3322 3381 orationibus
3364 3332 3542 3393 postu-

1966 3421 2076 3474 lare
2106 3421 2376 3489 dignetur.
2411 3420 2538 3474 Data
2573 3436 2639 3474 xv
2673 3421 2774 3475 cal.
2823 3418 3129 3475 Decembris
3164 3418 3541 3473 Constantino-

1966 3513 2076 3581 poli
2106 3512 2328 3568 domino
2352 3512 2562 3568 .Iustino
2602 3521 2863 3583 perpetuo
2904 3512 3163 3581 Augusto.
3216 3512 3446 3582 Accepta
3490 3524 3542 3564 xt

1964 3606 2067 3661 cal.
2098 3607 2242 3662 Junii
2282 3607 2506 3663 llustico
2533 3621 2648 3661 cos.

2492 3717 2826 3773 EPISTOLA
2878 3717 3012 3772 LXI.

2184 3825 2246 3862 Αῐ)
2288 3824 2509 3873 HELIAI,
2564 3823 2783 3863 ’ΠΙΟΜΔΙΙ
2807 3823 2873 3861 ΕΤ
2917 3820 3299 3862 Νιεοετῆλτυυ.

1961 3901 2041 3954 Ad
2057 3901 2412 3971 imperatorem
2435 3911 2481 3954 et
2508 3901 2828 4041 (τηρεεεᾷνο
2856 3900 3062 3954 illorum
3095 3914 3251 3953 causa
3279 3896 3540 3967 scripsisse

2607 3987 2738 4041 stgm
2783 3980 2883 4025 cat.

2607 3980 2883 4043 signiﬁcat.

2032 4063 2316 4121 Hormisda
2340 4064 2529 4131 Helize,
2561 4063 2781 4118 Thoma:
2805 4072 2859 4119 et
2883 4062 3185 4118 Nicostrato
3214 4061 3498 4131 episcopis.
3554 4092 3555 4095 η

2028 4156 2241 4224 Quanto
2268 4173 2418 4213 mens
2447 4168 2627 4212 nostra
2673 4156 2879 4213 doloris
2926 4157 3091 4211 vestri
3136 4156 3537 4226 participatione

1958 4250 2208 4320 fatigetur
2258 4265 2643 4320 supervacuum
2694 4259 2776 4305 est
2804 4249 2944 4317 apud
2989 4248 3274 4317 probantes
3301 4255 3537 4303 mutuam

1956 4346 2230 4401 caritatem
2283 4344 2461 4400 verbis
2491 4354 2734 4398 astruere
2764 4361 2777 4394 :
2814 4343 2909 4395 scd
2942 4342 3033 4396 ille
3075 4341 3160 4410 qui
3208 4351 3263 4395 et
3292 4350 3536 4395 nostrunt

1953 4438 2186 4492 animum
2213 4445 2264 4490 et
2292 4444 2498 4491 vestros
2528 4436 2738 4489 labores
2764 4441 3029 4487 scrutator
3061 4432 3319 4500 praescius
3358 4431 3536 4487 intues

1956 4543 2060 4595 tur,
2095 4546 2377 4586 mmrorem
2412 4539 2653 4583 nostrum
2683 4538 2863 4583 vestra
2894 4528 2945 4581 in
2977 4526 3228 4595 gaudium
3269 4526 3537 4598 prosperi-

266 4642 577 4697 abinimicis
621 4644 877 4699 asseritur
923 4620 1162 4715 optatum
1212 4656 1411 4701 nostrae
1454 4649 1846 4702 communionis
1881 4652 1930 4712 ι)
1957 4630 2064 4677 me
2095 4628 2389 4715 convertat.
2419 4620 2611 4715 Verum
2643 4636 2711 4715 ne
2738 4633 2967 4715 unquam
2990 4633 3089 4715 pro
3116 4625 3295 4715 vestro
3323 4629 3537 4715 negotio

265 4734 601 4806 displicuisse
624 4740 982 4794 consortium.

826 4855 1153 4912 EPISTOLA
1178 4858 1289 4913 LX.

582 4963 648 5000 AD
687 4961 975 5001 ΟΒΒΜΛΝΠΜ
1005 4963 1162 5001 νιιιωι
1208 4962 1526 5001 ιιιυδτιιειι.

692 5055 888 5112 Eadem
914 5076 1030 5129 quae
1059 5060 1111 5112 in
1146 5060 1416 5128 superiori.

335 5166 615 5223 Ilormisda
644 5169 913 5224 Germano
936 5173 1048 5224 viro
1079 5170 1469 5226 illustrissimo.

338 5260 731 5315 lixcubantibus
793 5262 947 5315 vobis
1017 5263 1280 5330 probabili
1344 5279 1438 5331 pro
1484 5260 1843 5317 ecclesiastica

259 5364 395 5417 pace
423 5353 715 5422 proposito,
744 5361 798 5407 et
826 5362 972 5408 tanto
1001 5354 1124 5409 fidei
1151 5356 1330 5409 calore
1368 5352 1700 5407 ferventibus
1725 5369 1846 5422 gra-

257 5441 455 5495 tiarum
486 5444 624 5499 actio
656 5444 770 5499 sola
804 5460 910 5499 non
933 5444 1161 5510 sufficit;
1191 5448 1311 5515 quia
1335 5461 1432 5501 nec
1461 5458 1556 5498 vos
1599 5445 1844 5498 humana:

252 5530 432 5589 laudis
461 5538 812 5608 praerogativa
849 5539 1122 5605 sollicitat,
1153 5539 1245 5593 sed
1276 5539 1468 5593 divinae
1513 5538 1840 5606 exspectatio

252 5626 626 5683 retributionis
662 5630 974 5685 inflammat.
1006 5629 1160 5696 Quod
1206 5629 1364 5699 igitur
1410 5629 1641 5683 maxime
1668 5627 1836 5683 debe-

251 5731 384 5771 mus
410 5721 753 5788 exsolvimus,
787 5733 843 5778 et
869 5724 1034 5779 Deum
1067 5732 1327 5788 nostrum,
1360 5722 1510 5791 cujus
1538 5737 1634 5776 vos
1662 5722 1838 5776 causis

249 5805 587 5878 impenditis,
626 5828 721 5881 pro
751 5814 1117 5870 incolumitate
1146 5824 1322 5870 vestra
1365 5812 1599 5882 quotidie
1645 5811 1834 5880 depre-

246 5910 468 5975 camur,
495 5916 748 5978 rogantes
770 5917 824 5964 ut
854 5909 1084 5964 studium
1112 5922 1345 5966 vestrum
1375 5910 1426 5964 in
1452 5906 1595 5965 omni
1627 5921 1721 5976 pro
1746 5918 1834 5960 ec-

1963 4716 2063 4770 sub
2108 4714 2425 4785 allegitione
2474 4712 2773 4781 justissima
2803 4722 2857 4767 et
2906 4710 3097 4766 blanda
3150 4710 3537 4767 intercessione

1961 4821 2237 4861 cessemus
2277 4847 2290 4869 ,
2340 4803 2597 4859 noveritis
2638 4818 2736 4857 nos
2792 4811 2898 4857 tam
2946 4802 3012 4857 ad
3061 4802 3535 4859 clementissimum

1962 4898 2276 4967 principem,
2308 4911 2465 4966 quam
2507 4896 2573 4950 ad
2625 4895 3177 4965 prmcellentissimam
3219 4899 3533 4979 Augustam,

1958 5007 2186 5047 necnon
2225 4989 2288 5043 ad
2316 4988 2549 5044 illustres
2578 4998 2631 5043 et
2662 4988 2971 5058 magnificos
3009 4988 3152 5043 viros
3179 4986 3535 5043 Iustinianum

1954 5092 2112 5152 atque
2162 5082 2483 5137 Germanum
2532 5080 2668 5135 filios
2722 5091 2933 5135 nostros
2983 5079 3186 5135 litteras
3213 5079 3532 5153 destinasse,

1952 5185 2188 5231 vestrum
2216 5174 2521 5244 specialiter
2548 5173 2816 5243 negotium
2861 5174 3193 5230 continentes
3213 5214 3230 5241 ,
3261 5190 3393 5245 quas
3421 5173 3534 5227 viro

1950 5266 2162 5321 sublimi
2197 5265 2416 5334 Eulogio
2446 5266 2516 5318 ita
2567 5266 2904 5333 tradidimus,
2935 5274 2991 5321 ut
3015 5268 3066 5321 in
3095 5274 3275 5321 vestro
3302 5265 3531 5334 primum

1952 5367 2113 5426 ponat
2142 5356 2365 5411 arbitrio
2432 5367 2608 5409 utrum
2642 5372 2738 5425 per
2786 5373 2881 5412 vos
2911 5372 3003 5412 eas
3055 5356 3267 5426 eligatis
3315 5354 3527 5417 offerre,

1949 5465 2015 5503 an
2042 5465 2138 5519 per
2164 5449 2336 5517 ipsum
2379 5447 2553 5518 potius
2577 5449 2896 5518 perlatorem
2946 5459 3050 5503 tam
3100 5445 3324 5516 principi
3352 5447 3531 5515 porri-

1948 5554 2138 5611 gantur
2170 5556 2329 5611 quam
2359 5540 2597 5606 ueteris,
2620 5556 2752 5610 quas
2783 5537 3179 5608 designavimus
3204 5552 3385 5607 supra,
3416 5553 3531 5609 per-

1945 5633 2115 5687 souis.

2471 5719 2799 5776 EPISTOLA
2830 5716 2966 5774 LXII

2680 5824 2900 5866 EGA'I'OB.

2680 5826 2710 5864 ε
2749 5826 2900 5866 nos.

1946 5902 2025 5958 De
2053 5904 2115 5961 iis
2140 5918 2257 5973 qua:
2277 5826 2743 5961 TltessalonicIZeLa:
2766 5899 3101 5973 Entychianis
3140 5910 3280 5976 gesta
3326 5918 3417 5976 per
3440 5905 3525 5982 fa-
