3998 6368
408 370 510 429 407

1739 367 2106 427 ΗΟΒΜΙΒΒᾺΕ
2146 367 2343 424 ΡΑΡᾸΕ

3572 362 3671 418 463

481 501 614 537 mam
660 484 940 545 audiverat,
997 481 1302 536 Daret/reum
1360 491 1404 534 et
1437 482 1706 535 Aristidem
1772 482 1987 535 Romam
2015 487 2069 547 Α
2095 484 2313 539 ascribi.
2343 482 2469 536 Data
2500 497 2555 534 ιιι
2588 479 2705 535 idus
2733 480 3000 546 Octobris,
3028 480 3306 537 Eutharico
3339 479 3452 536 viro
3479 478 3669 535 claris-

479 556 647 609 venire
669 548 1058 619 cmupellertdos.

479 689 755 743 Hormisda
788 686 1053 743 Germano
1084 697 1138 743 et
1163 688 1357 744 Jounni
1385 689 1670 759 episcopis,
1729 690 1892 746 Felici
1923 701 1979 746 et

408 777 661 833 Dioscoro
692 780 950 843 diaconis,
984 792 1035 834 et
1068 780 1265 834 Blando
1297 780 1631 852 presbytero.

476 894 606 950 Cum
639 910 735 950 nos
766 895 1148 950 ecclesiasticae
1178 895 1547 965 prosperitatis
1578 895 1766 963 gaudia
1800 896 1979 951 suble-

406 998 610 1049 varent,
641 994 695 1039 et
720 1000 885 1055 prope
918 986 1133 1053 plenum
1165 986 1361 1039 laboris
1391 987 1559 1040 vestri
1590 986 1815 1040 fructum
1847 1002 1979 1055 quo-

406 1077 535 1133 tidie
552 1082 920 1144 carperemus,
954 1087 1171 1145 repente
1203 1091 1300 1132 nos
1329 1077 1542 1131 inimica
1572 1078 1829 1139 universi,
1858 1093 1976 1146 quas

406 1182 627 1240 repente
648 1182 1000 1234 successerat,
1035 1172 1165 1222 fama
1190 1168 1496 1224 confundit:
1529 1170 1680 1239 cujus
1710 1170 1978 1239 opinionis

404 1265 665 1329 ordinem,
698 1263 797 1318 etsi
830 1262 979 1316 vobis
1000 1263 1226 1317 necdum
1260 1263 1615 1318 referentibus
1643 1265 1980 1332 suspicamur

404 1358 685 1419 incertum,
712 1371 806 1422 pro
834 1354 998 1423 ipsius
1028 1355 1100 1408 rei
1127 1363 1303 1409 tamen
1327 1355 1685 1424 magnitudine
1711 1354 1979 1410 credimus

406 1461 512 1500 non
538 1445 838 1500 tacendum.
873 1446 1050 1515 Itaque
1078 1445 1337 1513 perlatum
1365 1457 1447 1500 est
1477 1448 1694 1499 fratrem
1719 1454 1773 1499 et
1802 1445 1981 1512 cocpi-
2020 1438 2029 1448 ’

405 1554 622 1609 scopum
650 1552 886 1595 nostrum
910 1539 1327 1604 Joannem,dum
1344 1540 1407 1593 ad
1432 1540 1865 1595 Thessalonicam
1884 1553 1981 1608 pro

404 1631 759 1699 suscipiendis
792 1641 991 1685 tantum
1046 1630 1240 1685 libellis
1273 1631 1359 1699 qui
1403 1632 1849 1699 promittebantur
1886 1646 1979 1686 ac-

402 1721 640 1783 cederet,
674 1722 743 1773 ita
774 1720 943 1788 plebis
967 1721 1316 1776 irrationabili
1346 1721 1610 1776 seditione
1636 1735 1976 1785 concussum,

405 1821 459 1863 ut
490 1814 757 1864 exstincto
787 1812 1014 1879 primum
1045 1828 1107 1864 eo
1138 1814 1224 1881 qui
1259 1811 1550 1877 hoSpitium
1582 1812 1809 1866 venienti
1842 1826 1979 1880 prte-

403 1901 609 1969 bucrat,
638 1904 749 1970 ipse
775 1917 987 1971 quoque
1017 1919 1120 1957 non
1164 1903 1408 1956 dissimili
1440 1902 1584 1957 caede
1613 1911 1888 1968 mactatus,
1926 1912 1982 1959 et

402 1994 488 2047 vix
510 1994 833 2048 sacrosancti
866 1994 1025 2048 fontis
1054 1995 1349 2048 reverentia
1390 1994 1688 2049 vindicatus
1715 1996 1972 2049 evaserit:

401 2082 553 2151 cujus
591 2083 869 2139 seditionis
896 2083 1124 2149 initium,
1175 2084 1274 2138 sub
1307 2085 1736 2154 interrogationis
1779 2085 1981 2139 dolosas

403 2184 706 2228 commento
732 2175 800 2228 ab
828 2174 1061 2228 Aristide
1093 2178 1405 2245 presbytero
1434 2184 1683 2229 narratur
1710 2186 1978 2231 exortum.

404 2264 598 2319 Verum
636 2280 755 2331 nos,
811 2266 855 2319 si
901 2265 1013 2319 haec
1062 2266 1339 2320 manifesta
1383 2275 1530 2333 sunt,
1566 2266 1700 2319 adeo
1728 2266 1794 2321 de
1825 2266 1982 2334 plebe

404 2373 511 2411 non
544 2358 839 2427 querimur.
873 2357 983 2412 Erit
1008 2358 1057 2410 in
1092 2366 1353 2425 potestate
1385 2357 1667 2412 venerandi
1703 2358 1978 2426 principis,

406 2451 665 2520 temporis
701 2450 785 2506 sui
828 2460 882 2504 et
927 2450 1175 2506 catholici
1226 2451 1521 2505 sacerdotis
1566 2451 1840 2517 injuriam,
1879 2466 1978 2516 qua
2024 2441 2029 2445 ’

404 2542 586 2611 iubeat
635 2557 881 2597 resecare
924 2558 1169 2599 censura.
1213 2542 1316 2597 Sed
1357 2543 1497 2611 quod
1530 2542 1593 2596 ad
1643 2557 1739 2595 nos
1770 2542 1979 2605 attinet,

405 2648 526 2689 cura
568 2637 807 2705 pervigili
856 2652 948 2705 per
986 2652 1081 2691 vos
1134 2637 1271 2706 (Deo
1322 2638 1574 2706 propitio)
1612 2636 1981 2691 desideramus

405 2724 635 2793 impleri,
663 2728 784 2797 quia
800 2728 999 2782 nullum
1023 2729 1289 2790 volumus,
1309 2737 1399 2782 aut
1425 2744 1528 2781 non
1551 2727 1752 2786 reddita
1775 2729 1982 2780 ratione

408 2818 671 2887 converti,
707 2830 796 2873 aut
826 2822 903 2875 sic
926 2831 1124 2875 rectam
1149 2822 1285 2872 viam
1316 2820 1434 2873 fidei
1469 2821 1727 2889 proﬁteri,
1779 2829 1835 2873 ut
1879 2820 1981 2873 sibi

405 2912 691 2979 apriucipe
743 2910 942 2980 aliquid
986 2911 1102 2965 sine
1147 2910 1403 2965 doctrina:
1447 2912 1688 2965 remedio
1733 2922 1984 2965 causefur

404 3003 622 3071 imponi.
656 3001 776 3056 Hazc
801 3003 963 3072 igitur
993 3002 1337 3071 suggestione
1356 3016 1551 3057 vesrrm
1578 3003 1983 3071 supplicationis

405 3096 670 3163 peragite,
722 3102 779 3148 ut
833 3094 1328 3149 Thessalonicensis
1382 3096 1698 3163 episcopus,
1749 3086 1836 3162 qui
1885 3096 2011 3145 sub‘

406 3185 835 3253 interrogationis
862 3186 1083 3241 obtentu
1113 3186 1528 3241 ecclesiasticam
1568 3202 1749 3253 pacem
1776 3193 1983 3254 protra-

407 3287 491 3332 cto
516 3279 573 3332 in
604 3278 817 3347 longum
865 3278 1049 3332 nititur
1094 3279 1357 3347 dissipare
1397 3280 1630 3348 negotio,
1664 3280 1911 3347 quoniam
1952 3294 1981 3333 a

407 3370 557 3424 vobis
586 3374 859 3438 suscipere
888 3369 1057 3425 noluit
1086 3387 1114 3424 a
1151 3372 1391 3439 principe
1414 3370 1479 3423 ad
1509 3372 1690 3424 urbem
1726 3371 1983 3435 directus,

410 3464 475 3517 ab
504 3464 792 3531 apostolica
824 3463 1082 3532 percipiat
1108 3464 1242 3518 sede
1285 3464 1605 3526 doctrinam.
1633 3474 1685 3518 et
1730 3463 1986 3531 quidquid

409 3555 507 3608 sibi
539 3555 753 3609 dubium
780 3564 946 3623 putet,
981 3558 1083 3610 huc
1114 3559 1332 3611 teniens
1369 3558 1617 3625 praesenti
1663 3571 1693 3610 a
1721 3556 1874 3611 nobis
1908 3558 1989 3611 in-

411 3647 694 3717 quisitione
715 3647 1017 3702 condiscat:
1045 3650 1122 3702 sic
1146 3649 1285 3703 enim
1320 3648 1544 3715 probare
1594 3658 1767 3715 potest
1815 3664 1873 3700 se
1899 3663 1987 3702 ca-

417 3738 631 3792 tholicae
659 3737 1007 3807 profeSsionis
1035 3754 1249 3794 servare
1280 3739 1561 3801 cautelam,
1593 3754 1697 3793 non
1727 3739 1988 3794 malitiose

411 3842 665 3903 concepta
695 3835 962 3888 vindicare
981 3834 1296 3888 certamina.
1321 3833 1459 3887 Sciat
1482 3847 1580 3886 nos
1608 3841 1817 3899 paratos
1848 3846 1986 3896 esse.

411 3934 463 3978 et
491 3925 624 3980 bene
652 3925 978 3995 inquirente;
1009 3927 1297 3989 instruere,
1323 3935 1376 3978 et
1402 3932 1643 3978 errantes
1666 3924 1727 3977 ad
1764 3924 1880 3977 iidei
1907 3940 1991 3978 re-

411 4027 553 4073 ctum
584 4020 850 4072 tramitem
885 4018 1104 4073 scientia
1136 4018 1270 4071 duce
1301 4032 1583 4070 revocare:
1616 4015 1736 4085 quia
1767 4018 1810 4070 si
1841 4016 1991 4070 dubi-

412 4119 530 4163 tans
558 4117 794 4177 paratam
822 4124 925 4164 non
959 4108 1073 4162 vult
1092 4108 1321 4176 experiri
1341 4107 1658 4169 doctrinam,
1685 4122 1781 4161 nec
1806 4122 1991 4161 rursus

413 4198 835 4271 iusimplicitate
863 4200 1042 4256 cordis
1089 4216 1207 4269 qum
1237 4200 1383 4269 pacis
1422 4209 1477 4255 et
1520 4200 1789 4269 religionis
1831 4215 1989 4255 causa

414 4291 1001 4362 jubenturadmittcre,
1035 4294 1089 4347 in
1122 4308 1305 4363 aperto
1337 4302 1417 4348 est
1444 4308 1545 4363 qua
1578 4302 1756 4347 mente
1786 4294 1865 4347 vel
1900 4292 1992 4347 Dei

414 4384 581 4436 nostri
626 4389 904 4452 praeceptis
955 4384 1196 4448 obsistat,
1250 4385 1333 4439 vel
1389 4383 1673 4438 orthodoxi
1730 4382 1986 4453 principis

416 4477 657 4545 exempla
680 4488 1007 4535 contemnat.
1057 4480 1114 4533 in
1154 4480 1253 4533 hac
1291 4494 1417 4549 ergo
1446 4487 1595 4547 parte
1624 4488 1766 4532 totus
1793 4493 1991 4547 sugge-

415 4572 603 4625 stiouis
626 4582 819 4627 vestra:
842 4585 993 4631 actus
1031 4576 1328 4642 immineat,
1359 4577 1482 4645 quia
1513 4592 1612 4630 nec
1635 4576 1712 4629 illi
1738 4575 1836 4629 alia
1870 4589 1991 4642 pos-
2016 4608 2071 4669 Β

417 4671 539 4717 sunt
562 4663 771 4719 ratione
795 4666 1014 4735 salvari,
1039 4676 1091 4721 et
1107 4666 1341 4722 incitata:
1358 4668 1528 4736 plebis
1553 4668 1652 4721 sub
1673 4668 1773 4721 hoc
1801 4666 1991 4720 melius

415 4752 779 4809 modemmine
797 4769 954 4808 causa
978 4756 1222 4822 sedatur;
1248 4773 1367 4811 cum
1390 4772 1495 4826 quo
1521 4756 1679 4811 etiam
1702 4754 1988 4810 Aristidem

415 4842 782 4913 presbyterum
810 4847 1263 4902 clementissimus
1312 4848 1559 4919 princeps
1588 4848 1654 4902 ad
1680 4862 1777 4901 nos
1806 4845 1992 4901 venire

414 4942 708 5010 pracipiat,
730 4944 871 5013 quia,
905 4945 1039 5000 sicut
1062 4945 1267 5013 praefati
1295 4961 1498 5013 sumus,
1548 4962 1734 5002 omnes
1761 4962 1989 5017 quorum

415 5056 518 5109 pax
564 5042 926 5099 ecclesiastica
976 5046 1322 5114 ambiguitate
1379 5047 1653 5114 dividitur,
1712 5049 1869 5103 simul
1927 5047 1991 5102 ad

412 5140 843 5199 communionem
876 5154 1132 5204 nostram.
1182 5145 1404 5216 depulsa
1449 5148 1575 5201 mali
1604 5147 1803 5203 erroris
1840 5148 1996 5218 aegri-

415 5241 621 5309 tudine,
649 5244 925 5300 catholicae
968 5246 1206 5302 scientiae
1254 5250 1496 5316 cupimus
1546 5252 1747 5305 sentire
1778 5249 1995 5304 medici-

414 5358 558 5399 nam.
592 5342 859 5401 Pratterea
887 5362 1009 5401 mox
1036 5357 1093 5402 ut
1121 5350 1405 5418 praesentia
1434 5366 1530 5403 vos
1558 5350 1839 5420 contigerit
1865 5350 1997 5404 scri-

417 5451 504 5513 pta
556 5447 847 5519 suscipere,
895 5447 1157 5503 debebitis
1185 5449 1250 5503 ad
1285 5464 1383 5503 nos
1430 5449 1498 5503 de
1536 5449 1732 5503 vestris
1764 5448 1994 5515 aliquem

418 5542 687 5602 destinare
734 5564 853 5605 cum
908 5550 1169 5605 relatione
1216 5566 1333 5617 qum
1380 5548 1637 5602 universa
1694 5548 1991 5613 contineat,

420 5645 563 5699 unde
588 5646 815 5716 hisque:
853 5661 999 5719 gesta
1029 5660 1157 5705 stunt
1184 5652 1266 5705 vel
1292 5658 1555 5719 geruntur
1588 5648 1997 5703 sollicitudinem

420 5755 656 5802 nostram
686 5748 926 5802 relevare
955 5751 1215 5813 debeatis.
1250 5750 1525 5805 Datarium
1558 5763 1770 5819 quoque
1811 5748 2002 5802 litteris

420 5846 619 5906 vestris
640 5848 938 5918 adiungas,
970 5867 1039 5905 ue
1064 5852 1218 5906 vobis
1241 5851 1518 5921 portitoris
1563 5850 1783 5910 tarditas
1835 5849 2003 5919 possit

2084 577 2220 629 timo
2250 575 2466 631 consule
2497 575 2664 647 (anno
2694 574 2907 628 Domini
2938 572 3089 641 519).

2681 686 3065 773 SUGGESTIU

2119 818 2350 859 GERMANI
2393 816 2649 867 EPISCOPI,
2683 815 2881 856 FELICIS
2908 816 2973 855 ΕΤ
3008 812 3243 852 ωοςιιοιιι
3272 812 3631 864 DIACONOBUI,

2507 924 2511 928 .
2543 888 2608 926 ΕΤ
2651 887 2835 925 BLANDI
2873 884 3215 923 PRESBYTER].

2086 985 2211 1052 Quo:
2222 983 2592 1040 Thessalonica:
2610 1001 2643 1041 a
2656 983 2909 1121 Dorotltfeo
2923 992 3100 1064 contra
3114 982 3365 1039 Joannem
3376 988 3670 1056 episcopum

2699 1064 2813 1108 acta
2866 1065 3047 1108 uertnt.

2699 1064 2813 1108 acta
2843 1064 3047 1108 luerunt.

2152 1165 2335 1234 Magna
2366 1165 2730 1221 misericordia
2778 1164 2872 1218 Dei
2901 1173 3004 1229 est,
3032 1172 3087 1218 et
3129 1164 3519 1221 intestimabilia
3552 1170 3667 1231 eius

2079 1259 2297 1329 judicia,
2350 1262 2439 1328 qui
2488 1260 2619 1315 nihil
2668 1260 2931 1316 occultum
2987 1262 3247 1329 dimittit4
3286 1264 3666 1334 utprobemr

2082 1353 2501 1421 uniuscujusque
2520 1354 2870 1407 conscientia.
2897 1353 3197 1409 Dorotheus
3223 1356 3668 1413 Thessalonicen-

2082 1444 2158 1498 sis
2188 1445 2472 1514 episcopus
2501 1460 2609 1498 non
2664 1461 2837 1499 novus
2877 1449 3142 1516 apparuit,
3198 1464 3297 1503 nec
3326 1449 3390 1502 ad
3424 1465 3664 1519 prmsens

2045 1547 2054 1557 '
2084 1536 2276 1599 factus,
2309 1536 2400 1590 sed
2434 1550 2494 1591 se
2527 1537 2920 1592 demonstravit
2945 1554 3102 1606 quem
3145 1540 3270 1593 olim
3310 1556 3435 1594 vera
3472 1542 3668 1610 prmdi-

2039 1668 2053 1683 .
2082 1627 2452 1696 cabatopiuio.
2483 1627 2588 1682 Iste
2609 1644 2822 1697 semper
2838 1630 2891 1681 in
2905 1629 3060 1682 malis
3076 1630 3356 1685 desideriis
3377 1633 3488 1686 suis
3516 1633 3668 1687 invo-

2083 1718 2248 1781 lutus,
2281 1718 2405 1773 data
2431 1720 2717 1773 occasione
2741 1720 2983 1774 exercuit
3013 1722 3152 1786 quod
3174 1729 3357 1775 contra
3391 1722 3549 1777 fidem
3580 1733 3667 1777 ca~

2006 1848 2056 1911 Β
2086 1809 2338 1863 tbolicam
2374 1826 2586 1879 semper
2635 1811 2963 1879 parturiebat
3010 1813 3205 1866 scelus.
3246 1811 3302 1867 In
3326 1814 3445 1867 aliis
3476 1815 3667 1869 litteris

2084 1902 2501 1972 signiﬁcavimus
2550 1903 2863 1957 beatitudini
2910 1914 3099 1959 vestrae
3121 1920 3225 1971 quo
3254 1906 3444 1960 ordine
3486 1916 3660 1961 trans-

2085 2004 2275 2048 euntes
2320 1992 2700 2048 Thessalonica
2723 1995 2932 2049 libellos
2958 2010 3062 2049 non
3088 1997 3355 2063 potuimus
3372 1998 3665 2068 suscipere.

2087 2084 2218 2139 Erat
2247 2094 2425 2138 tamen
2457 2085 2804 2138 constitutum
2858 2096 2977 2154 post
3025 2086 3419 2144 ordinationem
3470 2100 3668 2144 sancta:

2088 2175 2344 2231 Ecclesiae
2389 2176 2996 2245 Constantinopolitanae
3059 2194 3220 2232 unum
3276 2195 3341 2232 ex
3398 2181 3555 2235 nobis
3602 2182 3667 2235 ad

2086 2267 2260 2337 ipsum
2293 2269 2540 2337 dirigere,
2568 2270 2691 2337 quia
2717 2271 2817 2323 hoc
2834 2270 3083 2338 sperabat
3109 2272 3414 2340 pradictus,
3445 2282 3503 2327 ut
3531 2289 3667 2329 unus

2086 2374 2152 2414 ex
2182 2360 2335 2414 nobis
2359 2369 2477 2429 post
2503 2368 2783 2429 susceptos
2817 2359 3027 2416 libellos
3052 2376 3172 2416 cum
3199 2365 3313 2431 ipso
3356 2365 3543 2418 missas
3582 2380 3665 2420 ce~

2088 2452 2341 2516 lebraret,
2374 2455 2524 2522 quasi
2556 2453 2867 2507 testimonio
2906 2455 3111 2509 habens
3141 2456 3193 2509 in
3232 2457 3583 2525 generalitate
3610 2473 3667 2511 se

2086 2547 2152 2603 ad
2184 2547 2441 2603 unitatem
2477 2546 2620 2601 sedis
2646 2547 2953 2617 apostolicus
2981 2562 3102 2603 esse
3140 2553 3509 2613 coniunctum.
3554 2550 3668 2605 Etsi

2089 2639 2265 2704 tarde,
2297 2641 2493 2693 factum
2522 2648 2607 2692 est
2654 2648 2829 2693 tamen
2870 2655 2883 2692 :
2934 2648 2989 2693 et
3026 2640 3384 2695 venerabilem
3408 2640 3667 2695 Joannem

2088 2729 2398 2798 episcopum
2426 2729 2492 2783 ad
2516 2729 2689 2797 ipsum
2708 2728 3023 2796 dirigentes,
3051 2729 3287 2784 directus
3305 2740 3385 2784 est
3414 2745 3535 2785 cum
3554 2732 3671 2799 ipso

2088 2836 2153 2875 ex
2187 2821 2456 2875 communi
2489 2818 2756 2874 electione
2800 2819 3128 2887 Epiphanius
3178 2821 3473 2889 presbyter.
3535 2819 3669 2876 Ger-

2090 2929 2278 2970 manus
2336 2913 2657 2968 venerabilis
2703 2922 2759 2967 et
2812 2913 3038 2967 illustris
3076 2914 3362 2982 episcopus
3392 2922 3510 2968 erat
3540 2928 3665 2968 cum

2089 3006 2188 3069 eis,
2214 3013 2268 3057 et
2291 3002 2526 3057 Licinius
2554 3016 2738 3057 comes
2759 3002 2961 3059 scholae
2989 3018 3053 3057 ex
3076 3003 3410 3058 ordinatione
3436 3003 3669 3059 clemen-

2090 3095 2280 3149 ti>simi
2312 3094 2670 3162 imperatoris.
2715 3094 2813 3160 Qui
2867 3093 3101 3147 Licinius
3139 3104 3319 3148 tamen
3366 3108 3485 3148 cum
3523 3096 3671 3165 prius

2092 3202 2188 3256 pro
2217 3187 2318 3241 alia
2337 3201 2495 3242 causa
2524 3198 2669 3242 esset
2695 3185 3133 3241 Thessalonicam
3161 3187 3424 3251 directus,
3447 3200 3673 3257 congre-

2088 3293 2209 3349 gata
2239 3278 2445 3350 synodo
2488 3278 2555 3334 de
2582 3279 2811 3348 parcecia
2856 3279 3106 3334 Ecclesim
3151 3276 3670 3345 Thessalonicensis,

2090 3372 2162 3426 ibi
2191 3380 2274 3426 cst
2295 3372 2563 3431 inventus.
2596 3381 2918 3439 exspectans
2938 3371 3226 3427 secundum
3256 3372 3669 3440 promissionem

2091 3478 2252 3517 unum
2277 3478 2341 3516 ex
2363 3461 2535 3516 nobis.
2574 3462 2871 3517 Voluerunt
2902 3464 3017 3529 ipso
3061 3471 3322 3531 pra'sente
3354 3463 3567 3518 libellos
3595 3463 3672 3517 fa-

2089 3568 2213 3607 cere
2237 3564 2291 3611 et
2319 3552 2663 3609 subscribere
2689 3571 2701 3606 :
2726 3553 2865 3622 quod
2898 3554 3090 3608 lacuum
3114 3564 3196 3609 est
3222 3571 3234 3619 ;
3265 3555 3498 3623 signavit
3526 3557 3673 3625 ipsos

2091 3644 2307 3699 libellos
2348 3645 2641 3712 praedictus
2679 3645 2786 3708 vir,
2816 3655 2870 3699 et
2893 3645 3111 3700 veniens
3131 3645 3668 3716 Constantinopolim,

2091 3737 2288 3792 factum
2338 3738 2621 3793 nuntiavit.
2665 3739 2948 3794 Dicebatur
3002 3739 3155 3793 nobis
3209 3739 3277 3794 ab
3325 3740 3673 3809 apocrisiario

2092 3830 2345 3884 Dorotbei
2382 3848 2394 3882 :
2426 3829 2618 3886 Jubete
2649 3831 2881 3900 dirigere
2910 3832 2999 3900 qui
3032 3831 3238 3886 libellos
3266 3833 3541 3901 suscipiat.
3572 3834 3674 3885 Du-

2094 3922 2373 3977 liberatum
2399 3933 2503 3987 est,
2534 3925 2670 3978 sicut
2699 3922 3062 3992 praediximus,
3104 3923 3459 3978 venerabilem
3508 3923 3673 3978 Joan-

2094 4032 2216 4070 nem
2263 4017 2577 4085 episcOpum
2619 4016 2914 4081 ambulare,
2951 4026 3006 4069 ut
3044 4016 3268 4070 haberet
3312 4017 3671 4070 testimonium

2095 4106 2507 4177 sﬂiscriptionis
2538 4106 2772 4160 illorum.
2817 4106 3138 4174 Rogavitnus
3169 4107 3462 4176 piissimum
3504 4107 3673 4173 impe-

2095 4207 2327 4252 ratorem
2362 4208 2419 4251 ut
2455 4213 2635 4254 comes
2674 4198 2908 4252 Licinius
2938 4198 3230 4253 ambularet
3253 4214 3372 4253 cum
3404 4214 3499 4252 eo:
3528 4200 3673 4268 quod

2095 4302 2152 4347 et
2176 4293 2371 4349 factum
2402 4301 2501 4347 est.
2531 4293 2595 4347 Et
2618 4293 2743 4361 quia
2762 4300 3120 4361 pervenerunt
3142 4291 3194 4345 in
3221 4292 3511 4355 civitatem,
3537 4307 3675 4346 nun.

2097 4386 2282 4439 tiatum
2314 4391 2397 4438 est
2428 4383 2696 4437 Dorotheo
2741 4398 2833 4451 per
2862 4384 3113 4437 comitem
3144 4380 3404 4436 Licinium
3440 4396 3675 4451 praesen-

2098 4474 2224 4525 tiam
2253 4473 2440 4528 adesse
2459 4483 2788 4528 nostrorum.
2833 4472 2932 4538 Qui
2962 4470 3157 4527 direxit
3190 4472 3478 4527 Aristidem
3512 4489 3675 4542 pres-

2100 4564 2343 4634 byterum
2371 4578 2489 4618 cum
2512 4566 2631 4619 aliis
2659 4563 2870 4619 duobus
2898 4563 3183 4631 episcopis,
3215 4579 3348 4634 quos
3376 4564 3518 4619 solos
3538 4566 3677 4620 s‘cie-

2096 4656 2186 4710 bat
2213 4655 2548 4709 adversarios
2573 4669 2693 4709 esse
2723 4654 2941 4724 neg0tii,
2974 4663 3031 4709 ut
3052 4664 3265 4709 nostros
3290 4653 3525 4710 videret:
3551 4671 3675 4710 cum

2097 4748 2289 4816 quibus
2319 4748 2599 4802 voluerunt
2622 4748 2793 4802 facere
2815 4747 3044 4817 primum
3068 4755 3337 4801 certamen
3365 4746 3433 4799 de
3455 4746 3681 4819 libellis,

2097 4841 2374 4896 dicentes:
2406 4841 2540 4895 Sunt
2581 4841 2811 4909 capitula
2842 4858 2959 4911 qua:
2995 4842 3191 4897 debent
3240 4839 3534 4894 emendari.
3590 4842 3677 4890 DI-

2098 4942 2295 4988 xerunt
2341 4935 2505 4987 nostri
2535 4950 2639 4988 non
2676 4949 2794 4989 esse
2838 4934 2889 4988 in
2914 4944 3174 5002 potestate
3203 4935 3437 5004 ipsorum
3468 4931 3569 4984 hoc
3605 4932 3677 4983 fa-

2099 5040 2252 5080 cere:
2281 5026 2325 5080 si
2364 5026 2521 5080 vultis
2553 5025 2890 5091 facere,‘Deo
2929 5026 3123 5091 gratias
3157 5042 3171 5091 ;
3204 5026 3248 5079 si
3272 5040 3376 5081 non
3408 5024 3572 5081 vultis
3603 5022 3677 5079 fa.-

2104 5132 2249 5182 cerc,
2305 5119 2570 5181 venimus,
2615 5116 2961 5171 salutavimus
3010 5133 3127 5180 vos,
3167 5117 3674 5186 perambulavimns.

2103 5207 2476 5261 Discesserunt
2507 5216 2625 5275 post
2647 5209 2744 5263 ista
2772 5208 2955 5262 verba.
2998 5208 3079 5261 Ad
3117 5206 3276 5261 aliam
3307 5207 3447 5263 diem
3476 5223 3677 5263 conve-

2106 5307 2321 5363 nerunt,
2344 5298 2538 5352 iterum
2573 5300 2671 5354 ista
2699 5299 2977 5367 loquentes
3005 5316 3018 5362 ;
3042 5305 3096 5352 et
3122 5307 3406 5368 antequam
3437 5301 3679 5367 proposi-

2105 5391 2302 5445 tionem
2326 5390 2607 5444 verborum
2634 5390 2904 5455 fecissent,
2934 5390 3004 5445 ibi
3033 5405 3137 5444 non
3165 5398 3249 5445 est
3267 5390 3490 5445 intentio
3518 5405 3680 5460 gene-

2104 5491 2243 5551 rata,
2269 5497 2375 5536 non
2410 5482 2598 5549 injuria
2632 5494 2810 5536 secuta
2845 5494 2924 5537 est
2955 5500 2969 5537 :
3003 5484 3181 5537 subito
3212 5483 3433 5552 populus
3458 5483 3681 5539 insanus

2104 5576 2260 5628 irruit
2296 5588 2454 5641 super
2480 5575 2676 5642 ipsum,
2710 5584 2763 5628 et
2791 5577 2923 5629 duos
2956 5591 3170 5644 .pneros
3216 5575 3523 5630 occiderunt
3562 5577 3681 5643 epi-

2105 5668 2271 5735 sconi,
2306 5676 2463 5736 caput
2488 5667 2647 5721 etiam
2671 5669 2937 5736 fregerunt
2970 5669 3222 5737 episcopo
3252 5668 3303 5721 in
3324 5668 3529 5723 duabus
3559 5684 3603 5736 p:
3628 5686 3681 5722 r—

2108 5761 2269 5825 tibus,
2302 5770 2354 5814 et
2393 5776 2550 5814 renes
2579 5763 2695 5829 ejus
2717 5762 3129 5830 dissipaverunt,
3158 5773 3210 5818 et
3240 5763 3348 5817 nisi
3378 5765 3681 5818 misericor-

2107 5852 2196 5907 dia
2228 5851 2343 5917 Dei,
2386 5861 2441 5909 et
2487 5853 2725 5910 defensio
2758 5854 2936 5912 Saneti
2970 5856 3128 5914 Marci
3176 5854 3410 5917 basilicae
3451 5854 3682 5921 eruisset
