3998 6368
258 340 357 403 ιδθ

1439 341 1792 402 ΕΡΙΞΤΟΙηΕ
1832 342 1923 402 ET
1960 343 2301 405 DECRETA.

3433 351 3542 407 470

264 473 358 516 eos
385 456 457 515 de
501 457 755 517 manibus
782 471 1002 525 eorum,
1030 457 1099 513 ibi
1132 457 1439 529 perierant:
1474 459 1679 514 liberati
1725 469 1851 516 sunt
1876 462 1925 520 Α
1955 461 2103 513 sonis
2142 461 2367 516 intentio
2411 460 2713 521 dilectionis
2743 470 2935 519 vestra:
2983 461 3335 523 vehementer
3379 463 3545 525 debet

261 562 467 617 tamen,
497 550 770 619 quomodo
796 549 1015 615 dicitur,
1046 552 1167 620 quia
1207 564 1394 605 manus
1426 550 1634 619 publica
1664 566 1851 621 super-

266 643 435 708 venit,
461 656 587 711 quae
614 657 710 698 eos
729 656 920 699 eruere
945 644 1135 712 potuit.
1169 644 1268 699 lsla
1292 652 1345 697 et
1372 643 1597 697 istorum
1637 645 1853 701 concin-

258 746 508 791 nomenta
535 735 792 791 Dorothei
818 736 1019 791 malitia
1052 734 1349 800 fabricavit,
1372 736 1601 805 quiante
1632 734 1851 794 biduum

257 845 409 898 quam
444 828 792 897 pervenirent
839 829 1010 883 nostri
1054 826 1491 881 Thessalonicam
1535 841 1696 896 super
1744 824 1852 885 duo

255 922 416 976 millia
442 922 773 990 baptizavit:
807 924 825 943 '
854 932 1186 977 sacramenta
1218 930 1363 977 tanta
1407 922 1647 991 erogavit
1679 921 1734 976 in
1757 936 1851 992 po-

257 1015 403 1084 pulo,
436 1030 556 1083 qua:
589 1014 795 1084 possint
826 1014 955 1083 ipsis
983 1014 1049 1069 ad
1082 1024 1322 1085 tempora
1362 1015 1642 1081 sufﬁcere,
1692 1015 1852 1085 signi-

256 1107 420 1161 ﬁcans
455 1108 597 1176 plebi
623 1109 745 1177 quia
796 1107 929 1161 lides
960 1117 1102 1162 recta
1133 1117 1387 1162 mutatur.
1436 1107 1539 1163 Ista
1581 1107 1851 1179 quomodo

258 1217 359 1257 non
390 1200 693 1257 habuerant
718 1200 956 1257 excitare
985 1202 1236 1270 populum
1264 1200 1413 1257 ilata
1446 1217 1602 1270 quem
1633 1218 1738 1257 non
1770 1202 1853 1256 in~

259 1296 495 1349 vitabant
533 1294 603 1348 ad
652 1294 1009 1351 seditionem?
1063 1294 1192 1359 Post
1240 1295 1345 1354 hoc
1395 1297 1566 1366 ipsum
1610 1295 1850 1355 libellum

260 1402 413 1456 quem
447 1388 649 1443 iecerat
680 1402 801 1442 cum
830 1390 1099 1457 episcopis
1128 1398 1253 1451 ante
1285 1390 1539 1460 populum
1565 1390 1747 1456 scidit,
1771 1391 1852 1445 di-

260 1498 383 1538 cens
427 1500 443 1537 :
480 1485 588 1551 Ego
614 1482 757 1539 istud
789 1499 956 1553 usque
976 1485 1051 1550 ad
1092 1495 1320 1541 mortem
1354 1503 1526 1545 meam
1575 1503 1848 1557 nunquam

259 1574 414 1639 facio,
440 1591 541 1630 nec
574 1576 893 1632 facientibus
924 1580 1226 1633 consentio.
1262 1578 1582 1636 Occiderunt
1603 1590 1657 1645 et
1678 1579 1851 1634 homi-

259 1682 377 1722 nem
428 1666 740 1739 (Joannem)
783 1671 1145 1726 venerabilem
1194 1672 1559 1738 catbolicum,
1606 1671 1699 1741 qui
1753 1687 1853 1728 nos

259 1760 535 1815 venientes
563 1770 875 1829 susceperat
903 1764 954 1817 in
980 1763 1143 1817 domo
1175 1778 1293 1829 sua,
1317 1765 1409 1833 qui
1444 1780 1656 1834 semper
1696 1780 1853 1834 sepa-

1954 551 2284 607 incumbere.
2327 552 2458 606 Nam
2515 554 2640 623 quid
2694 554 2915 623 prodest
2962 555 3257 609 Ecclesiam
3306 555 3543 610 redinte-

1954 659 2157 713 grasse,
2196 643 2242 698 si
2271 644 2337 699 ab
2366 644 2481 711 ejus
2522 658 2747 713 corpore
2776 644 3088 699 sacerdotes
3120 646 3397 699 videamus
3437 661 3538 699 ex-

1955 745 2201 801 traneos,
2235 750 2371 806 quos
2411 736 2463 789 in
2501 749 2737 791 neStram
2787 738 3219 792 communionem
3267 752 3361 790 vos
3391 746 3546 792 caute

1954 837 2045 881 aut
2067 827 2458 882 rationabiliter
2480 843 2583 881 non
2605 828 2891 897 ignorastis
2908 843 3030 884 esse
3053 829 3368 899 susceptos?
3391 828 3543 884 Unde

1957 934 2062 973 non
2096 919 2285 975 leviter
2312 936 2411 975 nos
2452 934 2541 975 res
2568 921 2667 974 ista
2700 921 3006 989 contristat,
3040 921 3084 975 si
3116 920 3183 976 ab
3216 922 3299 977 his
3330 924 3417 992 qui
3452 936 3545 975 se-

1955 1014 2037 1068 dis
2060 1014 2365 1083 apostolicm
2389 1014 2821 1084 praedicationem
2853 1023 3167 1084 sequuntur,
3195 1018 3537 1087 negligantur

1955 1108 2045 1175 qui
2074 1107 2126 1161 in
2163 1107 2279 1175 ejus
2328 1107 2431 1161 ﬁde
2479 1116 2531 1161 et
2573 1122 2838 1162 consensu
2878 1108 3079 1176 recepti
3124 1117 3267 1161 sunt.
3318 1108 3541 1173 Idcirco,

1957 1201 2320 1257 sicut'bortati
2360 1218 2575 1269 sumus,
2615 1216 2710 1272 pro
2749 1216 2933 1256 eorum
2973 1204 3349 1256 communione
3382 1211 3543 1270 atque

1955 1292 2093 1357 loco,
2123 1293 2468 1347 serenissima
2496 1293 2719 1363 principi
2749 1290 3397 1347 vehementerlnslstcre:
3424 1306 3547 1346 nam

1957 1388 2009 1439 in
2035 1385 2223 1441 eadem
2254 1402 2412 1441 causa
2443 1388 2661 1441 domino
2688 1397 2739 1442 et
2769 1388 2878 1441 lilio
2910 1396 3093 1441 nostro
3124 1387 3551 1442 clementissimo

1958 1479 2184 1549 principi
2216 1490 2269 1535 et
2299 1481 2415 1534 viro
2442 1481 2634 1536 illustri
2658 1466 2974 1536 'Justiniano
3000 1481 3108 1536 lilio
3135 1490 3321 1535 nostro
3352 1483 3550 1548 scripta

1957 1571 2272 1637 direximus,
2316 1572 2594 1627 hortantes
2641 1587 2761 1627 eum
2796 1583 2851 1628 ut
2887 1588 3007 1627 cum
3056 1583 3256 1637 vestra,
3292 1583 3550 1642 quantum

1957 1664 2023 1718 ad
2062 1663 2425 1719 Ecclesiarum
2468 1680 2686 1720 suarum
2730 1668 3095 1737 receptionem
3147 1667 3414 1734 pertinet,
3459 1665 3552 1719 de—

1959 1760 2117 1813 beant
2145 1759 2373 1813 caritate
2404 1769 2652 1815 tractare.
2685 1760 2761 1815 De
2784 1776 2848 1814 eo
2863 1776 2957 1815 vos
2979 1759 3203 1817 articulo
3226 1771 3423 1814 nostra)
3452 1760 3551 1813 ad-

259 1862 401 1907 ratus
435 1852 533 1906 fuit
564 1869 594 1908 a
624 1855 1005 1911 communione
1039 1856 1295 1912 Dorotbei
1335 1867 1555 1924 propter
1584 1856 1847 1927 synodum

1960 1851 2269 1907 monitionis
2318 1852 2657 1919 suspicamur
2713 1867 2817 1907 non
2879 1852 3245 1906 immemores.
3308 1853 3549 1907 Diximus

260 1943 786 2003 Chalcedonensem:
821 1949 871 2002 in
899 1965 1005 2016 quo
1027 1950 1185 2003 talem
1211 1958 1440 2007 mortem
1467 1960 1849 2015 exercuerunt,

261 2038 469 2106 qualem
500 2038 578 2092 illi
625 2040 715 2108 qui
746 2049 989 2097 sanctum
1032 2041 1331 2097 Preterium
1367 2042 1701 2099 occiderunt.
1748 2044 1852 2099 Ista

259 2130 325 2185 ad
374 2131 859 2191 clementissimum
928 2135 1307 2203 imperatorem
1354 2145 1743 2205 pervenerunt,
1798 2146 1853 2194 et

264 2237 425 2292 prope
454 2224 505 2280 in
541 2235 649 2280 tota
697 2227 910 2282 civitate
968 2228 1261 2285 catholicus
1302 2228 1483 2284 luctus
1510 2239 1596 2285 est
1633 2239 1851 2299 propter

260 2317 383 2370 talia
406 2331 530 2385 quae
557 2320 897 2387 contigerunt
925 2320 1150 2377 scelera.
1195 2320 1469 2378 Promittit
1516 2330 1702 2377 sancta
1739 2322 1853 2378 cle-

261 2412 456 2464 mentia
480 2410 756 2465 vindicare
782 2420 834 2466 et
860 2411 1025 2469 citare
1076 2412 1427 2480 Dorotbeum,
1451 2413 1572 2483 quia
1600 2428 1698 2468 nos
1721 2429 1851 2470 con-

260 2502 433 2556 testati
460 2517 648 2558 sumus
675 2503 927 2572 pietatem
958 2503 1098 2573 ejus,
1134 2505 1413 2562 dicentes:
1457 2505 1611 2563 Nulla
1640 2510 1851 2562 ratione

258 2592 585 2651 Dorotbeum
612 2596 749 2652 inter
774 2597 1059 2667 episcopos
1082 2608 1175 2653 aut
1201 2598 1254 2654 in
1282 2599 1663 2656 communione
1705 2599 1849 2657 sedis

257 2687 562 2757 apostolicae
593 2696 771 2756 potest
810 2688 1156 2745 beatissimus
1189 2704 1322 2759 papa
1354 2688 1621 2759 recipere,
1646 2698 1701 2745 et
1721 2705 1850 2745 con-

261 2788 338 2833 tra
366 2779 457 2848 qui
489 2780 759 2835 voluerint
785 2796 906 2835 eum
940 2781 1000 2849 ,in
1030 2797 1126 2837 sua
1156 2784 1535 2839 communione
1580 2782 1845 2853 recipere,

258 2872 395 2926 scire
430 2887 491 2928 se
519 2888 641 2930 esse
681 2888 802 2929 reos
841 2875 1163 2932 auctoritate
1209 2875 1599 2934 ecclesiasdca.
1648 2875 1750 2932 Ista
1779 2875 1849 2933 ad

256 2964 494 3019 notitiam
519 2965 867 3023 beatitudinis
892 2977 1085 3024 vestra:
1125 2968 1501 3025 festinavimus
1531 2967 1756 3035 referre,
1789 2976 1850 3024 ut

256 3055 384 3110 nihil
436 3072 533 3113 vos
582 3058 766 3125 lateat,
822 3061 965 3130 quod
1008 3061 1061 3116 in
1093 3061 1208 3117 istis
1254 3062 1490 3132 partibus
1518 3062 1710 3132 agitur.
1743 3066 1844 3117 Ao-

257 3156 407 3217 cepta
460 3166 511 3205 tv
551 3150 809 3207 calendas
874 3152 1228 3221 Decembris,
1283 3154 1578 3211 Eutharico
1624 3156 1846 3223 consule

259 3236 417 3311 (anno
445 3242 658 3299 Domini
682 3242 833 3311 5l9).

775 3354 1109 3411 EPISTOLA
1150 3356 1332 3411 LXIII.

871 3462 938 3499 AD
980 3462 1233 3501 LEGA'I‘OS.

259 3530 405 3588 Dolet
445 3533 697 3611 Jomnem
739 3537 1014 3611 occisum:
1053 3545 1102 3591 et
1139 3536 1399 3592 Πονοιάοο
1443 3538 1847 3611 αὸνερὶεεοραιιι

323 3616 534 3672 remoto,
564 3607 748 3674 alium,
784 3608 1006 3678 Aristide
1032 3620 1264 3678 excepto,
1296 3610 1345 3663 in
1375 3611 1489 3678 ejus
1517 3607 1682 3664 locum
1722 3607 1847 3664 sult—

322 3678 463 3731 atittti
493 3678 743 3747 prwcipit.
782 3675 1026 3731 Thomam
1057 3689 1103 3731 et
1136 3675 1490 3732 Nicostratum
1522 3683 1626 3734 suis
1662 3680 1844 3734 Eccle-

323 3748 410 3822 siis
441 3752 797 3822 restituendos.
828 3748 1110 3822 Monac/tos
1140 3751 1358 3821 Scythas
1396 3749 1570 3804 Romw
1594 3769 1749 3822 usque
1777 3752 1845 3805 ad

324 3819 609 3889 legatorum
639 3820 909 3875 adventum
941 3820 1177 3874 detineri.

325 3911 607 3967 Hormisda
649 3910 920 3967 Germano
957 3923 1011 3967 et
1040 3913 1232 3968 Joanni
1260 3915 1528 3984 episcopis
1556 3922 1613 3973 et
1640 3914 1847 3972 Blando

260 4006 588 4075 presbytero.

323 4096 569 4152 Graviter
610 4112 709 4152 nos
747 4096 968 4153 Joannis
1010 4098 1260 4155 catholici
1311 4099 1503 4155 amisit
1560 4100 1844 4168 interitus,

258 4204 409 4258 quem
450 4189 692 4244 haeretici
747 4190 999 4245 Donothei
1040 4193 1256 4246 vesania
1307 4193 1599 4261 perhibetis
1636 4194 1846 4248 exstin-

257 4293 414 4339 ctum.
460 4284 590 4339 Nam
643 4285 895 4341 eumdem
948 4285 1271 4342 Dorotheum
1324 4284 1845 4355 Constantinopolim

256 4376 399 4447 jussu
440 4378 701 4448 principis
732 4379 1017 4434 didicimus
1048 4392 1351 4435 evocatum.
1390 4381 1658 4436 Adversus
1685 4397 1847 4452 quem

256 4467 471 4525 domino
491 4480 549 4526 et
577 4471 689 4525 liiio
714 4481 901 4527 nostro
927 4472 1353 4530 clementissimo
1377 4474 1603 4544 principi
1634 4474 1846 4531 debetis

258 4560 522 4629 insistere,
552 4580 621 4618 ne
646 4564 697 4618 in
729 4564 975 4619 eamdem
1005 4566 1275 4621 civitatem
1303 4566 1481 4621 denuo
1509 4574 1847 4621 revertatur:

259 4656 376 4721 sed,
403 4658 762 4726 episcopatus,
783 4674 943 4728 quem
974 4675 1244 4728 nunquam
1272 4660 1409 4715 bene
1436 4662 1623 4730 gessit,
1642 4660 1849 4717 honore

254 4749 516 4821 deposito,
542 4751 612 4806 ab
644 4751 834 4807 eodem
862 4752 982 4807 loco
1014 4767 1075 4808 ac
1106 4753 1347 4809 Ecclesia
1390 4755 1602 4823 longius
1633 4755 1846 4825 relege-

258 4852 366 4907 tur,
382 4844 462 4898 vel
485 4852 635 4899 certe
650 4845 753 4899 huc
772 4844 840 4899 ad
869 4845 1057 4900 urbem
1082 4847 1184 4901 sub
1206 4846 1585 4917 proeeeutione
1606 4861 1843 4917 congrua

255 4936 532 5005 dirigatur.
579 4939 658 4992 Ad
696 4937 835 4993 hanc
870 4940 1033 4995 etiam
1062 4950 1270 5009 partem
1311 4940 1570 5011 evigilare
1610 4940 1841 5007 debetis,

254 5044 323 5083 ne
368 5030 416 5084 in
446 5031 624 5086 locum
675 5031 793 5102 ejus
824 5032 1097 5088 ‘Aristides
1150 5034 1309 5087 totius
1350 5035 1473 5088 mali
1513 5035 1757 5088 incentor
1786 5043 1844 5089 et

254 5124 501 5177 conscius
534 5123 863 5193 quibuslibet
910 5124 1343 5195 subreptionibus
1374 5125 1680 5179 ordinetur:
1714 5140 1841 5179 nam

256 5214 386 5267 nulli
408 5216 627 5284 prodest
648 5217 840 5272 mutari
870 5233 1177 5289 personam,
1202 5220 1244 5273 si
1275 5219 1516 5287 ejusdem
1542 5220 1710 5273 forma
1741 5235 1840 5273 ne-

254 5304 433 5373 quitia:
468 5320 811 5375 perseveret:
846 5310 938 5365 sed
969 5310 1129 5364 talem
1170 5312 1341 5365 virum
1383 5312 1590 5365 debetis
1616 5313 1835 5381 eligere,

255 5408 313 5450 ut
341 5399 406 5453 de
429 5401 633 5469 judicio
657 5412 843 5457 vestro
870 5415 1059 5459 cuncta
1078 5404 1464 5460 catholicorum
1495 5404 1845 5474 congregatio

251 5491 563 5559 gratuletur.
613 5493 681 5548 lis
720 5495 880 5566 igitur
906 5496 1236 5565 observatis,
1282 5514 1376 5567 pro
1410 5498 1631 5554 Thema:
1667 5508 1721 5553 et
1751 5496 1843 5552 Ni-

247 5585 470 5640 costrati
510 5585 732 5641 fratrum
770 5597 829 5643 et
878 5590 1318 5659 cocpiseoporum
1368 5601 1671 5647 nostrorum
1715 5606 1841 5661 per-

326 5712 345 5792 ξ
377 5712 529 5794 Forte
563 5717 879 5794 Halat-itane
902 5762 916 5782 ,
948 5722 996 5774 in
1030 5722 1311 5790 llispania.
1350 5724 1481 5777 Nam
1526 5734 1578 5778 et
1608 5738 1844 5794 sequens

244 5789 475 5861 epistola
507 5800 589 5842 cst
618 5792 680 5842 ad
716 5791 977 5859 Hispanos
1006 5789 1307 5861 episcopos.
1344 5795 1667 5850 HathlNlYS.

326 5855 352 5879 ⁶
370 5853 673 5929 Fumenta,
696 5853 870 5917 minus
891 5853 1052 5929 bene,
1071 5878 1122 5918 ttt
1149 5853 1209 5920 ei
1230 5883 1345 5937 scq.
1364 5868 1595 5921 indiculo
1620 5864 1844 5937 patebit.

1874 3225 1923 3291 (ἓ

1878 4619 1932 4679 D

1955 1945 2100 1998 cnim
2136 1944 2613 2014 quemadmodum,
2640 1945 2871 1998 exclusis
2899 1944 3328 2013 occupatoribtts,
3362 1944 3439 2008 bi,
3480 1942 3551 1999 de

1955 2037 2148 2105 quibus
2179 2026 2466 2106 loq'nimur,
2500 2039 2565 2091 ad
2600 2040 2844 2108 proprias
2882 2049 3225 2091 revertantur
3253 2038 3547 2104 Eetilesias,

1954 2140 2013 2183 ut
2036 2129 2109 2183 illi
2142 2130 2267 2185 alibi
2298 2130 2363 2201 (si
2391 2140 2568 2185 tamen
2592 2140 2755 2184 recta:
2778 2140 2898 2184 sunt
2928 2129 3074 2201 ﬁdei)
3100 2130 3440 2184 ordinentur.
3475 2128 3550 2184 De

1956 2228 2204 2296 personis
2219 2226 2540 2298 Scytharum
2562 2228 2945 2281 monachorum
2966 2224 3300 2279 Justinianus
3318 2225 3401 2278 vir
3419 2223 3551 2277 illu-

1954 2323 2080 2375 Stris
2118 2320 2274 2377 nobis
2315 2322 2558 2391 scripsit,
2610 2336 2834 2392 quarum
2878 2319 3203 2390 exemplaria
3246 2320 3549 2376 litterarum

1953 2413 2273 2469 fraternitati
2303 2423 2498 2469 vestra:
2526 2414 2845 2477 direximus,
2879 2413 2967 2482 qui
2999 2428 3121 2468 cum
3149 2411 3355 2467 nollent
3381 2412 3549 2466 susti-

1953 2521 2081 2561 nere
2115 2518 2307 2562 vestrm
2336 2507 2641 2563 dilectionis
2682 2507 2993 2575 adventum,
3033 2516 3085 2561 et
3112 2506 3551 2562 Observationum

1953 2615 2133 2655 moras
2164 2615 2221 2655 se
2252 2599 2495 2656 dicerent
2516 2601 2659 2655 ferre
2685 2616 2791 2654 non
2820 2615 3005 2669 posse,
3039 2607 3379 2653 tentaverunt
3410 2598 3553 2662 clam

1951 2694 2017 2749 de
2049 2693 2180 2749 urbe
2212 2693 2524 2759 discedere;
2547 2708 2681 2764 quos
2706 2704 2816 2747 tum
2846 2708 2942 2748 nos
2980 2690 3239 2746 faciemus
3262 2689 3547 2744 sollicitius

1952 2786 2232 2853 custodiri,
2260 2802 2323 2842 ea
2342 2803 2459 2857 quae
2483 2787 2550 2841 de
2572 2788 2725 2841 vobis
2748 2787 3011 2841 contraria
3033 2786 3285 2840 dixerunt
3302 2783 3547 2839 volentes

1952 2893 2267 2947 agnoscere,
2310 2889 2367 2931 ut
2414 2894 2535 2932 cum
2576 2878 2816 2943 reversi,
2866 2878 2973 2931 Deo
3002 2876 3264 2945 propitio,
3311 2864 3546 2937 fueritis,

1952 2986 2136 3028 eorum
2153 2987 2304 3027 error
2315 2971 2725 3027 rationabilibus
2744 2969 3206 3025 adhortationibus
3223 2968 3543 3037 corrigatur.

1954 3064 2089 3119 Data
2118 3080 2176 3120 nt
2208 3079 2377 3119 nonas
2410 3064 2745 3129 Decembris,
2778 3062 3071 3119 Eutharico
3099 3061 3215 3116 viro
3245 3058 3547 3114 clarissimo

1950 3156 2171 3213 consule
2202 3158 2366 3228 (anno
2398 3156 2607 3210 Domini
2640 3154 2789 3225 519).

2476 3267 2809 3325 EPISTULA
2850 3267 3030 3325 LXIV.

2037 3383 2098 3421 tu
2136 3380 2372 3423 JOANNBM
2414 3378 2783 3419 lauetrtnuu
2825 3364 3129 3437 (IlLiTLME
3170 3362 3471 3432 accessu)

2597 3470 2903 3513 EPISCOPDM.

1953 3569 1994 3591 “
2020 3567 2646 3639 Constantinopolitanam
2674 3567 2956 3623 Ecclesium
2976 3548 3054 3623 ἀα
3088 3568 3227 3625 aedis
3250 3568 3547 3638 apostolica:

2419 3639 2823 3695 communionem
2852 3642 3060 3695 rediisse

2026 3735 2307 3791 ilormisda
2339 3734 2528 3789 Joanni
2562 3734 2816 3804 episcopo
2861 3731 3162 3789 Melicitano
3192 3736 3205 3764 ³
3240 3733 3547 3803 (Nilecopo-

1956 3826 2165 3896 Iitano).

2027 3917 2160 3971 νοω
2193 3924 2374 3971 nostra
2398 3915 2674 3971 caritatem
2704 3923 2848 3969 tuam
2874 3914 3042 3969 latere
3073 3914 3341 3978 nolumus,
3362 3929 3427 3967 ne
3450 3912 3546 3981 qui

1956 4009 2223 4079 particeps
2252 4007 2351 4062 fuit
2380 4007 2774 4073 sollicitudinis,
2804 4006 3119 4076 gaudiorum
3146 4006 3314 4061 fructu
3355 4004 3546 4059 redda-

1955 4112 2040 4157 tur
2061 4102 2312 4158 extorris.
2341 4102 2403 4157 Et
2430 4100 2550 4156 ideo
2576 4100 3224 4169 Constantinopolitanam
3241 4084 3548 4154 Ecclesium

1953 4200 2019 4251 ad
2062 4196 2495 4253 communionem
2539 4206 2776 4250 nostram
2806 4194 3053 4261 rediisse,
3097 4194 3320 4249 Domino
3365 4193 3546 4261 propi-

1957 4289 2146 4355 tiante,
2180 4287 2513 4343 tradentibus
2543 4288 2905 4359 signiﬁcamus
2933 4287 3215 4357 alloquiis;
3245 4296 3300 4340 et
3330 4285 3546 4341 manda-

1957 4392 2154 4447 torum,
2191 4398 2306 4451 quae
2341 4382 2531 4452 legatis
2561 4382 2758 4436 nostris
2799 4382 3067 4445 dedimus,
3095 4381 3144 4434 itt
3174 4380 3421 4435 omnibus
3457 4395 3549 4433 se-

1955 4476 2088 4528 riem
2118 4473 2280 4527 fuisse
2310 4474 2653 4542 completam.
2692 4472 2767 4526 De
2796 4487 2898 4541 qua
2924 4480 3093 4541 parte,
3121 4482 3175 4524 ut
3201 4470 3265 4524 ad
3298 4470 3545 4524 dilectio-

1957 4584 2079 4623 nem
2122 4577 2265 4623 tuam
2308 4568 2515 4638 plenius
2571 4566 2863 4635 perlectum
2913 4566 3162 4637 gaudium
3219 4565 3545 4634 perveniret,

1960 4662 2126 4719 libelli
2149 4661 2371 4717 Joannis
2398 4660 2578 4714 l'ratt-is
2607 4670 2659 4714 et
2694 4658 3093 4713 consacerdotis
3116 4656 3283 4712 nostri
3306 4656 3548 4725 episc0pi

1958 4753 2562 4826 Constantinopolitani,
2591 4763 2646 4811 et
2679 4753 2871 4810 Justini
2911 4751 3314 4807 clementissimi
3351 4749 3549 4818 princi-

1961 4853 2042 4919 pis
2077 4851 2313 4907 Orientis
2355 4863 2627 4905 sacrarum
2660 4848 2959 4901 litterarum
2990 4844 3316 4913 exemplaria
3348 4845 3550 4912 pariter

1956 4944 2281 5000 credidimus
2331 4941 2690 5006 destinando;
2731 4940 3026 4995 indicantes
3067 4938 3414 4993 nihilominus
3455 4951 3551 5006 per

1956 5036 2192 5093 Orientis
2214 5044 2394 5107 partes
2417 5034 2672 5105 plurimos
2699 5035 2981 5104 episcopos
3009 5034 3086 5088 sic
3109 5031 3318 5087 fecisse.
3352 5031 3548 5100 Super-

1953 5139 2038 5185 est
2088 5138 2147 5183 ut
2173 5143 2203 5182 a
2235 5128 2391 5183 nobis
2417 5126 2844 5197 competentibus
2874 5126 3120 5195 precibus
3162 5122 3420 5179 Divinitas
3452 5138 3550 5174 ex-

1959 5234 2105 5278 orata
2157 5222 2419 5279 concedat
2454 5230 2715 5293 quatenus
2763 5220 2830 5275 de
2868 5220 3090 5274 aliarum
3120 5230 3333 5288 quoque
3362 5214 3549 5269 Eccle-

1958 5317 2161 5371 siarum
2194 5316 2649 5385 redintegratione
2680 5313 3029 5383 gratulemur.
3064 5310 3140 5364 Ea
3174 5323 3304 5363 vero
3343 5324 3457 5379 qua:
3488 5306 3558 5363 si-

1954 5409 2214 5480 gniﬁcare
2236 5410 2537 5464 curavimus
2590 5409 2643 5463 in
2669 5421 2853 5462 eorum
2879 5402 3216 5459 sacerdon
3248 5397 3335 5468 qui
3362 5397 3552 5452 frater-

1962 5503 2114 5557 nitati
2147 5510 2253 5557 tum
2285 5503 2445 5558 vicini
2497 5509 2621 5556 sunt
2678 5498 2888 5554 curabis
2940 5494 3173 5564 perferte
3199 5490 3463 5556 notitiam,
3498 5500 3550 5544 ut

1958 5605 2018 5653 et
2043 5596 2147 5665 ipsi
2176 5595 2244 5654 de
2268 5595 2460 5653 eii'ectu
2487 5602 2646 5649 tantm
2674 5592 2751 5647 rei
2785 5589 2985 5659 gratias
3014 5584 3289 5640 nobiscum
3318 5583 3555 5639 celestis

2041 5736 2080 5756 “
2128 5731 2226 5785 Ubi
2275 5729 2620 5785 communioni
2670 5720 3253 5793 Constantinopolitanae
3306 5716 3557 5776 Ecclesia

1963 5803 2288 5859 subscribens
2317 5804 2363 5856 ei
2387 5801 2690 5873 gratulatur.
