3998 6368
423 281 523 336 171

1746 280 2117 337 HORMISDIE
2156 281 2237 338 PA
2249 282 2356 338 WE

422 393 805 450 misericordiae
841 394 1113 449 beneficiis
1140 394 1339 448 referre
1368 409 1472 449 non
1507 404 1739 451 cessent.
1772 395 1913 451 Deus
1950 404 2001 451 te
2028 398 2080 456 Α
2110 396 2247 450 ﬁeri.
2296 396 2472 462 Nunc,
2517 399 2615 453 etsi
2646 410 2766 468 post
2805 400 3044 466 labores,
3076 404 3175 457 etsi
3208 413 3325 473 post
3367 405 3691 461 intentiones

420 481 739 543 incolumem
766 486 1051 553 custodiat,
1080 486 1245 543 frater
1272 489 1565 545 carissime.

939 606 1270 662 EPISTOLA
1311 608 1468 665 LXV.

531 713 599 751 an
636 710 910 752 EPISCOPOS
950 713 1207 754 HISPANIA!
1247 699 1495 771 (BETICA-I
1532 702 1876 773 Puovmcua).

629 788 931 845 Gratulatur
954 793 1018 845 de
1047 808 1171 861 pace
1203 792 1479 847 Orientalis
1506 792 1768 850 Ecclesia.

482 879 759 937 Fratribus
813 881 1178 939 dilectissimis
1235 885 1501 941 universis
1571 889 1837 958 episcopis
1900 905 1995 961 per

409 973 659 1029 Baeticam
740 976 1069 1046 provinciam
1144 978 1449 1034 constitutis
1521 980 1805 1037 llormisda
1881 984 1995 1053 epi-

406 1080 627 1137 sc0pus.

480 1162 495 1181 '
526 1157 661 1225 Quid
693 1167 801 1214 tam
821 1158 981 1217 dulce
1007 1160 1238 1216 sollicito
1260 1176 1419 1232 quam
1442 1162 1583 1233 quod
1618 1164 1828 1235 (quum)
1860 1165 1989 1223 mihi

404 1249 471 1304 de
498 1249 650 1305 vobis
683 1250 1023 1307 innotescunt
1059 1252 1146 1308 illa
1175 1268 1295 1323 quae
1324 1254 1528 1325 cupio?
1556 1254 1691 1322 Quid
1723 1266 1833 1313 tam
1863 1259 1990 1315 reli-

402 1342 568 1412 giosis
594 1343 920 1401 conveniens
953 1346 1209 1402 institutis
1238 1363 1401 1418 quam
1428 1356 1483 1404 ut
1513 1349 1654 1406 inter
1681 1353 1989 1411 sacerdotes

401 1447 611 1501 pacem,
644 1450 799 1505 quam
824 1451 917 1492 eos
944 1452 1164 1494 necesse
1192 1439 1411 1495 estaliis
1441 1456 1539 1510 pro
1569 1440 1746 1498 officio
1773 1459 1985 1500 annun-

400 1527 553 1596 tiare,
579 1530 939 1586 conservent?
956 1530 1141 1600 Plena,
1161 1531 1351 1600 fateor,
1375 1534 1730 1604 gratulatione
1748 1539 1983 1608 suscepi,

399 1622 541 1692 quod
566 1623 741 1679 votiva
781 1623 915 1679 mihi
946 1625 1167 1681 caritate
1198 1629 1339 1698 (quae
1369 1628 1511 1683 inter
1539 1643 1636 1684 vos
1663 1627 1768 1699 est)
1800 1629 1985 1687 Eccle-

395 1713 597 1768 siarnm
618 1722 673 1769 et
702 1730 833 1785 pace
862 1715 1054 1772 litteris
1091 1716 1385 1773 indicastis.
1422 1718 1623 1789 Sponte
1650 1720 1801 1786 mihi,
1827 1722 1983 1793 quid-

2105 488 2302 559 plnres,
2333 491 2663 546 Antiochena
2693 490 2927 547 Ecclesia
2961 493 3206 567 ordinata
3235 506 3350 563 est;
3383 497 3587 553 electus
3608 507 3693 553 est

2104 581 2314 651 quidam
2332 582 2526 638 Paulus
2542 583 2757 639 nomine
2778 583 3059 656 presbyter
3080 584 3689 660 Constantinopolitanae

2102 672 2381 741 Ecclesiae,
2411 690 2570 745 quem
2600 674 2723 731 huic
2755 674 2945 732 honori
2976 677 3313 747 aptissimum
3340 680 3682 751 imperatoris

2101 768 2409 823 testimonio
2457 768 2864 839 comprobatum
2917 771 3202 828 voluerunt
3239 782 3294 829 et
3339 780 3687 829 tentaverunt

2100 860 2188 917 hic
2208 862 2482 919 ordinare.
2537 863 2648 934 Ego
2692 862 2952 933 jussionis
2999 874 3193 921 vestrae
3244 880 3351 921 non
3404 867 3687 921 immemor

2097 954 2417 1021 contradixi,
2438 954 2653 1011 dicens:
2677 953 2844 1010 Jussit
2864 955 3115 1011 dominus
3139 965 3320 1012 noster
3341 958 3684 1013 beatissimus

2094 1063 2229 1119 papa
2249 1089 2265 1117 ,
2315 1049 2608 1105 secundum
2640 1050 2912 1120 antiquam
2943 1052 3385 1108 consuetudinem
3412 1096 3428 1122 ,
3459 1052 3530 1107 ibi
3557 1068 3683 1108 eum

2094 1140 2407 1211 episc0pnm
2436 1141 2693 1197 ordinari.
2747 1142 2861 1197 Hoc
2889 1143 3119 1199 obtinuit
3141 1145 3282 1215 quod
3324 1146 3680 1215 praecepistis.

2093 1232 2254 1290 Orate
2280 1242 2338 1289 ut
2369 1234 2508 1290 Deus
2551 1233 2801 1304 precibus
2827 1235 3057 1305 apostoli
3090 1235 3229 1291 Petri
3260 1246 3317 1292 et
3350 1237 3520 1307 ipsam
3552 1238 3683 1293 civi-

2094 1334 2253 1382 tatem
2282 1341 2403 1382 cum
2427 1341 2559 1397 pace
2587 1326 2749 1383 faciat
2771 1328 3001 1383 electum
3018 1328 3295 1400 suscipere
3319 1328 3679 1386 sacerdotem.

2091 1418 2157 1474 Et
2185 1417 2307 1489 quia
2338 1419 2435 1474 ista
2467 1429 2717 1490 aguntur,
2748 1422 2877 1475 etin
2906 1421 2984 1476 his
3005 1422 3244 1491 quotidie
3262 1422 3473 1492 proficit
3493 1423 3683 1479 Eccle-

2089 1512 2209 1577 sia,‘
2230 1511 2513 1567 insidiator
2536 1512 2792 1583 antiquus
2821 1513 3098 1569 suscitavit
3128 1515 3420 1570 monachos
3445 1514 3515 1571 de
3543 1515 3680 1589 Scy-

2089 1604 2223 1673 thia,
2260 1604 2353 1673 qui
2389 1603 2457 1660 de
2485 1605 2647 1660 domo
2686 1605 2925 1676 magistri
2973 1605 3202 1662 militum
3232 1607 3481 1662 Vitaliani
3528 1616 3676 1677 sunt,

2087 1696 2325 1750 omnium
2357 1694 2791 1751 Christianorum
2823 1697 2961 1753 votis
2992 1697 3305 1762 adversarii,
3334 1712 3563 1768 quorum
3597 1699 3677 1753 in-

395 1805 521 1875 ‘luid
548 1806 749 1862 hortari
779 1819 1043 1878 poteram,
1063 1808 1322 1880 Quidqmd
1348 1785 1590 1879 monere,
1616 1785 1858 1869 delatum
1874 1825 1979 1872 est.
2010 1785 2060 1846 Β
2089 1788 2343 1874 quiem.“
2372 1803 2475 1842 "0"
2508 1802 2701 1858 parvas
2733 1803 2915 1844 ¹¹¹⁰Γ³⁸
2944 1790 3221 1859 generavit
3249 1790 3435 1844 "nium
3477 1788 3675 1846 Ecc‘e'

395 1897 672 1965 Conﬁrmet
698 1899 795 1953 hoc
830 1900 989 1968 Deus,
1015 1902 1151 1971 quod
1185 1913 1420 1973 aperatus
1445 1913 1517 1958 est
1543 1904 1597 1958 in
1631 1905 1774 1959 nobis
1804 1905 1978 1977 (Psal.

391 1990 584 2062 van):
610 2000 665 2047 et
680 2008 799 2063 qua:
821 1994 1070 2063 praecepit
1090 2010 1185 2064 pro
1205 1998 1500 2051 animarum
1519 1996 1977 2067 salutefacienda,

390 2082 507 2137 haec
544 2084 659 2152 ipse
690 2085 777 2155 qui
806 2088 1085 2157 praecepit,
1123 2103 1220 2157 pro
1248 2102 1309 2143 ea
1346 2106 1447 2157 qua
1479 2106 1578 2147 nos
1613 2092 1841 2149 redemit
1870 2094 1980 2164 pie-

391 2183 499 2228 tate
522 2173 701 2230 faciat.
727 2175 791 2230 Et
821 2176 904 2230 his
929 2186 1037 2232 tam
1066 2178 1218 2233 bonis
1240 2181 1441 2236 nuntiis
1484 2196 1581 2236 nos
1609 2199 1823 2255 quoque
1853 2185 1980 2240 reli—

388 2269 660 2339 giosorum
691 2272 859 2327 vicem
889 2271 1164 2327 reddimus
1193 2275 1524 2330 nuntiorum.
1557 2277 1826 2346 Quidquid
1854 2294 1976 2335 cum

388 2359 770 2426 Orientalibus,
805 2377 939 2432 quos
982 2364 1049 2418 ad
1086 2364 1349 2422 Ecclesiae
1383 2381 1580 2437 corpus
1608 2368 1977 2442 unitatemque

386 2463 669 2510 revocatos
713 2454 915 2511 dudum
954 2456 1047 2511 Dei
1078 2460 1248 2514 nostri
1291 2460 1393 2530 op‘e
1424 2460 1619 2517 litteris
1648 2462 1975 2533 signiﬁcavi-

385 2561 506 2602 mus
548 2548 828 2604 destinatis
849 2590 864 2615 ,
897 2548 1107 2617 denuo,
1138 2566 1259 2607 cum
1291 2561 1473 2623 aptum
1503 2555 1699 2623 fuerit,
1735 2558 1974 2625 repetitis

384 2640 664 2695 vobiscum
684 2640 1122 2712 participabimus
1139 2643 1368 2701 indiciis.
1388 2646 1506 2701 Mox
1528 2656 1651 2718 post
1665 2658 1971 2705 nostrorum

385 2733 760 2819 reditum_(pro
785 2746 969 2794 nostro
995 2738 1195 2813 edicto)
1222 2740 1290 2795 ab
1319 2740 1678 2798 Orientalibus
1706 2745 1865 2800 missa
1895 2744 1973 2800 le-

384 2827 523 2896 gatio
549 2815 651 2884 est.
682 2827 843 2885 Certa
863 2832 1120 2901 speravit,
1139 2844 1284 2889 certa
1307 2835 1595 2891 consuluit.
1612 2835 1719 2893 Sed
1743 2835 1969 2893 facimus

383 2920 447 2975 de
477 2919 559 2976 his
583 2936 703 2992 qua:
730 2922 941 2980 fuerant
961 2925 1190 2981 dicenda
1213 2928 1614 2998 compendium,
1644 2930 1747 2999 ipsi
1772 2931 1965 3000 potius,

382 3013 443 3069 ad
477 3014 844 3073 inStruendam
887 3020 1132 3075 notitiam
1164 3029 1421 3087 vestram,
1453 3038 1570 3094 qua:
1606 3039 1637 3078 a
1662 3023 1817 3079 nobis
1845 3034 1969 3080 sunt

381 3122 634 3177 responsa
655 3110 970 3181 dirigentes,
993 3127 1061 3168 ne
1086 3113 1213 3182 quid
1235 3114 1335 3169 sibi
1361 3114 1462 3168 sub
1482 3116 1657 3185 Spath
1676 3116 1967 3187 prolixiore

380 3209 641 3255 terrarum
670 3213 763 3257 aut
791 3204 975 3273 opinio
1000 3204 1360 3272 vindicet,aut
1380 3222 1530 3262 error
1557 3217 1817 3277 assumat,
1842 3226 1965 3267 cum

380 3291 442 3345 ad
474 3307 652 3348 rerum
676 3292 835 3350 fidem
867 3294 1035 3365 ipsam
1066 3298 1234 3351 teneri
1261 3297 1463 3353 sufficit
1485 3300 1785 3356 veritatem.
1810 3302 1963 3369 Quod
2048 3346 2053 3351 .

381 3392 552 3438 autem
574 3384 639 3438 ad
662 3374 1048 3441 continentiam
1066 3397 1367 3443 vestrarum
1385 3391 1619 3459 pertinet
1639 3391 1959 3468 litterarum,

378 3474 611 3542 oportuit
638 3476 856 3545 quidem
882 3477 1147 3534 desideria
1182 3480 1390 3548 plenius
1420 3483 1694 3552 expedire,
1725 3496 1782 3541 ut
1820 3489 1965 3543 aesti-

378 3567 532 3621 matis
567 3568 817 3623 omnibus
855 3585 1174 3640 responsum
1200 3574 1395 3629 rationi
1439 3590 1736 3647 congruum
1772 3580 1963 3637 redde-

377 3667 541 3712 retur.
572 3660 679 3715 Sed
712 3662 832 3731 quia
866 3663 1268 3735 privilegiorum
1301 3676 1540 3724 veterum
1558 3678 1611 3725 et
1638 3680 1960 3729 statutorum

376 3760 719 3818 paternorum
753 3754 1024 3809 indidistis
1054 3756 1243 3812 iisdem
1282 3758 1475 3816 litteris
1504 3763 1858 3832 mentionem,
1890 3765 1959 3821 ad

375 3839 686 3898 Sallustium
720 3845 938 3900 fratrem
967 3856 1021 3901 et
1051 3848 1429 3920 coepiscopum
1458 3863 1700 3909 nostrum
1732 3857 1831 3911 sub
1862 3858 1962 3915 hac

372 3946 520 4003 parte
551 3938 948 4008 rescripsimus,
980 3942 1133 3996 vobis
1159 3958 1374 4014 quoque
1412 3945 1639 4003 strictim
1671 3965 1791 4019 quae
1818 3950 1960 4007 dicta

371 4036 491 4082 sunt
513 4029 617 4084 illis
635 4026 793 4089 latius
817 4032 1137 4099 indicantes,
1154 4050 1221 4089 ne
1241 4037 1512 4108 privilegia
1534 4042 1687 4095 nobis
1708 4042 1760 4111 (a
1782 4042 1959 4114 nobis)

371 4118 576 4176 indulta
604 4123 990 4191 convellerent,
1010 4134 1065 4179 et
1088 4125 1219 4179 nihil
1248 4135 1352 4181 tam
1379 4132 1710 4187 conveniens
1735 4134 1856 4189 fidei
1881 4134 1962 4203 ju-

371 4212 571 4279 dicare,
592 4231 749 4285 quam
775 4225 832 4270 ut
858 4217 910 4272 in
936 4216 1140 4274 honore
1167 4233 1266 4282 suo
1292 4236 1320 4275 a
1338 4219 1583 4280 Patribus
1605 4225 1819 4282 decreta
1845 4242 1959 4283 ser-

372 4313 579 4359 ventur.
611 4306 748 4361 Deus
778 4315 962 4364 autem
993 4324 1090 4364 vos
1120 4310 1416 4368 incolumes
1449 4315 1732 4384 custodiat,
1763 4316 1957 4375 fratres

371 4398 632 4453 carissimi
665 4402 829 4468 (anno
858 4401 1066 4457 Domini
1096 4402 1222 4474 519)

967 4517 1345 4576 SUGGESTIO

838 4623 1141 4665 DIOSCOBI
1207 4627 1493 4667 DIACONI.

372 4699 597 4776 Paulum
624 4699 906 4776 Antiochiae
932 4704 1225 4770 episcoimnt
1256 4706 1573 4761 ordinatum.
1606 4706 1829 4776 Scythas
1856 4725 1959 4763 mo-

442 4773 628 4824 nachos
670 4772 921 4825 tumultus
950 4776 1215 4841 excitasse,
1246 4778 1472 4832 dicentes
1499 4794 1658 4832 unum
1678 4772 1750 4832 He
1791 4778 1961 4835 Trini-

441 4854 541 4895 tate
566 4844 722 4912 fuisse
748 4844 1069 4911 cruci/itum.

441 4934 743 4989 Verumest
766 4935 908 4989 nulla
928 4950 1047 4991 esse
1070 4937 1265 5007 gaudia
1288 4955 1613 5010 magnopere
1635 4944 1954 5013 spirituatia,

368 5046 396 5083 a
424 5030 615 5088 quibus
646 5044 711 5084 ex
730 5028 855 5083 toto
881 5029 1152 5085 tribulatio
1185 5033 1352 5101 possit
1382 5050 1501 5091 esse
1523 5049 1792 5108 separata.
1815 5038 1957 5095 Gau-

366 5124 555 5178 demus
585 5122 652 5178 de
674 5125 878 5179 unitate
908 5112 1514 5196 Constantinopolitana:
1538 5129 1957 5203 Ecclesiaz,qu:e

367 5217 500 5270 facta
532 5225 616 5272 est
645 5231 766 5271 cum
798 5216 927 5272 sede
972 5219 1262 5288 apostolica
1288 5236 1301 5273 :
1336 5222 1581 5279 ltetamur
1610 5225 1851 5293 quatidie
1875 5225 1957 5279 di-

366 5325 641 5364 versorum
686 5310 1058 5380 episcoporum
1108 5310 1320 5367 libellos
1370 5314 1525 5370 nobis
1573 5316 1957 5374 satisfactionis

365 5402 567 5459 offerri.
603 5402 864 5459 Modicum
900 5404 952 5457 in
984 5403 1251 5472 Ephesina
1301 5406 1517 5461 civitate
1546 5409 1771 5479 contigit
1800 5425 1956 5465 scan-

365 5494 565 5560 dalum,
597 5494 688 5549 ubi
716 5506 1021 5567 contempta
1053 5508 1135 5553 est
1162 5508 1217 5553 et
1245 5498 1495 5566 injuriata
1523 5502 1760 5571 synodus
1793 5502 1955 5557 Chal-

366 5587 704 5645 cedonensis.
739 5592 831 5646 Est
862 5591 1139 5647 invocatus
1182 5592 1633 5649 clementissimus
1663 5594 1956 5663 imperator

370 5678 471 5734 hoc
524 5682 791 5751 corrigere
821 5684 1020 5753 ,‘quod
1065 5692 1118 5739 ct
1148 5695 1330 5756 sperat
1377 5700 1496 5740 cum
1538 5685 1632 5741 Dei
1687 5686 1954 5756 adiutorio

440 5811 458 5834 ‘
489 5810 691 5869 Eadem
718 5813 829 5871 lere
867 5824 946 5870 est
978 5814 1273 5872 Marcellini
1304 5832 1454 5890 papze
1483 5818 1731 5891 epistola.

2086 1880 2309 1949 siarum,
2348 1888 2404 1936 et
2440 1895 2763 1952 magnopere
2790 1881 2856 1936 de
2889 1881 3157 1951 prredicta:
3190 1881 3451 1937 Ecclesia:
3479 1883 3673 1939 Antio-

2085 1975 2270 2028 chenaa
2312 1972 2671 2028 ordinatione.
2731 1972 2821 2028 lsti
2876 1974 3164 2041 monachi,
3221 1975 3360 2028 inter
3407 1989 3544 2044 quos
3590 1982 3675 2030 est

2083 2068 2357 2151 Leontius,
2378 2068 2468 2138 qui
2492 2082 2550 2124 se
2570 2068 2695 2125 dicit
2720 2082 2842 2125 esse
2866 2078 3139 2138 parentem
3162 2071 3400 2141 magistri
3420 2072 3670 2140 militum,

2083 2161 2307 2215 Romam
2339 2160 2619 2226 festinant,
2654 2173 2936 2231 sperantes
2975 2164 3149 2233 aliqua
3178 2164 3409 2233 capitula
3438 2180 3467 2219 a
3498 2165 3673 2221 beati-

2083 2251 2268 2307 tudine
2314 2260 2493 2307 vestra
2531 2252 2859 2307 confirmari.
2894 2254 2987 2308 Est
3024 2255 3077 2309 in
3124 2255 3256 2323 ipsis
3305 2255 3447 2311 inter
3471 2265 3670 2313 caetera

2080 2343 2175 2398 ubi
2214 2343 2398 2398 volunt
2438 2342 2616 2398 dicere
2668 2359 2830 2398 unum
2888 2343 2955 2398 de
3004 2344 3264 2399 Trinitate
3302 2346 3666 2400 crucifixum:

2077 2435 2220 2506 quod
2241 2446 2441 2492 estnec
2463 2436 2516 2490 in
2542 2438 2742 2491 sanctis
2763 2437 2981 2508 synodis
3011 2437 3234 2503 dictum,
3260 2454 3357 2494 nec
3378 2439 3431 2494 in
3463 2439 3667 2509 episto-

2076 2528 2144 2585 lis
2176 2528 2346 2583 Sancti
2389 2544 2541 2597 papa:
2576 2529 2790 2593 Leonis,
2844 2544 2942 2584 nec
2969 2530 3021 2585 in
3067 2531 3458 2586 consuetudine
3484 2531 3665 2586 eccle-

2075 2620 2312 2676 siastica.
2341 2619 2495 2686 Quod
2517 2620 2563 2674 si
2596 2621 2978 2690 permittuntur
3002 2621 3140 2686 fieri,
3164 2621 3294 2676 mihi
3322 2622 3535 2677 videtur
3556 2622 3665 2678 dis-

2075 2713 2358 2779 sensiones
2384 2724 2437 2768 et
2466 2713 2717 2768 scandala
2751 2730 2855 2769 non
2892 2715 3183 2770 mediocria
3215 2715 3360 2770 nasci
3400 2716 3541 2772 inter
3563 2717 3666 2773 Ec-

2073 2808 2283 2865 clesias.
2317 2807 2460 2863 Istud
2499 2809 2812 2864 Anastasius
2857 2809 3151 2879 imperator
3190 2824 3515 2879 magnopere
3567 2826 3664 2867 ca-

2074 2900 2286 2957 tholicis
2320 2900 2599 2971 imponere
2638 2900 2949 2956 festinavit:
2981 2902 3123 2957 istud
3151 2909 3207 2957 et
3238 2902 3547 2974 Eutychetis
3579 2904 3662 2958 di-

2070 2993 2263 3063 scipuli
2298 2994 2349 3047 in
2397 2993 2603 3065 synodo
2632 2993 3054 3049 Chalcedonensi
3082 3003 3495 3064 proposuerunt.
3524 2995 3660 3063 Quia

2069 3087 2493 3157 quotiescunque
2545 3086 2731 3141 Patres
2777 3085 2843 3141 de
2886 3086 2982 3140 Dei
3024 3086 3163 3141 Filio
3207 3086 3436 3141 Domino
3475 3096 3662 3143 nostro

1991 3168 2038 3231 C
2068 3177 2193 3235 Jesn
2219 3179 2434 3234 Christo
2463 3178 2890 3247 disputaverunt,
2919 3178 3111 3232 Filium
3141 3178 3237 3233 Dei
3262 3177 3518 3244 Verbum,
3537 3194 3659 3233 con-

2067 3271 2473 3327 substantialem
2506 3271 2698 3336 Patris,
2727 3270 3042 3326 homousion
3075 3268 3217 3323 Patri
3247 3269 3519 3325 dixerunt.
3555 3271 3660 3326 Iste

2065 3374 2241 3420 autem
2266 3378 2445 3419 sermo
2473 3363 2595 3419 ideo
2613 3376 2878 3433 nunquam
2908 3372 2989 3417 est
3019 3363 3070 3417 in
3102 3361 3324 3433 synodis
3355 3376 3383 3415 a
3406 3361 3657 3418 Patribus

2064 3458 2435 3523 introductus,
2466 3457 2588 3528 quia
2633 3457 2819 3527 procul
2860 3454 3024 3510 dubio
3061 3454 3343 3510 catholica:
3392 3455 3515 3510 fidei
3550 3456 3654 3509 mi-

2064 3552 2209 3608 nime
2241 3556 2454 3621 poterat
2482 3550 2789 3606 convenire.
2822 3542 2989 3619 Cujus
3017 3549 3280 3604 sermonis
3306 3547 3352 3602 si
3386 3548 3656 3604 subtiliter

2062 3643 2373 3698 attendatur
2412 3642 2674 3709 intentio,
2715 3642 2780 3696 ad
2824 3649 3050 3712 quantas
3088 3642 3321 3696 haereses
3355 3648 3562 3712 pateat,
3600 3653 3653 3698 et

2063 3754 2182 3808 quae
2215 3738 2354 3792 mala
2393 3752 2488 3807 per
2512 3752 2633 3792 eum
2672 3734 2881 3807 possint
2909 3734 3356 3804 disputationibus
3395 3735 3653 3791 ecclesia-

2063 3828 2210 3884 sticis
2225 3828 2775 3899 introduci,quoniam
2794 3827 3011 3898 longum
3034 3837 3116 3883 est
3131 3843 3229 3899 per
3248 3838 3540 3898 prmsentes
3571 3830 3652 3884 in-

2063 3924 2313 3990 sinuare,
2359 3924 2719 3993 przeterimus.
2758 3921 2912 3977 Unde
2946 3934 3132 3975 sanum
3181 3920 3310 3974 mihi
3357 3921 3571 3977 videtur
3600 3931 3654 3977 et

2065 4015 2285 4080 utile,et
2305 4015 2368 4068 ad
2396 4029 2581 4084 pacem
2606 4014 2966 4069 Ecclesiarum
2984 4014 3332 4079 conveniens,
3356 4013 3488 4069 nihil
3514 4014 3655 4072 aliud

2063 4120 2381 4175 responsum
2432 4105 2580 4174 dari,
2626 4105 2775 4160 nisi:
2817 4103 3027 4171 Sufficit
3069 4114 3313 4159 sanctum
3360 4102 3656 4163 Chalcedo~

2064 4214 2233 4254 nense
2261 4197 2570 4265 concilium,
2604 4198 2656 4253 in
2690 4214 2795 4268 quo
2819 4210 2872 4253 et
2902 4197 3021 4252 aliae
3046 4198 3234 4269 synodi
3263 4199 3609 4254 continentur
3634 4217 3651 4254 :

2061 4292 2334 4347 sufficiunt
2364 4292 2603 4361 epistola:
2640 4306 2789 4359 papa:
2833 4289 3050 4355 Leonis,
3091 4306 3224 4359 quas
3251 4292 3489 4362 synodus
3517 4306 3655 4348 con-

2061 4386 2213 4440 ﬁrma
2224 4386 2298 4440 vit
2322 4403 2334 4438 :
2362 4385 2652 4441 novitatem
2678 4386 2731 4438 in
2756 4384 2994 4440 Ecclesia
3017 4385 3355 4441 introducere
3380 4400 3482 4440 nec
3504 4385 3657 4440 volu-

2064 4497 2204 4550 mus,
2222 4497 2321 4536 nec
2347 4481 2627 4537 debemus.
2665 4482 2761 4536 Est
2782 4482 2833 4536 in
2859 4482 3227 4553 propositione
3249 4498 3434 4537 eorum
3462 4482 3658 4540 callida

1984 4550 2039 4612 Ῑ)
2070 4581 2126 4627 et
2154 4571 2268 4627 brec
2296 4570 2495 4627 dicere.
2529 4570 2638 4627 Nos
2664 4550 2927 4644 synodum
2956 4550 3447 4630 Chalcedonensem
3474 4590 3658 4631 susceo

2066 4662 2243 4734 pimus
2272 4683 2283 4719 :
2316 4665 2420 4720 hoc
2451 4680 2756 4735 speramus,
2791 4676 2846 4721 ut
2873 4666 3109 4736 iubeatis
3147 4668 3303 4723 nobis
3330 4684 3446 4723 eam
3492 4685 3660 4740 expo-

2068 4772 2226 4827 nere,
2257 4757 2378 4828 quia
2408 4772 2513 4812 non
2543 4757 2739 4814 sufficit
2764 4759 2839 4814 sic
2862 4760 3129 4829 quomodo
3150 4770 3233 4815 est
3256 4762 3499 4829 exposita
3528 4776 3659 4816 con-

2064 4864 2143 4903 tra
2184 4850 2429 4905 hzeresim
2460 4850 2829 4907 Nestoriauam
2859 4870 2872 4907 :
2906 4868 3010 4908 non
3039 4853 3193 4923 quasi
3222 4869 3329 4908 non
3351 4854 3664 4925 intelligen-

2072 4950 2175 5011 tes,
2208 4941 2310 4997 nisi
2332 4952 2591 4998 conantes
2622 4958 2717 5013 per
2746 4944 3092 4999 subtilitatem
3123 4945 3189 5000 ad
3222 4945 3323 5001 hoc
3351 4963 3448 5002 nos
3487 4949 3660 5003 addu-

2064 5050 2216 5102 cere,
2243 5043 2302 5090 ut
2328 5035 2629 5105 disputetur
2666 5036 2733 5091 de
2773 5040 2978 5108 synodo
3018 5038 3465 5094 Chalcedonensi.
3502 5040 3660 5108 Quod

2066 5128 2115 5182 si
2144 5128 2339 5182 factum
2375 5128 2564 5196 fuerit,
2595 5129 2754 5185 dubia
2794 5140 2847 5185 et
2873 5132 3081 5187 infirma
3102 5133 3423 5201 ostenditur,
3456 5124 3511 5189 et
3544 5135 3662 5190 INB<

2067 5222 2357 5277 reticorum
2395 5223 2633 5278 omnium
2668 5224 2836 5293 patuit
2872 5225 3063 5279 errori.
3110 5226 3252 5281 Inter
3297 5227 3401 5280 alia
3442 5228 3489 5281 si
3534 5240 3659 5297 post

2065 5316 2331 5387 synodum
2377 5315 2905 5382 Chalcedoneusem,
2943 5318 2989 5373 si
3045 5328 3163 5388 post
3202 5318 3457 5387 epistolas
3502 5335 3661 5389 papa!

2068 5411 2293 5478 Leonis,
2328 5412 2373 5467 si
2413 5418 2531 5481 post
2570 5411 2785 5483 libellos
2821 5427 2955 5481 quos
3001 5410 3264 5468 dederunt
3300 5422 3354 5467 et
3380 5412 3513 5468 dant
3539 5415 3661 5483 epi-

2069 5506 2242 5573 scopi,
2275 5514 2329 5558 et
2351 5480 2447 5573 per
2477 5504 2623 5573 ipsos
2654 5480 3030 5560 satisfecerunt
3055 5505 3166 5560 sedi
3192 5505 3520 5571 apostolicae,
3551 5480 3654 5562 itc-

2066 5612 2183 5650 rum
2225 5596 2422 5666 aliquid
2463 5612 2656 5651 novum
2701 5595 2947 5663 addatur,
2975 5597 3054 5653 sic
3098 5597 3227 5652 mihi
3262 5597 3492 5662 videtur,
3523 5599 3660 5668 quia

2064 5688 2322 5759 quidquid
2358 5689 2553 5744 factum
2584 5700 2665 5745 est
2694 5690 3009 5762 destruitur.
3035 5692 3165 5747 Data
3195 5707 3250 5747 nt
3280 5690 3525 5747 calendas
3550 5690 3656 5747 Ju-

2063 5783 2201 5848 nius,
2231 5782 2714 5852 Cotistautinopoli.

3590 292 3693 345 472
3772 366 3785 371 ,
