3998 6368
451 340 549 395 675

451 460 689 531 praedicti
716 473 809 515 vtrt
837 477 848 513 :
874 471 925 513 tn
951 469 1050 511 noc
1081 454 1212 511 ﬁdes
1238 453 1402 523 ipsius
1426 462 1503 509 est
1532 452 1769 510 incitata.
1802 453 2024 520 Propter
2051 449 2103 510 Α

450 556 549 608 hoc
583 557 633 608 in
664 552 852 607 urbem
882 559 1112 604 vestram
1146 549 1318 602 virum
1364 546 1708 617 spectabilem
1746 546 2026 613 Eulogium

450 665 499 700 m
523 646 848 717 tg's'rianum
888 642 1119 707 direxit,
1156 642 1258 699 hoc
1296 643 1395 698 sibi
1425 642 1735 698 satisfacere
1760 641 2025 712 judicans,

448 742 497 795 si‘
523 742 587 793 de
616 741 734 809 ipso
765 739 929 806 fonte,
960 738 1026 793 de
1056 753 1161 807 quo
1191 753 1284 807 per
1312 753 1524 793 omnem
1557 746 1753 793 terram
1781 744 2029 792 sanctua-

446 833 523 889 ria
551 833 911 901 apostolorum
939 841 1065 887 sunt
1090 832 1234 897 data,
1264 831 1388 886 inde
1413 841 1468 887 et
1494 833 1605 900 ipse
1632 832 1882 899 reliquias
1910 846 2029 885 sus-

446 927 623 995 cipere
653 936 940 979 mereatur.
976 924 1044 979 Et
1079 924 1215 980 bene
1239 923 1410 979 facitis
1450 938 1664 980 causam
1706 923 2028 978 ecclesiasti-

447 1034 563 1073 cam
614 1033 937 1087 magnopere
985 1020 1038 1073 in
1093 1019 1479 1073 contestatione
1538 1016 1633 1072 Dei
1685 1016 1773 1070 tali
1824 1016 2026 1072 homini

446 1111 825 1165 commendare
844 1154 860 1179 ,
892 1114 1044 1177 cujus
1072 1109 1352 1165 sinceritas
1382 1120 1436 1165 et
1465 1109 1741 1178 integritas
1771 1109 1909 1163 circa
1942 1124 2030 1165 re-

448 1202 697 1271 ligionem
744 1202 1059 1258 catholicam
1108 1212 1230 1257 nota
1279 1213 1361 1257 est
1407 1203 1654 1256 omnibus
1702 1202 2025 1259 hominibus.

448 1294 544 1349 ilic
573 1296 858 1350 voluerunt
886 1295 1146 1365 capsellas
1173 1303 1454 1363 argenteas
1484 1295 1659 1350 facere
1683 1305 1735 1350 et
1761 1296 2026 1365 dirigere;

447 1388 539 1443 sed
587 1397 770 1459 postea
816 1391 1182 1458 cogitaverunt
1229 1397 1285 1442 ut
1322 1396 1376 1442 et
1415 1390 1516 1444 hoc
1554 1403 1765 1458 quoque
1795 1404 1822 1441 a
1855 1399 2028 1443 ve5tra

447 1482 575 1541 sede
626 1497 721 1552 pro
782 1482 1153 1536 benedictione
1213 1482 1490 1549 suscipiat.
1552 1481 1796 1550 Singulas
1849 1490 2028 1537 tamen

447 1578 710 1647 capsellas
741 1593 835 1648 per
862 1577 1186 1646 singulorum
1218 1576 1581 1646 apostolorum
1620 1575 1875 1645 reliquias
1914 1575 2027 1629 ﬁeri

446 1672 643 1728 debere
666 1674 1017 1747 suggeritnus.
1046 1670 1175 1726 Data
1201 1686 1255 1725 ιιι
1279 1670 1529 1725 calendas
1550 1669 1736 1735 Iulias,
1760 1670 2028 1726 Constan-

449 1765 691 1837 ﬁnopoﬁ.

851 1858 1230 1915 EXEMPLUM
1267 1857 1622 1917 EPISTOLIE
2054 1841 2106 1903 B

872 1968 1159 2009 JUSTINIANI
1182 1970 1248 2007 AD
1270 1969 1590 2007 HORMISDAM.

450 2069 799 2125 Dissensiones
824 2084 859 2125 α
886 2069 1149 2139 monachis
1188 2068 1391 2139 Scythis
1430 2070 1672 2124 excitatas
1702 2068 1765 2123 ab
1807 2084 1863 2123 eo
1891 2084 2032 2124 cont-

589 2140 886 2211 pescendas.
934 2138 1297 2209 Apostolorum
1333 2140 1571 2210 reliquias
1601 2156 1655 2193 se
1682 2156 1883 2210 cupere.

520 2255 746 2316 Domino
792 2264 981 2313 sancto
1028 2256 1232 2311 meritis
1280 2255 1589 2312 beatissimo
1635 2264 1691 2313 et
1736 2255 2031 2326 apostolico

448 2348 666 2407 domino
693 2348 827 2417 patri
858 2363 1007 2417 papa
1042 2346 1339 2405 llortnisda:
1367 2346 1701 2405 Iustinianus
1739 2347 1818 2403 vir
1845 2347 2031 2405 claris-

447 2442 633 2505 simus.

524 2535 756 2606 Propitia
785 2535 1097 2603 Divinitate,
1127 2550 1247 2605 quae
1278 2549 1491 2601 semper
1520 2534 1813 2592 Ecclesiam
1842 2533 2030 2591 catho-

453 2626 607 2685 licam
637 2643 730 2697 per
758 2627 1085 2687 incrementa
1108 2625 1227 2683 ﬁdei
1259 2627 1507 2694 instituit,
1534 2627 1708 2682 unitas
1730 2635 2031 2683 sanctarum

454 2721 809 2777 Eeclesiarum
856 2736 952 2791 per
994 2721 1291 2781 doctrinam
1323 2733 1376 2775 et
1404 2721 1777 2778 auctoritatem
1816 2727 2034 2789 aposto-

452 2810 589 2869 latus
610 2813 773 2873 vestri
800 2814 1060 2881 provenit.
1084 2812 1191 2869 Sed
1217 2813 1465 2883 quoniam
1488 2814 1849 2883 comperimus
1873 2827 2055 2883 quos-,

456 2902 575 2963 dam
617 2904 832 2960 nomine
867 2904 1156 2963 monachos
1182 2945 1197 2970 ,
1238 2905 1432 2973 quibus
1472 2905 1639 2975 magis
1683 2905 1946 2961 discordia
1981 2908 2031 2963 in

452 2999 631 3061 studio
659 3008 742 3055 est
774 3014 928 3070 qnam
957 3000 1153 3057 caritas
1190 3010 1245 3058 et
1274 3015 1374 3069 pax
1418 2999 1544 3066 Dei,
1579 3001 1856 3069 cupientes
1882 3015 2033 3070 quaa-

453 3093 574 3167 dam
606 3092 938 3162 perturbare,
966 3092 1031 3147 ad
1060 3094 1307 3163 angelum
1335 3101 1570 3147 vostrum
1600 3091 1723 3149 hinc
1752 3092 2031 3148 disceden-

454 3195 536 3243 tes
574 3187 678 3245 iter
702 3185 992 3255 arripuisse
1020 3202 1034 3240 :
1065 3200 1203 3255 quos
1243 3186 1517 3243 beatitudo
1548 3193 1723 3244 vestra
1744 3227 1758 3250 ,
1802 3202 2034 3255 praesen-

456 3281 597 3338 tibus
632 3280 843 3351 scriptis
876 3294 1092 3340 causam
1124 3278 1305 3334 livoris
1334 3293 1521 3336 eorum
1560 3294 1888 3350 cognoscens
1913 3323 1926 3350 ,
1964 3283 2034 3341 ita

457 3382 517 3433 ut
541 3380 838 3442 merentur,
861 3373 1131 3444 suscipere
1153 3380 1208 3430 et
1230 3387 1259 3429 a
1284 3386 1343 3428 se
1364 3372 1520 3442 longe
1540 3374 1740 3444 pellere
1756 3373 2029 3443 dignetur:

455 3465 705 3535 quoniam
745 3466 1047 3535 vaniloquia
1088 3466 1324 3535 ipsorum
1365 3466 1728 3523 festinantium
1771 3469 2034 3525 novitates

455 3558 794 3615 introducere
830 3561 883 3614 in
917 3559 1185 3629 Ecclesia,
1215 3559 1357 3629 quod
1388 3575 1561 3629 neque
1591 3570 1818 3632 quatuor
1842 3561 2033 3634 synodi

454 3652 809 3717 venerabiles,
832 3666 1005 3721 neque
1035 3652 1203 3712 sancti
1234 3652 1425 3711 Leonis
1456 3667 1605 3722 papae
1634 3652 1873 3722 epistola:
1903 3668 2032 3707 con-

455 3745 624 3800 tinere
651 3753 961 3813 noscuntur,
986 3745 1038 3799 in
1066 3744 1210 3799 omni
1240 3744 1355 3799 loco
1378 3744 1561 3799 turbas
1586 3745 1822 3799 excitare
1848 3744 2035 3799 viden-

452 3848 556 3893 tur.
612 3837 967 3904 Quamobrem
1027 3838 1185 3891 etiam
1224 3846 1277 3891 et
1323 3852 1350 3890 a
1396 3835 1525 3891 viris
1568 3836 2033 3891 reverendissimil

450 3928 714 4003 episcopis
744 3934 799 3983 et
827 3927 1140 3987 diaconibus
1171 3927 1386 3985 directis
1428 3927 1495 3983 ab
1524 3929 1823 3997 apostolatu
1851 3939 2032 3984 vestro

450 4020 513 4075 ad
545 4035 644 4075 nos
674 4021 895 4090 angelus
923 4030 1102 4076 vester
1145 4020 1414 4075 destinare
1461 4021 1709 4091 dignetur
1733 4064 1748 4085 ,
1792 4031 1845 4079 et
1889 4023 2032 4093 ipsos

450 4114 607 4185 digna
638 4114 972 4170 correctione
1000 4114 1310 4183 perculsos,
1343 4122 1402 4169 ut
1432 4115 1674 4184 superius
1702 4115 1898 4173 dictum
1927 4125 2026 4182 est,

451 4205 648 4275 pellere
685 4204 893 4276 jubeat.
944 4203 1082 4276 Ergo
1118 4204 1234 4259 btec
1270 4205 1497 4274 petimus
1530 4212 1587 4259 ut
1638 4205 1815 4276 (sicut
1845 4220 2033 4277 supra-

386 4316 389 4319 ‘
450 4299 644 4355 dictum
673 4298 795 4369 est)
842 4296 989 4370 ipsas
1038 4297 1341 4369 hujusmodi
1390 4297 1593 4353 litteras
1644 4313 1739 4367 per
1779 4298 2028 4353 eumdem

449 4392 760 4461 portitorem
787 4391 852 4446 ad
882 4407 979 4445 nos
1008 4390 1240 4462 dirigere
1270 4404 1593 4461 magnopere
1622 4390 1860 4447 festinet.
1897 4390 2032 4446 Sunt

449 4494 627 4537 autem
655 4472 869 4539 nomina
897 4498 1104 4549 eorum,
1136 4482 1385 4550 Achilles,
1414 4480 1667 4546 Joannes,
1697 4481 1948 4537 Leontius
1976 4490 2031 4537 et

451 4573 725 4628 Mauritius
757 4573 1117 4646 (Maxentius).
1154 4572 1276 4627 Hmc
1308 4581 1489 4627 nostra
1521 4583 1601 4626 est
1627 4572 1854 4626 maxima
1882 4572 2029 4627 solli-
2052 4607 2105 4668 Β

450 4667 698 4723 eitudinis
728 4682 907 4733 causa,
939 4683 1007 4723 ne
1036 4667 1231 4730 unitas,
1264 4682 1422 4735 quam
1453 4674 1628 4721 vester
1653 4666 1804 4722 labor
1830 4666 2029 4722 oratio-

449 4773 551 4831 que
581 4756 831 4829 perfecit,
865 4772 958 4829 per
986 4758 1254 4829 inquietos
1285 4758 1530 4811 homines
1558 4756 1874 4825 dissipetur,
1906 4771 2027 4826 spe-

450 4863 630 4909 rantes
665 4853 718 4908 in
747 4851 974 4907 Domino
1005 4853 1149 4919 Deo,
1191 4852 1313 4925 quia
1341 4845 1536 4922 siquid
1566 4861 1646 4907 est
1682 4852 1821 4922 quod
1853 4851 2028 4908 adhuc

448 4961 476 5003 a
503 4945 663 5001 totius
679 4945 825 5000 orbis
856 4960 984 5015 pace
1007 4945 1306 5009 dissentiat,
1338 4945 1441 4999 hoc
1466 4959 1675 5014 qucque
1699 4945 2026 5001 orationibus

448 5037 638 5095 vestris
676 5037 984 5108 apostolicte
1022 5037 1165 5093 sedis
1193 5038 1551 5093 communioni
1584 5039 1833 5093 societur.
1882 5038 2025 5097 Prac-

445 5138 719 5187 sumentes
748 5139 923 5184 autem
949 5130 1017 5187 de
1045 5130 1387 5187 beatitudinis
1417 5142 1604 5186 vestra:
1632 5131 2022 5201 benevolentia,

448 5230 721 5290 paternam
782 5221 1121 5278 dilectionem
1171 5224 1390 5277 nimium
1438 5224 1667 5294 petimus
1700 5264 1713 5287 ,
1765 5232 2025 5292 quatenus

446 5314 695 5385 reliquiis
712 5323 1017 5369 sanctorum
1044 5314 1404 5385 apostolorum
1433 5322 1537 5368 tam
1568 5330 1664 5369 nos
1691 5304 1845 5384 quam
1878 5314 2022 5369 basi-

444 5403 600 5461 liCam
632 5421 817 5460 eorum
853 5405 937 5460 hic
968 5406 1022 5461 in
1054 5407 1213 5460 dumo
1244 5416 1421 5459 noswa
1454 5406 1552 5459 sub
1582 5405 1795 5460 nomine
1827 5405 2021 5473 pracdi-

444 5506 651 5552 ctorum
693 5482 1472 5553 venerabilium‘constructam
1509 5498 1780 5552 illustrare
1817 5508 1871 5551 et
1902 5498 2026 5551 iliu-

444 5588 650 5643 tninare
682 5592 828 5660 large
857 5591 1147 5662 dignemini
1176 5608 1190 5658 ;
1237 5600 1620 5659 COgnoscentes
1646 5590 1785 5659 quod
1818 5591 2022 5645 nullum

446 5681 600 5733 nobis
624 5683 794 5753 majus
815 5684 1128 5739 beneﬁcium
1155 5700 1251 5741 nec
1280 5700 1469 5738 munus
1496 5694 1749 5753 praestare
1779 5684 2021 5754 potestis,

443 5769 661 5829 domine
691 5777 993 5832 beatissime
1027 5786 1204 5844 pater,
1238 5792 1396 5856 quam
1428 5777 1470 5830 si
1502 5776 1638 5830 hanc
1668 5785 1901 5831 nosuam
1929 5791 2024 5845 pe-

444 5863 684 5928 titionem
712 5870 1145 5942 adimpleveritis.
1185 5871 1373 5928 Subito
1404 5881 1583 5927 autem
1613 5871 1713 5927 iter
1735 5872 2023 5943 arripiente

1774 332 2148 392 HORMISDE
2187 331 2388 389 PAPE

3609 334 3716 387 476

2128 446 2379 516 prtedicto
2409 455 2597 514 agente
2626 446 2676 500 in
2709 445 2893 514 rebus,
2926 447 3086 503 etiam
3117 446 3223 504 duo
3253 448 3408 515 pallia
3438 447 3610 503 serica
3641 446 3712 501 ad

2131 547 2501 591 ornamentum
2546 538 2729 593 altaris
2770 550 3075 593 sanctorum
3116 539 3476 608 apostolorum
3515 539 3689 592 dire\i

2130 646 2269 697 mus,
2290 648 2407 702 quae
2428 634 2798 701 suscipientes,
2816 633 3202 689 efﬁcacissimis
3228 635 3476 703 precibus
3498 634 3710 703 vestris,

2133 726 2301 781 nostri
2327 726 2511 797 jubete
2543 727 2740 797 jugiter
2769 728 2955 785 facere
2976 731 3309 785 memoriam.

2527 842 2906 901 EXEMPLUM
2954 846 3312 903 EPISTULIE

2128 959 2417 1000 JUSTINIANI
2453 960 2553 1001 PER
2602 963 2847 1005 FRATREM
2892 964 3254 1004 PROEMPTOBIS
3301 966 3368 1004 AD
3412 962 3713 1003 BOBIISDAI

2824 1036 3013 1074 ΡΔΡΑΜ.

2132 1117 2267 1175 Petti
2313 1128 2369 1174 ut
2416 1122 2646 1192 expedito
2700 1123 3066 1176 monachorum
3118 1125 3319 1189 ncqotio
3373 1120 3623 1176 Joannem
3666 1130 3715 1175 et

2572 1193 2839 1247 Leontium
2866 1197 2931 1247 ad
2963 1212 3012 1246 se
3037 1197 3274 1249 remittat.

2201 1308 2464 1377 Quidquid
2513 1318 2598 1364 est
2640 1311 2877 1373 cautius,
2924 1308 3177 1377 quidquid
3226 1307 3467 1369 ﬁrmius,
3514 1313 3570 1359 ut
3617 1320 3716 1374 pro

2132 1409 2314 1455 sancta
2345 1400 2446 1454 ﬁde
2476 1408 2531 1455 et
2556 1401 2845 1454 concordia
2870 1415 3139 1453 sacrarum
3168 1399 3520 1454 Ecclesiatum
3553 1412 3717 1465 gera-

2130 1502 2236 1561 tur,
2269 1504 2536 1563 optamus.
2573 1494 2724 1549 Unde
2756 1494 2820 1548 ad
2854 1494 3234 1548 beatitudinem
3268 1504 3496 1547 vestram
3528 1502 3582 1546 et
3610 1492 3715 1545 fra-

2132 1597 2213 1641 ter
2258 1597 2440 1641 noster
2486 1587 2905 1651 gloriosissimus
2954 1587 3248 1640 Vitalianus
3297 1602 3389 1653 per
3431 1584 3716 1638 Paulinum

2131 1664 2301 1733 virum
2333 1680 2612 1737 sublimem
2645 1680 2982 1733 defensorem
3017 1688 3207 1733 vestrae
3239 1680 3489 1734 Ecclesia:
3518 1666 3717 1731 rescri-

2133 1773 2274 1842 psit,
2310 1781 2363 1825 ci.
2394 1788 2488 1825 nos
2528 1787 2623 1840 per
2651 1772 2895 1825 eumdem
2938 1771 3241 1840 signiﬁcare
3282 1772 3583 1825 curavimus
3625 1769 3717 1823 illa

2132 1866 2328 1920 debere
2358 1864 2742 1919 beatitudinem
2772 1875 3006 1919 vestram
3054 1865 3307 1933 perﬁcere
3333 1904 3346 1927 ,
3380 1880 3497 1930 quae
3526 1876 3719 1930 pacem

2132 1965 2187 2011 et
2211 1957 2551 2014 concordiam
2593 1958 2791 2011 sanctis
2827 1958 3122 2012 concedant
3162 1956 3433 2011 Ecclesiis.
3475 1952 3720 2009 Subinde

2133 2060 2327 2112 tamen,
2355 2051 2447 2121 qui
2468 2051 2666 2105 certius
2691 2064 3004 2121 responsum
3027 2048 3092 2103 ad
3116 2048 3450 2103 s-tnctitatem
3474 2055 3721 2099 vestram

2132 2144 2361 2207 referat,
2386 2158 2508 2197 cum
2538 2142 2731 2196 littoris
2755 2142 2980 2210 piissimi
3004 2143 3169 2195 nostri
3198 2138 3533 2205 imperatoris
3556 2137 3722 2192 desti-

2133 2237 2398 2293 navimus.
2451 2236 2581 2291 Nam
2625 2246 2819 2305 quanta
2866 2238 3090 2308 quaasﬁo
3131 2237 3181 2289 in
3227 2235 3466 2306 partibus
3514 2233 3725 2288 nostris

2132 2338 2246 2382 orla
2275 2337 2384 2391 est,
2413 2337 2585 2396 potest
2618 2328 2777 2381 etiam
2808 2329 3072 2382 antelatus
3106 2328 3188 2381 vir
3218 2327 3498 2395 religiosus
3530 2324 3725 2378 defen-
3781 2342 3784 2344 ‘

2133 2432 2225 2475 sor
2252 2419 2587 2473 sanctitatem
2611 2430 2844 2475 vestram
2874 2420 3158 2473 instruere.
3193 2418 3343 2473 Unde
3372 2418 3601 2485 petimus
3631 2426 3722 2480 ut,

2134 2511 2177 2565 si
2202 2519 2283 2565 est
2308 2510 2581 2580 possibile,
2609 2511 2893 2566 celerrimo
2919 2511 3042 2564 dato
3064 2524 3323 2578 responso
3350 2516 3405 2563 et
3426 2505 3727 2562 satisfactis

2134 2604 2395 2673 religiosis
2430 2604 2746 2669 monachis,
2796 2604 3052 2659 Joannem
3098 2613 3151 2658 et
3195 2603 3473 2657 Leontium
3519 2601 3581 2654 ad
3614 2612 3728 2653 nos

2134 2697 2463 2752 remittatis:
2498 2696 2599 2750 nisi
2646 2697 2786 2751 enim
2833 2696 3080 2764 precibus
3128 2705 3181 2750 et
3224 2694 3492 2763 diligentia
3541 2700 3730 2748 vestra

2136 2791 2235 2845 ista
2281 2791 2507 2858 quaestio
2550 2789 2720 2843 soluta
2772 2789 2968 2853 fuerit,
3006 2803 3255 2841 veremur
3290 2801 3359 2839 ne
3401 2800 3503 2838 non
3548 2784 3733 2853 possit

2140 2881 2496 2937 Ecclesiarnm
2533 2890 2835 2935 sanctarum
2875 2895 2976 2949 pax
3008 2879 3309 2948 provenire.
3352 2874 3492 2946 Ergo
3519 2890 3734 2943 cogno~

2138 2985 2350 3031 scentes
2380 2976 2502 3045 quia
2535 2983 2589 3028 et
2616 2989 2824 3029 merces
2857 2984 2912 3028 et
2946 2974 3242 3043 periculum
3274 2972 3431 3039 hujus
3457 2972 3531 3026 rei
3566 2971 3735 3024 vobis

2138 3067 2715 3137 servantr,diiigenter
2745 3075 2986 3133 tractate,
3020 3076 3074 3121 et
3105 3066 3464 3121 ﬁrmissimum
3496 3080 3738 3132 respon-

2139 3178 2255 3217 sum
2285 3175 2381 3231 per
2409 3162 2670 3216 antelatos
2701 3160 2977 3229 religiosos
3014 3161 3324 3223 monachos,
3358 3160 3400 3212 si
3430 3168 3510 3213 est
3542 3157 3740 3226 possi-

2063 3230 2111 3297 Ο
2142 3230 2597 3323 bile,antequam
2640 3254 2844 3323 legatus
2882 3261 3067 3307 noster
3101 3252 3165 3306 ad
3211 3251 3593 3307 beatitudinem
3631 3265 3739 3304 ve-

2138 3358 2302 3401 stram
2335 3346 2611 3416 perveniat
2639 3387 2653 3412 ,
2683 3344 2839 3400 nobis
2877 3345 3132 3401 remittite
3162 3361 3176 3409 ;
3209 3344 3261 3398 in
3298 3343 3399 3398 hoc
3427 3342 3571 3397 enim
3601 3344 3740 3398 solo

2134 3438 2309 3494 omnis
2335 3438 2533 3508 pendet
2563 3438 2807 3493 intentio.

2544 3548 2922 3606 EXEMPLUM
2964 3547 3317 3605 EPISTOL/E

2560 3660 2845 3701 JUSTINIANI
2874 3660 2941 3701 Αι)
2963 3647 3285 3699 nonutsnau.

2136 3739 2213 3795 An
2238 3738 2509 3795 dicendum
2544 3739 2611 3793 sit
2644 3754 2802 3791 unum
2845 3736 2906 3790 de
2932 3734 3181 3790 Trinitale
3208 3735 3365 3816 fuisse
3394 3734 3738 3791 cruciﬁxum.

2205 3835 2275 3893 Ut
2307 3833 2616 3906 plenissima
2655 3832 2775 3888 ﬁdei
2816 3830 3074 3901 perfectio
3104 3830 3341 3884 doctrina
3375 3830 3746 3888 beatitudinis

2133 3938 2326 3983 vestra:
2376 3925 2532 3980 nobis
2585 3924 2899 3997 proveniat,
2946 3923 3140 3977 iterum
3204 3921 3485 3991 Eulogium
3548 3925 3749 3981 virum

2133 4029 2407 4076 strenuum
2436 4028 2679 4087 agentem
2712 4018 2763 4071 in
2794 4014 2955 4070 rebus
2980 4014 3136 4087 juxta
3167 4014 3299 4069 alias
3326 4029 3536 4082 causas,
3560 4016 3749 4073 etiam

2134 4111 2274 4167 hanc
2305 4120 2529 4181 propter,
2553 4108 2871 4174 direximus,
2904 4122 2998 4176 per
3034 4122 3188 4178 quem
3223 4107 3376 4160 valde
3407 4107 3643 4176 petimus
3679 4120 3753 4167 ut

2134 4221 2228 4276 per
2253 4205 2433 4260 omnia
2480 4216 2738 4272 responso
2768 4201 3098 4270 apostolatus
3132 4200 3296 4255 vestri
3333 4201 3751 4272 circumspcczo

2133 4308 2187 4353 et
2224 4298 2534 4353 cautissimo
2577 4296 2631 4349 in
2676 4293 3016 4349 confessione
3055 4292 3331 4347 catholica:
3364 4291 3487 4347 ﬁdei
3526 4295 3755 4350 conﬁr-

2133 4400 2326 4449 metur.
2355 4388 2482 4444 Post
2507 4388 2675 4467 semel
2701 4388 2843 4442 enim
2870 4386 3047 4442 divina
3076 4385 3439 4441 misericordia
3466 4385 3752 4445 donatam

2132 4482 2389 4539 Ecclesiae
2412 4480 2685 4534 catholicae
2717 4480 2994 4543 unitatem,
3022 4477 3237 4550 quidam
3266 4487 3514 4532 asserunt
3568 4479 3756 4535 Chri-

2131 4586 2267 4630 stum
2293 4572 2483 4627 Filium
2514 4572 2604 4626 Dei
2630 4571 2911 4627 Dominum
2944 4581 3181 4625 nostrum
3212 4586 3309 4639 pro
3329 4579 3514 4625 nostra
3545 4573 3751 4631 salute

2136 4685 2295 4723 carne
2316 4666 2628 4721 cruciﬁxum
2651 4682 2812 4721 unum
2835 4665 2901 4720 de
2916 4663 3173 4720 Trinitate
3186 4664 3380 4720 debere
3397 4666 3705 4735 praedicari
3738 4689 3756 4725 :

2137 4764 2275 4834 quod
2291 4761 2336 4817 si
2350 4760 2745 4829 suscipiendum
2760 4761 2849 4825 sit,
2866 4768 3085 4829 paterna
3103 4759 3405 4829 provisione
3419 4775 3651 4813 revereri
3664 4765 3709 4814 Li
3721 4779 3761 4818 ει

2137 4864 2313 4909 vestra
2344 4853 2651 4908 cautissimo
2681 4868 2778 4907 suo
2823 4852 3117 4921 rescripto,
3153 4849 3277 4922 quid
3303 4852 3453 4922 sequi
3476 4894 3488 4911 ,
3523 4852 3666 4921 quid
3683 4873 3766 4912 ve

2136 4963 2298 5018 super
2318 4945 2420 5000 hoc
2441 4945 2642 5005 evitare
2662 4944 2975 5009 debeamus,
2998 4959 3094 4999 nos
3115 4943 3407 4999 certiorare
3430 4944 3709 5011 dignetur
3745 4969 3761 5003 :

2135 5042 2385 5113 quoniam
2422 5039 2583 5097 verba
2619 5038 2865 5093 videntur
2907 5036 3079 5091 facere
3114 5037 3513 5092 dissensionem
3550 5054 3564 5091 :
3600 5056 3767 5097 nam

2134 5150 2323 5190 sensus
2369 5134 2509 5190 inter
2539 5135 2831 5189 catholicos
2859 5148 3046 5188 omnes
3092 5149 3231 5188 unus
3275 5147 3392 5187 esse
3439 5134 3762 5202 probatur.

2136 5227 2396 5297 lmponite
2453 5227 2613 5296 igitur
2671 5225 2819 5279 vobis
2873 5226 3036 5281 semel
3078 5226 3399 5295 susceptum
3451 5224 3769 5296 laborem,

2133 5330 2316 5374 sancte
2345 5334 2407 5374 ac
2434 5317 2762 5375 venerabilis
2792 5317 2977 5385 Pater,
3013 5319 3174 5373 etiam
3205 5316 3257 5372 in
3288 5316 3387 5378 hoc
3416 5317 3769 5383 praedeces-

2133 5427 2282 5467 sores
2322 5423 2529 5466 vestros
2560 5420 2876 5481 sequentes,
2912 5426 3135 5481 quorum
3180 5409 3493 5465 memoriam
3526 5420 3579 5465 et
3608 5427 3775 5466 am-

2135 5502 2428 5572 plectimini
2455 5545 2469 5567 ,
2514 5511 2568 5558 et
2596 5504 2868 5558 consortio
2905 5503 3248 5575 pontiﬁcatus
3276 5502 3482 5557 ornatis
3509 5544 3524 5568 ,
3570 5515 3632 5557 et
3677 5506 3773 5563 de

2128 5594 2226 5649 hac
2291 5595 2586 5650 intentione
2634 5595 2831 5651 liberos
2878 5612 2973 5650 nos
3026 5603 3310 5665 properate
3382 5594 3624 5650 reddere
3694 5611 3773 5656 et

2128 5701 2364 5740 securos.
2416 5686 2526 5740 lloc
2557 5686 2697 5741 enim
2728 5687 2996 5743 credimus
3028 5702 3147 5741 esse
3179 5686 3501 5741 catholicum
3526 5728 3540 5752 ,
3572 5694 3773 5755 quod

2130 5788 2311 5834 vestro
2358 5780 2607 5847 religioso
2670 5795 2931 5848 reSponso
2984 5780 3137 5834 nobis
3186 5776 3341 5831 fuerit
3390 5779 3777 5842 intimatum.

2128 5872 2259 5941 Quia
2284 5888 2412 5927 vero
2440 5872 2638 5928 dictum
2662 5882 2737 5929 est
2766 5873 3046 5945 Scythicos
3070 5870 3362 5929 monachos
3387 5869 3487 5929 hac
3510 5873 3785 5941 ratione
