  <div class='ocr_page' id='page_1' title='image "/cluster/home/n/w/nwhite01/storage/ocr_20150623/63/hvd.32044015469307/242.png"; bbox 0 0 3998 6368; ppageno 0'>
   <div class='ocr_carea' id='block_1_1' title="bbox 223 410 2290 497">
    <p class='ocr_par' dir='ltr' id='par_1_1' title="bbox 223 410 2290 497">
     <span class='ocr_line' id='line_1_1' title="bbox 223 410 2290 497; baseline 0.028 -56"><span class='ocrx_word' id='word_1_1' title='bbox 223 410 309 467; x_wconf 65' lang='grc' dir='ltr'><strong>ιτ,</strong></span> <span class='ocrx_word' id='word_1_2' title='bbox 1432 422 1783 479; x_wconf 68' lang='lat' dir='ltr'><strong>EPISTOLAE</strong></span> <span class='ocrx_word' id='word_1_3' title='bbox 1828 426 1915 484; x_wconf 86' lang='lat' dir='ltr'><strong>ET</strong></span> <span class='ocrx_word' id='word_1_4' title='bbox 1954 432 2290 497; x_wconf 80' lang='lat' dir='ltr'><strong>DECRETA.</strong></span> 
     </span>
    </p>
   </div>
   <div class='ocr_carea' id='block_1_2' title="bbox 224 526 1795 603">
    <p class='ocr_par' dir='ltr' id='par_1_2' title="bbox 224 526 1795 603">
     <span class='ocr_line' id='line_1_2' title="bbox 224 526 1795 603; baseline 0.009 -21"><span class='ocrx_word' id='word_1_5' title='bbox 224 527 282 582; x_wconf 90' lang='lat' dir='ltr'><strong>ad</strong></span> <span class='ocrx_word' id='word_1_6' title='bbox 309 526 491 581; x_wconf 85' lang='lat' dir='ltr'><strong>sedem</strong></span> <span class='ocrx_word' id='word_1_7' title='bbox 523 537 762 587; x_wconf 89' lang='lat' dir='ltr'><strong>vestram</strong></span> <span class='ocrx_word' id='word_1_8' title='bbox 792 531 1085 591; x_wconf 73' lang='lat' dir='ltr'><strong>accessisse</strong></span> <span class='ocrx_word' id='word_1_9' title='bbox 1127 549 1223 603; x_wconf 89' lang='lat' dir='ltr'><strong>pro</strong></span> <span class='ocrx_word' id='word_1_10' title='bbox 1268 536 1551 595; x_wconf 78' lang='lat' dir='ltr'><strong>traditione</strong></span> <span class='ocrx_word' id='word_1_11' title='bbox 1582 539 1795 595; x_wconf 81' lang='lat' dir='ltr'><strong>Patrum</strong></span> 
     </span>
    </p>
   </div>
   <div class='ocr_carea' id='block_1_3' title="bbox 221 602 1798 701">
    <p class='ocr_par' dir='ltr' id='par_1_3' title="bbox 221 602 1798 701">
     <span class='ocr_line' id='line_1_3' title="bbox 221 602 1798 701; baseline 0.008 -25"><span class='ocrx_word' id='word_1_12' title='bbox 221 602 269 676; x_wconf 82' lang='lat' dir='ltr'><strong>et</strong></span> <span class='ocrx_word' id='word_1_13' title='bbox 292 620 481 676; x_wconf 88' lang='lat' dir='ltr'><strong>ordine</strong></span> <span class='ocrx_word' id='word_1_14' title='bbox 514 624 843 692; x_wconf 87' lang='lat' dir='ltr'><strong>regularum,</strong></span> <span class='ocrx_word' id='word_1_15' title='bbox 875 625 1095 696; x_wconf 65' lang='lat' dir='ltr'><strong>praebito</strong></span> <span class='ocrx_word' id='word_1_16' title='bbox 1127 602 1204 687; x_wconf 80' lang='lat' dir='ltr'><strong>eis</strong></span> <span class='ocrx_word' id='word_1_17' title='bbox 1232 644 1509 701; x_wconf 88' lang='lat' dir='ltr'><strong>responso,</strong></span> <span class='ocrx_word' id='word_1_18' title='bbox 1536 633 1664 687; x_wconf 86' lang='lat' dir='ltr'><strong>nihil</strong></span> <span class='ocrx_word' id='word_1_19' title='bbox 1698 634 1798 687; x_wconf 80' lang='lat' dir='ltr'><strong>lor-</strong></span> 
     </span>
    </p>
   </div>
   <div class='ocr_carea' id='block_1_4' title="bbox 221 714 1791 791">
    <p class='ocr_par' dir='ltr' id='par_1_4' title="bbox 221 714 1791 791">
     <span class='ocr_line' id='line_1_4' title="bbox 221 714 1791 791; baseline 0.006 -22"><span class='ocrx_word' id='word_1_20' title='bbox 221 714 466 777; x_wconf 88' lang='lat' dir='ltr'><strong>midante,</strong></span> <span class='ocrx_word' id='word_1_21' title='bbox 495 716 560 769; x_wconf 88' lang='lat' dir='ltr'><strong>ad</strong></span> <span class='ocrx_word' id='word_1_22' title='bbox 594 731 692 772; x_wconf 90' lang='lat' dir='ltr'><strong>nos</strong></span> <span class='ocrx_word' id='word_1_23' title='bbox 717 733 836 772; x_wconf 90' lang='lat' dir='ltr'><strong>cum</strong></span> <span class='ocrx_word' id='word_1_24' title='bbox 866 721 1058 774; x_wconf 80' lang='lat' dir='ltr'><strong>vestris</strong></span> <span class='ocrx_word' id='word_1_25' title='bbox 1081 720 1271 775; x_wconf 77' lang='lat' dir='ltr'><strong>litteris</strong></span> <span class='ocrx_word' id='word_1_26' title='bbox 1299 722 1477 791; x_wconf 83' lang='lat' dir='ltr'><strong>jubete</strong></span> <span class='ocrx_word' id='word_1_27' title='bbox 1500 725 1791 783; x_wconf 91' lang='lat' dir='ltr'><strong>remittere.</strong></span> 
     </span>
    </p>
   </div>
   <div class='ocr_carea' id='block_1_5' title="bbox 220 806 1796 885">
    <p class='ocr_par' dir='ltr' id='par_1_5' title="bbox 220 806 1796 885">
     <span class='ocr_line' id='line_1_5' title="bbox 220 806 1796 885; baseline 0.009 -28"><span class='ocrx_word' id='word_1_28' title='bbox 220 806 444 871; x_wconf 86' lang='lat' dir='ltr'><strong>Quarum</strong></span> <span class='ocrx_word' id='word_1_29' title='bbox 472 807 636 861; x_wconf 89' lang='lat' dir='ltr'><strong>etiam</strong></span> <span class='ocrx_word' id='word_1_30' title='bbox 677 810 1005 880; x_wconf 70' lang='lat' dir='ltr'><strong>exemplaria</strong></span> <span class='ocrx_word' id='word_1_31' title='bbox 1049 814 1353 881; x_wconf 85' lang='lat' dir='ltr'><strong>consignata</strong></span> <span class='ocrx_word' id='word_1_32' title='bbox 1399 815 1650 885; x_wconf 63' lang='lat' dir='ltr'><strong>praedicto</strong></span> <span class='ocrx_word' id='word_1_33' title='bbox 1683 818 1796 871; x_wconf 89' lang='lat' dir='ltr'><strong>viro</strong></span> 
     </span>
    </p>
   </div>
   <div class='ocr_carea' id='block_1_6' title="bbox 218 897 1794 971">
    <p class='ocr_par' dir='ltr' id='par_1_6' title="bbox 218 897 1794 971">
     <span class='ocr_line' id='line_1_6' title="bbox 218 897 1794 971; baseline 0.009 -20"><span class='ocrx_word' id='word_1_34' title='bbox 218 906 427 951; x_wconf 85' lang='lat' dir='ltr'><strong>strenuo</strong></span> <span class='ocrx_word' id='word_1_35' title='bbox 452 897 678 969; x_wconf 84' lang='lat' dir='ltr'><strong>Eulogio</strong></span> <span class='ocrx_word' id='word_1_36' title='bbox 701 900 815 955; x_wconf 89' lang='lat' dir='ltr'><strong>dari</strong></span> <span class='ocrx_word' id='word_1_37' title='bbox 842 902 1130 971; x_wconf 69' lang='lat' dir='ltr'><strong>prmcipite.</strong></span> <span class='ocrx_word' id='word_1_38' title='bbox 1158 904 1281 959; x_wconf 71' lang='lat' dir='ltr'><strong>Haec</strong></span> <span class='ocrx_word' id='word_1_39' title='bbox 1302 906 1440 962; x_wconf 88' lang='lat' dir='ltr'><strong>enim</strong></span> <span class='ocrx_word' id='word_1_40' title='bbox 1468 908 1645 961; x_wconf 84' lang='lat' dir='ltr'><strong>omnia</strong></span> <span class='ocrx_word' id='word_1_41' title='bbox 1676 908 1794 965; x_wconf 70' lang='lat' dir='ltr'><strong>ideo</strong></span> 
     </span>
    </p>
   </div>
   <div class='ocr_carea' id='block_1_7' title="bbox 218 990 1793 1061">
    <p class='ocr_par' dir='ltr' id='par_1_7' title="bbox 218 990 1793 1061">
     <span class='ocr_line' id='line_1_7' title="bbox 218 990 1793 1061; baseline 0.008 -19"><span class='ocrx_word' id='word_1_42' title='bbox 218 990 438 1059; x_wconf 80' lang='lat' dir='ltr'><strong>petimus</strong></span> <span class='ocrx_word' id='word_1_43' title='bbox 463 1007 562 1046; x_wconf 90' lang='lat' dir='ltr'><strong>vos</strong></span> <span class='ocrx_word' id='word_1_44' title='bbox 589 992 875 1061; x_wconf 83' lang='lat' dir='ltr'><strong>disponere</strong></span> <span class='ocrx_word' id='word_1_45' title='bbox 904 996 1129 1061; x_wconf 89' lang='lat' dir='ltr'><strong>cautius,</strong></span> <span class='ocrx_word' id='word_1_46' title='bbox 1160 1006 1212 1050; x_wconf 93' lang='lat' dir='ltr'><strong>ut</strong></span> <span class='ocrx_word' id='word_1_47' title='bbox 1242 1012 1309 1052; x_wconf 93' lang='lat' dir='ltr'><strong>ne</strong></span> <span class='ocrx_word' id='word_1_48' title='bbox 1337 998 1485 1052; x_wconf 83' lang='lat' dir='ltr'><strong>iocus</strong></span> <span class='ocrx_word' id='word_1_49' title='bbox 1515 998 1793 1059; x_wconf 83' lang='lat' dir='ltr'><strong>mendacio</strong></span> 
     </span>
    </p>
   </div>
   <div class='ocr_carea' id='block_1_8' title="bbox 215 1081 1792 1155">
    <p class='ocr_par' dir='ltr' id='par_1_8' title="bbox 215 1081 1792 1155">
     <span class='ocr_line' id='line_1_8' title="bbox 215 1081 1792 1155; baseline 0.01 -21"><span class='ocrx_word' id='word_1_50' title='bbox 215 1081 290 1135; x_wconf 90' lang='lat' dir='ltr'><strong>vel</strong></span> <span class='ocrx_word' id='word_1_51' title='bbox 332 1082 542 1135; x_wconf 83' lang='lat' dir='ltr'><strong>insidiis</strong></span> <span class='ocrx_word' id='word_1_52' title='bbox 588 1084 745 1138; x_wconf 88' lang='lat' dir='ltr'><strong>detur</strong></span> <span class='ocrx_word' id='word_1_53' title='bbox 773 1101 787 1138; x_wconf 89' lang='lat'><strong>:</strong></span> <span class='ocrx_word' id='word_1_54' title='bbox 818 1087 1065 1155; x_wconf 89' lang='lat' dir='ltr'><strong>quoniam</strong></span> <span class='ocrx_word' id='word_1_55' title='bbox 1110 1102 1319 1143; x_wconf 90' lang='lat' dir='ltr'><strong>summo</strong></span> <span class='ocrx_word' id='word_1_56' title='bbox 1365 1104 1481 1143; x_wconf 92' lang='lat' dir='ltr'><strong>cum</strong></span> <span class='ocrx_word' id='word_1_57' title='bbox 1525 1089 1792 1149; x_wconf 60' lang='lat' dir='ltr'><strong>desiderio</strong></span> 
     </span>
    </p>
   </div>
   <div class='ocr_carea' id='block_1_9' title="bbox 216 1174 1792 1246">
    <p class='ocr_par' dir='ltr' id='par_1_9' title="bbox 216 1174 1792 1246">
     <span class='ocr_line' id='line_1_9' title="bbox 216 1174 1792 1246; baseline 0.007 -19"><span class='ocrx_word' id='word_1_58' title='bbox 216 1174 363 1228; x_wconf 90' lang='lat' dir='ltr'><strong>ﬁdem</strong></span> <span class='ocrx_word' id='word_1_59' title='bbox 398 1175 719 1230; x_wconf 81' lang='lat' dir='ltr'><strong>catholicam</strong></span> <span class='ocrx_word' id='word_1_60' title='bbox 756 1180 1140 1246; x_wconf 90' lang='lat' dir='ltr'><strong>amplectentes</strong></span> <span class='ocrx_word' id='word_1_61' title='bbox 1160 1223 1174 1246; x_wconf 91' lang='lat'><strong>,</strong></span> <span class='ocrx_word' id='word_1_62' title='bbox 1203 1190 1377 1236; x_wconf 90' lang='lat' dir='ltr'><strong>vestra</strong></span> <span class='ocrx_word' id='word_1_63' title='bbox 1410 1182 1652 1238; x_wconf 87' lang='lat' dir='ltr'><strong>doctrina</strong></span> <span class='ocrx_word' id='word_1_64' title='bbox 1682 1185 1792 1238; x_wconf 88' lang='lat' dir='ltr'><strong>uni-</strong></span> 
     </span>
    </p>
   </div>
   <div class='ocr_carea' id='block_1_10' title="bbox 220 1267 1410 1337">
    <p class='ocr_par' dir='ltr' id='par_1_10' title="bbox 220 1267 1410 1337">
     <span class='ocr_line' id='line_1_10' title="bbox 220 1267 1410 1337; baseline 0.008 -19"><span class='ocrx_word' id='word_1_65' title='bbox 220 1274 371 1321; x_wconf 69' lang='lat' dir='ltr'><strong>tatem</strong></span> <span class='ocrx_word' id='word_1_66' title='bbox 401 1267 655 1321; x_wconf 88' lang='lat' dir='ltr'><strong>universo</strong></span> <span class='ocrx_word' id='word_1_67' title='bbox 682 1268 799 1322; x_wconf 87' lang='lat' dir='ltr'><strong>orbi</strong></span> <span class='ocrx_word' id='word_1_68' title='bbox 829 1269 1056 1337; x_wconf 83' lang='lat' dir='ltr'><strong>petimus</strong></span> <span class='ocrx_word' id='word_1_69' title='bbox 1084 1272 1410 1328; x_wconf 86' lang='lat' dir='ltr'><strong>c0ndouare.</strong></span> 
     </span>
    </p>
   </div>
   <div class='ocr_carea' id='block_1_11' title="bbox 722 1379 1270 1439">
    <p class='ocr_par' dir='ltr' id='par_1_11' title="bbox 722 1379 1270 1439">
     <span class='ocr_line' id='line_1_11' title="bbox 722 1379 1270 1439; baseline 0.005 -4"><span class='ocrx_word' id='word_1_70' title='bbox 722 1379 1049 1439; x_wconf 82' lang='lat' dir='ltr'><strong>EPISTULA</strong></span> <span class='ocrx_word' id='word_1_71' title='bbox 1091 1383 1270 1438; x_wconf 82' lang='lat' dir='ltr'><strong>LXVI.</strong></span> 
     </span>
    </p>
   </div>
   <div class='ocr_carea' id='block_1_12' title="bbox 772 1490 1235 1533">
    <p class='ocr_par' dir='ltr' id='par_1_12' title="bbox 772 1490 1235 1533">
     <span class='ocr_line' id='line_1_12' title="bbox 772 1490 1235 1533; baseline 0.002 -4"><span class='ocrx_word' id='word_1_72' title='bbox 772 1492 837 1531; x_wconf 74' lang='lat' dir='ltr'><strong>AD</strong></span> <span class='ocrx_word' id='word_1_73' title='bbox 875 1490 1235 1533; x_wconf 70' lang='lat' dir='ltr'><strong>JUSTIMANUH.</strong></span> 
     </span>
    </p>
   </div>
   <div class='ocr_carea' id='block_1_13' title="bbox 215 1562 1788 1640">
    <p class='ocr_par' dir='ltr' id='par_1_13' title="bbox 215 1562 1788 1640">
     <span class='ocr_line' id='line_1_13' title="bbox 215 1562 1788 1640; baseline 0.005 -21"><span class='ocrx_word' id='word_1_74' title='bbox 215 1562 490 1640; x_wconf 72' lang='lat' dir='ltr'><strong>licitae/tos</strong></span> <span class='ocrx_word' id='word_1_75' title='bbox 518 1564 740 1640; x_wconf 73' lang='lat' dir='ltr'><strong>Scythas</strong></span> <span class='ocrx_word' id='word_1_76' title='bbox 762 1577 883 1640; x_wconf 81' lang='lat' dir='ltr'><strong>ante</strong></span> <span class='ocrx_word' id='word_1_77' title='bbox 904 1568 1181 1640; x_wconf 83' lang='lat' dir='ltr'><strong>legatorum</strong></span> <span class='ocrx_word' id='word_1_78' title='bbox 1203 1568 1470 1625; x_wconf 80' lang='lat' dir='ltr'><strong>adventum</strong></span> <span class='ocrx_word' id='word_1_79' title='bbox 1502 1570 1661 1626; x_wconf 79' lang='lat' dir='ltr'><strong>Roma</strong></span> <span class='ocrx_word' id='word_1_80' title='bbox 1686 1590 1788 1628; x_wconf 87' lang='lat' dir='ltr'><strong>non</strong></span> 
     </span>
    </p>
   </div>
   <div class='ocr_carea' id='block_1_14' title="bbox 294 1635 1692 1705">
    <p class='ocr_par' dir='ltr' id='par_1_14' title="bbox 294 1635 1692 1705">
     <span class='ocr_line' id='line_1_14' title="bbox 294 1635 1692 1705; baseline 0.007 -19"><span class='ocrx_word' id='word_1_81' title='bbox 294 1636 629 1689; x_wconf 73' lang='lat' dir='ltr'><strong>discessuros.</strong></span> <span class='ocrx_word' id='word_1_82' title='bbox 673 1635 1033 1705; x_wconf 68' lang='lat' dir='ltr'><strong>Apostolorum</strong></span> <span class='ocrx_word' id='word_1_83' title='bbox 1059 1641 1351 1694; x_wconf 85' lang='lat' dir='ltr'><strong>sanctuaria</strong></span> <span class='ocrx_word' id='word_1_84' title='bbox 1379 1643 1692 1697; x_wconf 77' lang='lat' dir='ltr'><strong>transmittit.</strong></span> 
     </span>
    </p>
   </div>
   <div class='ocr_carea' id='block_1_15' title="bbox 202 1727 1287 1795">
    <p class='ocr_par' dir='ltr' id='par_1_15' title="bbox 202 1727 1287 1795">
     <span class='ocr_line' id='line_1_15' title="bbox 202 1727 1287 1795; baseline 0.006 -14"><span class='ocrx_word' id='word_1_85' title='bbox 202 1785 208 1795; x_wconf 61' lang='grc'>,</span> <span class='ocrx_word' id='word_1_86' title='bbox 273 1727 557 1781; x_wconf 81' lang='lat' dir='ltr'><strong>Hormisda</strong></span> <span class='ocrx_word' id='word_1_87' title='bbox 591 1727 895 1783; x_wconf 80' lang='lat' dir='ltr'><strong>Justiniano</strong></span> <span class='ocrx_word' id='word_1_88' title='bbox 932 1730 1045 1783; x_wconf 81' lang='lat' dir='ltr'><strong>viro</strong></span> <span class='ocrx_word' id='word_1_89' title='bbox 1076 1731 1287 1787; x_wconf 84' lang='lat' dir='ltr'><strong>illustri.</strong></span> 
     </span>
    </p>
   </div>
   <div class='ocr_carea' id='block_1_16' title="bbox 271 1818 1783 1893">
    <p class='ocr_par' dir='ltr' id='par_1_16' title="bbox 271 1818 1783 1893">
     <span class='ocr_line' id='line_1_16' title="bbox 271 1818 1783 1893; baseline 0.007 -22"><span class='ocrx_word' id='word_1_90' title='bbox 271 1818 344 1872; x_wconf 84' lang='lat' dir='ltr'><strong>Ita</strong></span> <span class='ocrx_word' id='word_1_91' title='bbox 376 1818 788 1889; x_wconf 69' lang='lat' dir='ltr'><strong>magniﬁcentiae</strong></span> <span class='ocrx_word' id='word_1_92' title='bbox 823 1830 1015 1875; x_wconf 75' lang='lat' dir='ltr'><strong>vestra:</strong></span> <span class='ocrx_word' id='word_1_93' title='bbox 1052 1823 1284 1876; x_wconf 90' lang='lat' dir='ltr'><strong>animum</strong></span> <span class='ocrx_word' id='word_1_94' title='bbox 1324 1824 1503 1893; x_wconf 80' lang='lat' dir='ltr'><strong>vigere</strong></span> <span class='ocrx_word' id='word_1_95' title='bbox 1543 1826 1783 1882; x_wconf 88' lang='lat' dir='ltr'><strong>novimus</strong></span> 
     </span>
    </p>
   </div>
   <div class='ocr_carea' id='block_1_17' title="bbox 214 1907 1860 1982">
    <p class='ocr_par' dir='ltr' id='par_1_17' title="bbox 214 1907 1860 1982">
     <span class='ocr_line' id='line_1_17' title="bbox 214 1907 1860 1982; baseline 0.008 -19"><span class='ocrx_word' id='word_1_96' title='bbox 214 1908 477 1978; x_wconf 82' lang='lat' dir='ltr'><strong>religionis</strong></span> <span class='ocrx_word' id='word_1_97' title='bbox 499 1907 713 1973; x_wconf 82' lang='lat' dir='ltr'><strong>aﬁ&#39;ectu,</strong></span> <span class='ocrx_word' id='word_1_98' title='bbox 737 1918 795 1962; x_wconf 90' lang='lat' dir='ltr'><strong>ut</strong></span> <span class='ocrx_word' id='word_1_99' title='bbox 817 1908 1128 1965; x_wconf 89' lang='lat' dir='ltr'><strong>beneﬁcium</strong></span> <span class='ocrx_word' id='word_1_100' title='bbox 1154 1927 1181 1966; x_wconf 91' lang='lat' dir='ltr'><strong>a</strong></span> <span class='ocrx_word' id='word_1_101' title='bbox 1206 1913 1356 1967; x_wconf 85' lang='lat' dir='ltr'><strong>vobis</strong></span> <span class='ocrx_word' id='word_1_102' title='bbox 1380 1915 1429 1967; x_wconf 92' lang='lat' dir='ltr'><strong>in</strong></span> <span class='ocrx_word' id='word_1_103' title='bbox 1457 1915 1782 1982; x_wconf 67' lang='lat' dir='ltr'><strong>perfectione</strong></span> <span class='ocrx_word' id='word_1_104' title='bbox 1813 1916 1860 1976; x_wconf 85' lang='grc' dir='ltr'><strong>Β</strong></span> 
     </span>
    </p>
   </div>
   <div class='ocr_carea' id='block_1_18' title="bbox 212 2001 1783 2077">
    <p class='ocr_par' dir='ltr' id='par_1_18' title="bbox 212 2001 1783 2077">
     <span class='ocr_line' id='line_1_18' title="bbox 212 2001 1783 2077; baseline 0.003 -23"><span class='ocrx_word' id='word_1_105' title='bbox 212 2001 346 2070; x_wconf 85' lang='lat' dir='ltr'><strong>pacis</strong></span> <span class='ocrx_word' id='word_1_106' title='bbox 380 2001 636 2055; x_wconf 73' lang='lat' dir='ltr'><strong>Ecclesia:</strong></span> <span class='ocrx_word' id='word_1_107' title='bbox 666 2002 837 2056; x_wconf 80' lang='lat' dir='ltr'><strong>velitis</strong></span> <span class='ocrx_word' id='word_1_108' title='bbox 864 2004 1031 2071; x_wconf 82' lang='lat' dir='ltr'><strong>magis</strong></span> <span class='ocrx_word' id='word_1_109' title='bbox 1060 2004 1194 2072; x_wconf 79' lang='lat' dir='ltr'><strong>exigi</strong></span> <span class='ocrx_word' id='word_1_110' title='bbox 1223 2020 1378 2073; x_wconf 83' lang='lat' dir='ltr'><strong>quam</strong></span> <span class='ocrx_word' id='word_1_111' title='bbox 1410 2007 1617 2076; x_wconf 86' lang='lat' dir='ltr'><strong>rogari,</strong></span> <span class='ocrx_word' id='word_1_112' title='bbox 1641 2007 1783 2077; x_wconf 85' lang='lat' dir='ltr'><strong>judi-</strong></span> 
     </span>
    </p>
   </div>
   <div class='ocr_carea' id='block_1_19' title="bbox 214 2090 1780 2167">
    <p class='ocr_par' dir='ltr' id='par_1_19' title="bbox 214 2090 1780 2167">
     <span class='ocr_line' id='line_1_19' title="bbox 214 2090 1780 2167; baseline 0.004 -22"><span class='ocrx_word' id='word_1_113' title='bbox 214 2102 379 2146; x_wconf 86' lang='lat' dir='ltr'><strong>cantes</strong></span> <span class='ocrx_word' id='word_1_114' title='bbox 434 2090 643 2146; x_wconf 87' lang='lat' dir='ltr'><strong>meritis</strong></span> <span class='ocrx_word' id='word_1_115' title='bbox 691 2092 1018 2147; x_wconf 63' lang='lat' dir='ltr'><strong>excellentia:</strong></span> <span class='ocrx_word' id='word_1_116' title='bbox 1065 2106 1254 2149; x_wconf 64' lang='lat' dir='ltr'><strong>vestrae</strong></span> <span class='ocrx_word' id='word_1_117' title='bbox 1302 2097 1599 2165; x_wconf 84' lang='lat' dir='ltr'><strong>proﬁcere,</strong></span> <span class='ocrx_word' id='word_1_118' title='bbox 1641 2100 1780 2167; x_wconf 85' lang='lat' dir='ltr'><strong>quod</strong></span> 
     </span>
    </p>
   </div>
   <div class='ocr_carea' id='block_1_20' title="bbox 213 2182 1785 2254">
    <p class='ocr_par' dir='ltr' id='par_1_20' title="bbox 213 2182 1785 2254">
     <span class='ocr_line' id='line_1_20' title="bbox 213 2182 1785 2254; baseline 0.005 -19"><span class='ocrx_word' id='word_1_119' title='bbox 213 2196 293 2236; x_wconf 84' lang='lat' dir='ltr'><strong>vos</strong></span> <span class='ocrx_word' id='word_1_120' title='bbox 317 2182 690 2252; x_wconf 81' lang='lat' dir='ltr'><strong>generalitatis</strong></span> <span class='ocrx_word' id='word_1_121' title='bbox 716 2182 979 2237; x_wconf 87' lang='lat' dir='ltr'><strong>desiderio</strong></span> <span class='ocrx_word' id='word_1_122' title='bbox 1008 2186 1267 2254; x_wconf 77' lang='lat' dir='ltr'><strong>contingit</strong></span> <span class='ocrx_word' id='word_1_123' title='bbox 1295 2186 1506 2241; x_wconf 87' lang='lat' dir='ltr'><strong>oﬁ&#39;erre.</strong></span> <span class='ocrx_word' id='word_1_124' title='bbox 1554 2187 1705 2243; x_wconf 87' lang='lat' dir='ltr'><strong>Unde</strong></span> <span class='ocrx_word' id='word_1_125' title='bbox 1733 2198 1785 2243; x_wconf 84' lang='lat' dir='ltr'><strong>et</strong></span> 
     </span>
    </p>
   </div>
   <div class='ocr_carea' id='block_1_21' title="bbox 214 2274 1781 2349">
    <p class='ocr_par' dir='ltr' id='par_1_21' title="bbox 214 2274 1781 2349">
     <span class='ocr_line' id='line_1_21' title="bbox 214 2274 1781 2349; baseline 0.005 -22"><span class='ocrx_word' id='word_1_126' title='bbox 214 2288 295 2327; x_wconf 89' lang='lat' dir='ltr'><strong>nos</strong></span> <span class='ocrx_word' id='word_1_127' title='bbox 322 2290 352 2327; x_wconf 88' lang='lat' dir='ltr'><strong>a</strong></span> <span class='ocrx_word' id='word_1_128' title='bbox 381 2274 537 2328; x_wconf 84' lang='lat' dir='ltr'><strong>vobis</strong></span> <span class='ocrx_word' id='word_1_129' title='bbox 570 2284 890 2343; x_wconf 72' lang='lat' dir='ltr'><strong>praesumpte</strong></span> <span class='ocrx_word' id='word_1_130' title='bbox 920 2276 1205 2343; x_wconf 74' lang='lat' dir='ltr'><strong>quzerimus</strong></span> <span class='ocrx_word' id='word_1_131' title='bbox 1246 2286 1492 2349; x_wconf 82' lang='lat' dir='ltr'><strong>tanquam</strong></span> <span class='ocrx_word' id='word_1_132' title='bbox 1548 2281 1781 2335; x_wconf 90' lang='lat' dir='ltr'><strong>debitum</strong></span> 
     </span>
    </p>
   </div>
   <div class='ocr_carea' id='block_1_22' title="bbox 214 2367 1785 2438">
    <p class='ocr_par' dir='ltr' id='par_1_22' title="bbox 214 2367 1785 2438">
     <span class='ocr_line' id='line_1_22' title="bbox 214 2367 1785 2438; baseline 0.006 -18"><span class='ocrx_word' id='word_1_133' title='bbox 214 2367 337 2436; x_wconf 87' lang='lat' dir='ltr'><strong>quod</strong></span> <span class='ocrx_word' id='word_1_134' title='bbox 387 2368 596 2423; x_wconf 88' lang='lat' dir='ltr'><strong>meritis</strong></span> <span class='ocrx_word' id='word_1_135' title='bbox 628 2369 822 2423; x_wconf 81' lang='lat' dir='ltr'><strong>vestris</strong></span> <span class='ocrx_word' id='word_1_136' title='bbox 871 2372 1112 2423; x_wconf 86' lang='lat' dir='ltr'><strong>novimus</strong></span> <span class='ocrx_word' id='word_1_137' title='bbox 1156 2386 1275 2424; x_wconf 87' lang='lat' dir='ltr'><strong>esse</strong></span> <span class='ocrx_word' id='word_1_138' title='bbox 1320 2372 1652 2438; x_wconf 79' lang='lat' dir='ltr'><strong>profuturum</strong></span> <span class='ocrx_word' id='word_1_139' title='bbox 1688 2392 1701 2428; x_wconf 91' lang='lat'><strong>:</strong></span> <span class='ocrx_word' id='word_1_140' title='bbox 1731 2382 1785 2429; x_wconf 89' lang='lat' dir='ltr'><strong>et</strong></span> 
     </span>
    </p>
   </div>
   <div class='ocr_carea' id='block_1_23' title="bbox 214 2460 1785 2540">
    <p class='ocr_par' dir='ltr' id='par_1_23' title="bbox 214 2460 1785 2540">
     <span class='ocr_line' id='line_1_23' title="bbox 214 2460 1785 2540; baseline 0.007 -29"><span class='ocrx_word' id='word_1_141' title='bbox 214 2460 344 2527; x_wconf 87' lang='lat' dir='ltr'><strong>ideo,</strong></span> <span class='ocrx_word' id='word_1_142' title='bbox 379 2462 599 2516; x_wconf 89' lang='lat' dir='ltr'><strong>domine</strong></span> <span class='ocrx_word' id='word_1_143' title='bbox 632 2462 727 2528; x_wconf 88' lang='lat' dir='ltr'><strong>ﬁli,</strong></span> <span class='ocrx_word' id='word_1_144' title='bbox 760 2463 857 2517; x_wconf 74' lang='lat' dir='ltr'><strong>Sub</strong></span> <span class='ocrx_word' id='word_1_145' title='bbox 889 2464 1033 2517; x_wconf 89' lang='lat' dir='ltr'><strong>omni</strong></span> <span class='ocrx_word' id='word_1_146' title='bbox 1062 2464 1284 2518; x_wconf 89' lang='lat' dir='ltr'><strong>caritate</strong></span> <span class='ocrx_word' id='word_1_147' title='bbox 1317 2468 1631 2533; x_wconf 85' lang='lat' dir='ltr'><strong>salutantes,</strong></span> <span class='ocrx_word' id='word_1_148' title='bbox 1664 2484 1785 2540; x_wconf 88' lang='lat' dir='ltr'><strong>spe-</strong></span> 
     </span>
    </p>
   </div>
   <div class='ocr_carea' id='block_1_24' title="bbox 214 2553 1785 2627">
    <p class='ocr_par' dir='ltr' id='par_1_24' title="bbox 214 2553 1785 2627">
     <span class='ocr_line' id='line_1_24' title="bbox 214 2553 1785 2627; baseline 0.004 -20"><span class='ocrx_word' id='word_1_149' title='bbox 214 2566 385 2607; x_wconf 86' lang='lat' dir='ltr'><strong>ramus</strong></span> <span class='ocrx_word' id='word_1_150' title='bbox 417 2560 476 2606; x_wconf 92' lang='lat' dir='ltr'><strong>ut</strong></span> <span class='ocrx_word' id='word_1_151' title='bbox 504 2553 827 2607; x_wconf 88' lang='lat' dir='ltr'><strong>immineatis</strong></span> <span class='ocrx_word' id='word_1_152' title='bbox 854 2554 1003 2623; x_wconf 92' lang='lat' dir='ltr'><strong>operi</strong></span> <span class='ocrx_word' id='word_1_153' title='bbox 1048 2556 1187 2623; x_wconf 85' lang='lat' dir='ltr'><strong>quod</strong></span> <span class='ocrx_word' id='word_1_154' title='bbox 1232 2556 1456 2609; x_wconf 90' lang='lat' dir='ltr'><strong>Domino</strong></span> <span class='ocrx_word' id='word_1_155' title='bbox 1496 2557 1785 2627; x_wconf 88' lang='lat' dir='ltr'><strong>adjuvante</strong></span> 
     </span>
    </p>
   </div>
   <div class='ocr_carea' id='block_1_25' title="bbox 215 2645 1785 2723">
    <p class='ocr_par' dir='ltr' id='par_1_25' title="bbox 215 2645 1785 2723">
     <span class='ocr_line' id='line_1_25' title="bbox 215 2645 1785 2723; baseline 0.004 -23"><span class='ocrx_word' id='word_1_156' title='bbox 215 2645 490 2710; x_wconf 79' lang='lat' dir='ltr'><strong>l‘undastis,</strong></span> <span class='ocrx_word' id='word_1_157' title='bbox 520 2662 785 2701; x_wconf 87' lang='lat' dir='ltr'><strong>memores</strong></span> <span class='ocrx_word' id='word_1_158' title='bbox 810 2648 971 2703; x_wconf 84' lang='lat' dir='ltr'><strong>divini</strong></span> <span class='ocrx_word' id='word_1_159' title='bbox 1004 2648 1289 2707; x_wconf 88' lang='lat' dir='ltr'><strong>testimonii</strong></span> <span class='ocrx_word' id='word_1_160' title='bbox 1324 2666 1337 2704; x_wconf 76' lang='grc' dir='ltr'>ε</span> <span class='ocrx_word' id='word_1_161' title='bbox 1374 2650 1472 2716; x_wconf 84' lang='lat' dir='ltr'><strong>Qui</strong></span> <span class='ocrx_word' id='word_1_162' title='bbox 1501 2668 1785 2723; x_wconf 80' lang='lat' dir='ltr'><strong>persevera-</strong></span> 
     </span>
    </p>
   </div>
   <div class='ocr_carea' id='block_1_26' title="bbox 210 2738 1785 2811">
    <p class='ocr_par' dir='ltr' id='par_1_26' title="bbox 210 2738 1785 2811">
     <span class='ocr_line' id='line_1_26' title="bbox 210 2738 1785 2811; baseline 0.004 -22"><span class='ocrx_word' id='word_1_163' title='bbox 210 2739 318 2791; x_wconf 72' lang='lat' dir='ltr'><strong>verit</strong></span> <span class='ocrx_word' id='word_1_164' title='bbox 359 2754 519 2806; x_wconf 81' lang='lat' dir='ltr'><strong>usque</strong></span> <span class='ocrx_word' id='word_1_165' title='bbox 552 2739 604 2792; x_wconf 83' lang='lat' dir='ltr'><strong>in</strong></span> <span class='ocrx_word' id='word_1_166' title='bbox 636 2739 816 2806; x_wconf 80' lang='lat' dir='ltr'><strong>ﬁnem,</strong></span> <span class='ocrx_word' id='word_1_167' title='bbox 848 2740 929 2792; x_wconf 84' lang='lat' dir='ltr'><strong>hic</strong></span> <span class='ocrx_word' id='word_1_168' title='bbox 959 2740 1127 2792; x_wconf 72' lang='lat' dir='ltr'><strong>salvus</strong></span> <span class='ocrx_word' id='word_1_169' title='bbox 1157 2740 1246 2792; x_wconf 86' lang='lat' dir='ltr'><strong>erit</strong></span> <span class='ocrx_word' id='word_1_170' title='bbox 1289 2738 1501 2806; x_wconf 80' lang='lat' dir='ltr'><strong>(Matth.</strong></span> <span class='ocrx_word' id='word_1_171' title='bbox 1539 2740 1611 2811; x_wconf 69' lang='grc' dir='ltr'><strong>ι).</strong></span> <span class='ocrx_word' id='word_1_172' title='bbox 1642 2742 1785 2795; x_wconf 72' lang='lat' dir='ltr'><strong>Prte-</strong></span> 
     </span>
    </p>
   </div>
   <div class='ocr_carea' id='block_1_27' title="bbox 210 2830 1786 2900">
    <p class='ocr_par' dir='ltr' id='par_1_27' title="bbox 210 2830 1786 2900">
     <span class='ocr_line' id='line_1_27' title="bbox 210 2830 1786 2900; baseline 0.003 -18"><span class='ocrx_word' id='word_1_173' title='bbox 210 2838 347 2883; x_wconf 85' lang='lat' dir='ltr'><strong>terea</strong></span> <span class='ocrx_word' id='word_1_174' title='bbox 397 2830 695 2883; x_wconf 85' lang='lat' dir='ltr'><strong>monachos</strong></span> <span class='ocrx_word' id='word_1_175' title='bbox 722 2870 736 2894; x_wconf 94' lang='lat'><strong>,</strong></span> <span class='ocrx_word' id='word_1_176' title='bbox 776 2844 907 2898; x_wconf 89' lang='lat' dir='ltr'><strong>quos</strong></span> <span class='ocrx_word' id='word_1_177' title='bbox 938 2832 1148 2884; x_wconf 81' lang='lat' dir='ltr'><strong>venisse</strong></span> <span class='ocrx_word' id='word_1_178' title='bbox 1184 2830 1404 2884; x_wconf 81' lang='lat' dir='ltr'><strong>Romam</strong></span> <span class='ocrx_word' id='word_1_179' title='bbox 1450 2830 1786 2900; x_wconf 85' lang='lat' dir='ltr'><strong>signiﬁcastis</strong></span> 
     </span>
    </p>
   </div>
   <div class='ocr_carea' id='block_1_28' title="bbox 210 2921 1785 2992">
    <p class='ocr_par' dir='ltr' id='par_1_28' title="bbox 210 2921 1785 2992">
     <span class='ocr_line' id='line_1_28' title="bbox 210 2921 1785 2992; baseline 0.003 -17"><span class='ocrx_word' id='word_1_180' title='bbox 210 2921 395 2977; x_wconf 82' lang='lat' dir='ltr'><strong>litteris</strong></span> <span class='ocrx_word' id='word_1_181' title='bbox 427 2924 637 2986; x_wconf 78' lang='lat' dir='ltr'><strong>vrstris,</strong></span> <span class='ocrx_word' id='word_1_182' title='bbox 663 2923 726 2976; x_wconf 89' lang='lat' dir='ltr'><strong>ad</strong></span> <span class='ocrx_word' id='word_1_183' title='bbox 756 2924 967 2992; x_wconf 89' lang='lat' dir='ltr'><strong>propria</strong></span> <span class='ocrx_word' id='word_1_184' title='bbox 999 2939 1117 2976; x_wconf 79' lang='lat' dir='ltr'><strong>mox</strong></span> <span class='ocrx_word' id='word_1_185' title='bbox 1140 2925 1405 2977; x_wconf 86' lang='lat' dir='ltr'><strong>voluimus</strong></span> <span class='ocrx_word' id='word_1_186' title='bbox 1427 2925 1645 2979; x_wconf 86' lang='lat' dir='ltr'><strong>reverti.</strong></span> <span class='ocrx_word' id='word_1_187' title='bbox 1680 2924 1785 2979; x_wconf 83' lang='lat' dir='ltr'><strong>Sed</strong></span> 
     </span>
    </p>
   </div>
   <div class='ocr_carea' id='block_1_29' title="bbox 209 3016 1775 3087">
    <p class='ocr_par' dir='ltr' id='par_1_29' title="bbox 209 3016 1775 3087">
     <span class='ocr_line' id='line_1_29' title="bbox 209 3016 1775 3087; baseline 0.002 -18"><span class='ocrx_word' id='word_1_188' title='bbox 209 3016 320 3084; x_wconf 85' lang='lat' dir='ltr'><strong>quia</strong></span> <span class='ocrx_word' id='word_1_189' title='bbox 356 3016 458 3070; x_wconf 88' lang='lat' dir='ltr'><strong>sub</strong></span> <span class='ocrx_word' id='word_1_190' title='bbox 489 3016 861 3072; x_wconf 89' lang='lat' dir='ltr'><strong>testiﬁcatione</strong></span> <span class='ocrx_word' id='word_1_191' title='bbox 888 3017 1137 3085; x_wconf 59' lang='lat' dir='ltr'><strong>potentiae</strong></span> <span class='ocrx_word' id='word_1_192' title='bbox 1165 3017 1359 3072; x_wconf 70' lang='lat' dir='ltr'><strong>divina:</strong></span> <span class='ocrx_word' id='word_1_193' title='bbox 1405 3018 1652 3072; x_wconf 83' lang='lat' dir='ltr'><strong>dicebant</strong></span> <span class='ocrx_word' id='word_1_194' title='bbox 1680 3033 1775 3087; x_wconf 90' lang='lat' dir='ltr'><strong>per</strong></span> 
     </span>
    </p>
   </div>
   <div class='ocr_carea' id='block_1_30' title="bbox 210 3108 1787 3180">
    <p class='ocr_par' dir='ltr' id='par_1_30' title="bbox 210 3108 1787 3180">
     <span class='ocr_line' id='line_1_30' title="bbox 210 3108 1787 3180; baseline 0.003 -19"><span class='ocrx_word' id='word_1_195' title='bbox 210 3108 425 3162; x_wconf 86' lang='lat' dir='ltr'><strong>insidias</strong></span> <span class='ocrx_word' id='word_1_196' title='bbox 472 3109 525 3163; x_wconf 92' lang='lat' dir='ltr'><strong>in</strong></span> <span class='ocrx_word' id='word_1_197' title='bbox 578 3110 767 3165; x_wconf 86' lang='lat' dir='ltr'><strong>itinere</strong></span> <span class='ocrx_word' id='word_1_198' title='bbox 820 3118 1028 3179; x_wconf 85' lang='lat' dir='ltr'><strong>paratas</strong></span> <span class='ocrx_word' id='word_1_199' title='bbox 1067 3111 1189 3163; x_wconf 67' lang='lat' dir='ltr'><strong>vita:</strong></span> <span class='ocrx_word' id='word_1_200' title='bbox 1219 3112 1480 3166; x_wconf 78' lang='lat' dir='ltr'><strong>sustinere</strong></span> <span class='ocrx_word' id='word_1_201' title='bbox 1524 3124 1583 3166; x_wconf 88' lang='lat' dir='ltr'><strong>se</strong></span> <span class='ocrx_word' id='word_1_202' title='bbox 1631 3126 1787 3180; x_wconf 88' lang='lat' dir='ltr'><strong>posse</strong></span> 
     </span>
    </p>
   </div>
   <div class='ocr_carea' id='block_1_31' title="bbox 211 3199 1786 3271">
    <p class='ocr_par' dir='ltr' id='par_1_31' title="bbox 211 3199 1786 3271">
     <span class='ocr_line' id='line_1_31' title="bbox 211 3199 1786 3271; baseline 0.003 -19"><span class='ocrx_word' id='word_1_203' title='bbox 211 3199 488 3255; x_wconf 89' lang='lat' dir='ltr'><strong>discrimen</strong></span> <span class='ocrx_word' id='word_1_204' title='bbox 512 3243 525 3265; x_wconf 90' lang='lat'><strong>,</strong></span> <span class='ocrx_word' id='word_1_205' title='bbox 564 3201 805 3256; x_wconf 84' lang='lat' dir='ltr'><strong>volentes</strong></span> <span class='ocrx_word' id='word_1_206' title='bbox 847 3201 1023 3256; x_wconf 77' lang='lat' dir='ltr'><strong>redire</strong></span> <span class='ocrx_word' id='word_1_207' title='bbox 1049 3200 1567 3271; x_wconf 78' lang='lat' dir='ltr'><strong>ConstantinOpolim</strong></span> <span class='ocrx_word' id='word_1_208' title='bbox 1594 3243 1607 3267; x_wconf 92' lang='lat'><strong>,</strong></span> <span class='ocrx_word' id='word_1_209' title='bbox 1644 3203 1786 3271; x_wconf 88' lang='lat' dir='ltr'><strong>passi</strong></span> 
     </span>
    </p>
   </div>
   <div class='ocr_carea' id='block_1_32' title="bbox 3376 449 3475 506">
    <p class='ocr_par' dir='ltr' id='par_1_32' title="bbox 3376 449 3475 506">
     <span class='ocr_line' id='line_1_32' title="bbox 3376 449 3475 506; baseline 0.01 -1"><span class='ocrx_word' id='word_1_210' title='bbox 3376 449 3475 506; x_wconf 76' lang='grc'><strong>478</strong></span> 
     </span>
    </p>
   </div>
   <div class='ocr_carea' id='block_1_33' title="bbox 1827 545 3476 637">
    <p class='ocr_par' dir='ltr' id='par_1_33' title="bbox 1827 545 3476 637">
     <span class='ocr_line' id='line_1_33' title="bbox 1827 545 3476 637; baseline 0.011 -32"><span class='ocrx_word' id='word_1_211' title='bbox 1827 545 1880 605; x_wconf 79' lang='grc' dir='ltr'><strong>Δ</strong></span> <span class='ocrx_word' id='word_1_212' title='bbox 1908 569 2022 610; x_wconf 90' lang='lat' dir='ltr'><strong>rum</strong></span> <span class='ocrx_word' id='word_1_213' title='bbox 2053 557 2457 628; x_wconf 76' lang='lat' dir='ltr'><strong>allegationibus</strong></span> <span class='ocrx_word' id='word_1_214' title='bbox 2488 576 2607 621; x_wconf 89' lang='lat' dir='ltr'><strong>cum</strong></span> <span class='ocrx_word' id='word_1_215' title='bbox 2649 562 2836 637; x_wconf 88' lang='lat' dir='ltr'><strong>legatis</strong></span> <span class='ocrx_word' id='word_1_216' title='bbox 2871 564 3229 623; x_wconf 80' lang='lat' dir='ltr'><strong>remeantibus</strong></span> <span class='ocrx_word' id='word_1_217' title='bbox 3268 581 3476 635; x_wconf 63' lang='lat' dir='ltr'><strong>compe«</strong></span> 
     </span>
    </p>
   </div>
   <div class='ocr_carea' id='block_1_34' title="bbox 1902 650 3476 727">
    <p class='ocr_par' dir='ltr' id='par_1_34' title="bbox 1902 650 3476 727">
     <span class='ocr_line' id='line_1_34' title="bbox 1902 650 3476 727; baseline 0.01 -27"><span class='ocrx_word' id='word_1_218' title='bbox 1902 655 2077 705; x_wconf 85' lang='lat' dir='ltr'><strong>tenter</strong></span> <span class='ocrx_word' id='word_1_219' title='bbox 2130 650 2383 707; x_wconf 78' lang='lat' dir='ltr'><strong>fuerimus</strong></span> <span class='ocrx_word' id='word_1_220' title='bbox 2444 654 2730 725; x_wconf 90' lang='lat' dir='ltr'><strong>instructi,</strong></span> <span class='ocrx_word' id='word_1_221' title='bbox 2788 656 2837 715; x_wconf 83' lang='lat' dir='ltr'><strong>si</strong></span> <span class='ocrx_word' id='word_1_222' title='bbox 2881 658 3008 726; x_wconf 84' lang='lat' dir='ltr'><strong>quid</strong></span> <span class='ocrx_word' id='word_1_223' title='bbox 3062 658 3476 727; x_wconf 75' lang='lat' dir='ltr'><strong>reprehensione</strong></span> 
     </span>
    </p>
   </div>
   <div class='ocr_carea' id='block_1_35' title="bbox 1898 739 3473 823">
    <p class='ocr_par' dir='ltr' id='par_1_35' title="bbox 1898 739 3473 823">
     <span class='ocr_line' id='line_1_35' title="bbox 1898 739 3473 823; baseline 0.008 -29"><span class='ocrx_word' id='word_1_224' title='bbox 1898 739 2114 823; x_wconf 85' lang='lat' dir='ltr'><strong>dignum</strong></span> <span class='ocrx_word' id='word_1_225' title='bbox 2142 743 2373 812; x_wconf 75' lang='lat' dir='ltr'><strong>cognitio</strong></span> <span class='ocrx_word' id='word_1_226' title='bbox 2396 756 2573 800; x_wconf 88' lang='lat' dir='ltr'><strong>nostra</strong></span> <span class='ocrx_word' id='word_1_227' title='bbox 2601 750 2878 817; x_wconf 87' lang='lat' dir='ltr'><strong>repererit.</strong></span> <span class='ocrx_word' id='word_1_228' title='bbox 2907 765 3125 807; x_wconf 85' lang='lat' dir='ltr'><strong>necesse</strong></span> <span class='ocrx_word' id='word_1_229' title='bbox 3151 761 3231 808; x_wconf 85' lang='lat' dir='ltr'><strong>est</strong></span> <span class='ocrx_word' id='word_1_230' title='bbox 3252 762 3310 807; x_wconf 94' lang='lat' dir='ltr'><strong>ut</strong></span> <span class='ocrx_word' id='word_1_231' title='bbox 3335 754 3473 810; x_wconf 58' lang='grc' dir='ltr'><strong>τίμια</strong></span> 
     </span>
    </p>
   </div>
   <div class='ocr_carea' id='block_1_36' title="bbox 1896 838 3474 911">
    <p class='ocr_par' dir='ltr' id='par_1_36' title="bbox 1896 838 3474 911">
     <span class='ocr_line' id='line_1_36' title="bbox 1896 838 3474 911; baseline 0.011 -28"><span class='ocrx_word' id='word_1_232' title='bbox 1896 844 1992 885; x_wconf 87' lang='lat' dir='ltr'><strong>eos</strong></span> <span class='ocrx_word' id='word_1_233' title='bbox 2029 841 2302 889; x_wconf 87' lang='lat' dir='ltr'><strong>teneamus</strong></span> <span class='ocrx_word' id='word_1_234' title='bbox 2348 838 2768 895; x_wconf 84' lang='lat' dir='ltr'><strong>ecclesiasticam</strong></span> <span class='ocrx_word' id='word_1_235' title='bbox 2815 842 3163 911; x_wconf 84' lang='lat' dir='ltr'><strong>disciplinam.</strong></span> <span class='ocrx_word' id='word_1_236' title='bbox 3210 845 3474 901; x_wconf 79' lang='lat' dir='ltr'><strong>Victorem</strong></span> 
     </span>
    </p>
   </div>
   <div class='ocr_carea' id='block_1_37' title="bbox 1896 920 3471 1005">
    <p class='ocr_par' dir='ltr' id='par_1_37' title="bbox 1896 920 3471 1005">
     <span class='ocr_line' id='line_1_37' title="bbox 1896 920 3471 1005; baseline 0.012 -31"><span class='ocrx_word' id='word_1_237' title='bbox 1896 933 2152 992; x_wconf 75' lang='lat' dir='ltr'><strong>przeterea</strong></span> <span class='ocrx_word' id='word_1_238' title='bbox 2178 968 2196 995; x_wconf 89' lang='lat'><strong>,</strong></span> <span class='ocrx_word' id='word_1_239' title='bbox 2228 928 2315 997; x_wconf 90' lang='lat' dir='ltr'><strong>qui</strong></span> <span class='ocrx_word' id='word_1_240' title='bbox 2366 930 2575 993; x_wconf 74' lang='lat' dir='ltr'><strong>diaconi</strong></span> <span class='ocrx_word' id='word_1_241' title='bbox 2622 931 2821 990; x_wconf 78' lang='lat' dir='ltr'><strong>habere</strong></span> <span class='ocrx_word' id='word_1_242' title='bbox 2868 920 3176 1003; x_wconf 76' lang='lat' dir='ltr'><strong>perhibetur</strong></span> <span class='ocrx_word' id='word_1_243' title='bbox 3220 938 3471 1005; x_wconf 82' lang='lat' dir='ltr'><strong>ofﬁcium,</strong></span> 
     </span>
    </p>
   </div>
   <div class='ocr_carea' id='block_1_38' title="bbox 1894 1015 3470 1096">
    <p class='ocr_par' dir='ltr' id='par_1_38' title="bbox 1894 1015 3470 1096">
     <span class='ocr_line' id='line_1_38' title="bbox 1894 1015 3470 1096; baseline 0.008 -27"><span class='ocrx_word' id='word_1_244' title='bbox 1894 1015 2046 1081; x_wconf 83' lang='lat' dir='ltr'><strong>cujus</strong></span> <span class='ocrx_word' id='word_1_245' title='bbox 2080 1015 2235 1073; x_wconf 89' lang='lat' dir='ltr'><strong>ﬁdem</strong></span> <span class='ocrx_word' id='word_1_246' title='bbox 2287 1018 2341 1073; x_wconf 92' lang='lat' dir='ltr'><strong>hi</strong></span> <span class='ocrx_word' id='word_1_247' title='bbox 2385 1020 2484 1087; x_wconf 83' lang='lat' dir='ltr'><strong>ipsi</strong></span> <span class='ocrx_word' id='word_1_248' title='bbox 2535 1023 2779 1079; x_wconf 86' lang='lat' dir='ltr'><strong>monachi</strong></span> <span class='ocrx_word' id='word_1_249' title='bbox 2826 1026 3171 1083; x_wconf 87' lang='lat' dir='ltr'><strong>vehementer</strong></span> <span class='ocrx_word' id='word_1_250' title='bbox 3199 1037 3470 1096; x_wconf 84' lang='lat' dir='ltr'><strong>accusant,</strong></span> 
     </span>
    </p>
   </div>
   <div class='ocr_carea' id='block_1_39' title="bbox 1894 1107 3469 1187">
    <p class='ocr_par' dir='ltr' id='par_1_39' title="bbox 1894 1107 3469 1187">
     <span class='ocr_line' id='line_1_39' title="bbox 1894 1107 3469 1187; baseline 0.01 -28"><span class='ocrx_word' id='word_1_251' title='bbox 1894 1107 1976 1160; x_wconf 86' lang='lat' dir='ltr'><strong>vel</strong></span> <span class='ocrx_word' id='word_1_252' title='bbox 2006 1108 2143 1163; x_wconf 89' lang='lat' dir='ltr'><strong>alios</strong></span> <span class='ocrx_word' id='word_1_253' title='bbox 2172 1110 2258 1175; x_wconf 83' lang='lat' dir='ltr'><strong>qui</strong></span> <span class='ocrx_word' id='word_1_254' title='bbox 2293 1126 2571 1176; x_wconf 81' lang='lat' dir='ltr'><strong>perversas</strong></span> <span class='ocrx_word' id='word_1_255' title='bbox 2596 1114 2816 1170; x_wconf 79' lang='lat' dir='ltr'><strong>forsitan</strong></span> <span class='ocrx_word' id='word_1_256' title='bbox 2845 1116 3099 1185; x_wconf 81' lang='lat' dir='ltr'><strong>objiciunt</strong></span> <span class='ocrx_word' id='word_1_257' title='bbox 3127 1119 3469 1187; x_wconf 79' lang='lat' dir='ltr'><strong>quaestiones,</strong></span> 
     </span>
    </p>
   </div>
   <div class='ocr_carea' id='block_1_40' title="bbox 1892 1199 3471 1280">
    <p class='ocr_par' dir='ltr' id='par_1_40' title="bbox 1892 1199 3471 1280">
     <span class='ocr_line' id='line_1_40' title="bbox 1892 1199 3471 1280; baseline 0.008 -27"><span class='ocrx_word' id='word_1_258' title='bbox 1892 1199 2231 1255; x_wconf 84' lang='lat' dir='ltr'><strong>ordinatione</strong></span> <span class='ocrx_word' id='word_1_259' title='bbox 2260 1202 2462 1261; x_wconf 85' lang='lat' dir='ltr'><strong>domini</strong></span> <span class='ocrx_word' id='word_1_260' title='bbox 2494 1205 2587 1262; x_wconf 88' lang='lat' dir='ltr'><strong>ﬁlii</strong></span> <span class='ocrx_word' id='word_1_261' title='bbox 2618 1208 2787 1263; x_wconf 86' lang='lat' dir='ltr'><strong>nostri</strong></span> <span class='ocrx_word' id='word_1_262' title='bbox 2817 1208 3217 1265; x_wconf 79' lang='lat' dir='ltr'><strong>clementissimi</strong></span> <span class='ocrx_word' id='word_1_263' title='bbox 3246 1212 3471 1280; x_wconf 81' lang='lat' dir='ltr'><strong>impera-</strong></span> 
     </span>
    </p>
   </div>
   <div class='ocr_carea' id='block_1_41' title="bbox 1893 1293 3457 1383">
    <p class='ocr_par' dir='ltr' id='par_1_41' title="bbox 1893 1293 3457 1383">
     <span class='ocr_line' id='line_1_41' title="bbox 1893 1293 3457 1383; baseline 0.009 -36"><span class='ocrx_word' id='word_1_264' title='bbox 1893 1293 2023 1349; x_wconf 88' lang='lat' dir='ltr'><strong>toris</strong></span> <span class='ocrx_word' id='word_1_265' title='bbox 2045 1294 2109 1348; x_wconf 90' lang='lat' dir='ltr'><strong>ad</strong></span> <span class='ocrx_word' id='word_1_266' title='bbox 2128 1295 2309 1351; x_wconf 89' lang='lat' dir='ltr'><strong>urbem</strong></span> <span class='ocrx_word' id='word_1_267' title='bbox 2334 1298 2485 1353; x_wconf 86' lang='lat' dir='ltr'><strong>vobis</strong></span> <span class='ocrx_word' id='word_1_268' title='bbox 2504 1301 2911 1371; x_wconf 81' lang='lat' dir='ltr'><strong>suggerentibus</strong></span> <span class='ocrx_word' id='word_1_269' title='bbox 2931 1303 3372 1383; x_wconf 81' lang='lat' dir='ltr'><strong>dirigantur[sic],</strong></span> <span class='ocrx_word' id='word_1_270' title='bbox 3397 1313 3457 1361; x_wconf 88' lang='lat' dir='ltr'><strong>ut</strong></span> 
     </span>
    </p>
   </div>
   <div class='ocr_carea' id='block_1_42' title="bbox 1890 1383 3471 1466">
    <p class='ocr_par' dir='ltr' id='par_1_42' title="bbox 1890 1383 3471 1466">
     <span class='ocr_line' id='line_1_42' title="bbox 1890 1383 3471 1466; baseline 0.009 -29"><span class='ocrx_word' id='word_1_271' title='bbox 1890 1383 2169 1440; x_wconf 86' lang='lat' dir='ltr'><strong>universas</strong></span> <span class='ocrx_word' id='word_1_272' title='bbox 2198 1386 2544 1457; x_wconf 88' lang='lat' dir='ltr'><strong>allegationes</strong></span> <span class='ocrx_word' id='word_1_273' title='bbox 2570 1390 2851 1463; x_wconf 76' lang='lat' dir='ltr'><strong>dequibus</strong></span> <span class='ocrx_word' id='word_1_274' title='bbox 2873 1394 3203 1453; x_wconf 83' lang='lat' dir='ltr'><strong>contendunt</strong></span> <span class='ocrx_word' id='word_1_275' title='bbox 3228 1411 3323 1452; x_wconf 93' lang='lat' dir='ltr'><strong>nos</strong></span> <span class='ocrx_word' id='word_1_276' title='bbox 3347 1409 3471 1466; x_wconf 85' lang='lat' dir='ltr'><strong>pos-</strong></span> 
     </span>
    </p>
   </div>
   <div class='ocr_carea' id='block_1_43' title="bbox 1891 1490 2399 1547">
    <p class='ocr_par' dir='ltr' id='par_1_43' title="bbox 1891 1490 2399 1547">
     <span class='ocr_line' id='line_1_43' title="bbox 1891 1490 2399 1547; baseline 0.014 -18"><span class='ocrx_word' id='word_1_277' title='bbox 1891 1490 2057 1533; x_wconf 76' lang='lat' dir='ltr'><strong>Stmus</strong></span> <span class='ocrx_word' id='word_1_278' title='bbox 2086 1492 2399 1547; x_wconf 81' lang='lat' dir='ltr'><strong>agnoscere.</strong></span> 
     </span>
    </p>
   </div>
   <div class='ocr_carea' id='block_1_44' title="bbox 2494 1573 2874 1634">
    <p class='ocr_par' dir='ltr' id='par_1_44' title="bbox 2494 1573 2874 1634">
     <span class='ocr_line' id='line_1_44' title="bbox 2494 1573 2874 1634; baseline 0.005 -5"><span class='ocrx_word' id='word_1_279' title='bbox 2494 1573 2874 1634; x_wconf 82' lang='lat' dir='ltr'><strong>SUGGESTIO</strong></span> 
     </span>
    </p>
   </div>
   <div class='ocr_carea' id='block_1_45' title="bbox 2101 1699 3255 1751">
    <p class='ocr_par' dir='ltr' id='par_1_45' title="bbox 2101 1699 3255 1751">
     <span class='ocr_line' id='line_1_45' title="bbox 2101 1699 3255 1751; baseline 0.01 -14"><span class='ocrx_word' id='word_1_280' title='bbox 2101 1699 2339 1742; x_wconf 72' lang='grc' dir='ltr'><strong>υωεοοιι</strong></span> <span class='ocrx_word' id='word_1_281' title='bbox 2378 1702 2587 1751; x_wconf 61' lang='grc' dir='ltr'><strong>ριΑεοκι</strong></span> <span class='ocrx_word' id='word_1_282' title='bbox 2624 1705 2691 1748; x_wconf 74' lang='lat' dir='ltr'><strong>AD</strong></span> <span class='ocrx_word' id='word_1_283' title='bbox 2725 1704 3027 1751; x_wconf 70' lang='grc' dir='ltr'><strong>εοκωςωι</strong></span> <span class='ocrx_word' id='word_1_284' title='bbox 3066 1707 3255 1751; x_wconf 59' lang='grc'><strong>1³⁸1³4⁸.</strong></span> 
     </span>
    </p>
   </div>
   <div class='ocr_carea' id='block_1_46' title="bbox 1890 1794 3468 1859">
    <p class='ocr_par' dir='ltr' id='par_1_46' title="bbox 1890 1794 3468 1859">
     <span class='ocr_line' id='line_1_46' title="bbox 1890 1794 3468 1859; baseline 0.007 -12"><span class='ocrx_word' id='word_1_285' title='bbox 1890 1794 1963 1847; x_wconf 79' lang='lat' dir='ltr'><strong>Ab</strong></span> <span class='ocrx_word' id='word_1_286' title='bbox 1993 1796 2347 1850; x_wconf 63' lang='lat' dir='ltr'><strong>hereticorum</strong></span> <span class='ocrx_word' id='word_1_287' title='bbox 2385 1816 2440 1851; x_wconf 72' lang='lat' dir='ltr'><strong>se</strong></span> <span class='ocrx_word' id='word_1_288' title='bbox 2467 1802 2724 1854; x_wconf 82' lang='lat' dir='ltr'><strong>consortio</strong></span> <span class='ocrx_word' id='word_1_289' title='bbox 2757 1817 2947 1859; x_wconf 70' lang='lat' dir='ltr'><strong>carere.</strong></span> <span class='ocrx_word' id='word_1_290' title='bbox 2997 1803 3256 1857; x_wconf 73' lang='lat' dir='ltr'><strong>Victorem</strong></span> <span class='ocrx_word' id='word_1_291' title='bbox 3290 1806 3468 1858; x_wconf 74' lang='lat' dir='ltr'><strong>diaco-</strong></span> 
     </span>
    </p>
   </div>
   <div class='ocr_carea' id='block_1_47' title="bbox 1958 1867 3467 1940">
    <p class='ocr_par' dir='ltr' id='par_1_47' title="bbox 1958 1867 3467 1940">
     <span class='ocr_line' id='line_1_47' title="bbox 1958 1867 3467 1940; baseline 0.009 -24"><span class='ocrx_word' id='word_1_292' title='bbox 1958 1867 2405 1940; x_wconf 59' lang='lat' dir='ltr'><strong>nttnt_catholicam</strong></span> <span class='ocrx_word' id='word_1_293' title='bbox 2434 1870 2585 1939; x_wconf 71' lang='lat' dir='ltr'><strong>ﬁdem</strong></span> <span class='ocrx_word' id='word_1_294' title='bbox 2614 1876 2914 1940; x_wconf 76' lang='lat' dir='ltr'><strong>professum.</strong></span> <span class='ocrx_word' id='word_1_295' title='bbox 2949 1873 3170 1933; x_wconf 76' lang='lat' dir='ltr'><strong>Sent/tas</strong></span> <span class='ocrx_word' id='word_1_296' title='bbox 3195 1878 3467 1929; x_wconf 76' lang='lat' dir='ltr'><strong>monachos</strong></span> 
     </span>
    </p>
   </div>
   <div class='ocr_carea' id='block_1_48' title="bbox 1960 1934 3463 2015">
    <p class='ocr_par' dir='ltr' id='par_1_48' title="bbox 1960 1934 3463 2015">
     <span class='ocr_line' id='line_1_48' title="bbox 1960 1934 3463 2015; baseline 0.006 -24"><span class='ocrx_word' id='word_1_297' title='bbox 1960 1934 2371 2015; x_wconf 66' lang='lat' dir='ltr'><strong>Chalcedonensis</strong></span> <span class='ocrx_word' id='word_1_298' title='bbox 2404 1934 2669 2015; x_wconf 63' lang='lat' dir='ltr'><strong>concitum</strong></span> <span class='ocrx_word' id='word_1_299' title='bbox 2702 1934 2986 2015; x_wconf 69' lang='lat' dir='ltr'><strong>damnasse.</strong></span> <span class='ocrx_word' id='word_1_300' title='bbox 3018 1944 3175 1999; x_wconf 88' lang='lat' dir='ltr'><strong>Suam</strong></span> <span class='ocrx_word' id='word_1_301' title='bbox 3202 1945 3354 2015; x_wconf 82' lang='lat' dir='ltr'><strong>ﬁdem</strong></span> <span class='ocrx_word' id='word_1_302' title='bbox 3384 1961 3463 2000; x_wconf 69' lang='grc' dir='ltr'><strong>εει</strong></span> 
     </span>
    </p>
   </div>
   <div class='ocr_carea' id='block_1_49' title="bbox 1958 2008 3113 2082">
    <p class='ocr_par' dir='ltr' id='par_1_49' title="bbox 1958 2008 3113 2082">
     <span class='ocr_line' id='line_1_49' title="bbox 1958 2008 3113 2082; baseline 0.007 -23"><span class='ocrx_word' id='word_1_303' title='bbox 1958 2008 2130 2074; x_wconf 73' lang='lat' dir='ltr'><strong>ponit,</strong></span> <span class='ocrx_word' id='word_1_304' title='bbox 2163 2024 2312 2077; x_wconf 84' lang='lat' dir='ltr'><strong>quam</strong></span> <span class='ocrx_word' id='word_1_305' title='bbox 2348 2012 2602 2078; x_wconf 79' lang='lat' dir='ltr'><strong>pontiﬁcis</strong></span> <span class='ocrx_word' id='word_1_306' title='bbox 2624 2012 2822 2082; x_wconf 79' lang='lat' dir='ltr'><strong>judicio</strong></span> <span class='ocrx_word' id='word_1_307' title='bbox 2850 2014 3113 2067; x_wconf 79' lang='lat' dir='ltr'><strong>submittit.</strong></span> 
     </span>
    </p>
   </div>
   <div class='ocr_carea' id='block_1_50' title="bbox 1958 2120 3440 2193">
    <p class='ocr_par' dir='ltr' id='par_1_50' title="bbox 1958 2120 3440 2193">
     <span class='ocr_line' id='line_1_50' title="bbox 1958 2120 3440 2193; baseline 0.003 -18"><span class='ocrx_word' id='word_1_308' title='bbox 1958 2122 2058 2178; x_wconf 88' lang='lat' dir='ltr'><strong>Per</strong></span> <span class='ocrx_word' id='word_1_309' title='bbox 2091 2120 2460 2193; x_wconf 88' lang='lat' dir='ltr'><strong>Eulogium(a)</strong></span> <span class='ocrx_word' id='word_1_310' title='bbox 2490 2124 2664 2178; x_wconf 90' lang='lat' dir='ltr'><strong>virum</strong></span> <span class='ocrx_word' id='word_1_311' title='bbox 2694 2124 2976 2181; x_wconf 90' lang='lat' dir='ltr'><strong>sublimem</strong></span> <span class='ocrx_word' id='word_1_312' title='bbox 3008 2127 3214 2182; x_wconf 88' lang='lat' dir='ltr'><strong>litteras</strong></span> <span class='ocrx_word' id='word_1_313' title='bbox 3244 2126 3440 2181; x_wconf 88' lang='lat' dir='ltr'><strong>beatitu</strong></span> 
     </span>
    </p>
   </div>
   <div class='ocr_carea' id='block_1_51' title="bbox 1884 2215 3468 2291">
    <p class='ocr_par' dir='ltr' id='par_1_51' title="bbox 1884 2215 3468 2291">
     <span class='ocr_line' id='line_1_51' title="bbox 1884 2215 3468 2291; baseline 0.003 -22"><span class='ocrx_word' id='word_1_314' title='bbox 1884 2215 2025 2270; x_wconf 89' lang='lat' dir='ltr'><strong>diuis</strong></span> <span class='ocrx_word' id='word_1_315' title='bbox 2052 2226 2246 2271; x_wconf 67' lang='lat' dir='ltr'><strong>vestra:</strong></span> <span class='ocrx_word' id='word_1_316' title='bbox 2276 2217 2609 2283; x_wconf 86' lang='lat' dir='ltr'><strong>suscepimus</strong></span> <span class='ocrx_word' id='word_1_317' title='bbox 2635 2258 2651 2284; x_wconf 94' lang='lat'><strong>,</strong></span> <span class='ocrx_word' id='word_1_318' title='bbox 2684 2218 2735 2272; x_wconf 89' lang='lat' dir='ltr'><strong>in</strong></span> <span class='ocrx_word' id='word_1_319' title='bbox 2768 2220 2959 2290; x_wconf 85' lang='lat' dir='ltr'><strong>quibus</strong></span> <span class='ocrx_word' id='word_1_320' title='bbox 3009 2221 3346 2291; x_wconf 88' lang='lat' dir='ltr'><strong>signiﬁcastis</strong></span> <span class='ocrx_word' id='word_1_321' title='bbox 3388 2222 3468 2274; x_wconf 81' lang='lat' dir='ltr'><strong>iu-</strong></span> 
     </span>
    </p>
   </div>
   <div class='ocr_carea' id='block_1_52' title="bbox 1887 2310 3468 2382">
    <p class='ocr_par' dir='ltr' id='par_1_52' title="bbox 1887 2310 3468 2382">
     <span class='ocr_line' id='line_1_52' title="bbox 1887 2310 3468 2382; baseline 0.001 -21"><span class='ocrx_word' id='word_1_322' title='bbox 1887 2310 2178 2363; x_wconf 84' lang='lat' dir='ltr'><strong>tentiouem</strong></span> <span class='ocrx_word' id='word_1_323' title='bbox 2236 2310 2616 2364; x_wconf 86' lang='lat' dir='ltr'><strong>monachorum</strong></span> <span class='ocrx_word' id='word_1_324' title='bbox 2662 2310 2981 2382; x_wconf 86' lang='lat' dir='ltr'><strong>Scytharum</strong></span> <span class='ocrx_word' id='word_1_325' title='bbox 3018 2356 3031 2381; x_wconf 87' lang='lat'><strong>,</strong></span> <span class='ocrx_word' id='word_1_326' title='bbox 3088 2321 3143 2367; x_wconf 90' lang='lat' dir='ltr'><strong>et</strong></span> <span class='ocrx_word' id='word_1_327' title='bbox 3203 2310 3468 2381; x_wconf 87' lang='lat' dir='ltr'><strong>quomodo</strong></span> 
     </span>
    </p>
   </div>
   <div class='ocr_carea' id='block_1_53' title="bbox 1886 2401 3467 2475">
    <p class='ocr_par' dir='ltr' id='par_1_53' title="bbox 1886 2401 3467 2475">
     <span class='ocr_line' id='line_1_53' title="bbox 1886 2401 3467 2475; baseline 0.002 -20"><span class='ocrx_word' id='word_1_328' title='bbox 1886 2401 2057 2455; x_wconf 92' lang='lat' dir='ltr'><strong>visum</strong></span> <span class='ocrx_word' id='word_1_329' title='bbox 2093 2402 2247 2456; x_wconf 84' lang='lat' dir='ltr'><strong>fuerit</strong></span> <span class='ocrx_word' id='word_1_330' title='bbox 2278 2404 2595 2471; x_wconf 83' lang='lat' dir='ltr'><strong>aposmlatui</strong></span> <span class='ocrx_word' id='word_1_331' title='bbox 2618 2413 2794 2457; x_wconf 86' lang='lat' dir='ltr'><strong>vestro</strong></span> <span class='ocrx_word' id='word_1_332' title='bbox 2818 2406 3069 2475; x_wconf 89' lang='lat' dir='ltr'><strong>episcopo</strong></span> <span class='ocrx_word' id='word_1_333' title='bbox 3092 2404 3467 2459; x_wconf 87' lang='lat' dir='ltr'><strong>ConStantino-</strong></span> 
     </span>
    </p>
   </div>
   <div class='ocr_carea' id='block_1_54' title="bbox 1886 2493 3465 2569">
    <p class='ocr_par' dir='ltr' id='par_1_54' title="bbox 1886 2493 3465 2569">
     <span class='ocr_line' id='line_1_54' title="bbox 1886 2493 3465 2569; baseline 0.001 -23"><span class='ocrx_word' id='word_1_334' title='bbox 1886 2493 2124 2564; x_wconf 86' lang='lat' dir='ltr'><strong>politano</strong></span> <span class='ocrx_word' id='word_1_335' title='bbox 2154 2510 2366 2548; x_wconf 90' lang='lat' dir='ltr'><strong>causam</strong></span> <span class='ocrx_word' id='word_1_336' title='bbox 2410 2495 2658 2564; x_wconf 80' lang='lat' dir='ltr'><strong>delegare</strong></span> <span class='ocrx_word' id='word_1_337' title='bbox 2688 2538 2703 2563; x_wconf 94' lang='lat'><strong>,</strong></span> <span class='ocrx_word' id='word_1_338' title='bbox 2734 2506 2790 2550; x_wconf 92' lang='lat' dir='ltr'><strong>ut</strong></span> <span class='ocrx_word' id='word_1_339' title='bbox 2824 2498 2937 2569; x_wconf 86' lang='lat' dir='ltr'><strong>ipse</strong></span> <span class='ocrx_word' id='word_1_340' title='bbox 2967 2498 3106 2551; x_wconf 85' lang='lat' dir='ltr'><strong>inter</strong></span> <span class='ocrx_word' id='word_1_341' title='bbox 3134 2512 3225 2555; x_wconf 71' lang='grc' dir='ltr'><strong>ρος</strong></span> <span class='ocrx_word' id='word_1_342' title='bbox 3253 2538 3267 2565; x_wconf 88' lang='grc'><strong><em>,</em></strong></span> <span class='ocrx_word' id='word_1_343' title='bbox 3296 2508 3344 2551; x_wconf 89' lang='lat' dir='ltr'><strong>et</strong></span> <span class='ocrx_word' id='word_1_344' title='bbox 3380 2497 3465 2564; x_wconf 89' lang='lat' dir='ltr'><strong>qui</strong></span> 
     </span>
    </p>
   </div>
   <div class='ocr_carea' id='block_1_55' title="bbox 1887 2586 3466 2661">
    <p class='ocr_par' dir='ltr' id='par_1_55' title="bbox 1887 2586 3466 2661">
     <span class='ocr_line' id='line_1_55' title="bbox 1887 2586 3466 2661; baseline 0.002 -23"><span class='ocrx_word' id='word_1_345' title='bbox 1887 2586 1954 2640; x_wconf 89' lang='lat' dir='ltr'><strong>ab</strong></span> <span class='ocrx_word' id='word_1_346' title='bbox 1978 2587 2057 2641; x_wconf 91' lang='lat' dir='ltr'><strong>eis</strong></span> <span class='ocrx_word' id='word_1_347' title='bbox 2088 2588 2413 2654; x_wconf 90' lang='lat' dir='ltr'><strong>impetuntur</strong></span> <span class='ocrx_word' id='word_1_348' title='bbox 2453 2588 2661 2643; x_wconf 86' lang='lat' dir='ltr'><strong>audiret</strong></span> <span class='ocrx_word' id='word_1_349' title='bbox 2693 2607 2707 2643; x_wconf 88' lang='lat'><strong>:</strong></span> <span class='ocrx_word' id='word_1_350' title='bbox 2740 2589 2869 2644; x_wconf 89' lang='lat' dir='ltr'><strong>mihi</strong></span> <span class='ocrx_word' id='word_1_351' title='bbox 2902 2590 3114 2661; x_wconf 84' lang='lat' dir='ltr'><strong>quidem</strong></span> <span class='ocrx_word' id='word_1_352' title='bbox 3149 2605 3252 2644; x_wconf 90' lang='lat' dir='ltr'><strong>non</strong></span> <span class='ocrx_word' id='word_1_353' title='bbox 3281 2586 3466 2654; x_wconf 86' lang='lat' dir='ltr'><strong>di5pli-</strong></span> 
     </span>
    </p>
   </div>
   <div class='ocr_carea' id='block_1_56' title="bbox 1888 2678 3466 2749">
    <p class='ocr_par' dir='ltr' id='par_1_56' title="bbox 1888 2678 3466 2749">
     <span class='ocr_line' id='line_1_56' title="bbox 1888 2678 3466 2749; baseline 0.002 -18"><span class='ocrx_word' id='word_1_354' title='bbox 1888 2686 2087 2741; x_wconf 87' lang='lat' dir='ltr'><strong>cuerat,</strong></span> <span class='ocrx_word' id='word_1_355' title='bbox 2120 2679 2241 2749; x_wconf 89' lang='lat' dir='ltr'><strong>quia</strong></span> <span class='ocrx_word' id='word_1_356' title='bbox 2272 2678 2358 2731; x_wconf 86' lang='lat' dir='ltr'><strong>ubi</strong></span> <span class='ocrx_word' id='word_1_357' title='bbox 2387 2681 2709 2733; x_wconf 77' lang='lat' dir='ltr'><strong>conscientia</strong></span> <span class='ocrx_word' id='word_1_358' title='bbox 2737 2696 2856 2735; x_wconf 93' lang='lat' dir='ltr'><strong>cum</strong></span> <span class='ocrx_word' id='word_1_359' title='bbox 2910 2682 3000 2735; x_wconf 83' lang='lat' dir='ltr'><strong>Dei</strong></span> <span class='ocrx_word' id='word_1_360' title='bbox 3032 2681 3296 2749; x_wconf 70' lang='lat' dir='ltr'><strong>adjutorio</strong></span> <span class='ocrx_word' id='word_1_361' title='bbox 3326 2679 3466 2734; x_wconf 81' lang='lat' dir='ltr'><strong>nulla</strong></span> 
     </span>
    </p>
   </div>
   <div class='ocr_carea' id='block_1_57' title="bbox 1890 2768 3467 2836">
    <p class='ocr_par' dir='ltr' id='par_1_57' title="bbox 1890 2768 3467 2836">
     <span class='ocr_line' id='line_1_57' title="bbox 1890 2768 3467 2836; baseline -0.001 -14"><span class='ocrx_word' id='word_1_362' title='bbox 1890 2768 2170 2825; x_wconf 84' lang='lat' dir='ltr'><strong>formidine</strong></span> <span class='ocrx_word' id='word_1_363' title='bbox 2220 2777 2491 2836; x_wconf 90' lang='lat' dir='ltr'><strong>terretur,</strong></span> <span class='ocrx_word' id='word_1_364' title='bbox 2530 2786 2558 2823; x_wconf 84' lang='lat' dir='ltr'><strong>a</strong></span> <span class='ocrx_word' id='word_1_365' title='bbox 2600 2770 2744 2825; x_wconf 90' lang='lat' dir='ltr'><strong>nullo</strong></span> <span class='ocrx_word' id='word_1_366' title='bbox 2793 2771 2950 2825; x_wconf 74' lang='lat' dir='ltr'><strong>debet</strong></span> <span class='ocrx_word' id='word_1_367' title='bbox 3003 2773 3311 2835; x_wconf 79' lang='lat' dir='ltr'><strong>declinare;</strong></span> <span class='ocrx_word' id='word_1_368' title='bbox 3363 2770 3467 2822; x_wconf 91' lang='lat' dir='ltr'><strong>imo</strong></span> 
     </span>
    </p>
   </div>
   <div class='ocr_carea' id='block_1_58' title="bbox 1890 2858 3466 2933">
    <p class='ocr_par' dir='ltr' id='par_1_58' title="bbox 1890 2858 3466 2933">
     <span class='ocr_line' id='line_1_58' title="bbox 1890 2858 3466 2933; baseline -0.001 -20"><span class='ocrx_word' id='word_1_369' title='bbox 1890 2860 2059 2930; x_wconf 88' lang='lat' dir='ltr'><strong>magis</strong></span> <span class='ocrx_word' id='word_1_370' title='bbox 2088 2858 2361 2928; x_wconf 78' lang='lat' dir='ltr'><strong>festinare,</strong></span> <span class='ocrx_word' id='word_1_371' title='bbox 2396 2871 2449 2915; x_wconf 90' lang='lat' dir='ltr'><strong>ut</strong></span> <span class='ocrx_word' id='word_1_372' title='bbox 2478 2878 2572 2933; x_wconf 89' lang='lat' dir='ltr'><strong>per</strong></span> <span class='ocrx_word' id='word_1_373' title='bbox 2601 2877 2824 2916; x_wconf 77' lang='lat' dir='ltr'><strong>examen</strong></span> <span class='ocrx_word' id='word_1_374' title='bbox 2858 2864 2994 2928; x_wconf 90' lang='lat' dir='ltr'><strong>quod</strong></span> <span class='ocrx_word' id='word_1_375' title='bbox 3029 2878 3213 2916; x_wconf 90' lang='lat' dir='ltr'><strong>verum</strong></span> <span class='ocrx_word' id='word_1_376' title='bbox 3244 2870 3325 2916; x_wconf 85' lang='lat' dir='ltr'><strong>est</strong></span> <span class='ocrx_word' id='word_1_377' title='bbox 3353 2876 3466 2913; x_wconf 81' lang='lat' dir='ltr'><strong>orn-</strong></span> 
     </span>
    </p>
   </div>
   <div class='ocr_carea' id='block_1_59' title="bbox 1891 2951 3467 3023">
    <p class='ocr_par' dir='ltr' id='par_1_59' title="bbox 1891 2951 3467 3023">
     <span class='ocr_line' id='line_1_59' title="bbox 1891 2951 3467 3023; baseline 0.001 -18"><span class='ocrx_word' id='word_1_378' title='bbox 1891 2952 2047 3007; x_wconf 85' lang='lat' dir='ltr'><strong>nihus</strong></span> <span class='ocrx_word' id='word_1_379' title='bbox 2078 2951 2467 3009; x_wconf 80' lang='lat' dir='ltr'><strong>manifestetur.</strong></span> <span class='ocrx_word' id='word_1_380' title='bbox 2516 2954 2865 3023; x_wconf 79' lang='lat' dir='ltr'><strong>Signiﬁcastis</strong></span> <span class='ocrx_word' id='word_1_381' title='bbox 2896 2954 3025 3008; x_wconf 87' lang='lat' dir='ltr'><strong>mihi</strong></span> <span class='ocrx_word' id='word_1_382' title='bbox 3056 2953 3122 3006; x_wconf 86' lang='lat' dir='ltr'><strong>ab</strong></span> <span class='ocrx_word' id='word_1_383' title='bbox 3152 2954 3251 3007; x_wconf 82' lang='lat' dir='ltr'><strong>iliis</strong></span> <span class='ocrx_word' id='word_1_384' title='bbox 3280 2963 3467 3007; x_wconf 86' lang='lat' dir='ltr'><strong>conte-</strong></span> 
     </span>
    </p>
   </div>
   <div class='ocr_carea' id='block_1_60' title="bbox 1891 3042 3465 3115">
    <p class='ocr_par' dir='ltr' id='par_1_60' title="bbox 1891 3042 3465 3115">
     <span class='ocr_line' id='line_1_60' title="bbox 1891 3042 3465 3115; baseline -0.001 -18"><span class='ocrx_word' id='word_1_385' title='bbox 1891 3042 2172 3098; x_wconf 88' lang='lat' dir='ltr'><strong>stationem</strong></span> <span class='ocrx_word' id='word_1_386' title='bbox 2205 3042 2380 3099; x_wconf 88' lang='lat' dir='ltr'><strong>datam</strong></span> <span class='ocrx_word' id='word_1_387' title='bbox 2414 3086 2428 3108; x_wconf 91' lang='lat'><strong>,</strong></span> <span class='ocrx_word' id='word_1_388' title='bbox 2460 3054 2517 3098; x_wconf 93' lang='lat' dir='ltr'><strong>ut</strong></span> <span class='ocrx_word' id='word_1_389' title='bbox 2546 3060 2649 3099; x_wconf 90' lang='lat' dir='ltr'><strong>non</strong></span> <span class='ocrx_word' id='word_1_390' title='bbox 2682 3044 2809 3100; x_wconf 90' lang='lat' dir='ltr'><strong>mihi</strong></span> <span class='ocrx_word' id='word_1_391' title='bbox 2840 3045 3073 3100; x_wconf 57' lang='lat' dir='ltr'><strong>haeretici</strong></span> <span class='ocrx_word' id='word_1_392' title='bbox 3098 3044 3465 3115; x_wconf 76' lang='lat' dir='ltr'><strong>iungerentur.</strong></span> 
     </span>
    </p>
   </div>
   <div class='ocr_carea' id='block_1_61' title="bbox 1889 3132 3466 3207">
    <p class='ocr_par' dir='ltr' id='par_1_61' title="bbox 1889 3132 3466 3207">
     <span class='ocr_line' id='line_1_61' title="bbox 1889 3132 3466 3207; baseline 0.002 -21"><span class='ocrx_word' id='word_1_393' title='bbox 1889 3132 2033 3201; x_wconf 85' lang='lat' dir='ltr'><strong>Quos</strong></span> <span class='ocrx_word' id='word_1_394' title='bbox 2064 3135 2247 3188; x_wconf 89' lang='lat' dir='ltr'><strong>dicunt</strong></span> <span class='ocrx_word' id='word_1_395' title='bbox 2273 3136 2554 3195; x_wconf 82' lang='lat' dir='ltr'><strong>haereticos</strong></span> <span class='ocrx_word' id='word_1_396' title='bbox 2579 3152 2679 3206; x_wconf 88' lang='lat' dir='ltr'><strong>ego</strong></span> <span class='ocrx_word' id='word_1_397' title='bbox 2704 3138 2912 3207; x_wconf 87' lang='lat' dir='ltr'><strong>ignoro,</strong></span> <span class='ocrx_word' id='word_1_398' title='bbox 2946 3138 3047 3195; x_wconf 86' lang='lat' dir='ltr'><strong>nisi</strong></span> <span class='ocrx_word' id='word_1_399' title='bbox 3075 3137 3194 3191; x_wconf 89' lang='lat' dir='ltr'><strong>illos</strong></span> <span class='ocrx_word' id='word_1_400' title='bbox 3227 3137 3358 3194; x_wconf 41' lang='lat' dir='ltr'><strong>forte</strong></span> <span class='ocrx_word' id='word_1_401' title='bbox 3378 3136 3466 3207; x_wconf 84' lang='lat' dir='ltr'><strong>qui</strong></span> 
     </span>
    </p>
   </div>
   <div class='ocr_carea' id='block_1_62' title="bbox 1888 3225 3466 3302">
    <p class='ocr_par' dir='ltr' id='par_1_62' title="bbox 1888 3225 3466 3302">
     <span class='ocr_line' id='line_1_62' title="bbox 1888 3225 3466 3302; baseline 0.004 -26"><span class='ocrx_word' id='word_1_402' title='bbox 1888 3226 2149 3297; x_wconf 86' lang='lat' dir='ltr'><strong>synodum</strong></span> <span class='ocrx_word' id='word_1_403' title='bbox 2195 3225 2683 3283; x_wconf 84' lang='lat' dir='ltr'><strong>Chaicedonensem</strong></span> <span class='ocrx_word' id='word_1_404' title='bbox 2717 3229 3009 3296; x_wconf 88' lang='lat' dir='ltr'><strong>suscipiunt</strong></span> <span class='ocrx_word' id='word_1_405' title='bbox 3039 3272 3053 3294; x_wconf 86' lang='lat'><strong>,</strong></span> <span class='ocrx_word' id='word_1_406' title='bbox 3085 3244 3217 3302; x_wconf 81' lang='lat' dir='ltr'><strong>quos</strong></span> <span class='ocrx_word' id='word_1_407' title='bbox 3257 3244 3354 3296; x_wconf 84' lang='lat' dir='ltr'><strong>ego</strong></span> <span class='ocrx_word' id='word_1_408' title='bbox 3382 3243 3466 3283; x_wconf 81' lang='lat' dir='ltr'><strong>ca-</strong></span> 
     </span>
    </p>
   </div>
   <div class='ocr_carea' id='block_1_63' title="bbox 210 3293 1786 3390">
    <p class='ocr_par' dir='ltr' id='par_1_63' title="bbox 210 3296 1786 3366">
     <span class='ocr_line' id='line_1_63' title="bbox 210 3296 1786 3366; baseline 0.003 -19"><span class='ocrx_word' id='word_1_409' title='bbox 210 3308 304 3347; x_wconf 89' lang='lat' dir='ltr'><strong>non</strong></span> <span class='ocrx_word' id='word_1_410' title='bbox 365 3310 552 3350; x_wconf 84' lang='lat' dir='ltr'><strong>sumus</strong></span> <span class='ocrx_word' id='word_1_411' title='bbox 600 3296 860 3351; x_wconf 76' lang='lat' dir='ltr'><strong>violenter</strong></span> <span class='ocrx_word' id='word_1_412' title='bbox 908 3297 1128 3363; x_wconf 82' lang='lat' dir='ltr'><strong>expelli.</strong></span> <span class='ocrx_word' id='word_1_413' title='bbox 1188 3296 1523 3366; x_wconf 83' lang='lat' dir='ltr'><strong>Quapropter</strong></span> <span class='ocrx_word' id='word_1_414' title='bbox 1565 3312 1786 3352; x_wconf 90' lang='lat' dir='ltr'><strong>necesse</strong></span> 
     </span>
    </p>
   </div>
   <div class='ocr_carea' id='block_1_64' title="bbox 1890 3293 3462 3390">
    <p class='ocr_par' dir='ltr' id='par_1_64' title="bbox 1892 3293 3462 3390">
     <span class='ocr_line' id='line_1_64' title="bbox 1892 3293 3462 3390; baseline 0.002 -20"><span class='ocrx_word' id='word_1_415' title='bbox 1892 3293 2119 3373; x_wconf 87' lang='lat' dir='ltr'><strong>tholicos</strong></span> <span class='ocrx_word' id='word_1_416' title='bbox 2147 3318 2288 3371; x_wconf 90' lang='lat' dir='ltr'><strong>dico.</strong></span> <span class='ocrx_word' id='word_1_417' title='bbox 2342 3316 2528 3372; x_wconf 74' lang='lat' dir='ltr'><strong>Victor</strong></span> <span class='ocrx_word' id='word_1_418' title='bbox 2554 3319 2808 3374; x_wconf 88' lang='lat' dir='ltr'><strong>diaconus</strong></span> <span class='ocrx_word' id='word_1_419' title='bbox 2836 3320 3030 3374; x_wconf 88' lang='lat' dir='ltr'><strong>dicitur</strong></span> <span class='ocrx_word' id='word_1_420' title='bbox 3057 3338 3070 3374; x_wconf 91' lang='lat'><strong>:</strong></span> <span class='ocrx_word' id='word_1_421' title='bbox 3101 3293 3311 3390; x_wconf 76' lang='lat' dir='ltr'><strong>quidam</strong></span> <span class='ocrx_word' id='word_1_422' title='bbox 3342 3333 3462 3374; x_wconf 90' lang='lat' dir='ltr'><strong>cum</strong></span> 
     </span>
    </p>
   </div>
   <div class='ocr_carea' id='block_1_65' title="bbox 210 3385 1783 3456">
    <p class='ocr_par' dir='ltr' id='par_1_65' title="bbox 210 3385 1783 3456">
     <span class='ocr_line' id='line_1_65' title="bbox 210 3385 1783 3456; baseline 0.002 -18"><span class='ocrx_word' id='word_1_423' title='bbox 210 3385 489 3440; x_wconf 88' lang='lat' dir='ltr'><strong>habuimus</strong></span> <span class='ocrx_word' id='word_1_424' title='bbox 515 3386 853 3441; x_wconf 88' lang='lat' dir='ltr'><strong>venientibus</strong></span> <span class='ocrx_word' id='word_1_425' title='bbox 893 3387 1078 3456; x_wconf 86' lang='lat' dir='ltr'><strong>legatis</strong></span> <span class='ocrx_word' id='word_1_426' title='bbox 1108 3388 1302 3440; x_wconf 79' lang='lat' dir='ltr'><strong>nostris</strong></span> <span class='ocrx_word' id='word_1_427' title='bbox 1355 3386 1626 3455; x_wconf 89' lang='lat' dir='ltr'><strong>inquirere</strong></span> <span class='ocrx_word' id='word_1_428' title='bbox 1681 3404 1783 3456; x_wconf 89' lang='lat' dir='ltr'><strong>qua</strong></span> 
     </span>
    </p>
   </div>
   <div class='ocr_carea' id='block_1_66' title="bbox 210 3476 1782 3536">
    <p class='ocr_par' dir='ltr' id='par_1_66' title="bbox 210 3476 1782 3536">
     <span class='ocr_line' id='line_1_66' title="bbox 210 3476 1782 3536; baseline 0.003 -5"><span class='ocrx_word' id='word_1_429' title='bbox 210 3489 387 3532; x_wconf 84' lang='lat' dir='ltr'><strong>revera</strong></span> <span class='ocrx_word' id='word_1_430' title='bbox 432 3476 661 3532; x_wconf 79' lang='lat' dir='ltr'><strong>faciente</strong></span> <span class='ocrx_word' id='word_1_431' title='bbox 686 3493 841 3533; x_wconf 89' lang='lat' dir='ltr'><strong>causa</strong></span> <span class='ocrx_word' id='word_1_432' title='bbox 880 3479 1020 3533; x_wconf 88' lang='lat' dir='ltr'><strong>inter</strong></span> <span class='ocrx_word' id='word_1_433' title='bbox 1043 3494 1136 3534; x_wconf 83' lang='lat' dir='ltr'><strong>eos</strong></span> <span class='ocrx_word' id='word_1_434' title='bbox 1167 3478 1325 3534; x_wconf 81' lang='lat' dir='ltr'><strong>fuerit</strong></span> <span class='ocrx_word' id='word_1_435' title='bbox 1361 3490 1624 3534; x_wconf 87' lang='lat' dir='ltr'><strong>commota</strong></span> <span class='ocrx_word' id='word_1_436' title='bbox 1668 3481 1782 3536; x_wconf 88' lang='lat' dir='ltr'><strong>dis-</strong></span> 
     </span>
    </p>
   </div>
   <div class='ocr_carea' id='block_1_67' title="bbox 210 3570 1788 3640">
    <p class='ocr_par' dir='ltr' id='par_1_67' title="bbox 210 3570 1788 3640">
     <span class='ocr_line' id='line_1_67' title="bbox 210 3570 1788 3640; baseline 0.004 -18"><span class='ocrx_word' id='word_1_437' title='bbox 210 3570 409 3624; x_wconf 87' lang='lat' dir='ltr'><strong>cordia.</strong></span> <span class='ocrx_word' id='word_1_438' title='bbox 488 3570 920 3625; x_wconf 87' lang='lat' dir='ltr'><strong>Beatissimorum</strong></span> <span class='ocrx_word' id='word_1_439' title='bbox 973 3586 1100 3625; x_wconf 91' lang='lat' dir='ltr'><strong>vero</strong></span> <span class='ocrx_word' id='word_1_440' title='bbox 1144 3570 1506 3640; x_wconf 89' lang='lat' dir='ltr'><strong>apostolorum</strong></span> <span class='ocrx_word' id='word_1_441' title='bbox 1548 3572 1686 3627; x_wconf 86' lang='lat' dir='ltr'><strong>Petri</strong></span> <span class='ocrx_word' id='word_1_442' title='bbox 1731 3581 1788 3628; x_wconf 91' lang='lat' dir='ltr'><strong>et</strong></span> 
     </span>
    </p>
   </div>
   <div class='ocr_carea' id='block_1_68' title="bbox 209 3660 1785 3733">
    <p class='ocr_par' dir='ltr' id='par_1_68' title="bbox 209 3660 1785 3733">
     <span class='ocr_line' id='line_1_68' title="bbox 209 3660 1785 3733; baseline 0.004 -20"><span class='ocrx_word' id='word_1_443' title='bbox 209 3660 348 3716; x_wconf 89' lang='lat' dir='ltr'><strong>Pauli</strong></span> <span class='ocrx_word' id='word_1_444' title='bbox 379 3662 716 3729; x_wconf 89' lang='lat' dir='ltr'><strong>sanctuaria,</strong></span> <span class='ocrx_word' id='word_1_445' title='bbox 757 3664 896 3717; x_wconf 90' lang='lat' dir='ltr'><strong>sicut</strong></span> <span class='ocrx_word' id='word_1_446' title='bbox 933 3663 1331 3732; x_wconf 84' lang='lat' dir='ltr'><strong>religiosissimo</strong></span> <span class='ocrx_word' id='word_1_447' title='bbox 1361 3664 1625 3733; x_wconf 65' lang='lat' dir='ltr'><strong>quaesistis</strong></span> <span class='ocrx_word' id='word_1_448' title='bbox 1654 3664 1785 3719; x_wconf 83' lang='lat' dir='ltr'><strong>aﬁ&#39;e-</strong></span> 
     </span>
    </p>
   </div>
   <div class='ocr_carea' id='block_1_69' title="bbox 208 3752 1785 3823">
    <p class='ocr_par' dir='ltr' id='par_1_69' title="bbox 208 3752 1785 3823">
     <span class='ocr_line' id='line_1_69' title="bbox 208 3752 1785 3823; baseline 0.006 -22"><span class='ocrx_word' id='word_1_449' title='bbox 208 3759 324 3814; x_wconf 79' lang='lat' dir='ltr'><strong>rtu,</strong></span> <span class='ocrx_word' id='word_1_450' title='bbox 369 3767 471 3821; x_wconf 91' lang='lat' dir='ltr'><strong>per</strong></span> <span class='ocrx_word' id='word_1_451' title='bbox 518 3752 705 3807; x_wconf 89' lang='lat' dir='ltr'><strong>harum</strong></span> <span class='ocrx_word' id='word_1_452' title='bbox 754 3754 1069 3823; x_wconf 88' lang='lat' dir='ltr'><strong>portitorem</strong></span> <span class='ocrx_word' id='word_1_453' title='bbox 1114 3755 1213 3807; x_wconf 91' lang='lat' dir='ltr'><strong>sub</strong></span> <span class='ocrx_word' id='word_1_454' title='bbox 1256 3756 1397 3809; x_wconf 91' lang='lat' dir='ltr'><strong>omni</strong></span> <span class='ocrx_word' id='word_1_455' title='bbox 1444 3757 1785 3811; x_wconf 85' lang='lat' dir='ltr'><strong>veneratione</strong></span> 
     </span>
    </p>
   </div>
   <div class='ocr_carea' id='block_1_70' title="bbox 208 3845 1785 3917">
    <p class='ocr_par' dir='ltr' id='par_1_70' title="bbox 208 3845 1785 3917">
     <span class='ocr_line' id='line_1_70' title="bbox 208 3845 1785 3917; baseline 0.002 -20"><span class='ocrx_word' id='word_1_456' title='bbox 208 3846 643 3912; x_wconf 82' lang='lat' dir='ltr'><strong>transmisimus;</strong></span> <span class='ocrx_word' id='word_1_457' title='bbox 672 3855 919 3917; x_wconf 86' lang='lat' dir='ltr'><strong>optantes</strong></span> <span class='ocrx_word' id='word_1_458' title='bbox 939 3845 1266 3900; x_wconf 88' lang='lat' dir='ltr'><strong>orationibus</strong></span> <span class='ocrx_word' id='word_1_459' title='bbox 1296 3860 1480 3900; x_wconf 90' lang='lat' dir='ltr'><strong>eorum</strong></span> <span class='ocrx_word' id='word_1_460' title='bbox 1511 3856 1566 3899; x_wconf 92' lang='lat' dir='ltr'><strong>ut</strong></span> <span class='ocrx_word' id='word_1_461' title='bbox 1593 3846 1785 3903; x_wconf 91' lang='lat' dir='ltr'><strong>mentis</strong></span> 
     </span>
    </p>
   </div>
   <div class='ocr_carea' id='block_1_71' title="bbox 205 3937 1784 4011">
    <p class='ocr_par' dir='ltr' id='par_1_71' title="bbox 205 3937 1784 4011">
     <span class='ocr_line' id='line_1_71' title="bbox 205 3937 1784 4011; baseline 0.003 -23"><span class='ocrx_word' id='word_1_462' title='bbox 205 3946 394 3992; x_wconf 70' lang='lat' dir='ltr'><strong>vestrae</strong></span> <span class='ocrx_word' id='word_1_463' title='bbox 442 3937 649 3991; x_wconf 88' lang='lat' dir='ltr'><strong>oblatio</strong></span> <span class='ocrx_word' id='word_1_464' title='bbox 692 3947 746 3991; x_wconf 89' lang='lat' dir='ltr'><strong>et</strong></span> <span class='ocrx_word' id='word_1_465' title='bbox 790 3938 1052 3992; x_wconf 88' lang='lat' dir='ltr'><strong>desideria</strong></span> <span class='ocrx_word' id='word_1_466' title='bbox 1098 3939 1278 4011; x_wconf 60' lang='lat' dir='ltr'><strong>gratiae</strong></span> <span class='ocrx_word' id='word_1_467' title='bbox 1326 3941 1431 3993; x_wconf 89' lang='lat' dir='ltr'><strong>sint</strong></span> <span class='ocrx_word' id='word_1_468' title='bbox 1486 3937 1784 3992; x_wconf 88' lang='lat' dir='ltr'><strong>Divinitatis</strong></span> 
     </span>
    </p>
   </div>
   <div class='ocr_carea' id='block_1_72' title="bbox 205 4028 1784 4099">
    <p class='ocr_par' dir='ltr' id='par_1_72' title="bbox 205 4028 1784 4099">
     <span class='ocr_line' id='line_1_72' title="bbox 205 4028 1784 4099; baseline 0.003 -20"><span class='ocrx_word' id='word_1_469' title='bbox 205 4040 439 4099; x_wconf 80' lang='lat' dir='ltr'><strong>accepta.</strong></span> <span class='ocrx_word' id='word_1_470' title='bbox 482 4028 718 4083; x_wconf 87' lang='lat' dir='ltr'><strong>Petimus</strong></span> <span class='ocrx_word' id='word_1_471' title='bbox 749 4029 925 4098; x_wconf 88' lang='lat' dir='ltr'><strong>itaque</strong></span> <span class='ocrx_word' id='word_1_472' title='bbox 963 4039 1019 4082; x_wconf 90' lang='lat' dir='ltr'><strong>ttt</strong></span> <span class='ocrx_word' id='word_1_473' title='bbox 1053 4042 1153 4083; x_wconf 82' lang='lat' dir='ltr'><strong>tam</strong></span> <span class='ocrx_word' id='word_1_474' title='bbox 1184 4028 1250 4083; x_wconf 88' lang='lat' dir='ltr'><strong>de</strong></span> <span class='ocrx_word' id='word_1_475' title='bbox 1278 4028 1358 4082; x_wconf 91' lang='lat' dir='ltr'><strong>his</strong></span> <span class='ocrx_word' id='word_1_476' title='bbox 1387 4044 1504 4098; x_wconf 70' lang='lat' dir='ltr'><strong>qua:</strong></span> <span class='ocrx_word' id='word_1_477' title='bbox 1528 4038 1784 4098; x_wconf 87' lang='lat' dir='ltr'><strong>geruntur</strong></span> 
     </span>
    </p>
   </div>
   <div class='ocr_carea' id='block_1_73' title="bbox 204 4121 1783 4191">
    <p class='ocr_par' dir='ltr' id='par_1_73' title="bbox 204 4121 1783 4191">
     <span class='ocr_line' id='line_1_73' title="bbox 204 4121 1783 4191; baseline -0.001 -16"><span class='ocrx_word' id='word_1_478' title='bbox 204 4135 293 4189; x_wconf 86' lang='lat' dir='ltr'><strong>pro</strong></span> <span class='ocrx_word' id='word_1_479' title='bbox 322 4121 613 4175; x_wconf 86' lang='lat' dir='ltr'><strong>concordia</strong></span> <span class='ocrx_word' id='word_1_480' title='bbox 647 4137 802 4191; x_wconf 89' lang='lat' dir='ltr'><strong>quam</strong></span> <span class='ocrx_word' id='word_1_481' title='bbox 849 4122 1009 4174; x_wconf 91' lang='lat' dir='ltr'><strong>etiam</strong></span> <span class='ocrx_word' id='word_1_482' title='bbox 1055 4121 1121 4175; x_wconf 86' lang='lat' dir='ltr'><strong>de</strong></span> <span class='ocrx_word' id='word_1_483' title='bbox 1169 4121 1551 4176; x_wconf 88' lang='lat' dir='ltr'><strong>incolumitatis</strong></span> <span class='ocrx_word' id='word_1_484' title='bbox 1594 4129 1783 4175; x_wconf 68' lang='lat' dir='ltr'><strong>vestrm</strong></span> 
     </span>
    </p>
   </div>
   <div class='ocr_carea' id='block_1_74' title="bbox 206 4212 1783 4285">
    <p class='ocr_par' dir='ltr' id='par_1_74' title="bbox 206 4212 1783 4285">
     <span class='ocr_line' id='line_1_74' title="bbox 206 4212 1783 4285; baseline 0.002 -22"><span class='ocrx_word' id='word_1_485' title='bbox 206 4212 337 4267; x_wconf 87' lang='lat' dir='ltr'><strong>bono</strong></span> <span class='ocrx_word' id='word_1_486' title='bbox 368 4214 631 4267; x_wconf 88' lang='lat' dir='ltr'><strong>nuntietis</strong></span> <span class='ocrx_word' id='word_1_487' title='bbox 660 4212 1003 4268; x_wconf 83' lang='lat' dir='ltr'><strong>sollieitudiui</strong></span> <span class='ocrx_word' id='word_1_488' title='bbox 1028 4223 1219 4269; x_wconf 70' lang='lat' dir='ltr'><strong>nostrtc</strong></span> <span class='ocrx_word' id='word_1_489' title='bbox 1241 4213 1511 4285; x_wconf 86' lang='lat' dir='ltr'><strong>gaudium,</strong></span> <span class='ocrx_word' id='word_1_490' title='bbox 1536 4216 1783 4267; x_wconf 86' lang='lat' dir='ltr'><strong>currente</strong></span> 
     </span>
    </p>
   </div>
   <div class='ocr_carea' id='block_1_75' title="bbox 202 4304 1783 4376">
    <p class='ocr_par' dir='ltr' id='par_1_75' title="bbox 202 4304 1783 4376">
     <span class='ocr_line' id='line_1_75' title="bbox 202 4304 1783 4376; baseline -0.001 -19"><span class='ocrx_word' id='word_1_491' title='bbox 202 4305 385 4376; x_wconf 85' lang='lat' dir='ltr'><strong>pagina</strong></span> <span class='ocrx_word' id='word_1_492' title='bbox 422 4305 744 4359; x_wconf 87' lang='lat' dir='ltr'><strong>litterarum.</strong></span> <span class='ocrx_word' id='word_1_493' title='bbox 776 4304 901 4359; x_wconf 90' lang='lat' dir='ltr'><strong>Data</strong></span> <span class='ocrx_word' id='word_1_494' title='bbox 935 4320 985 4357; x_wconf 85' lang='lat' dir='ltr'><strong>tv</strong></span> <span class='ocrx_word' id='word_1_495' title='bbox 1014 4320 1181 4359; x_wconf 90' lang='lat' dir='ltr'><strong>nonas</strong></span> <span class='ocrx_word' id='word_1_496' title='bbox 1205 4304 1556 4376; x_wconf 83' lang='lat' dir='ltr'><strong>Septembris,</strong></span> <span class='ocrx_word' id='word_1_497' title='bbox 1589 4304 1783 4358; x_wconf 86' lang='lat' dir='ltr'><strong>Eutha-</strong></span> 
     </span>
    </p>
   </div>
   <div class='ocr_carea' id='block_1_76' title="bbox 206 4395 1673 4466">
    <p class='ocr_par' dir='ltr' id='par_1_76' title="bbox 206 4395 1673 4466">
     <span class='ocr_line' id='line_1_76' title="bbox 206 4395 1673 4466; baseline 0.001 -18"><span class='ocrx_word' id='word_1_498' title='bbox 206 4396 311 4449; x_wconf 86' lang='lat' dir='ltr'><strong>rico</strong></span> <span class='ocrx_word' id='word_1_499' title='bbox 338 4398 463 4450; x_wconf 90' lang='lat' dir='ltr'><strong>viro</strong></span> <span class='ocrx_word' id='word_1_500' title='bbox 492 4396 791 4451; x_wconf 86' lang='lat' dir='ltr'><strong>clarissimo</strong></span> <span class='ocrx_word' id='word_1_501' title='bbox 818 4396 1041 4450; x_wconf 90' lang='lat' dir='ltr'><strong>consule</strong></span> <span class='ocrx_word' id='word_1_502' title='bbox 1087 4397 1260 4466; x_wconf 88' lang='lat' dir='ltr'><strong>(anno</strong></span> <span class='ocrx_word' id='word_1_503' title='bbox 1293 4395 1499 4451; x_wconf 90' lang='lat' dir='ltr'><strong>Domini</strong></span> <span class='ocrx_word' id='word_1_504' title='bbox 1528 4396 1673 4465; x_wconf 73' lang='grc'><strong>120).</strong></span> 
     </span>
    </p>
   </div>
   <div class='ocr_carea' id='block_1_77' title="bbox 702 4509 1281 4571">
    <p class='ocr_par' dir='ltr' id='par_1_77' title="bbox 702 4509 1281 4571">
     <span class='ocr_line' id='line_1_77' title="bbox 702 4509 1281 4571; baseline -0.007 -2"><span class='ocrx_word' id='word_1_505' title='bbox 702 4509 1033 4569; x_wconf 81' lang='lat' dir='ltr'><strong>EPISTULA</strong></span> <span class='ocrx_word' id='word_1_506' title='bbox 1078 4510 1281 4571; x_wconf 76' lang='lat' dir='ltr'><strong>LXV&quot;.</strong></span> 
     </span>
    </p>
   </div>
   <div class='ocr_carea' id='block_1_78' title="bbox 819 4620 1159 4663">
    <p class='ocr_par' dir='ltr' id='par_1_78' title="bbox 819 4620 1159 4663">
     <span class='ocr_line' id='line_1_78' title="bbox 819 4620 1159 4663; baseline -0.015 0"><span class='ocrx_word' id='word_1_507' title='bbox 819 4620 886 4663; x_wconf 60' lang='lat' dir='ltr'><strong>AD</strong></span> <span class='ocrx_word' id='word_1_508' title='bbox 926 4620 1139 4661; x_wconf 70' lang='lat' dir='ltr'><strong>EUIDEI</strong></span> <span class='ocrx_word' id='word_1_509' title='bbox 1155 4650 1159 4658; x_wconf 97' lang='lat'><strong>.</strong></span> 
     </span>
    </p>
   </div>
   <div class='ocr_carea' id='block_1_79' title="bbox 1889 3408 3465 3481">
    <p class='ocr_par' dir='ltr' id='par_1_79' title="bbox 1889 3408 3465 3481">
     <span class='ocr_line' id='line_1_79' title="bbox 1889 3408 3465 3481; baseline 0.002 -18"><span class='ocrx_word' id='word_1_510' title='bbox 1889 3410 2011 3471; x_wconf 88' lang='lat' dir='ltr'><strong>isto,</strong></span> <span class='ocrx_word' id='word_1_511' title='bbox 2042 3419 2325 3475; x_wconf 73' lang='lat' dir='ltr'><strong>antequam</strong></span> <span class='ocrx_word' id='word_1_512' title='bbox 2365 3425 2462 3464; x_wconf 89' lang='lat' dir='ltr'><strong>nos</strong></span> <span class='ocrx_word' id='word_1_513' title='bbox 2499 3408 3010 3479; x_wconf 83' lang='lat' dir='ltr'><strong>ConstantinOpolim</strong></span> <span class='ocrx_word' id='word_1_514' title='bbox 3044 3411 3465 3481; x_wconf 78' lang='lat' dir='ltr'><strong>ingredereninr,</strong></span> 
     </span>
    </p>
   </div>
   <div class='ocr_carea' id='block_1_80' title="bbox 1890 3499 3467 3573">
    <p class='ocr_par' dir='ltr' id='par_1_80' title="bbox 1890 3499 3467 3573">
     <span class='ocr_line' id='line_1_80' title="bbox 1890 3499 3467 3573; baseline 0.003 -20"><span class='ocrx_word' id='word_1_515' title='bbox 1890 3499 2186 3556; x_wconf 86' lang='lat' dir='ltr'><strong>habuerunt</strong></span> <span class='ocrx_word' id='word_1_516' title='bbox 2232 3501 2581 3556; x_wconf 88' lang='lat' dir='ltr'><strong>intentionem</strong></span> <span class='ocrx_word' id='word_1_517' title='bbox 2625 3502 3105 3573; x_wconf 83' lang='lat' dir='ltr'><strong>(contentionem)</strong></span> <span class='ocrx_word' id='word_1_518' title='bbox 3145 3504 3211 3559; x_wconf 88' lang='lat' dir='ltr'><strong>de</strong></span> <span class='ocrx_word' id='word_1_519' title='bbox 3256 3520 3360 3559; x_wconf 91' lang='lat' dir='ltr'><strong>uno</strong></span> <span class='ocrx_word' id='word_1_520' title='bbox 3403 3504 3467 3558; x_wconf 82' lang='lat' dir='ltr'><strong>de</strong></span> 
     </span>
    </p>
   </div>
   <div class='ocr_carea' id='block_1_81' title="bbox 1888 3592 3467 3665">
    <p class='ocr_par' dir='ltr' id='par_1_81' title="bbox 1888 3592 3467 3665">
     <span class='ocr_line' id='line_1_81' title="bbox 1888 3592 3467 3665; baseline 0.001 -19"><span class='ocrx_word' id='word_1_521' title='bbox 1888 3592 2147 3647; x_wconf 83' lang='lat' dir='ltr'><strong>Trinitate</strong></span> <span class='ocrx_word' id='word_1_522' title='bbox 2173 3592 2429 3647; x_wconf 81' lang='lat' dir='ltr'><strong>cruciﬁxo</strong></span> <span class='ocrx_word' id='word_1_523' title='bbox 2455 3635 2469 3659; x_wconf 92' lang='lat'><strong>,</strong></span> <span class='ocrx_word' id='word_1_524' title='bbox 2503 3604 2557 3649; x_wconf 90' lang='lat' dir='ltr'><strong>et</strong></span> <span class='ocrx_word' id='word_1_525' title='bbox 2589 3595 2654 3650; x_wconf 90' lang='lat' dir='ltr'><strong>de</strong></span> <span class='ocrx_word' id='word_1_526' title='bbox 2680 3596 2891 3651; x_wconf 85' lang='lat' dir='ltr'><strong>Christo</strong></span> <span class='ocrx_word' id='word_1_527' title='bbox 2933 3599 3229 3665; x_wconf 87' lang='lat' dir='ltr'><strong>composito</strong></span> <span class='ocrx_word' id='word_1_528' title='bbox 3256 3638 3269 3663; x_wconf 93' lang='lat'><strong>,</strong></span> <span class='ocrx_word' id='word_1_529' title='bbox 3318 3605 3371 3651; x_wconf 91' lang='lat' dir='ltr'><strong>et</strong></span> <span class='ocrx_word' id='word_1_530' title='bbox 3402 3596 3467 3649; x_wconf 86' lang='lat' dir='ltr'><strong>do</strong></span> 
     </span>
    </p>
   </div>
   <div class='ocr_carea' id='block_1_82' title="bbox 1886 3683 3466 3754">
    <p class='ocr_par' dir='ltr' id='par_1_82' title="bbox 1886 3683 3466 3754">
     <span class='ocr_line' id='line_1_82' title="bbox 1886 3683 3466 3754; baseline 0.003 -18"><span class='ocrx_word' id='word_1_531' title='bbox 1886 3684 2006 3737; x_wconf 84' lang='lat' dir='ltr'><strong>aliis</strong></span> <span class='ocrx_word' id='word_1_532' title='bbox 2035 3683 2279 3752; x_wconf 87' lang='lat' dir='ltr'><strong>capitulis</strong></span> <span class='ocrx_word' id='word_1_533' title='bbox 2299 3684 2372 3753; x_wconf 72' lang='grc' dir='ltr'><strong>(ὁ)</strong></span> <span class='ocrx_word' id='word_1_534' title='bbox 2399 3686 2551 3740; x_wconf 88' lang='lat' dir='ltr'><strong>nobis</strong></span> <span class='ocrx_word' id='word_1_535' title='bbox 2574 3686 2658 3741; x_wconf 90' lang='lat' dir='ltr'><strong>hic</strong></span> <span class='ocrx_word' id='word_1_536' title='bbox 2688 3688 2877 3754; x_wconf 87' lang='lat' dir='ltr'><strong>positis</strong></span> <span class='ocrx_word' id='word_1_537' title='bbox 2909 3706 2918 3738; x_wconf 93' lang='lat'><strong>:</strong></span> <span class='ocrx_word' id='word_1_538' title='bbox 2952 3688 3257 3742; x_wconf 85' lang='lat' dir='ltr'><strong>obtulerunt</strong></span> <span class='ocrx_word' id='word_1_539' title='bbox 3283 3698 3466 3742; x_wconf 60' lang='lat' dir='ltr'><strong>contra</strong></span> 
     </span>
    </p>
   </div>
   <div class='ocr_carea' id='block_1_83' title="bbox 1890 3778 3465 3849">
    <p class='ocr_par' dir='ltr' id='par_1_83' title="bbox 1890 3778 3465 3849">
     <span class='ocr_line' id='line_1_83' title="bbox 1890 3778 3465 3849; baseline 0.003 -20"><span class='ocrx_word' id='word_1_540' title='bbox 1890 3778 2065 3845; x_wconf 90' lang='lat' dir='ltr'><strong>ipsum</strong></span> <span class='ocrx_word' id='word_1_541' title='bbox 2093 3778 2331 3831; x_wconf 87' lang='lat' dir='ltr'><strong>libellum</strong></span> <span class='ocrx_word' id='word_1_542' title='bbox 2361 3785 2467 3831; x_wconf 89' lang='lat' dir='ltr'><strong>tam</strong></span> <span class='ocrx_word' id='word_1_543' title='bbox 2500 3778 2654 3833; x_wconf 89' lang='lat' dir='ltr'><strong>nobis</strong></span> <span class='ocrx_word' id='word_1_544' title='bbox 2692 3795 2849 3846; x_wconf 86' lang='lat' dir='ltr'><strong>quam</strong></span> <span class='ocrx_word' id='word_1_545' title='bbox 2881 3780 3132 3849; x_wconf 88' lang='lat' dir='ltr'><strong>episcopo</strong></span> <span class='ocrx_word' id='word_1_546' title='bbox 3169 3780 3465 3834; x_wconf 78' lang='lat' dir='ltr'><strong>Constanti-</strong></span> 
     </span>
    </p>
   </div>
   <div class='ocr_carea' id='block_1_84' title="bbox 1889 3868 3465 3938">
    <p class='ocr_par' dir='ltr' id='par_1_84' title="bbox 1889 3868 3465 3938">
     <span class='ocr_line' id='line_1_84' title="bbox 1889 3868 3465 3938; baseline 0.001 -19"><span class='ocrx_word' id='word_1_547' title='bbox 1889 3868 2221 3934; x_wconf 89' lang='lat' dir='ltr'><strong>nopolitano.</strong></span> <span class='ocrx_word' id='word_1_548' title='bbox 2250 3868 2606 3923; x_wconf 87' lang='lat' dir='ltr'><strong>Convenimus</strong></span> <span class='ocrx_word' id='word_1_549' title='bbox 2640 3869 2691 3923; x_wconf 90' lang='lat' dir='ltr'><strong>in</strong></span> <span class='ocrx_word' id='word_1_550' title='bbox 2719 3870 2932 3923; x_wconf 91' lang='lat' dir='ltr'><strong>domum</strong></span> <span class='ocrx_word' id='word_1_551' title='bbox 2962 3869 3217 3938; x_wconf 73' lang='lat' dir='ltr'><strong>episcopi,</strong></span> <span class='ocrx_word' id='word_1_552' title='bbox 3244 3878 3299 3922; x_wconf 91' lang='lat' dir='ltr'><strong>ut</strong></span> <span class='ocrx_word' id='word_1_553' title='bbox 3328 3871 3465 3922; x_wconf 86' lang='lat' dir='ltr'><strong>inter</strong></span> 
     </span>
    </p>
   </div>
   <div class='ocr_carea' id='block_1_85' title="bbox 1888 3959 3461 4027">
    <p class='ocr_par' dir='ltr' id='par_1_85' title="bbox 1888 3959 3461 4027">
     <span class='ocr_line' id='line_1_85' title="bbox 1888 3959 3461 4027; baseline 0.002 -16"><span class='ocrx_word' id='word_1_554' title='bbox 1888 3974 1981 4012; x_wconf 88' lang='lat' dir='ltr'><strong>eos</strong></span> <span class='ocrx_word' id='word_1_555' title='bbox 2032 3959 2379 4013; x_wconf 88' lang='lat' dir='ltr'><strong>intentionem</strong></span> <span class='ocrx_word' id='word_1_556' title='bbox 2409 4001 2425 4026; x_wconf 95' lang='lat'><strong>,</strong></span> <span class='ocrx_word' id='word_1_557' title='bbox 2472 3974 2591 4027; x_wconf 68' lang='lat' dir='ltr'><strong>qua:</strong></span> <span class='ocrx_word' id='word_1_558' title='bbox 2639 3961 2946 4015; x_wconf 78' lang='lat' dir='ltr'><strong>vertebatur</strong></span> <span class='ocrx_word' id='word_1_559' title='bbox 2974 4006 2987 4025; x_wconf 86' lang='lat'><strong>,</strong></span> <span class='ocrx_word' id='word_1_560' title='bbox 3035 3975 3461 4027; x_wconf 87' lang='lat' dir='ltr'><strong>agnosceremus.</strong></span> 
     </span>
    </p>
   </div>
   <div class='ocr_carea' id='block_1_86' title="bbox 1895 4050 3464 4123">
    <p class='ocr_par' dir='ltr' id='par_1_86' title="bbox 1895 4050 3464 4123">
     <span class='ocr_line' id='line_1_86' title="bbox 1895 4050 3464 4123; baseline 0.001 -19"><span class='ocrx_word' id='word_1_561' title='bbox 1895 4050 2190 4105; x_wconf 71' lang='lat' dir='ltr'><strong>Prmdictus</strong></span> <span class='ocrx_word' id='word_1_562' title='bbox 2220 4051 2500 4122; x_wconf 87' lang='lat' dir='ltr'><strong>episcopus</strong></span> <span class='ocrx_word' id='word_1_563' title='bbox 2535 4052 2794 4123; x_wconf 83' lang='lat' dir='ltr'><strong>synodum</strong></span> <span class='ocrx_word' id='word_1_564' title='bbox 2824 4050 3313 4106; x_wconf 87' lang='lat' dir='ltr'><strong>Chalcedonensem</strong></span> <span class='ocrx_word' id='word_1_565' title='bbox 3344 4066 3464 4121; x_wconf 88' lang='lat' dir='ltr'><strong>pro-</strong></span> 
     </span>
    </p>
   </div>
   <div class='ocr_carea' id='block_1_87' title="bbox 1888 4143 3463 4215">
    <p class='ocr_par' dir='ltr' id='par_1_87' title="bbox 1888 4143 3463 4215">
     <span class='ocr_line' id='line_1_87' title="bbox 1888 4143 3463 4215; baseline 0.001 -18"><span class='ocrx_word' id='word_1_566' title='bbox 1888 4145 2006 4198; x_wconf 91' lang='lat' dir='ltr'><strong>tulit</strong></span> <span class='ocrx_word' id='word_1_567' title='bbox 2037 4161 2050 4197; x_wconf 87' lang='lat'><strong>:</strong></span> <span class='ocrx_word' id='word_1_568' title='bbox 2083 4144 2211 4214; x_wconf 88' lang='lat' dir='ltr'><strong>legit</strong></span> <span class='ocrx_word' id='word_1_569' title='bbox 2239 4154 2362 4199; x_wconf 89' lang='lat' dir='ltr'><strong>ante</strong></span> <span class='ocrx_word' id='word_1_570' title='bbox 2388 4158 2575 4199; x_wconf 88' lang='lat' dir='ltr'><strong>omnes</strong></span> <span class='ocrx_word' id='word_1_571' title='bbox 2620 4145 2797 4199; x_wconf 88' lang='lat' dir='ltr'><strong>omnia</strong></span> <span class='ocrx_word' id='word_1_572' title='bbox 2844 4160 2962 4215; x_wconf 63' lang='lat' dir='ltr'><strong>quae</strong></span> <span class='ocrx_word' id='word_1_573' title='bbox 3008 4154 3132 4199; x_wconf 87' lang='lat' dir='ltr'><strong>sunt</strong></span> <span class='ocrx_word' id='word_1_574' title='bbox 3178 4144 3230 4199; x_wconf 90' lang='lat' dir='ltr'><strong>in</strong></span> <span class='ocrx_word' id='word_1_575' title='bbox 3276 4143 3463 4199; x_wconf 86' lang='lat' dir='ltr'><strong>eodem</strong></span> 
     </span>
    </p>
   </div>
   <div class='ocr_carea' id='block_1_88' title="bbox 1885 4235 3464 4299">
    <p class='ocr_par' dir='ltr' id='par_1_88' title="bbox 1885 4235 3464 4299">
     <span class='ocr_line' id='line_1_88' title="bbox 1885 4235 3464 4299; baseline 0.001 -9"><span class='ocrx_word' id='word_1_576' title='bbox 1885 4237 2111 4291; x_wconf 69' lang='lat' dir='ltr'><strong>concilio</strong></span> <span class='ocrx_word' id='word_1_577' title='bbox 2141 4238 2427 4290; x_wconf 87' lang='lat' dir='ltr'><strong>constituta</strong></span> <span class='ocrx_word' id='word_1_578' title='bbox 2451 4278 2464 4299; x_wconf 90' lang='lat'><strong>,</strong></span> <span class='ocrx_word' id='word_1_579' title='bbox 2495 4236 2684 4292; x_wconf 87' lang='lat' dir='ltr'><strong>dicens</strong></span> <span class='ocrx_word' id='word_1_580' title='bbox 2717 4253 2733 4291; x_wconf 89' lang='lat'>:</span> <span class='ocrx_word' id='word_1_581' title='bbox 2775 4236 2974 4290; x_wconf 74' lang='lat' dir='ltr'><strong>Prmter</strong></span> <span class='ocrx_word' id='word_1_582' title='bbox 3019 4236 3116 4290; x_wconf 88' lang='lat' dir='ltr'><strong>ista</strong></span> <span class='ocrx_word' id='word_1_583' title='bbox 3162 4235 3289 4289; x_wconf 89' lang='lat' dir='ltr'><strong>nihil</strong></span> <span class='ocrx_word' id='word_1_584' title='bbox 3337 4235 3464 4291; x_wconf 85' lang='lat' dir='ltr'><strong>mihi</strong></span> 
     </span>
    </p>
   </div>
   <div class='ocr_carea' id='block_1_89' title="bbox 1884 4325 3464 4396">
    <p class='ocr_par' dir='ltr' id='par_1_89' title="bbox 1884 4325 3464 4396">
     <span class='ocr_line' id='line_1_89' title="bbox 1884 4325 3464 4396; baseline -0.003 -15"><span class='ocrx_word' id='word_1_585' title='bbox 1884 4327 2029 4381; x_wconf 87' lang='lat' dir='ltr'><strong>aliud</strong></span> <span class='ocrx_word' id='word_1_586' title='bbox 2069 4326 2298 4383; x_wconf 88' lang='lat' dir='ltr'><strong>dicatur.</strong></span> <span class='ocrx_word' id='word_1_587' title='bbox 2328 4328 2428 4395; x_wconf 79' lang='lat' dir='ltr'><strong>Qui</strong></span> <span class='ocrx_word' id='word_1_588' title='bbox 2456 4328 2697 4396; x_wconf 90' lang='lat' dir='ltr'><strong>sequitur</strong></span> <span class='ocrx_word' id='word_1_589' title='bbox 2723 4327 2823 4381; x_wconf 84' lang='lat' dir='ltr'><strong>ista</strong></span> <span class='ocrx_word' id='word_1_590' title='bbox 2863 4336 3040 4392; x_wconf 88' lang='lat' dir='ltr'><strong>potest</strong></span> <span class='ocrx_word' id='word_1_591' title='bbox 3076 4327 3214 4379; x_wconf 89' lang='lat' dir='ltr'><strong>inter</strong></span> <span class='ocrx_word' id='word_1_592' title='bbox 3240 4325 3464 4380; x_wconf 90' lang='lat' dir='ltr'><strong>catholi-</strong></span> 
     </span>
    </p>
   </div>
   <div class='ocr_carea' id='block_1_90' title="bbox 1884 4415 3465 4485">
    <p class='ocr_par' dir='ltr' id='par_1_90' title="bbox 1884 4415 3465 4485">
     <span class='ocr_line' id='line_1_90' title="bbox 1884 4415 3465 4485; baseline -0.001 -12"><span class='ocrx_word' id='word_1_593' title='bbox 1884 4433 1977 4473; x_wconf 88' lang='lat' dir='ltr'><strong>cos</strong></span> <span class='ocrx_word' id='word_1_594' title='bbox 2033 4433 2170 4473; x_wconf 82' lang='lat' dir='ltr'><strong>esse.</strong></span> <span class='ocrx_word' id='word_1_595' title='bbox 2224 4418 2410 4472; x_wconf 67' lang='lat' dir='ltr'><strong>Victor</strong></span> <span class='ocrx_word' id='word_1_596' title='bbox 2459 4417 2786 4485; x_wconf 89' lang='lat' dir='ltr'><strong>respondit:</strong></span> <span class='ocrx_word' id='word_1_597' title='bbox 2825 4417 3069 4485; x_wconf 81' lang='lat' dir='ltr'><strong>Suscipio</strong></span> <span class='ocrx_word' id='word_1_598' title='bbox 3116 4415 3363 4470; x_wconf 88' lang='lat' dir='ltr'><strong>similiter</strong></span> <span class='ocrx_word' id='word_1_599' title='bbox 3412 4426 3465 4471; x_wconf 91' lang='lat' dir='ltr'><strong>et</strong></span> 
     </span>
    </p>
   </div>
   <div class='ocr_carea' id='block_1_91' title="bbox 1885 4506 3463 4580">
    <p class='ocr_par' dir='ltr' id='par_1_91' title="bbox 1885 4506 3463 4580">
     <span class='ocr_line' id='line_1_91' title="bbox 1885 4506 3463 4580; baseline -0.002 -15"><span class='ocrx_word' id='word_1_600' title='bbox 1885 4511 2135 4576; x_wconf 85' lang='lat' dir='ltr'><strong>epistolas</strong></span> <span class='ocrx_word' id='word_1_601' title='bbox 2154 4525 2302 4580; x_wconf 71' lang='lat' dir='ltr'><strong>papae</strong></span> <span class='ocrx_word' id='word_1_602' title='bbox 2330 4511 2539 4576; x_wconf 81' lang='lat' dir='ltr'><strong>Leonis,</strong></span> <span class='ocrx_word' id='word_1_603' title='bbox 2554 4520 2607 4564; x_wconf 90' lang='lat' dir='ltr'><strong>et</strong></span> <span class='ocrx_word' id='word_1_604' title='bbox 2629 4511 2795 4565; x_wconf 70' lang='lat' dir='ltr'><strong>sancti</strong></span> <span class='ocrx_word' id='word_1_605' title='bbox 2818 4508 3001 4579; x_wconf 85' lang='lat' dir='ltr'><strong>Cyrilli</strong></span> <span class='ocrx_word' id='word_1_606' title='bbox 3030 4506 3279 4577; x_wconf 73' lang='lat' dir='ltr'><strong>epistolas</strong></span> <span class='ocrx_word' id='word_1_607' title='bbox 3305 4523 3463 4580; x_wconf 83' lang='lat' dir='ltr'><strong>syno-</strong></span> 
     </span>
    </p>
   </div>
   <div class='ocr_carea' id='block_1_92' title="bbox 1885 4599 3458 4670">
    <p class='ocr_par' dir='ltr' id='par_1_92' title="bbox 1885 4599 3458 4670">
     <span class='ocr_line' id='line_1_92' title="bbox 1885 4599 3458 4670; baseline -0.003 -14"><span class='ocrx_word' id='word_1_608' title='bbox 1885 4602 2053 4668; x_wconf 90' lang='lat' dir='ltr'><strong>dales,</strong></span> <span class='ocrx_word' id='word_1_609' title='bbox 2081 4618 2198 4670; x_wconf 72' lang='lat' dir='ltr'><strong>qua:</strong></span> <span class='ocrx_word' id='word_1_610' title='bbox 2232 4612 2356 4656; x_wconf 84' lang='lat' dir='ltr'><strong>sunt</strong></span> <span class='ocrx_word' id='word_1_611' title='bbox 2382 4601 2435 4657; x_wconf 87' lang='lat' dir='ltr'><strong>in</strong></span> <span class='ocrx_word' id='word_1_612' title='bbox 2462 4600 2888 4656; x_wconf 82' lang='lat' dir='ltr'><strong>Chalcedonensi</strong></span> <span class='ocrx_word' id='word_1_613' title='bbox 2918 4600 3147 4655; x_wconf 89' lang='lat' dir='ltr'><strong>concilio</strong></span> <span class='ocrx_word' id='word_1_614' title='bbox 3177 4599 3417 4669; x_wconf 77' lang='lat' dir='ltr'><strong>allegatte</strong></span> <span class='ocrx_word' id='word_1_615' title='bbox 3446 4618 3458 4652; x_wconf 88' lang='lat'>:</span> 
     </span>
    </p>
   </div>
   <div class='ocr_carea' id='block_1_93' title="bbox 198 4666 3464 4786">
    <p class='ocr_par' dir='ltr' id='par_1_93' title="bbox 198 4666 3464 4786">
     <span class='ocr_line' id='line_1_93' title="bbox 198 4666 3464 4786; baseline -0.001 -40"><span class='ocrx_word' id='word_1_616' title='bbox 198 4714 421 4786; x_wconf 47' lang='lat' dir='ltr'><strong>sq,“</strong></span> <span class='ocrx_word' id='word_1_617' title='bbox 446 4715 721 4770; x_wconf 57' lang='lat' dir='ltr'><strong>ml,“</strong></span> <span class='ocrx_word' id='word_1_618' title='bbox 746 4725 863 4769; x_wconf 60' lang='grc' dir='ltr'><strong>Μ</strong></span> <span class='ocrx_word' id='word_1_619' title='bbox 887 4718 1164 4784; x_wconf 49' lang='lat' dir='ltr'><strong>(Momm</strong></span> <span class='ocrx_word' id='word_1_620' title='bbox 1189 4715 1461 4770; x_wconf 55' lang='lat' dir='ltr'><strong><em>mem”,</em></strong></span> <span class='ocrx_word' id='word_1_621' title='bbox 1492 4712 1653 4769; x_wconf 63' lang='grc' dir='ltr'><strong>ηοω</strong></span> <span class='ocrx_word' id='word_1_622' title='bbox 1678 4730 1781 4770; x_wconf 47' lang='lat' dir='ltr'><strong>non</strong></span> <span class='ocrx_word' id='word_1_623' title='bbox 1807 4666 1867 4726; x_wconf 65' lang='lat' dir='ltr'><strong><em>D</em></strong></span> <span class='ocrx_word' id='word_1_624' title='bbox 1885 4705 1939 4751; x_wconf 83' lang='lat' dir='ltr'><strong>et</strong></span> <span class='ocrx_word' id='word_1_625' title='bbox 1963 4666 2123 4749; x_wconf 82' lang='lat' dir='ltr'><strong>manu</strong></span> <span class='ocrx_word' id='word_1_626' title='bbox 2153 4694 2430 4749; x_wconf 82' lang='lat' dir='ltr'><strong>subscribo</strong></span> <span class='ocrx_word' id='word_1_627' title='bbox 2448 4734 2462 4759; x_wconf 94' lang='lat'><strong>,</strong></span> <span class='ocrx_word' id='word_1_628' title='bbox 2497 4702 2551 4746; x_wconf 88' lang='lat' dir='ltr'><strong>et</strong></span> <span class='ocrx_word' id='word_1_629' title='bbox 2586 4694 2933 4748; x_wconf 83' lang='lat' dir='ltr'><strong>sacramentis</strong></span> <span class='ocrx_word' id='word_1_630' title='bbox 2962 4691 3220 4747; x_wconf 83' lang='lat' dir='ltr'><strong>conﬁrmo</strong></span> <span class='ocrx_word' id='word_1_631' title='bbox 3249 4666 3347 4745; x_wconf 74' lang='lat' dir='ltr'><strong>ista</strong></span> <span class='ocrx_word' id='word_1_632' title='bbox 3376 4706 3464 4786; x_wconf 80' lang='lat' dir='ltr'><strong>me</strong></span> 
     </span>
    </p>
   </div>
   <div class='ocr_carea' id='block_1_94' title="bbox 838 4787 1163 4845">
    <p class='ocr_par' dir='ltr' id='par_1_94' title="bbox 838 4787 1163 4845">
     <span class='ocr_line' id='line_1_94' title="bbox 838 4787 1163 4845; baseline 0 -5"><span class='ocrx_word' id='word_1_633' title='bbox 838 4787 1163 4845; x_wconf 67' lang='lat' dir='ltr'><strong>discessuros.</strong></span> 
     </span>
    </p>
   </div>
   <div class='ocr_carea' id='block_1_95' title="bbox 262 4877 1111 4940">
    <p class='ocr_par' dir='ltr' id='par_1_95' title="bbox 262 4877 1111 4940">
     <span class='ocr_line' id='line_1_95' title="bbox 262 4877 1111 4940; baseline 0 -8"><span class='ocrx_word' id='word_1_634' title='bbox 262 4878 555 4940; x_wconf 72' lang='lat' dir='ltr'><strong>Horruisda</strong></span> <span class='ocrx_word' id='word_1_635' title='bbox 580 4877 877 4937; x_wconf 79' lang='lat' dir='ltr'><strong>Justiniano</strong></span> <span class='ocrx_word' id='word_1_636' title='bbox 899 4879 1111 4937; x_wconf 78' lang='lat' dir='ltr'><strong>illustri.</strong></span> 
     </span>
    </p>
   </div>
   <div class='ocr_carea' id='block_1_96' title="bbox 262 4970 1779 5042">
    <p class='ocr_par' dir='ltr' id='par_1_96' title="bbox 262 4970 1779 5042">
     <span class='ocr_line' id='line_1_96' title="bbox 262 4970 1779 5042; baseline 0.001 -15"><span class='ocrx_word' id='word_1_637' title='bbox 262 4973 500 5042; x_wconf 80' lang='lat' dir='ltr'><strong>Eulngio</strong></span> <span class='ocrx_word' id='word_1_638' title='bbox 524 4974 640 5029; x_wconf 88' lang='lat' dir='ltr'><strong>viro</strong></span> <span class='ocrx_word' id='word_1_639' title='bbox 662 4972 961 5032; x_wconf 76' lang='lat' dir='ltr'><strong>clarissimo</strong></span> <span class='ocrx_word' id='word_1_640' title='bbox 990 4972 1098 5028; x_wconf 87' lang='lat' dir='ltr'><strong>ﬁlio</strong></span> <span class='ocrx_word' id='word_1_641' title='bbox 1118 4980 1302 5029; x_wconf 84' lang='lat' dir='ltr'><strong>nostro</strong></span> <span class='ocrx_word' id='word_1_642' title='bbox 1321 4970 1615 5039; x_wconf 75' lang='lat' dir='ltr'><strong>deferente,</strong></span> <span class='ocrx_word' id='word_1_643' title='bbox 1640 4970 1779 5029; x_wconf 85' lang='lat' dir='ltr'><strong>litte-</strong></span> 
     </span>
    </p>
   </div>
   <div class='ocr_carea' id='block_1_97' title="bbox 192 5066 1776 5135">
    <p class='ocr_par' dir='ltr' id='par_1_97' title="bbox 192 5066 1776 5135">
     <span class='ocr_line' id='line_1_97' title="bbox 192 5066 1776 5135; baseline -0.004 -10"><span class='ocrx_word' id='word_1_644' title='bbox 192 5080 281 5125; x_wconf 75' lang='lat' dir='ltr'><strong>ras</strong></span> <span class='ocrx_word' id='word_1_645' title='bbox 304 5066 651 5125; x_wconf 74' lang='lat' dir='ltr'><strong>celsitudinis</strong></span> <span class='ocrx_word' id='word_1_646' title='bbox 681 5074 870 5121; x_wconf 68' lang='lat' dir='ltr'><strong>vestrae</strong></span> <span class='ocrx_word' id='word_1_647' title='bbox 899 5066 1261 5135; x_wconf 73' lang='lat' dir='ltr'><strong>suscepimus,</strong></span> <span class='ocrx_word' id='word_1_648' title='bbox 1289 5079 1459 5134; x_wconf 86' lang='lat' dir='ltr'><strong>eoque</strong></span> <span class='ocrx_word' id='word_1_649' title='bbox 1485 5072 1776 5131; x_wconf 84' lang='lat' dir='ltr'><strong>remeante,</strong></span> 
     </span>
    </p>
   </div>
   <div class='ocr_carea' id='block_1_98' title="bbox 190 5153 1780 5225">
    <p class='ocr_par' dir='ltr' id='par_1_98' title="bbox 190 5153 1780 5225">
     <span class='ocr_line' id='line_1_98' title="bbox 190 5153 1780 5225; baseline -0.003 -15"><span class='ocrx_word' id='word_1_650' title='bbox 190 5156 434 5218; x_wconf 68' lang='lat' dir='ltr'><strong>ddiitusn</strong></span> <span class='ocrx_word' id='word_1_651' title='bbox 462 5156 825 5225; x_wconf 80' lang='lat' dir='ltr'><strong>persolventes</strong></span> <span class='ocrx_word' id='word_1_652' title='bbox 856 5153 1189 5210; x_wconf 83' lang='lat' dir='ltr'><strong>salutationis</strong></span> <span class='ocrx_word' id='word_1_653' title='bbox 1218 5154 1480 5222; x_wconf 78' lang='lat' dir='ltr'><strong>ofﬁcium,</strong></span> <span class='ocrx_word' id='word_1_654' title='bbox 1511 5153 1780 5225; x_wconf 73' lang='lat' dir='ltr'><strong>signiﬁca-</strong></span> 
     </span>
    </p>
   </div>
   <div class='ocr_carea' id='block_1_99' title="bbox 190 5246 1778 5319">
    <p class='ocr_par' dir='ltr' id='par_1_99' title="bbox 190 5246 1778 5319">
     <span class='ocr_line' id='line_1_99' title="bbox 190 5246 1778 5319; baseline 0 -18"><span class='ocrx_word' id='word_1_655' title='bbox 190 5264 310 5304; x_wconf 83' lang='lat' dir='ltr'><strong>mus</strong></span> <span class='ocrx_word' id='word_1_656' title='bbox 356 5248 598 5319; x_wconf 73' lang='lat' dir='ltr'><strong>Scythas</strong></span> <span class='ocrx_word' id='word_1_657' title='bbox 627 5247 920 5307; x_wconf 81' lang='lat' dir='ltr'><strong>monachos</strong></span> <span class='ocrx_word' id='word_1_658' title='bbox 960 5247 1218 5317; x_wconf 85' lang='lat' dir='ltr'><strong>allegasse</strong></span> <span class='ocrx_word' id='word_1_659' title='bbox 1261 5246 1489 5315; x_wconf 84' lang='lat' dir='ltr'><strong>plurima</strong></span> <span class='ocrx_word' id='word_1_660' title='bbox 1530 5261 1649 5315; x_wconf 71' lang='lat' dir='ltr'><strong>qtae</strong></span> <span class='ocrx_word' id='word_1_661' title='bbox 1680 5260 1778 5301; x_wconf 90' lang='lat' dir='ltr'><strong>nos</strong></span> 
     </span>
    </p>
   </div>
   <div class='ocr_carea' id='block_1_100' title="bbox 189 5337 1774 5409">
    <p class='ocr_par' dir='ltr' id='par_1_100' title="bbox 189 5337 1774 5409">
     <span class='ocr_line' id='line_1_100' title="bbox 189 5337 1774 5409; baseline -0.001 -16"><span class='ocrx_word' id='word_1_662' title='bbox 189 5340 505 5409; x_wconf 74' lang='lat' dir='ltr'><strong>relinquere</strong></span> <span class='ocrx_word' id='word_1_663' title='bbox 533 5339 828 5397; x_wconf 77' lang='lat' dir='ltr'><strong>indiscussa</strong></span> <span class='ocrx_word' id='word_1_664' title='bbox 861 5354 965 5395; x_wconf 85' lang='lat' dir='ltr'><strong>non</strong></span> <span class='ocrx_word' id='word_1_665' title='bbox 999 5354 1277 5407; x_wconf 82' lang='lat' dir='ltr'><strong>possumus</strong></span> <span class='ocrx_word' id='word_1_666' title='bbox 1309 5356 1319 5392; x_wconf 94' lang='lat'>:</span> <span class='ocrx_word' id='word_1_667' title='bbox 1351 5337 1447 5395; x_wconf 83' lang='lat' dir='ltr'><strong>sed</strong></span> <span class='ocrx_word' id='word_1_668' title='bbox 1484 5338 1774 5409; x_wconf 82' lang='lat' dir='ltr'><strong>legatorum</strong></span> 
     </span>
    </p>
   </div>
   <div class='ocr_carea' id='block_1_101' title="bbox 187 5432 1777 5503">
    <p class='ocr_par' dir='ltr' id='par_1_101' title="bbox 187 5432 1777 5503">
     <span class='ocr_line' id='line_1_101' title="bbox 187 5432 1777 5503; baseline 0.001 -16"><span class='ocrx_word' id='word_1_669' title='bbox 187 5444 509 5491; x_wconf 77' lang='lat' dir='ltr'><strong>nostrorum</strong></span> <span class='ocrx_word' id='word_1_670' title='bbox 538 5432 653 5489; x_wconf 78' lang='lat' dir='ltr'><strong>Deo</strong></span> <span class='ocrx_word' id='word_1_671' title='bbox 676 5432 898 5501; x_wconf 64' lang='lat' dir='ltr'><strong>iuvante</strong></span> <span class='ocrx_word' id='word_1_672' title='bbox 943 5432 1254 5489; x_wconf 73' lang='lat' dir='ltr'><strong>testinemus</strong></span> <span class='ocrx_word' id='word_1_673' title='bbox 1300 5432 1586 5495; x_wconf 77' lang='lat' dir='ltr'><strong>adventum</strong></span> <span class='ocrx_word' id='word_1_674' title='bbox 1631 5448 1644 5486; x_wconf 91' lang='lat'><strong>:</strong></span> <span class='ocrx_word' id='word_1_675' title='bbox 1680 5446 1777 5503; x_wconf 88' lang='lat' dir='ltr'><strong>pro</strong></span> 
     </span>
    </p>
   </div>
   <div class='ocr_carea' id='block_1_102' title="bbox 185 5521 1789 5593">
    <p class='ocr_par' dir='ltr' id='par_1_102' title="bbox 185 5521 1789 5593">
     <span class='ocr_line' id='line_1_102' title="bbox 185 5521 1789 5593; baseline 0 -16"><span class='ocrx_word' id='word_1_676' title='bbox 185 5538 291 5593; x_wconf 83' lang='lat' dir='ltr'><strong>qua</strong></span> <span class='ocrx_word' id='word_1_677' title='bbox 323 5539 393 5579; x_wconf 83' lang='lat' dir='ltr'><strong>re</strong></span> <span class='ocrx_word' id='word_1_678' title='bbox 422 5537 519 5585; x_wconf 74' lang='lat' dir='ltr'><strong>eos</strong></span> <span class='ocrx_word' id='word_1_679' title='bbox 554 5522 607 5578; x_wconf 85' lang='lat' dir='ltr'><strong>in</strong></span> <span class='ocrx_word' id='word_1_680' title='bbox 642 5521 785 5583; x_wconf 85' lang='lat' dir='ltr'><strong>.Urbe</strong></span> <span class='ocrx_word' id='word_1_681' title='bbox 810 5521 1081 5579; x_wconf 61' lang='lat' dir='ltr'><strong>dedimus</strong></span> <span class='ocrx_word' id='word_1_682' title='bbox 1110 5521 1415 5583; x_wconf 86' lang='lat' dir='ltr'><strong>retinendos</strong></span> <span class='ocrx_word' id='word_1_683' title='bbox 1440 5563 1455 5588; x_wconf 87' lang='lat'><strong>,</strong></span> <span class='ocrx_word' id='word_1_684' title='bbox 1488 5537 1516 5577; x_wconf 85' lang='lat' dir='ltr'><strong>a</strong></span> <span class='ocrx_word' id='word_1_685' title='bbox 1548 5536 1649 5593; x_wconf 89' lang='lat' dir='ltr'><strong>qua</strong></span> <span class='ocrx_word' id='word_1_686' title='bbox 1678 5528 1789 5581; x_wconf 83' lang='lat' dir='ltr'><strong>nec</strong></span> 
     </span>
    </p>
   </div>
   <div class='ocr_carea' id='block_1_103' title="bbox 184 5615 1777 5685">
    <p class='ocr_par' dir='ltr' id='par_1_103' title="bbox 184 5615 1777 5685">
     <span class='ocr_line' id='line_1_103' title="bbox 184 5615 1777 5685; baseline 0 -16"><span class='ocrx_word' id='word_1_687' title='bbox 184 5615 289 5685; x_wconf 84' lang='lat' dir='ltr'><strong>ipsi</strong></span> <span class='ocrx_word' id='word_1_688' title='bbox 323 5615 670 5679; x_wconf 76' lang='lat' dir='ltr'><strong>ordinatione</strong></span> <span class='ocrx_word' id='word_1_689' title='bbox 703 5615 1049 5675; x_wconf 72' lang='lat' dir='ltr'><strong>dissentiunt.</strong></span> <span class='ocrx_word' id='word_1_690' title='bbox 1100 5616 1516 5685; x_wconf 79' lang='lat' dir='ltr'><strong>Atnplitudinem</strong></span> <span class='ocrx_word' id='word_1_691' title='bbox 1546 5624 1777 5675; x_wconf 86' lang='lat' dir='ltr'><strong>vestram</strong></span> 
     </span>
    </p>
   </div>
   <div class='ocr_carea' id='block_1_104' title="bbox 186 5707 1777 5780">
    <p class='ocr_par' dir='ltr' id='par_1_104' title="bbox 186 5707 1777 5780">
     <span class='ocr_line' id='line_1_104' title="bbox 186 5707 1777 5780; baseline 0.003 -19"><span class='ocrx_word' id='word_1_692' title='bbox 186 5718 377 5767; x_wconf 73' lang='lat' dir='ltr'><strong>tamen</strong></span> <span class='ocrx_word' id='word_1_693' title='bbox 419 5708 649 5767; x_wconf 63' lang='lat' dir='ltr'><strong>retinere</strong></span> <span class='ocrx_word' id='word_1_694' title='bbox 673 5707 1003 5772; x_wconf 82' lang='lat' dir='ltr'><strong>conﬁdimus,</strong></span> <span class='ocrx_word' id='word_1_695' title='bbox 1038 5708 1175 5775; x_wconf 83' lang='lat' dir='ltr'><strong>quod</strong></span> <span class='ocrx_word' id='word_1_696' title='bbox 1204 5708 1269 5769; x_wconf 83' lang='lat' dir='ltr'><strong>de</strong></span> <span class='ocrx_word' id='word_1_697' title='bbox 1298 5708 1427 5777; x_wconf 81' lang='lat' dir='ltr'><strong>ipsis</strong></span> <span class='ocrx_word' id='word_1_698' title='bbox 1458 5708 1611 5765; x_wconf 81' lang='lat' dir='ltr'><strong>nobis</strong></span> <span class='ocrx_word' id='word_1_699' title='bbox 1638 5724 1777 5780; x_wconf 73' lang='lat' dir='ltr'><strong>pra:-</strong></span> 
     </span>
    </p>
   </div>
   <div class='ocr_carea' id='block_1_105' title="bbox 184 5796 1780 5871">
    <p class='ocr_par' dir='ltr' id='par_1_105' title="bbox 184 5796 1780 5871">
     <span class='ocr_line' id='line_1_105' title="bbox 184 5796 1780 5871; baseline -0.004 -16"><span class='ocrx_word' id='word_1_700' title='bbox 184 5800 349 5855; x_wconf 73' lang='grc' dir='ltr'><strong>ιθτὶιο</strong></span> <span class='ocrx_word' id='word_1_701' title='bbox 385 5807 634 5871; x_wconf 81' lang='lat' dir='ltr'><strong>tetupore</strong></span> <span class='ocrx_word' id='word_1_702' title='bbox 662 5799 856 5859; x_wconf 78' lang='lat' dir='ltr'><strong>litteris</strong></span> <span class='ocrx_word' id='word_1_703' title='bbox 884 5796 1160 5859; x_wconf 70' lang='lat' dir='ltr'><strong>dealinatis</strong></span> <span class='ocrx_word' id='word_1_704' title='bbox 1188 5800 1520 5869; x_wconf 78' lang='lat' dir='ltr'><strong>scripserint.</strong></span> <span class='ocrx_word' id='word_1_705' title='bbox 1563 5799 1620 5856; x_wconf 90' lang='lat' dir='ltr'><strong>In</strong></span> <span class='ocrx_word' id='word_1_706' title='bbox 1650 5816 1780 5871; x_wconf 67' lang='lat' dir='ltr'><strong>quo.</strong></span> 
     </span>
    </p>
   </div>
   <div class='ocr_carea' id='block_1_106' title="bbox 257 5909 1495 5984">
    <p class='ocr_par' dir='ltr' id='par_1_106' title="bbox 257 5909 1495 5984">
     <span class='ocr_line' id='line_1_106' title="bbox 257 5909 1495 5984; baseline 0.002 -19"><span class='ocrx_word' id='word_1_707' title='bbox 257 5910 346 5984; x_wconf 65' lang='lat' dir='ltr'><strong>(at</strong></span> <span class='ocrx_word' id='word_1_708' title='bbox 384 5910 459 5970; x_wconf 77' lang='grc' dir='ltr'><strong>γ.</strong></span> <span class='ocrx_word' id='word_1_709' title='bbox 490 5909 552 5970; x_wconf 87' lang='lat' dir='ltr'><strong>C.</strong></span> <span class='ocrx_word' id='word_1_710' title='bbox 578 5912 656 5969; x_wconf 80' lang='lat' dir='ltr'><strong>ita</strong></span> <span class='ocrx_word' id='word_1_711' title='bbox 684 5912 810 5970; x_wconf 63' lang='lat' dir='ltr'><strong>lavit</strong></span> <span class='ocrx_word' id='word_1_712' title='bbox 835 5911 1089 5973; x_wconf 66' lang='lat' dir='ltr'><strong>Collectis</strong></span> <span class='ocrx_word' id='word_1_713' title='bbox 1115 5912 1364 5971; x_wconf 71' lang='lat' dir='ltr'><strong>Avellaaa</strong></span> <span class='ocrx_word' id='word_1_714' title='bbox 1394 5927 1495 5970; x_wconf 79' lang='lat' dir='ltr'><strong>ms.</strong></span> 
     </span>
    </p>
   </div>
   <div class='ocr_carea' id='block_1_107' title="bbox 1885 4784 3462 4857">
    <p class='ocr_par' dir='ltr' id='par_1_107' title="bbox 1885 4784 3462 4857">
     <span class='ocr_line' id='line_1_107' title="bbox 1885 4784 3462 4857; baseline -0.003 -12"><span class='ocrx_word' id='word_1_715' title='bbox 1885 4790 2157 4857; x_wconf 85' lang='lat' dir='ltr'><strong>suscipere</strong></span> <span class='ocrx_word' id='word_1_716' title='bbox 2181 4830 2197 4855; x_wconf 94' lang='lat'><strong>,</strong></span> <span class='ocrx_word' id='word_1_717' title='bbox 2227 4798 2278 4842; x_wconf 87' lang='lat' dir='ltr'><strong>et</strong></span> <span class='ocrx_word' id='word_1_718' title='bbox 2303 4796 2497 4856; x_wconf 60' lang='lat' dir='ltr'><strong>praeter</strong></span> <span class='ocrx_word' id='word_1_719' title='bbox 2530 4786 2628 4840; x_wconf 88' lang='lat' dir='ltr'><strong>ista</strong></span> <span class='ocrx_word' id='word_1_720' title='bbox 2656 4784 2785 4840; x_wconf 83' lang='lat' dir='ltr'><strong>nihil</strong></span> <span class='ocrx_word' id='word_1_721' title='bbox 2815 4785 2956 4840; x_wconf 83' lang='lat' dir='ltr'><strong>aliud</strong></span> <span class='ocrx_word' id='word_1_722' title='bbox 2995 4786 3283 4855; x_wconf 65' lang='lat' dir='ltr'><strong>praedicare</strong></span> <span class='ocrx_word' id='word_1_723' title='bbox 3315 4802 3329 4837; x_wconf 89' lang='lat'>:</span> <span class='ocrx_word' id='word_1_724' title='bbox 3362 4784 3462 4841; x_wconf 83' lang='lat' dir='ltr'><strong>etsi</strong></span> 
     </span>
    </p>
   </div>
   <div class='ocr_carea' id='block_1_108' title="bbox 1886 4876 3457 4950">
    <p class='ocr_par' dir='ltr' id='par_1_108' title="bbox 1886 4876 3457 4950">
     <span class='ocr_line' id='line_1_108' title="bbox 1886 4876 3457 4950; baseline -0.004 -13"><span class='ocrx_word' id='word_1_725' title='bbox 1886 4884 2137 4937; x_wconf 83' lang='lat' dir='ltr'><strong>inventus</strong></span> <span class='ocrx_word' id='word_1_726' title='bbox 2168 4881 2320 4944; x_wconf 80' lang='lat' dir='ltr'><strong>fuero</strong></span> <span class='ocrx_word' id='word_1_727' title='bbox 2347 4880 2631 4950; x_wconf 80' lang='lat' dir='ltr'><strong>aliquando</strong></span> <span class='ocrx_word' id='word_1_728' title='bbox 2659 4888 2809 4934; x_wconf 82' lang='lat' dir='ltr'><strong>extra</strong></span> <span class='ocrx_word' id='word_1_729' title='bbox 2840 4880 2938 4932; x_wconf 86' lang='lat' dir='ltr'><strong>ista</strong></span> <span class='ocrx_word' id='word_1_730' title='bbox 2970 4877 3112 4933; x_wconf 84' lang='lat' dir='ltr'><strong>aiiud</strong></span> <span class='ocrx_word' id='word_1_731' title='bbox 3142 4876 3457 4945; x_wconf 59' lang='lat' dir='ltr'><strong>praedicans,</strong></span> 
     </span>
    </p>
   </div>
   <div class='ocr_carea' id='block_1_109' title="bbox 1886 4969 3462 5041">
    <p class='ocr_par' dir='ltr' id='par_1_109' title="bbox 1886 4969 3462 5041">
     <span class='ocr_line' id='line_1_109' title="bbox 1886 4969 3462 5041; baseline -0.004 -13"><span class='ocrx_word' id='word_1_732' title='bbox 1886 4974 2083 5028; x_wconf 76' lang='lat' dir='ltr'><strong>nullam</strong></span> <span class='ocrx_word' id='word_1_733' title='bbox 2114 4974 2253 5027; x_wconf 80' lang='lat' dir='ltr'><strong>circa</strong></span> <span class='ocrx_word' id='word_1_734' title='bbox 2287 4986 2373 5026; x_wconf 86' lang='lat' dir='ltr'><strong>me</strong></span> <span class='ocrx_word' id='word_1_735' title='bbox 2398 4982 2522 5041; x_wconf 89' lang='lat' dir='ltr'><strong>peto</strong></span> <span class='ocrx_word' id='word_1_736' title='bbox 2555 4969 2999 5025; x_wconf 83' lang='lat' dir='ltr'><strong>misericordiam.</strong></span> <span class='ocrx_word' id='word_1_737' title='bbox 3031 4969 3245 5039; x_wconf 77' lang='lat' dir='ltr'><strong>Scythze</strong></span> <span class='ocrx_word' id='word_1_738' title='bbox 3273 4982 3304 5022; x_wconf 91' lang='lat' dir='ltr'><strong>e</strong></span> <span class='ocrx_word' id='word_1_739' title='bbox 3331 4982 3462 5021; x_wconf 79' lang='lat' dir='ltr'><strong>con-</strong></span> 
     </span>
    </p>
   </div>
   <div class='ocr_carea' id='block_1_110' title="bbox 1887 5059 3461 5119">
    <p class='ocr_par' dir='ltr' id='par_1_110' title="bbox 1887 5059 3461 5119">
     <span class='ocr_line' id='line_1_110' title="bbox 1887 5059 3461 5119; baseline -0.003 -2"><span class='ocrx_word' id='word_1_740' title='bbox 1887 5072 1965 5119; x_wconf 89' lang='lat' dir='ltr'><strong>tra</strong></span> <span class='ocrx_word' id='word_1_741' title='bbox 1996 5066 2383 5118; x_wconf 81' lang='lat' dir='ltr'><strong>inchoaveruut</strong></span> <span class='ocrx_word' id='word_1_742' title='bbox 2422 5063 2603 5118; x_wconf 86' lang='lat' dir='ltr'><strong>dicere</strong></span> <span class='ocrx_word' id='word_1_743' title='bbox 2634 5079 2647 5115; x_wconf 89' lang='lat'><strong>:</strong></span> <span class='ocrx_word' id='word_1_744' title='bbox 2684 5062 2918 5117; x_wconf 80' lang='lat' dir='ltr'><strong>Addatur</strong></span> <span class='ocrx_word' id='word_1_745' title='bbox 2944 5070 2998 5116; x_wconf 84' lang='lat' dir='ltr'><strong>et</strong></span> <span class='ocrx_word' id='word_1_746' title='bbox 3028 5077 3163 5117; x_wconf 90' lang='lat' dir='ltr'><strong>unus</strong></span> <span class='ocrx_word' id='word_1_747' title='bbox 3191 5061 3258 5115; x_wconf 90' lang='lat' dir='ltr'><strong>de</strong></span> <span class='ocrx_word' id='word_1_748' title='bbox 3283 5059 3461 5114; x_wconf 85' lang='lat' dir='ltr'><strong>Trini-</strong></span> 
     </span>
    </p>
   </div>
   <div class='ocr_carea' id='block_1_111' title="bbox 1887 5154 3463 5222">
    <p class='ocr_par' dir='ltr' id='par_1_111' title="bbox 1887 5154 3463 5222">
     <span class='ocr_line' id='line_1_111' title="bbox 1887 5154 3463 5222; baseline -0.003 -12"><span class='ocrx_word' id='word_1_749' title='bbox 1887 5165 2014 5214; x_wconf 88' lang='lat' dir='ltr'><strong>tate.</strong></span> <span class='ocrx_word' id='word_1_750' title='bbox 2044 5156 2150 5211; x_wconf 76' lang='lat' dir='ltr'><strong>Nos</strong></span> <span class='ocrx_word' id='word_1_751' title='bbox 2172 5172 2203 5210; x_wconf 91' lang='lat' dir='ltr'><strong>e</strong></span> <span class='ocrx_word' id='word_1_752' title='bbox 2222 5164 2400 5211; x_wconf 89' lang='lat' dir='ltr'><strong>contra</strong></span> <span class='ocrx_word' id='word_1_753' title='bbox 2428 5156 2657 5209; x_wconf 76' lang='lat' dir='ltr'><strong>diximus</strong></span> <span class='ocrx_word' id='word_1_754' title='bbox 2687 5173 2699 5207; x_wconf 88' lang='lat'><strong>:</strong></span> <span class='ocrx_word' id='word_1_755' title='bbox 2728 5154 2880 5222; x_wconf 81' lang='lat' dir='ltr'><strong>Quod</strong></span> <span class='ocrx_word' id='word_1_756' title='bbox 2911 5169 3015 5208; x_wconf 90' lang='lat' dir='ltr'><strong>non</strong></span> <span class='ocrx_word' id='word_1_757' title='bbox 3047 5162 3129 5208; x_wconf 87' lang='lat' dir='ltr'><strong>est</strong></span> <span class='ocrx_word' id='word_1_758' title='bbox 3156 5154 3207 5207; x_wconf 87' lang='lat' dir='ltr'><strong>in</strong></span> <span class='ocrx_word' id='word_1_759' title='bbox 3236 5161 3463 5222; x_wconf 89' lang='lat' dir='ltr'><strong>quatuor</strong></span> 
     </span>
    </p>
   </div>
   <div class='ocr_carea' id='block_1_112' title="bbox 1886 5243 3459 5315">
    <p class='ocr_par' dir='ltr' id='par_1_112' title="bbox 1886 5243 3459 5315">
     <span class='ocr_line' id='line_1_112' title="bbox 1886 5243 3459 5315; baseline -0.004 -14"><span class='ocrx_word' id='word_1_760' title='bbox 1886 5247 2126 5302; x_wconf 82' lang='lat' dir='ltr'><strong>conciliis</strong></span> <span class='ocrx_word' id='word_1_761' title='bbox 2156 5248 2430 5302; x_wconf 86' lang='lat' dir='ltr'><strong>deﬁnitum</strong></span> <span class='ocrx_word' id='word_1_762' title='bbox 2453 5288 2466 5311; x_wconf 93' lang='lat'><strong>,</strong></span> <span class='ocrx_word' id='word_1_763' title='bbox 2503 5261 2600 5301; x_wconf 89' lang='lat' dir='ltr'><strong>nec</strong></span> <span class='ocrx_word' id='word_1_764' title='bbox 2630 5248 2681 5301; x_wconf 89' lang='lat' dir='ltr'><strong>in</strong></span> <span class='ocrx_word' id='word_1_765' title='bbox 2713 5244 2950 5315; x_wconf 85' lang='lat' dir='ltr'><strong>epistolis</strong></span> <span class='ocrx_word' id='word_1_766' title='bbox 2980 5245 3117 5300; x_wconf 85' lang='lat' dir='ltr'><strong>beati</strong></span> <span class='ocrx_word' id='word_1_767' title='bbox 3148 5258 3296 5313; x_wconf 74' lang='lat' dir='ltr'><strong>papae</strong></span> <span class='ocrx_word' id='word_1_768' title='bbox 3326 5243 3459 5297; x_wconf 80' lang='lat' dir='ltr'><strong>Leo-</strong></span> 
     </span>
    </p>
   </div>
   <div class='ocr_carea' id='block_1_113' title="bbox 1885 5336 3457 5409">
    <p class='ocr_par' dir='ltr' id='par_1_113' title="bbox 1885 5336 3457 5409">
     <span class='ocr_line' id='line_1_113' title="bbox 1885 5336 3457 5409; baseline -0.004 -14"><span class='ocrx_word' id='word_1_769' title='bbox 1885 5342 1988 5403; x_wconf 89' lang='lat' dir='ltr'><strong>nis,</strong></span> <span class='ocrx_word' id='word_1_770' title='bbox 2020 5356 2116 5393; x_wconf 89' lang='lat' dir='ltr'><strong>nos</strong></span> <span class='ocrx_word' id='word_1_771' title='bbox 2142 5355 2241 5395; x_wconf 86' lang='lat' dir='ltr'><strong>nec</strong></span> <span class='ocrx_word' id='word_1_772' title='bbox 2269 5341 2445 5394; x_wconf 85' lang='lat' dir='ltr'><strong>dicere</strong></span> <span class='ocrx_word' id='word_1_773' title='bbox 2477 5356 2756 5409; x_wconf 86' lang='lat' dir='ltr'><strong>possumus</strong></span> <span class='ocrx_word' id='word_1_774' title='bbox 2782 5356 2880 5394; x_wconf 89' lang='lat' dir='ltr'><strong>nec</strong></span> <span class='ocrx_word' id='word_1_775' title='bbox 2918 5340 3133 5394; x_wconf 87' lang='lat' dir='ltr'><strong>addere.</strong></span> <span class='ocrx_word' id='word_1_776' title='bbox 3181 5336 3457 5405; x_wconf 79' lang='lat' dir='ltr'><strong>Displicuit</strong></span> 
     </span>
    </p>
   </div>
   <div class='ocr_carea' id='block_1_114' title="bbox 1889 5428 3483 5488">
    <p class='ocr_par' dir='ltr' id='par_1_114' title="bbox 1889 5428 3483 5488">
     <span class='ocr_line' id='line_1_114' title="bbox 1889 5428 3483 5488; baseline -0.003 -3"><span class='ocrx_word' id='word_1_777' title='bbox 1889 5430 1993 5486; x_wconf 83' lang='lat' dir='ltr'><strong>hoc</strong></span> <span class='ocrx_word' id='word_1_778' title='bbox 2017 5431 2238 5488; x_wconf 87' lang='lat' dir='ltr'><strong>dictum.</strong></span> <span class='ocrx_word' id='word_1_779' title='bbox 2268 5431 2448 5486; x_wconf 77' lang='lat' dir='ltr'><strong>Victor</strong></span> <span class='ocrx_word' id='word_1_780' title='bbox 2475 5442 2648 5487; x_wconf 89' lang='lat' dir='ltr'><strong>autem</strong></span> <span class='ocrx_word' id='word_1_781' title='bbox 2686 5442 2860 5486; x_wconf 85' lang='lat' dir='ltr'><strong>utrum</strong></span> <span class='ocrx_word' id='word_1_782' title='bbox 2890 5432 3097 5485; x_wconf 85' lang='lat' dir='ltr'><strong>sincero</strong></span> <span class='ocrx_word' id='word_1_783' title='bbox 3137 5430 3314 5482; x_wconf 89' lang='lat' dir='ltr'><strong>animo</strong></span> <span class='ocrx_word' id='word_1_784' title='bbox 3344 5428 3457 5481; x_wconf 71' lang='lat' dir='ltr'><strong>hzrc</strong></span> <span class='ocrx_word' id='word_1_785' title='bbox 3482 5452 3483 5455; x_wconf 53' lang='grc' dir='ltr'><strong>η</strong></span> 
     </span>
    </p>
   </div>
   <div class='ocr_carea' id='block_1_115' title="bbox 1887 5508 3453 5593">
    <p class='ocr_par' dir='ltr' id='par_1_115' title="bbox 1887 5508 3453 5593">
     <span class='ocr_line' id='line_1_115' title="bbox 1887 5508 3453 5593; baseline -0.003 -16"><span class='ocrx_word' id='word_1_786' title='bbox 1887 5523 2091 5579; x_wconf 85' lang='lat' dir='ltr'><strong>diceret</strong></span> <span class='ocrx_word' id='word_1_787' title='bbox 2122 5539 2187 5577; x_wconf 91' lang='lat' dir='ltr'><strong>an</strong></span> <span class='ocrx_word' id='word_1_788' title='bbox 2224 5524 2408 5578; x_wconf 83' lang='lat' dir='ltr'><strong>dolose</strong></span> <span class='ocrx_word' id='word_1_789' title='bbox 2435 5568 2450 5591; x_wconf 94' lang='lat'><strong>,</strong></span> <span class='ocrx_word' id='word_1_790' title='bbox 2482 5525 2600 5593; x_wconf 86' lang='lat' dir='ltr'><strong>quis</strong></span> <span class='ocrx_word' id='word_1_791' title='bbox 2630 5508 2792 5578; x_wconf 79' lang='lat' dir='ltr'><strong>nosse</strong></span> <span class='ocrx_word' id='word_1_792' title='bbox 2819 5530 2990 5590; x_wconf 87' lang='lat' dir='ltr'><strong>potest</strong></span> <span class='ocrx_word' id='word_1_793' title='bbox 3032 5521 3134 5574; x_wconf 85' lang='lat' dir='ltr'><strong>nisi</strong></span> <span class='ocrx_word' id='word_1_794' title='bbox 3163 5520 3248 5588; x_wconf 84' lang='lat' dir='ltr'><strong>qui</strong></span> <span class='ocrx_word' id='word_1_795' title='bbox 3292 5522 3453 5573; x_wconf 79' lang='lat' dir='ltr'><strong>corda</strong></span> 
     </span>
    </p>
   </div>
   <div class='ocr_carea' id='block_1_116' title="bbox 1884 5609 3451 5684">
    <p class='ocr_par' dir='ltr' id='par_1_116' title="bbox 1884 5609 3451 5684">
     <span class='ocr_line' id='line_1_116' title="bbox 1884 5609 3451 5684; baseline -0.004 -14"><span class='ocrx_word' id='word_1_796' title='bbox 1884 5615 2191 5684; x_wconf 83' lang='lat' dir='ltr'><strong>cognoscit?</strong></span> <span class='ocrx_word' id='word_1_797' title='bbox 2216 5614 2388 5669; x_wconf 81' lang='lat' dir='ltr'><strong>Verba</strong></span> <span class='ocrx_word' id='word_1_798' title='bbox 2415 5615 2513 5668; x_wconf 89' lang='lat' dir='ltr'><strong>ista</strong></span> <span class='ocrx_word' id='word_1_799' title='bbox 2537 5630 2632 5668; x_wconf 87' lang='lat' dir='ltr'><strong>nos</strong></span> <span class='ocrx_word' id='word_1_800' title='bbox 2656 5612 2978 5674; x_wconf 83' lang='lat' dir='ltr'><strong>audivimus;</strong></span> <span class='ocrx_word' id='word_1_801' title='bbox 3008 5610 3098 5665; x_wconf 83' lang='lat' dir='ltr'><strong>Dei</strong></span> <span class='ocrx_word' id='word_1_802' title='bbox 3121 5618 3199 5663; x_wconf 87' lang='lat' dir='ltr'><strong>est</strong></span> <span class='ocrx_word' id='word_1_803' title='bbox 3218 5609 3451 5663; x_wconf 84' lang='lat' dir='ltr'><strong>animum</strong></span> 
     </span>
    </p>
   </div>
   <div class='ocr_carea' id='block_1_117' title="bbox 1880 5701 3453 5775">
    <p class='ocr_par' dir='ltr' id='par_1_117' title="bbox 1880 5701 3453 5775">
     <span class='ocr_line' id='line_1_117' title="bbox 1880 5701 3453 5775; baseline -0.004 -15"><span class='ocrx_word' id='word_1_804' title='bbox 1880 5706 2139 5775; x_wconf 89' lang='lat' dir='ltr'><strong>judicare.</strong></span> <span class='ocrx_word' id='word_1_805' title='bbox 2178 5708 2364 5760; x_wconf 81' lang='lat' dir='ltr'><strong>Postea</strong></span> <span class='ocrx_word' id='word_1_806' title='bbox 2393 5707 2506 5759; x_wconf 87' lang='lat' dir='ltr'><strong>sine</strong></span> <span class='ocrx_word' id='word_1_807' title='bbox 2536 5705 2689 5759; x_wconf 75' lang='lat' dir='ltr'><strong>nobis</strong></span> <span class='ocrx_word' id='word_1_808' title='bbox 2716 5701 3025 5768; x_wconf 76' lang='lat' dir='ltr'><strong>magniﬁcus</strong></span> <span class='ocrx_word' id='word_1_809' title='bbox 3052 5703 3130 5755; x_wconf 91' lang='lat' dir='ltr'><strong>vir</strong></span> <span class='ocrx_word' id='word_1_810' title='bbox 3161 5701 3453 5755; x_wconf 72' lang='lat' dir='ltr'><strong>Vitalianus</strong></span> 
     </span>
    </p>
   </div>
   <div class='ocr_carea' id='block_1_118' title="bbox 1886 5793 3451 5867">
    <p class='ocr_par' dir='ltr' id='par_1_118' title="bbox 1886 5793 3451 5867">
     <span class='ocr_line' id='line_1_118' title="bbox 1886 5793 3451 5867; baseline -0.004 -15"><span class='ocrx_word' id='word_1_811' title='bbox 1886 5802 2139 5867; x_wconf 86' lang='lat' dir='ltr'><strong>magister</strong></span> <span class='ocrx_word' id='word_1_812' title='bbox 2159 5800 2383 5853; x_wconf 88' lang='lat' dir='ltr'><strong>militum</strong></span> <span class='ocrx_word' id='word_1_813' title='bbox 2416 5799 2553 5853; x_wconf 87' lang='lat' dir='ltr'><strong>inter</strong></span> <span class='ocrx_word' id='word_1_814' title='bbox 2578 5811 2636 5850; x_wconf 82' lang='lat' dir='ltr'><strong>se</strong></span> <span class='ocrx_word' id='word_1_815' title='bbox 2666 5805 2718 5850; x_wconf 88' lang='lat' dir='ltr'><strong>et</strong></span> <span class='ocrx_word' id='word_1_816' title='bbox 2741 5795 3048 5861; x_wconf 83' lang='lat' dir='ltr'><strong>episcopum</strong></span> <span class='ocrx_word' id='word_1_817' title='bbox 3080 5793 3451 5865; x_wconf 83' lang='lat' dir='ltr'><strong>Constantino-</strong></span> 
     </span>
    </p>
   </div>
   <div class='ocr_carea' id='block_1_119' title="bbox 1986 5904 2978 5981">
    <p class='ocr_par' dir='ltr' id='par_1_119' title="bbox 1986 5904 2978 5981">
     <span class='ocr_line' id='line_1_119' title="bbox 1986 5904 2978 5981; baseline -0.006 -17"><span class='ocrx_word' id='word_1_818' title='bbox 1986 5910 2037 5981; x_wconf 76' lang='grc' dir='ltr'><strong>ὁ)</strong></span> <span class='ocrx_word' id='word_1_819' title='bbox 2076 5909 2215 5964; x_wconf 79' lang='lat' dir='ltr'><strong>Edit.</strong></span> <span class='ocrx_word' id='word_1_820' title='bbox 2250 5908 2403 5963; x_wconf 77' lang='lat' dir='ltr'><strong>Rom.</strong></span> <span class='ocrx_word' id='word_1_821' title='bbox 2424 5949 2439 5973; x_wconf 90' lang='lat'><strong>,</strong></span> <span class='ocrx_word' id='word_1_822' title='bbox 2473 5907 2611 5961; x_wconf 80' lang='lat' dir='ltr'><strong>nobis</strong></span> <span class='ocrx_word' id='word_1_823' title='bbox 2640 5906 2754 5960; x_wconf 73' lang='lat' dir='ltr'><strong>hinc</strong></span> <span class='ocrx_word' id='word_1_824' title='bbox 2782 5904 2978 5977; x_wconf 78' lang='lat' dir='ltr'><strong>positis.</strong></span> 
     </span>
    </p>
   </div>
  </div>
