3998 6368
474 369 573 424 479
1792 363 2057 420 HORMISI

2192 362 2389 419 eam
2572 331 2576 336 ’
3638 357 3741 415 uo

480 484 771 557 politanutn
801 490 1127 536 vocaverunt
1179 482 1485 559 prmdictum
1529 480 1791 536 Victorem
1820 526 1835 551 ,
1884 481 2044 537 loculi
2071 486 2125 543 Α
2238 483 2535 559 Dioscorum
2561 496 2661 535 non
2692 481 2947 559 probasse.
2991 480 3061 534 Se
3100 479 3318 559 aliquem
3352 479 3418 531 ad
3450 478 3741 547 pontiﬁcem

480 552 751 631 suntcum
783 588 846 627 eo
874 590 891 624 τ
925 571 1051 641 quid
1100 558 1429 649 definierint
1454 573 1593 628 inter
1626 588 1683 629 se
1709 614 1723 638 ,
1766 575 2050 628 nescimus.

2230 552 2599 607 destinatarum
2628 562 2680 605 ut
2707 554 3007 621 qurestiones
3034 552 3282 606 terminet.

482 670 671 725 Postea
705 682 799 722 nec
836 666 1012 720 Victor
1038 666 1103 720 ad
1137 681 1235 723 nos
1270 668 1439 733 venit,
1474 682 1573 723 nec
1598 680 1683 723 est
1706 682 1867 723 causa
1892 668 2052 723 dicta.
2228 668 2468 725 Justinus
2506 668 2778 737 Augustus
2809 665 3103 721 Ilormisdze
3133 680 3303 735 papte.

479 761 569 817 Isti
599 770 771 814 tamen
804 758 1016 829 Scythae
1043 757 1198 828 (sciat
1225 759 1496 815 beatitudo
1519 762 1722 833 vestra)
1752 777 1939 818 omnes
1966 762 2059 833 qui
2227 762 2440 829 Quanto
2470 761 2758 831 ﬂagramus
2786 761 2962 815 studio
2994 775 3087 829 pro
3114 756 3426 829 colligendis
3451 755 3742 812 concordia

478 851 741 919 accipiunt
810 851 1073 922 synodum
1138 851 1632 909 Cbalcedonensem
1709 852 2058 910 Nestorianos
2158 853 2535 910 sacratissimis
2563 852 2820 908 Ecclesiis
2840 894 2856 919 ,
2885 852 3194 922 jamdudum
3223 866 3321 906 nos
3352 851 3521 921 palam
3552 849 3746 909 fecisse

477 944 679 1010 dicunt,
710 943 951 998 dicentes
980 962 993 999 :
1023 942 1137 999 Non
1168 944 1365 999 sufficit
1387 944 1624 1015 synodus
1651 954 1839 1001 contra
1867 945 2059 1001 Nesto-
2157 948 2487 1021 dignoscitur
2517 966 2529 1001 :
2559 946 2650 1018 qui
2679 956 2730 1002 et
2762 948 2977 1002 ineunte
3004 957 3187 1002 nostro
3219 946 3442 1016 imperio
3483 942 3746 999 sanctitu-

478 1036 655 1102 rium,
702 1046 753 1091 et
801 1036 878 1091 sic
922 1036 1118 1092 debere
1169 1038 1431 1108 synodum
1462 1038 1735 1108 suscipere
1763 1039 2058 1109 quomodo
2158 1045 2340 1101 dinem
2379 1053 2609 1098 vestram
2646 1042 3034 1097 admonendam
3083 1041 3332 1095 duximus
3358 1081 3372 1106 ,
3419 1054 3523 1109 quo
3568 1047 3749 1091 certos

476 1129 578 1197 ipsi
610 1128 961 1198 cxposuerint
987 1146 1000 1181 :
1025 1129 1115 1199 qui
1144 1129 1387 1185 homines
1413 1130 1594 1200 quales
1624 1140 1771 1196 sunt,
1799 1140 1853 1186 et
1874 1131 2057 1201 quales

2170 1136 2431 1205 dirigeret,
2461 1143 2519 1189 ut
2546 1134 2851 1190 interventu
2882 1148 3067 1190 eorum
3098 1131 3391 1187 remedium
3421 1128 3634 1198 aliquod
3664 1128 3750 1181 his

476 1218 802 1277 intentiones
832 1220 1058 1289 habent,
1100 1231 1155 1276 et
1190 1222 1314 1302 quid
1353 1222 1537 1277 volunt
1566 1223 1620 1277 in
1651 1222 1755 1278 fide
1796 1224 2056 1280 catholica
2158 1226 2319 1283 rebus
2368 1226 2593 1281 inveniri
2645 1226 2831 1296 possit.
2880 1225 2947 1279 Et
2988 1233 3269 1290 antequam
3305 1222 3615 1277 advenerim
3656 1218 3751 1287 qui

475 1313 858 1382 introducere,
909 1329 1030 1369 cum
1062 1314 1170 1377 ,Dei
1216 1314 1482 1385 adjutorio
1530 1316 1924 1372 manifestatum
1975 1325 2059 1373 est
2159 1318 2413 1375 destinati
2458 1326 2618 1384 sunt,
2650 1326 2840 1373 cuncta
2883 1315 3341 1394 praeparavimusd
3385 1327 3491 1383 quo
3541 1311 3750 1365 facilius

475 1408 724 1464 omnibus
770 1409 1049 1464 catholicis
1083 1427 1096 1462 :
1128 1424 1228 1464 nec
1256 1408 1458 1478 indiget
1496 1424 1657 1465 causa
1705 1426 1825 1467 meo
1852 1411 2053 1478 labore,
2160 1414 2583 1483 transigerentur
2622 1425 2741 1481 qua:
2780 1425 2874 1480 per
2913 1408 3052 1464 hanc
3090 1406 3519 1463 florentissimam
3559 1402 3749 1456 urbem

474 1517 631 1571 quam
662 1517 756 1571 pro
780 1500 875 1555 sua
906 1501 1273 1557 misericordia
1300 1501 1441 1559 Deus
1488 1502 1737 1573 produxit
1762 1504 1827 1559 ad
1860 1504 2057 1560 lucem.
2160 1503 2493 1573 disponenda
2527 1504 2754 1560 fuerant.
2810 1502 3003 1558 Verum
3034 1500 3284 1573 quoniam
3328 1512 3517 1570 preces
3559 1505 3751 1551 nostro

474 1596 588 1664 Ego
613 1595 755 1665 quod
784 1610 814 1649 a
855 1594 1099 1649 Patribus
1138 1594 1339 1661 didici,
1385 1596 1527 1665 quod
1557 1610 1773 1665 semper
1818 1597 2060 1652 Ecclesia
2162 1597 2363 1651 numini
2418 1605 2678 1666 porrecta:
2720 1605 2841 1650 sunt
2884 1609 2951 1651 ex
2993 1593 3219 1649 diversis
3265 1592 3389 1646 Eois
3434 1587 3750 1660 provinciis,

473 1688 731 1743 c.ttholica
758 1690 1013 1756 servavit,
1038 1704 1145 1744 non
1174 1691 1329 1756 tacui,
1364 1707 1469 1746 non
1497 1692 1775 1748 abscondi.
1808 1692 1955 1748 Unus
1979 1703 2060 1748 est
2161 1698 2305 1743 certa
2335 1688 2575 1757 quaedam
2607 1686 2992 1751 disserentihus
3020 1700 3117 1755 pro
3139 1683 3240 1739 fide
3269 1680 3549 1743 catholica,
3569 1692 3754 1733 secre-

474 1780 637 1846 Deus,
663 1782 731 1837 de
761 1796 865 1851 quo
890 1781 1098 1854 Moyses
1130 1783 1382 1854 loquitur,
1413 1786 1600 1840 dicens
1632 1804 1647 1839 :
1683 1786 1833 1851 Audi,
1867 1784 2054 1855 Israel,
2165 1791 2319 1849 taque
2367 1794 2474 1834 smn
2520 1780 2712 1834 mentis
2755 1778 3150 1834 declarantibus
3174 1818 3189 1843 ,
3234 1791 3353 1846 qua:
3394 1772 3533 1844 apud
3563 1786 3622 1827 se
3650 1785 3755 1841 pro

474 1872 721 1928 Dominus
749 1873 891 1929 Deus
919 1883 1051 1941 tuus,
1084 1874 1220 1929 Deus
1250 1893 1382 1930 unus
1411 1886 1483 1930 est
1532 1878 1714 1948 (Deut,
1744 1877 1855 1948 vr);
1906 1890 1959 1935 ei
2005 1880 2055 1933 in
2089 1876 2135 1934 Β
2165 1871 2436 1925 individua
2467 1870 2731 1925 Trinitate
2760 1870 3044 1925 constituta
3080 1878 3340 1923 testantur
3360 1908 3373 1931 ,
3406 1878 3630 1936 qumque
3660 1863 3756 1917 fir-

471 1968 577 2022 alio
608 1968 724 2023 loco
760 1968 834 2022 ait
863 1984 878 2023 ;
914 1968 1162 2023 Dominus
1196 1969 1335 2023 ιοιιιε
1361 1959 1569 2024 docebat
1598 1988 1701 2026 εοε,
1737 1971 1904 2027 Unius
1929 1972 2057 2027 sub-
2164 1962 2320 2017 miter
2344 1976 2461 2016 sese
2487 1969 2798 2029 recepturos
2819 1959 3119 2015 ostenditur
3152 1955 3485 2029 (ostendunt)
3514 1970 3528 2006 :
3561 1955 3757 2023 hisque

470 2060 682 2114 stantia:
707 2060 977 2115 credimus
1002 2060 1341 2126 Trinitatem,
1365 2062 1633 2131 quomodo
1655 2063 1873 2132 praedixi
1899 2077 2058 2117 "nam
2165 2052 2379 2108 relectis
2405 2097 2419 2118 ,
2455 2052 2739 2106 Dioscorus
2769 2051 2945 2121 aliqua
2983 2050 3213 2106 asseruit
3255 2064 3362 2103 non
3404 2045 3757 2102 convenicnti

473 2151 759 2217 deitatem;
801 2160 913 2207 tres
941 2166 1235 2222 personas,
1268 2152 1393 2223 quia
1433 2168 1533 2209 nec
1562 2155 1744 2223 plures
1771 2154 1900 2209 deos
1928 2154 2061 2210 dici-
2163 2147 2352 2201 ordine
2402 2146 2600 2200 inserta
2661 2144 2824 2200 fuisse
2864 2162 2876 2197 :
2915 2145 3107 2199 merito
3156 2141 3403 2197 duximus
3462 2137 3757 2208 aperienda

472 2258 595 2299 mus
614 2284 630 2310 ,
663 2244 945 2299 credentes
976 2260 1138 2299 unum
1171 2243 1338 2300 Deum
1366 2259 1487 2300 esse
1508 2290 1523 2314 ,
1555 2245 1604 2298 id
1633 2255 1715 2300 est
1744 2245 1975 2312 Patrem,
2006 2255 2062 2302 et
2162 2238 2315 2293 V0bi$
2338 2251 2399 2290 ea
2426 2250 2544 2305 (ιυω
2572 2250 2756 2290 sumus
2789 2234 2985 2289 θάοειί·
3030 2232 3143 2287 Νοιι
3176 2232 3343 2286 mullo
3370 2229 3542 2298 ίιείιυε
3574 2235 3695 2297 Ροδί
3725 2242 3759 2278 ³

473 2336 690 2404 Filium,
717 2345 771 2392 et
798 2336 1050 2406 spiritum
1082 2348 1350 2403 sanctum,
1394 2353 1491 2392 nec
1530 2348 1635 2393 [res
1677 2354 1932 2409 personas
1962 2356 2058 2394 ne-
2163 2328 2318 2383 nobis
2357 2328 2571 2398 quidam
2616 2325 2969 2381 destinabitur
3011 2323 3078 2378 ad
3124 2323 3408 2378 certiorem
3452 2317 3759 2409 faciendam

473 2446 682 2500 gamus,
707 2448 774 2487 ne
800 2431 1017 2488 Sabellii
1044 2432 1234 2502 dogma
1262 2434 1535 2488 videamur
1562 2434 1731 2504 sequi.
1760 2434 1954 2488 Verum
1979 2442 2057 2489 est

2170 2417 2542 2475 beatitudinem
2597 2427 2740 2471 tuam
2783 2430 2946 2485 super
2988 2413 3271 2477 omnibus,
3312 2420 3366 2466 et
3401 2407 3760 2464 insinuandas

473 2538 759 2593 personam
789 2523 949 2589 Filii,
992 2522 1045 2577 id
1076 2500 1159 2578 est
1191 2523 1348 2579 Verbi
1383 2524 1475 2579 Dei
1502 2566 1515 2589 ,
1548 2500 2056 2580 consubstantialem

2170 2508 2312 2564 vobis
2345 2507 2762 2577 supplicationes
2800 2518 2917 2575 quae
2957 2503 3112 2559 nobis
3157 2500 3351 2557 oblatae
3385 2507 3542 2565 sunt,
3582 2504 3635 2552 et
3661 2510 3761 2550 re-

476 2613 620 2669 Patri
644 2654 660 2677 ,
695 2624 750 2669 et
794 2614 905 2683 ipsa
948 2630 1075 2670 caro
1116 2614 1252 2669 facta
1282 2624 1365 2670 est
1399 2631 1414 2681 ;
1446 2615 1559 2685 ipsa
1588 2616 1640 2671 iu
1684 2627 1834 2671 utero
1879 2616 2057 2670 Mariae

2170 2617 2416 2674 sponsum
2469 2601 2681 2671 pietatis
2726 2609 2919 2655 vestra:
2962 2596 3300 2655 referendum
3327 2637 3343 2663 ,
3391 2609 3497 2666 quo
3544 2596 3762 2662 possint

474 2705 733 2761 habitavit
762 2723 777 2771 ;
804 2706 913 2776 ipsa
944 2715 1185 2761 naturam
1217 2706 1501 2761 humanam
1529 2709 1766 2779 suscepit,
1795 2709 1911 2762 sine
1936 2722 2061 2777 pec-
2161 2698 2395 2753 resecari
2426 2694 2639 2750 tandem
2669 2693 3029 2750 dubitationes
3057 2694 3381 2763 incongrure.
3428 2687 3616 2745 Securi
3645 2687 3758 2757 igi-

473 2810 594 2855 θειο
623 2816 637 2865 ;
670 2800 783 2870 ipse
814 2800 979 2855 Filius
1019 2801 1113 2855 Dei
1153 2801 1312 2856 homo
1346 2800 1515 2857 factus
1556 2813 1711 2857 natus
1738 2812 1823 2857 εει
1856 2801 1923 2856 (ιε
1954 2799 2061 2856 νίν..
2163 2798 2251 2843 tur
2280 2787 2345 2842 de
2374 2798 2560 2842 neatro
2587 2786 2816 2842 concilio
2841 2828 2858 2852 ,
2888 2786 3131 2841 sollicitis
3158 2784 3492 2840 orationibus
3537 2782 3764 2852 placare

472 2894 594 2963 sine
621 2892 817 2960 Maria;
859 2902 1077 2965 propter
1111 2896 1252 2965 quod
1291 2910 1410 2950 eam
1576 2894 1890 2965 genitricem
1922 2893 2060 2949 dici-
2162 2879 2317 2935 DODIS
2364 2878 2709 2933 Divinitatem
2747 2892 3012 2933 summam
3044 2876 3355 2948 dignemini.
3387 2876 3517 2931 Data
3545 2889 3631 2928 XIV
3660 2888 3763 2927 ca-

473 3001 592 3041 mus
632 2994 686 3041 et
713 2987 1004 3057 credimus,
1037 2988 1160 3057 quia
1187 2988 1361 3043 unitas
1387 2988 1677 3043 divinitatis
1719 2997 1773 3044 et
1814 2987 2057 3042 humani-

2170 2973 2348 3029 leudas
2380 2972 2687 3039 Februarii,
2724 2969 3215 3039 Constantinopoli,
3252 2968 3518 3025 Vitaliano
3548 2975 3603 3021 et
3642 2965 3763 3020 Ru-

394 3116 405 3127 .
472 3082 597 3136 tatis
622 3122 637 3147 ,
682 3097 803 3151 quae
847 3082 962 3136 fieri
1002 3094 1177 3151 empta
1229 3092 1310 3137 est
1353 3097 1417 3137 ex
1468 3098 1573 3152 quo
1613 3081 1793 3135 Maria:
1838 3079 2059 3151 angelus
2161 3066 2298 3123 δῑίοο
2327 3064 2634 3121 Consulibus
2666 3062 2829 3134 (anno
2858 3060 3070 3116 Domini
3100 3058 3253 3130 5'20)-

473 3173 691 3230 Gabriel
720 3176 1056 3231 annuntiavit
1083 3177 1299 3233 dicens:
1328 3177 1448 3244 Ave,
1480 3175 1672 3245 Maria,
1700 3177 1863 3247 gratia
1882 3177 2054 3247 plena,
2810 3192 3109 3248 ῃΕιΑΤιο

473 3266 702 3336 Spiritus
735 3276 939 3321 sanctus
972 3269 1283 3339 superveniet
1313 3269 1365 3322 in
1396 3278 1443 3322 te
1484 3267 1637 3339 (Luc.
1670 3269 1707 3339 ι)
1727 3310 1741 3334 ,
1772 3277 1920 3335 αα,
1952 3284 2056 3323 non
2082 3261 2132 3325 C

474 3368 679 3414 tantum
712 3360 764 3413 iu
796 3368 948 3417 utero
969 3376 1073 3415 non
1103 3369 1185 3416 est
1206 3360 1395 3426 divisa,
1421 3360 1515 3416 sed
1548 3376 1647 3415 nec
1672 3360 1723 3415 in
1755 3372 1929 3430 partu,
1958 3376 2058 3415 nec

474 3453 527 3508 in
559 3454 921 3520 nutrimentis,
947 3468 1046 3510 nec
1077 3454 1130 3509 in
1160 3454 1428 3525 passione,
1453 3469 1553 3509 nec
1583 3455 1633 3508 in
1666 3455 1933 3524 sepulcro,
1959 3469 2059 3509 nec

475 3548 527 3613 in
577 3546 972 3603 resurrectione
1000 3588 1015 3613 ,
1060 3560 1157 3602 nec
1205 3545 1258 3601 in
1302 3547 1442 3602 coelo
1489 3554 1736 3616 separata
1782 3554 1865 3600 est
1894 3564 1907 3600 :
1936 3546 2057 3615 quia

475 3654 611 3695 unus
642 3649 724 3695 est.
753 3639 921 3695 Filius
953 3640 1046 3695 Dei
1084 3639 1340 3695 Dominus
1380 3649 1564 3695 noster
1603 3640 1759 3694 Jesus
1786 3639 2056 3705 Christus,

475 3748 582 3788 non
611 3734 665 3788 in
696 3734 943 3806 personis
972 3735 1176 3790 divisus
1202 3774 1219 3801 ,
1267 3750 1371 3790 non
1413 3733 1466 3789 in
1514 3733 1718 3790 naturis
1755 3744 2055 3803 separatus,

476 3841 648 3895 neque
695 3826 749 3881 in
796 3828 1031 3897 potentia
1084 3828 1347 3883 diversus.
1405 3828 1549 3883 Idem
1596 3837 1680 3884 est
1727 3842 1960 3897 namque
2006 3838 2060 3882 et

475 3919 742 3973 suStinens
767 3920 1069 3989 passionem
1092 3961 1107 3987 ,
1138 3921 1259 3993 quia
1286 3935 1473 3977 omnes
1500 3921 1763 3986 homines,
1797 3929 1891 3976 aut
1922 3919 2058 3973 divi-

476 4010 609 4065 deus
631 4011 1078 4080 quemadmodum
1103 4012 1404 4082 Nestorius,
1435 4022 1527 4068 aut
1556 4029 1758 4083 negans
1788 4012 2060 4084 quomodo

477 4102 768 4171 Eutyches,
791 4113 881 4156 aut
902 4105 1076 4157 minus
1102 4103 1519 4161 incarnationem
1541 4107 1767 4161 credens
1790 4106 2058 4175 quomodo

476 4194 843 4263 Apollinaris,
889 4203 979 4249 aut
1018 4196 1351 4264 phantasiam
1402 4198 1741 4255 introduceus
1788 4199 2059 4270 quomodo

478 4283 680 4349 Manes,
709 4300 738 4338 a
771 4285 875 4340 tide
904 4285 1165 4341 catholica
1196 4298 1319 4342 sunt
1346 4288 1528 4355 incisi;
1562 4290 2058 4361 hominesoperarii

478 4373 771 4445 iniquitatis
792 4418 807 4441 ,
839 4390 889 4433 et
923 4380 1103 4433 hostes
1138 4379 1395 4435 doctrina:
1419 4382 1804 4450 aposmlorum.
1845 4384 1947 4439 Ista
1978 4385 2060 4440 di-

480 4468 605 4537 dici,
639 4470 734 4522 ista
765 4470 939 4524 audivi
970 4487 998 4524 a
1030 4472 1321 4541 majoribus
1346 4476 1541 4529 nostris
1570 4486 1658 4531 :et
1675 4477 1717 4530 si
1741 4476 1879 4531 forte
1907 4484 2059 4531 extra

479 4562 580 4616 ista
611 4564 737 4633 quid
765 4564 1051 4619 debeamus
1081 4568 1232 4636 sequi
1266 4569 1471 4638 ignoro,
1504 4579 1805 4638 exponente
1833 4572 2060 4626 beatitu-

479 4655 604 4709 dine
634 4665 804 4710 vestra
834 4672 1052 4713 necesse
1081 4669 1162 4713 est
1194 4675 1278 4715 me
1314 4662 1485 4730 sequi.
1535 4661 1829 4717 Maxentius
1859 4673 2056 4730 tamen,
2086 4650 2142 4712 Ι)

479 4750 567 4818 qui
610 4748 710 4803 sub
754 4748 960 4804 abbatis
1006 4751 1264 4807 vocabulo
1313 4752 1446 4807 dixit
1494 4766 1554 4808 se
1591 4756 2058 4824 congregationem

482 4841 680 4896 habere
705 4883 720 4909 ,
762 4842 806 4896 si
846 4843 1202 4914 interrogetur
1224 4885 1239 4911 ,
1281 4855 1372 4900 aut
1403 4862 1523 4901 cum
1560 4848 1753 4918 quibus
1783 4850 2060 4906 monachis

480 4932 647 5001 vixit,
689 4944 780 4987 aut
810 4933 860 4987 in
909 4949 1015 5003 quo
1046 4936 1410 5005 monasterio,
1456 4947 1550 4993 aut
1577 4937 1677 4993 sub
1720 4954 1826 5009 quo
1869 4940 2061 4996 abbate

479 5024 773 5078 monachus
799 5025 965 5079 factus
992 5037 1092 5094 est,
1116 5027 1293 5084 dicere
1317 5045 1419 5083 nou
1448 5040 1639 5100 potest.
1662 5031 1918 5087 Similiter
1944 5034 2059 5090 etsi

478 5114 545 5169 de
583 5115 791 5171 Achille
820 5118 999 5175 dicere
1027 5120 1245 5175 voluero
1269 5162 1283 5189 ,
1317 5137 1426 5176 rem
1454 5122 1594 5178 facio
1623 5138 2005 5194 supervacuam
2040 5144 2053 5179 :

476 5211 562 5264 eui
589 5212 786 5265 sulticit
811 5226 1021 5283 semper
1051 5214 1213 5269 latere
1240 5226 1454 5285 propter
1491 5219 1874 5274 conscientiam
1903 5236 2054 5276 suam

476 5302 544 5355 ab
568 5305 816 5358 omnibus
844 5305 1123 5360 catholicis
1159 5306 1486 5361 damnatam.
1523 5310 1652 5364 Data
1685 5312 1862 5367 idibus
1893 5312 2055 5369 Octo-

474 5394 585 5450 btis
614 5397 899 5452 Eutharico
928 5399 1153 5454 consule
1193 5400 1364 5471 (anno
1393 5402 1601 5456 Domini
1632 5404 1780 5473 519).
1822 5406 2055 5475 Accepta

475 5505 541 5542 xv
571 5491 822 5546 calendas
852 5492 1177 5561 Decembris,
1212 5493 1430 5548 Rustico
1460 5496 1572 5549 viro
1604 5498 1897 5554 clarissimo
1926 5516 2056 5553 con-

474 5581 589 5636 sule
618 5583 780 5653 (anno
807 5583 1017 5639 Domini
1050 5584 1202 5653 520).

2388 3322 2599 3365 JOANNIS
2629 3322 2859 3363 EPISCOI‘I
2889 3321 2988 3361 CON
2996 3317 3511 3360 STANTINOPOLITANI.

2232 3430 2516 3485 Instantent
2546 3422 2812 3483 dominica?
2838 3414 3085 3492 passionis
3115 3418 3253 3477 diem
3274 3431 3407 3477 recte
3431 3419 3680 3475 celebrari

2662 3513 2753 3552 xm
2780 3496 3019 3551 calendas
3049 3494 3235 3549 Maias.

2233 3612 2457 3667 Domino
2489 3626 2582 3681 per
2621 3610 2799 3665 omnia
2843 3606 3059 3662 amabili
3105 3606 3215 3663 Deo
3241 3650 3255 3674 ,
3302 3606 3761 3676 sanctissimeque

2161 3704 2317 3760 fratri
2353 3701 2832 3759 comministratori
2876 3700 3203 3770 Hormisdae,
3243 3700 3296 3757 in
3337 3700 3561 3757 Domino
3603 3698 3757 3756 salu-

2164 3804 2268 3850 tem
2278 3833 2291 3846 .

2233 3881 2693 3951 Quemadmodum
2742 3896 2876 3950 puro
2921 3880 3084 3936 corde
3124 3890 3176 3936 ct
3217 3881 3439 3936 caritate
3485 3879 3762 3950 spirituali

2161 3975 2302 4045 apud
2348 3973 2706 4043 nosmetipsos
2735 3972 2996 4028 habemus
3033 3982 3083 4028 te
3104 4016 3118 4042 ,
3158 3972 3320 4028 frater
3353 3972 3667 4040 carissime,
3702 3984 3763 4030 et

2161 4066 2610 4141 quemadmodum
2651 4079 2701 4123 te
2739 4083 2837 4138 per
2875 4068 3053 4123 omnia
3084 4068 3327 4123 ducimus
3359 4068 3762 4137 venerandum,

2162 4175 2226 4216 ex
2267 4158 2519 4229 operibus
2558 4158 2641 4213 his
2679 4158 3008 4214 satisfactum
3045 4172 3164 4214 esse
3204 4168 3398 4215 vestrae
3432 4160 3763 4214 reverentia

2156 4251 2482 4322 judiCamus,
2514 4249 2795 4305 dominicae
2811 4250 3164 4320 obsequentes
3185 4251 3301 4307 voci
3331 4251 3614 4307 manifeste
3642 4252 3763 4306 cla-

2161 4343 2331 4398 manti
2360 4361 2372 4395 :
2408 4342 2536 4409 Quae
2566 4342 2717 4395 vultis
2744 4350 2799 4395 ut
2820 4342 3013 4412 faciant
3036 4342 3172 4396 vobis
3201 4343 3427 4395 homines
3450 4358 3469 4397 :
3491 4344 3565 4395 sic
3592 4353 3641 4395 et
3671 4357 3764 4399 vos

2162 4436 2315 4505 facite
2336 4436 2407 4489 eis
2438 4433 2648 4505 (Matth.
2671 4435 2765 4506 vit)
2796 4476 2812 4502 ,
2844 4445 2898 4488 ct
2924 4436 3274 4503 apostolicam
3310 4434 3611 4490 doctrinam
3640 4451 3765 4490 am-

2162 4528 2459 4598 plectentes
2485 4526 2796 4581 docentem:
2830 4524 2925 4578 Vos
2946 4525 3155 4580 invicem
3179 4527 3367 4579 honore
3394 4526 3764 4591 prwvenientes

2166 4620 2361 4691 (Rom.
2412 4635 2482 4673 xu
2512 4619 2551 4688 ).
2600 4618 2726 4673 ﬂare
2771 4618 3024 4688 operibus
3073 4608 3356 4673 ostendere
3410 4616 3764 4686 festinamus,

2166 4708 2436 4764 vinculum
2479 4707 2764 4762 insolubile
2804 4707 3063 4778 spirituali
3110 4708 3332 4763 caritate
3358 4707 3423 4762 ad
3456 4708 3763 4764 unitiouem

2169 4796 2615 4871 (adunationem)
2646 4807 2947 4853 sanctarum
2989 4798 3345 4854 Ecclesiarum
3391 4800 3763 4867 continentes,

2163 4904 2270 4959 quo
2298 4904 2394 4945 nec
2419 4889 2808 4944 contrariorum
2839 4889 3119 4959 spirituum
3154 4890 3373 4955 ictibus,
3407 4905 3506 4945 nec
3531 4891 3767 4947 ﬂuctua-

2164 4983 2398 5038 tionibus
2427 4982 2682 5037 malorum
2708 4981 2983 5051 principis,
3013 4981 3093 5036 vel
3124 4982 3363 5037 veritatis
3391 4982 3595 5036 inimici
3630 4984 3765 5037 titu-

2167 5074 2297 5129 bare
2323 5074 2607 5143 possimus,
2632 5072 2918 5128 suxiliante
2944 5073 3098 5128 nobis
3122 5082 3303 5129 sancta
3325 5083 3378 5129 et
3403 5074 3767 5129 consubstan-

2168 5166 2280 5222 tiali
2314 5166 2608 5233 Trinitate,
2654 5166 3035 5221 intercessione
3081 5165 3329 5235 gloriosa:
3374 5174 3427 5221 et
3473 5180 3619 5221 vera:
3663 5166 3766 5220 Dei

2167 5260 2443 5331 genitricis
2472 5260 2649 5315 Maria:
2683 5278 2696 5311 :
2732 5275 2825 5326 per
2854 5275 2971 5328 qua:
3004 5259 3270 5327 praecipue
3298 5256 3456 5331 nobis
3480 5302 3492 5325 ,
3536 5258 3770 5313 domine

2168 5361 2329 5422 atque
2376 5351 2753 5419 sanctissime,
2806 5349 3134 5404 immobilem
3179 5363 3490 5418 permanere
3537 5364 3769 5404 oramus

2168 5450 2472 5498 nostrarum
2498 5452 2900 5512 vestrarumque
2928 5452 3230 5496 sanctarum
3257 5441 3617 5496 Ecclesiarum
3648 5450 3769 5495 sta-

2167 5547 2315 5603 tum,
2366 5536 2711 5592 nihilominus
2762 5543 2817 5591 et
2863 5534 3272 5603 inseparabilem
3313 5534 3587 5590 custodire
3630 5535 3769 5590 fidei

2165 5628 2461 5685 unitiouem
2499 5650 2511 5687 :
2544 5640 2733 5701 potens
2770 5637 2855 5685 est
2896 5627 3038 5684 enim
3082 5628 3222 5684 Deus
3248 5627 3487 5683 victoriae
3518 5628 3769 5698 palmam

1106 5697 1435 5754 EPISTULA
2165 5722 2505 5792 sperantibus
2527 5697 2579 5777 in
2601 5738 2722 5778 eum
2745 5721 2861 5777 sine
2883 5721 3173 5776 certamine
3191 5697 3532 5776 condonare.
3547 5720 3770 5774 Instau-

934 5803 1134 5844 JUSTINI
1176 5806 1241 5844 AD
1279 5805 1599 5845 HORIIISDAM.

2170 5815 2236 5870 tis
2267 5824 2440 5870 autem
2477 5815 2756 5871 dominica:
2784 5816 3046 5886 passionis
3084 5831 3397 5882 numerum,
3430 5814 3524 5882 qui
3559 5813 3771 5868 vestris

474 5882 660 5949 Preces
694 5890 756 5946 de
782 5890 884 5960 [ide
919 5893 1219 5961 mutationes
1254 5898 1563 5952 continentes
1598 5894 1694 5953 sibi
1724 5896 1947 5969 oblatas,
1973 5916 2059 5961 eat
2166 5908 2469 5965 continetur
2491 5908 2700 5977 litteris,
2724 5882 2801 5965 exi
2819 5908 3069 5979 repositis
3097 5907 3233 5979 apud
3263 5921 3359 5963 nos
3386 5905 3490 5971 diei
3520 5904 3770 5975 pascha-
