3998 6368
206 345 295 407 481
1410 335 1765 396 EPISTOLIE
1806 334 1892 391 ET
1935 334 2269 391 DECllETA.

3368 346 3473 401 48?.

205 459 262 521 lis
303 460 591 518 annalibus
637 465 785 516 recte
832 457 1028 514 habere
1074 454 1436 525 significamus
1466 454 1485 473 '
1535 456 1623 526 (et
1660 460 1783 507 ante
1810 453 1860 515 Α
1888 448 2115 515 fuerint,
2152 457 2293 503 tanta
2346 447 2475 506 falsa
2506 464 2602 521 per
2653 462 2887 523 nostram
2935 454 3231 511 absentiam
3280 455 3469 514 dicturi

205 554 404 626 quidem
431 551 723 621 scientes),
757 561 811 607 et
840 564 982 605 nunc
1019 549 1384 619 scrupulosius
1420 548 1776 617 requirentes,

204 648 311 701 sine
336 645 675 700 dubitatione
722 643 904 698 mundi
954 641 1293 697 festivitatem
1344 640 1639 695 incolumes
1678 653 1778 695 nos

205 738 463 795 celebrare
491 752 585 792 xm
615 736 957 792 calendarum
988 734 1242 789 Maiarum
1265 734 1352 789 die
1382 743 1626 804 Optamus
1651 750 1664 787 :
1687 731 1777 803 qui

204 842 273 888 est
300 830 516 900 preprie
543 844 718 884 nonus
738 829 976 884 decimus
996 827 1111 883 dies
1138 826 1299 882 futuri
1332 827 1532 883 mensis
1552 818 1774 897 Aprilis.

204 925 347 980 Orate
400 923 603 992 igitur,
644 930 699 975 et
745 922 887 976 circa
933 930 1169 975 nostram
1220 921 1533 977 memoriam
1575 920 1775 975 nullam

203 1015 514 1070 oblivionem
541 1024 719 1070 vester
736 1014 965 1079 animus,
988 1013 1343 1079 sanctissime,
1366 1011 1565 1068 habere
1584 1012 1772 1081 digne-

203 1121 291 1162 tur.
321 1107 550 1162 Omnem
573 1121 692 1177 quas
721 1122 840 1160 cum
870 1116 1045 1161 vestra
1072 1114 1155 1162 est
1178 1106 1460 1161 sanctitate
1484 1106 1534 1161 in
1560 1104 1775 1161 Christe

202 1201 577 1255 fraternitatem
600 1215 701 1270 ego
722 1214 931 1269 quoque
952 1208 1007 1255 et
1023 1200 1125 1254 mei
1150 1199 1433 1269 plurimttm
1455 1198 1769 1254 salutamus.

202 1296 300 1347 Atia
354 1309 513 1347 manu
548 1307 567 1345 :
598 1292 885 1348 Incolumis
941 1293 993 1347 in
1044 1293 1266 1347 Domino
1312 1306 1405 1345 ora
1454 1306 1552 1361 pro
1594 1292 1770 1357 nobis,

200 1388 433 1442 amabilis
458 1386 550 1442 Dei
576 1395 631 1439 et
656 1386 995 1442 sanctissime
1022 1386 1203 1442 frater.
1238 1386 1368 1441 Data
1390 1385 1770 1441 Constantino-

201 1481 329 1552 poli,
363 1496 453 1536 ιιι·
494 1481 750 1537 calendas
788 1481 1102 1546 Februarii,
1154 1481 1421 1537 Vitaliano
1464 1491 1521 1538 et
1550 1482 1770 1538 Rustico

200 1588 270 1627 vv.
298 1589 378 1629 cc.
414 1574 729 1631 consulibus
760 1576 923 1647 (anno
956 1575 1162 1629 Domini
1193 1574 1341 1645 5‘20).

788 1667 1167 1724 SUGGESTIO
1344 1712 1349 1717 λ
1606 1736 1609 1739 Α

198 1775 412 1817 ςειιιιΑΝι
442 1775 698 1830 EPISCOPI,
735 1775 934 1815 FBLICIS
956 1777 1023 1815 ετ
1055 1776 1288 1817 ιιιοςεοιιι
1316 1775 1667 1827 υιΑαοΝοιιυιι,
1697 1774 1764 1814 ET

703 1869 887 1911 BLAND!
925 1869 1256 1909 PRESBYTEM.

194 1946 498 2001 Dorotlmtm
530 1945 835 2001 Heracleam
876 1947 1031 2015 fuisse
1062 1950 1375 2015 perductum,
1427 1960 1518 1998 nec
1548 1945 1767 2015 impera-

256 2028 407 2070 torem
446 2017 734 2086 permisisse
776 2027 830 2069 ut
865 2017 1079 2070 Romam
1107 2020 1375 2072 duceretur
1403 2032 1419 2069 :
1450 2017 1567 2069 inde
1595 2026 1767 2069 autent

255 2108 281 2139 a
306 2089 489 2158 quibus
520 2089 675 2159 fuerit
718 2088 954 2143 dimissus
1002 2089 1246 2157 ignorari.
1299 2088 1375 2141 De
1417 2086 1647 2156 paschali
1684 2088 1768 2142 die

257 2158 571 2213 Orientalem
603 2158 885 2213 Ecclesium
929 2175 1044 2212 cum
1074 2159 1307 2212 Romana
1336 2159 1618 2213 convenire.

256 2250 568 2305 Reverenda
616 2252 777 2304 vestri
829 2250 1154 2320 apostolatus
1207 2250 1435 2321 alloqnia
1485 2264 1582 2320 per
1629 2249 1765 2305 filios

191 2356 383 2401 vestros
403 2348 639 2401 Leonem
662 2355 821 2415 atque
839 2347 1113 2417 Eulogium
1135 2346 1474 2403 desiderabili
1498 2347 1766 2402 hilaritate

190 2442 552 2509 suscepimus;
618 2455 843 2510 quorum
891 2441 1037 2512 prius
1086 2454 1409 2513 praeceptum
1437 2488 1451 2513 ,
1501 2459 1597 2499 cur
1645 2459 1763 2513 qua:

189 2531 577 2587 Thessalonicae
609 2533 947 2603 contigerunt
987 2548 1094 2589 non
1126 2534 1535 2607 insinuavimus,
1566 2550 1759 2605 argue-

187 2623 285 2678 bat.
329 2624 437 2680 Sed
469 2625 627 2694 longe
653 2634 774 2680 ante
802 2627 919 2696 ejus
948 2630 1266 2697 adventum,
1306 2629 1586 2685 occasione
1616 2644 1764 2684 com-

96 2784 99 2785 ν
183 2724 377 2782 parata,
413 2717 718 2770 curavimus
748 2716 1047 2787 significare
1076 2734 1406 2791 quaecunque
1433 2721 1517 2775 vel
1548 2734 1761 2775 rmnore

183 2808 526 2877 venientium,
556 2807 638 2863 vel
669 2822 854 2863 eorum
883 2810 972 2879 qui
1004 2810 1333 2879 pertulerant
1365 2812 1597 2879 scriptis,
1628 2826 1762 2881 quo-

180 2915 289 2955 rum
319 2903 568 2971 exempla
608 2901 791 2957 subter
818 2902 1155 2971 adjnnximus
1182 2946 1196 2967 ,
1238 2905 1319 2960 vel
1350 2905 1570 2975 piissimi
1611 2908 1759 2974 prin-

181 2992 305 3061 cipis
355 2993 666 3048 narratione
716 2996 1094 3064 comperimus.
1146 2996 1336 3051 Secuta
1382 3010 1464 3052 est
1510 2997 1758 3053 vindicta:

179 3086 464 3153 promissio
495 3105 507 3139 :
538 3087 674 3141 adeo
705 3097 762 3142 ut
791 3089 1093 3144 Dorotheus
1122 3090 1615 3147 Thessalonicensis
1644 3092 1759 3162 epi-

177 3190 364 3245 scepus
394 3176 465 3230 ad
505 3177 815 3232 Heracleam
852 3179 1208 3235 deduceretur
1244 3183 1544 3247 civitatem,
1584 3184 1757 3238 donec

174 3280 325 3322 causa
360 3268 653 3322 terminum
683 3270 964 3339 reperiret.
1012 3271 1153 3327 Inter
1184 3275 1296 3328 haec
1321 3318 1334 3340 ,
1368 3274 1656 3329 secundum
1692 3291 1753 3330 ea

172 3375 283 3428 quae
338 3358 723 3428 praecepistis,
782 3364 1150 3418 auctoritatem
1209 3366 1537 3434 apostolatus
1596 3368 1757 3424 vestri

171 3452 395 3522 principi
444 3452 719 3508 insinuare
772 3457 1094 3523 curavimus,
1144 3466 1200 3511 nt
1245 3458 1311 3512 ad
1362 3460 1756 3529 percipiendam

170 3542 473 3598 doctrinam
504 3544 781 3599 catholicae
823 3548 1066 3615 puritatis
1105 3549 1327 3604 Romam
1366 3553 1616 3621 praefatus
1648 3555 1757 3609 Do-

170 3636 391 3690 rotheus
434 3651 540 3689 una
574 3651 694 3690 cum
726 3637 958 3693 Aristide
987 3639 1308 3695 mitteretur.
1354 3644 1451 3708 Qui
1484 3647 1759 3715 respondit

169 3744 388 3784 causam
426 3745 534 3784 non
587 3746 707 3785 esse
749 3746 845 3800 pro
874 3747 974 3801 qua
1005 3732 1225 3788 Romam
1256 3735 1631 3805 delegarentur
1658 3754 1756 3794 au-

170 3821 375 3890 diendi,
404 3822 498 3876 ubi
528 3821 645 3876 sine
672 3832 1038 3877 accusatorum
1068 3827 1430 3881 controversia
1455 3841 1512 3881 se
1541 3840 1761 3898 possent

164 3914 388 3969 liberius
419 3930 703 3970 excusare.
756 3916 861 3971 Sed
895 3929 1147 3987 repente,
1178 3918 1302 3973 dum
1335 3920 1450 3975 haec
1477 3933 1755 3991 geruntur,

162 4005 224 4057 ab
252 4006 596 4061 Heracliensi
619 4048 633 4072 ,
667 4018 919 4077 quantum
948 4010 1281 4079 agnovimus,
1316 4011 1371 4066 in
1400 4027 1503 4083 qua
1534 4014 1756 4069 teneba-

159 4110 261 4164 tur,
297 4102 573 4155 dimissus
599 4110 683 4156 est
709 4102 921 4157 civitate
950 4120 963 4157 :
992 4118 1149 4173 quam
1182 4106 1250 4160 ob
1280 4120 1512 4173 causam,
1548 4110 1627 4164 vel
1658 4125 1759 4180 qua

120 4186 121 4189 “
158 4195 405 4263 ratione,
444 4203 541 4248 aut.
568 4195 907 4261 conditione,
961 4198 1043 4252 vel
1071 4200 1263 4268 quibus
1290 4202 1568 4271 agentibus
1603 4204 1759 4274 igno-

155 4300 360 4340 ramus.
420 4286 504 4339 De
534 4286 771 4356 paschali
800 4288 888 4343 die
928 4297 1100 4344 vestra
1152 4291 1425 4347 beatitudo
1470 4307 1760 4366 cognoscat

154 4378 503 4432 concordare
528 4379 879 4434 Orientalium
909 4395 1031 4436 cum
1068 4384 1357 4452 apostolica
1384 4387 1513 4442 sede
1544 4396 1759 4442 sentcn-

153 4468 301 4533 tiam,
331 4480 397 4523 ut
431 4484 526 4523 xm
559 4470 900 4526 calendarum
930 4472 1186 4528 Maiarum
1214 4476 1303 4531 die
1327 4476 1589 4534 festivitas
1616 4485 1758 4536 cele—

149 4559 355 4615 branda
390 4570 653 4631 speretur
676 4603 689 4626 ,
720 4562 860 4617 sicut
888 4564 1107 4620 Joannis
1137 4583 1347 4638 quoque
1378 4569 1758 4628 Constantino-

146 4657 374 4725 politani
407 4657 675 4711 antistitis
702 4658 960 4714 relatione
988 4661 1232 4717 clarebit.
1269 4664 1524 4734 Superest
1549 4675 1606 4721 ut
1632 4682 1757 4722 ora-

147 4753 307 4808 tionis
339 4752 707 4809 beatitudinis
739 4764 929 4810 vestrae
959 4757 1284 4813 adminiculo
1310 4761 1579 4829 celeriter,
1617 4764 1759 4820 sicut

1884 556 2028 611 sunt,
2059 555 2253 617 quanta
2286 555 2461 615 potest
2489 548 2731 602 diabolus
2760 550 3025 605 invenire.
3058 551 3189 605 Nam
3221 552 3266 607 si
3296 553 3379 609 hic
3416 555 3468 610 in

1883 646 2173 707 conspectu
2206 646 2391 691 nostro
2422 638 2571 707 plura
2604 647 2978 709 tentaverunt,
3021 652 3075 698 et
3105 643 3325 699 domino
3374 662 3469 699 no-

1881 728 2087 784 biscum
2129 738 2305 784 stante
2345 729 2553 785 confusi
2595 740 2751 800 sunt,
2780 743 2976 803 quanta
3018 735 3211 791 facient
3242 753 3335 806 per
3374 738 3467 792 ah-

1879 822 2108 877 sentiam
2142 821 2345 876 nostri?
2379 821 2445 877 Ut
2472 837 2601 893 ergo
2640 839 2825 880 eorum
2866 829 3036 897 possit
3072 829 3315 899 dissipari
3347 847 3462 886 ma-

1877 912 2116 981 lignitas,
2141 912 2325 983 jubete
2354 914 2507 969 nobis
2547 918 2925 986 praesentibus,
2958 919 3004 973 si
3041 920 3105 974 ad
3136 922 3460 979 audientiam

1876 1020 1974 1075 pro
2005 1004 2237 1073 peccatis
2266 1014 2483 1060 ventum
2507 1007 2694 1072 fuerit,
2726 1018 2785 1063 ut
2815 1017 3023 1065 constet
3053 1014 3190 1081 apud
3220 1014 3463 1071 homines

1876 1113 1974 1153 nos
2005 1100 2273 1154 immerito
2302 1109 2546 1155 mortuos
2575 1115 2716 1166 esse,
2746 1110 2800 1156 et
2822 1102 2943 1159 illos
2973 1106 3266 1173 patrocinio
3295 1123 3457 1177 pecii-

1876 1198 1979 1252 nite
2007 1195 2273 1251 laborare.
2302 1195 2407 1251 Nos
2438 1197 2579 1252 enim
2608 1210 2703 1252 eos
2732 1197 2783 1251 in
2814 1198 3062 1254 omnibus
3092 1201 3141 1253 in
3172 1213 3461 1271 conspectu

1874 1296 2095 1344 senatus
2122 1290 2443 1345 convincere
2476 1305 2778 1359 possumus,
2811 1290 2953 1361 quod
2982 1291 3218 1347 haeretici
3244 1285 3460 1362 perfecti

1874 1391 1999 1439 sunt
2029 1398 2044 1445 ;
2076 1392 2200 1438 tunc
2230 1383 2446 1439 demum
2484 1399 2670 1439 eorum
2704 1395 2882 1455 potest
2909 1388 3197 1443 monstrari
3228 1388 3459 1446 fallacia.

1872 1471 2002 1529 item
2055 1473 2341 1529 dicendum
2396 1492 2411 1529 :
2458 1474 2514 1531 Si
2566 1476 2803 1532 haeretici
2854 1493 2959 1534 non
3003 1488 3156 1548 sunt,
3189 1482 3461 1551 quomodo

1870 1574 1995 1621 ante
2024 1565 2159 1622 duas
2213 1567 2577 1631 hebdomadas
2621 1586 2779 1641 quam
2825 1586 2923 1627 nos
2970 1572 3307 1629 venissemus
3346 1585 3458 1629 sta-

1872 1667 2087 1713 tuerunt
2115 1674 2303 1714 omnes
2333 1660 2390 1714 in
2426 1677 2589 1716 unum
2644 1663 2878 1733 episcopi
2917 1678 2985 1720 ne
3013 1666 3134 1736 quis
3159 1666 3349 1722 missas
3378 1669 3459 1723 fo-

1871 1765 1959 1806 ras
1982 1752 2253 1808 civitatem
2292 1760 2523 1810 teneret.
2559 1754 2664 1810 Sed
2700 1756 2824 1811 hinc
2854 1772 3075 1823 omnes,
3110 1768 3167 1813 ut
3195 1768 3249 1814 et
3276 1760 3458 1815 multi-

1797 1843 1845 1906 B
1874 1843 2004 1899 tudo
2048 1853 2192 1899 esset
2234 1843 2426 1900 futura:
2474 1846 2724 1901 seditioni
2773 1858 3089 1918 congregata
3117 1889 3133 1915 ,
3184 1858 3240 1905 et
3277 1850 3458 1905 doceri

1872 1936 2040 2007 possit
2066 1938 2361 1992 secundum
2399 1952 2616 1993 errores
2637 1953 2843 1993 eorum.
2875 1938 2973 2006 Qui
3008 1950 3287 2011 postquam
3330 1956 3457 1996 sen-

1869 2038 2056 2085 serunt
2096 2043 2195 2085 nos
2227 2029 2443 2085 venisse
2474 2030 2911 2099 publicaverunt,
2942 2032 3297 2088 festinandum
3339 2048 3457 2089 esse

1868 2137 1989 2177 cum
2024 2123 2295 2191 parvulis,
2331 2138 2398 2177 ne
2428 2124 2805 2193 persecutione
2834 2125 3086 2178 veniente
3128 2125 3315 2195 pagani
3344 2141 3457 2179 mo-

1868 2225 2118 2271 rerentur
2155 2216 2385 2272 infantes
2414 2226 2519 2272 :‘et
2563 2225 2688 2273 tunc
2726 2217 2872 2272 velut
2900 2218 2966 2272 ad
2996 2217 3222 2272 alterum
3254 2218 3456 2272 Pascha

1870 2317 2046 2365 tantos
2074 2308 2510 2379 baptizaverunt,
2548 2319 2606 2365 ut
2643 2322 2954 2366 consuetam
2985 2310 3328 2366 festivitatem
3366 2324 3455 2365 su-

1868 2411 2137 2471 perarent.
2165 2402 2296 2457 Item
2319 2403 2605 2459 dicendum
2630 2420 2644 2458 :
2668 2404 2723 2459 Si
2756 2404 2993 2460 haeretici
3016 2420 3123 2460 non
3155 2415 3302 2473 sunt,
3323 2420 3455 2477 quo-

1866 2496 2028 2552 modo
2087 2504 2232 2551 tanta
2282 2506 2621 2554 sacramenta
2674 2498 3064 2566 confecerunt,
3118 2508 3174 2554 ut
3223 2500 3454 2554 canistra

1867 2590 2022 2659 plene
2050 2590 2300 2647 omnibus
2329 2601 2646 2663 erogarent,
2677 2608 2746 2648 ne
2776 2595 3087 2650 imminente
3118 2592 3279 2664 (sicut
3305 2594 3454 2650 dicc-

1864 2682 2028 2752 bant.)
2059 2682 2437 2752 persecutione
2464 2685 2864 2739 communicare
2903 2699 3006 2739 non
3036 2684 3292 2753 possent?
3323 2686 3452 2740 Item

1863 2776 1908 2831 si
1937 2775 2174 2831 haeretici
2201 2790 2307 2830 non
2338 2786 2485 2841 sunt,
2518 2785 2703 2845 postea
2731 2790 2897 2845 quare
2924 2776 3157 2831 accusati
3184 2785 3309 2832 sunt
3328 2792 3449 2847 ges-

1865 2867 1931 2921 tis
1957 2880 1987 2920 a
2013 2866 2273 2935 Candide,
2302 2868 2417 2923 viro
2443 2867 2679 2934 sublimi,
2713 2866 2913 2923 vicario
2944 2867 3179 2937 magistri
3222 2868 3451 2924 militum

1864 2956 2306 3025 praetorianorum
2338 2957 2391 3012 in
2420 2957 2625 3027 judicio
2656 2957 3069 3027 praefectorum?
3102 2958 3167 3011 Et
3196 2958 3241 3012 si
3273 2968 3432 3013 matu-

1862 3058 1980 3099 rum
2012 3046 2305 3114 periculum
2343 3055 2669 3117 cognoscent
2698 3045 3025 3113 adfuturum,
3058 3062 3225 3118 quare
3242 3047 3443 3117 denuo,

1865 3145 2115 3205 tanquam
2144 3136 2459 3203 damnandi,
2491 3137 2657 3192 velint
2680 3136 2965 3192 subvenire
2996 3137 3186 3192 iterum
3218 3140 3451 3209 parvulis

1782 3232 1830 3298 ο
1862 3227 2172 3295 cupientes;
2225 3236 2369 3282 tanta
2410 3244 2623 3284 rursum
2683 3238 2737 3285 et
2788 3228 3043 3283 confutati
3092 3240 3450 3287 exercuerunt

1865 3317 2189 3387 baptismala
2216 3357 2231 3379 .
2280 3327 2339 3373 ut
2364 3333 2492 3374 vere
2532 3319 2737 3373 cunctis
2786 3332 2845 3373 se
2874 3318 3155 3374 hairetices
3186 3321 3450 3376 ostendis-

1862 3417 1982 3463 sent
2016 3425 2030 3461 :
2062 3408 2129 3463 ad
2158 3423 2317 3479 quam
2352 3424 2464 3463 rem
2500 3410 2631 3463 satis
2665 3419 2718 3464 et
2746 3410 3023 3480 magnifica
3051 3419 3287 3480 potestas
3317 3426 3449 3481 prm-

1862 3498 2127 3555 fecterum
2156 3501 2471 3570 gravissime
2510 3500 2783 3570 indignata
2822 3513 2924 3557 εει.
2970 3501 3098 3556 Ιιεηι
3130 3503 3175 3557 si
3215 3504 3449 3560 haeretici

1861 3604 1968 3645 non
1996 3600 2140 3657 sunt,
2167 3592 2435 3661 quomodo
2470 3606 2589 3646 cum
2619 3592 2668 3645 in
2697 3592 3011 3660 baptisterio
3033 3593 3331 3648 abscenditi
3361 3611 3450 3649 es-

1860 3695 2063 3747 semus,
2092 3681 2375 3736 consilium
2415 3682 2554 3736 inter
2597 3696 2657 3735 se
2688 3681 2925 3736 habitum
2955 3696 3051 3750 per
3077 3691 3307 3748 noctem,
3340 3686 3450 3739 vcl-

1862 3772 1937 3825 uti
1967 3771 2034 3825 de
2079 3771 2317 3840 periculo
2344 3771 2572 3826 liberare
2590 3786 2688 3826 nos
2711 3772 2973 3837 volentes,
3003 3771 3056 3825 in
3088 3773 3205 3825 navi
3242 3774 3451 3829 mittere

1862 3861 2176 3924 voluerunt,
2212 3869 2269 3914 ut
2303 3861 2401 3914 hac
2430 3863 2715 3915 occasione
2758 3861 2891 3915 mari
2924 3862 3225 3931 praccipites
3255 3862 3447 3917 daren-

1864 3951 1985 4006 tur?
2009 3951 2250 4019 Cumque
2273 3966 2371 4006 nos
2400 3951 2866 4019 respondissemus
2897 3965 2993 4021 per
3032 3950 3359 4007 Demetrium
3397 3960 3450 4007 et

1863 4040 2129 4096 Andream
2178 4039 2434 4095 diaconos
2478 4057 2490 4092 :
2541 4040 2739 4095 Omnes
2782 4056 2879 4095 nos
2925 4042 3062 4111 apud
3095 4056 3191 4095 vos
3214 4057 3332 4097 esse
3360 4058 3450 4098 eo.

1864 4140 2165 4201 gnoscunt;
2198 4130 2465 4200 quomodo
2493 4145 2587 4201 per
2618 4140 2827 4185 noctem
2858 4131 3110 4201 navigare
3135 4147 3448 4201 possumus;

1868 4222 1963 4277 sed
1997 4223 2041 4277 si
2074 4236 2168 4275 vos
2198 4236 2324 4274 vere
2370 4235 2467 4291 pro
2511 4232 2694 4277 nostra
2726 4221 2895 4275 salute
2929 4222 3301 4288 consuluistis,
3332 4230 3465 4277 cra-‘

1864 4312 2003 4365 stina
2029 4312 2115 4366 die
2142 4319 2352 4365 secrete
2380 4311 2613 4380 quinque
2636 4310 2719 4365 vel
2750 4326 2842 4365 sex
2869 4320 3166 4377 senatores,
3195 4312 3281 4381 qui
3313 4314 3451 4381 peri-

1864 4403 2040 4457 culum
2073 4400 2387 4455 substantia:
2416 4401 2501 4454 vel
2532 4401 2718 4453 salutis
2750 4416 2861 4454 sua:
2890 4410 3163 4465 metuunt,
3197 4416 3299 4454 una
3328 4417 3452 4457 cum

1865 4494 2131 4563 magistris
2161 4491 2388 4545 militum
2426 4499 2479 4544 et
2518 4490 2718 4545 vicario
2762 4489 3004 4543 Candide
3033 4482 3230 4547 comite
3270 4491 3452 4562 jubete

1863 4582 2162 4645 advocare;
2196 4588 2522 4649 cognoscant
2542 4588 2597 4633 et
2627 4579 2723 4650 ipsi
2749 4577 2834 4631 ubi
2864 4578 3257 4646 transferimur,
3290 4590 3340 4636 et
3370 4584 3452 4636 fa-

1863 4673 2033 4727 cimus
2063 4670 2205 4742 quod
2246 4669 2479 4738 jubent;
2542 4669 2621 4723 sin
2672 4677 2846 4723 autem
2896 4669 2997 4723 soli
3033 4673 3317 4738 secretim,
3352 4672 3453 4730 hoc

1865 4778 1970 4817 non
2009 4761 2267 4825 facimu's;
2303 4770 2427 4814 tunc
2456 4760 2529 4814 illi
2577 4776 2681 4815 non
2716 4760 3047 4815 invenientes
3083 4761 3355 4829 effectum,
3382 4764 3449 4819 ad

1864 4855 2050 4908 heram
2086 4861 2382 4917 tacuerunt,
2414 4860 2469 4906 et
2506 4850 2606 4904 alia
2658 4850 2744 4906 die
2769 4850 2963 4906 iterum
3004 4852 3318 4908 seditionem
3353 4868 3452 4923 po-

1862 4944 1971 5017 puli
2010 4950 2416 4998 commoverunt
2453 4958 2464 4992 :
2510 4940 2653 4997 unde
2693 4941 2812 5010 vix,
2857 4942 2969 4998 Deo
3003 4943 3218 5001 volente
3282 4947 3452 5000 evasi-
3506 4938 3518 4948 ”

1863 5041 2004 5081 "me"
2464 5091 2848 5151 SUGGESTIO

2084 5179 2322 5223 DIOSCORI
2353 5179 2563 5220 DMCONI
2594 5182 2660 5220 AD
2692 5183 2993 5223 HORMISDAH
3026 5184 3217 5223 PAPAH.

1863 5258 2213 5330 Epiphaniam
2288 5257 2342 5310 in
2403 5255 2851 5395 locumﬂloannis
2905 5260 3449 5333 Constantinepolilani

2510 5345 2567 5382 su
2614 5340 2800 5385 sctum.

2510 5340 2800 5385 stt/lectum.

1936 5412 2062 5467 Erat
2109 5410 2341 5483 optabile
2388 5421 2443 5465 et
2487 5418 2614 5465 veto
2657 5421 2844 5467 nostro
2878 5413 3202 5468 conveniens
3253 5426 3449 5466 censo-
3519 5395 3531 5411 ’

1869 5505 2048 5559 nantia
2075 5501 2359 5573 praeteritis
2387 5503 2728 5569 annuntiare,
2755 5502 2959 5557 scilicet
2991 5501 3296 5572 pontificem
3319 5499 3449 5555 Cen-

1862 5594 2348 5666 stantinopolitante
2409 5591 2665 5648 Ecclesiae
2712 5592 2968 5647 Joannem
3016 5607 3135 5647 esse
3193 5593 3450 5662 supersti-

1865 5697 2008 5753 tem,
2054 5694 2107 5740 ct
2151 5684 2543 5740 confessionem
2590 5682 2774 5738 lihelle
2799 5681 2996 5736 editam
3032 5699 3047 5751 ;
3079 5682 3231 5754 cujus
3260 5684 3449 5740 merita

1867 5795 1969 5835 non
2013 5785 2094 5833 est
2136 5776 2354 5835 dubium
2386 5775 2498 5830 Dee
2530 5772 2771 5843 placere,
2796 5772 2882 5840 qui
2907 5773 3048 5830 inter
3076 5773 3368 5831 catholicos
3397 5784 3451 5840 et

186 5878 209 5921 r
252 5869 520 5931 Ansulis
543 5871 740 5928 inclusa
775 5874 827 5931 in
860 5875 1071 5935 Lahbeo
1092 5880 1287 5938 omissa
1310 5885 1671 5959 supplevitnus
1692 5906 1761 5951 cx
1781 5899 1907 5954 edit.
1944 5896 2093 5951 Rom.

139 4848 427 4918 cupimus,
468 4847 664 4903 vestris
691 4863 995 4904 mereamur
1020 4853 1332 4922 przesentari
1359 4856 1611 4927 vestigiis.

792 4941 1147 5001 lNDlCULUS

132 5046 217 5095 QCI
260 5044 554 5087 DIRECTUS
583 5045 679 5086 EST
711 5049 741 5087 Α
772 5049 989 5103 JOANNE,
1022 5053 1288 5108 EPISCOPO,
1319 5054 1419 5094 νει,
1451 5057 1513 5096 ΑΒ
1542 5056 1757 5097 EPIPIIA-

481 5117 571 5157 N10
591 5119 930 5160 PBESBY‘I‘ERO
952 5124 1017 5161 υε
1043 5125 1450 5167 τηεςδιιοιιιειι.

408 5194 950 5252 Thessalonicensium
980 5202 1194 5255 crimina
1222 5214 1517 5259 narrantur.

198 5288 259 5343 Si
316 5302 437 5358 pro
495 5288 729 5356 peccatis
758 5291 953 5344 nostris
991 5290 1076 5345 isti
1108 5289 1197 5363 qui
1228 5292 1350 5348 hinc
1380 5295 1591 5351 adducti
1635 5304 1761 5352 sunt

127 5379 384 5451 episcopi
440 5376 967 5449 Constantinopolim
998 5382 1193 5438 fuerint
1232 5385 1480 5455 ingressi,
1536 5403 1641 5443 non
1674 5389 1759 5443 di-

126 5484 321 5525 camus
350 5469 521 5540 quod
546 5469 927 5539 imperatorem
947 5473 1111 5528 visuri
1140 5484 1265 5528 sunt
1286 5476 1459 5532 modis
1483 5480 1754 5545 omnibus,

123 5567 218 5623 sed
251 5565 427 5639 quod
479 5571 535 5619 et
565 5567 679 5621 suis
709 5567 841 5624 locis
871 5570 1234 5628 restituentur.
1269 5574 1467 5631 Tantas
1493 5580 1632 5632 enim
1666 5594 1757 5649 pe-

119 5663 321 5716 cunias
354 5674 570 5716 secum
602 5660 934 5733 detulerunt,
981 5674 1038 5721 ut
1067 5681 1171 5721 non
1208 5669 1483 5738 homines,
1513 5673 1605 5727 sed
1639 5689 1761 5742 pos-

118 5754 229 5813 sint
259 5754 532 5826 angelos
574 5769 865 5811 cxcmcarc.
896 5759 951 5814 Si
980 5775 1107 5832 ergo
1144 5761 1308 5833 (quod
1340 5764 1499 5836 absit)
1533 5767 1755 5838 ingressi
