3998 6368
537 372 645 428 485

1867 354 2238 416 "ORMISDE
2279 352 2481 414 PAF/ﬁ

3689 360 3780 415 £84

537 464 1019 543 communicatores
1037 478 1180 537 sedis
1206 477 1507 551 apostolicae
1542 473 1735 532 meruit
1760 472 1822 529 ad
1854 472 2011 531 aliam
2040 485 2109 527 ex
2138 471 2190 535 Α
2216 468 2425 523 dicant?
2470 476 2683 523 omnem
2731 468 3121 537 praemiorum
3169 466 3366 523 fontem
3412 451 3784 524 transcenden-

537 583 638 639 hac
662 583 763 637 vita
795 578 1089 635 discedere.
1117 578 1169 633 ln
1202 576 1354 648 cujus
1403 576 1577 631 locum
1623 572 1950 643 Epiphanius
1995 571 2112 640 qui-

536 676 658 733 dam
712 674 989 747 presbyter
1034 673 1301 745 quondam
1351 669 1619 743 syncellus
1660 668 1775 738 ejus
1815 663 2109 733 successit,

541 770 690 838 cujus
727 767 874 821 initia
920 767 1055 821 bona
1090 765 1336 820 videntur
1370 782 1384 818 :
1417 780 1535 818 nam
1579 752 1912 818 rationabilis
1944 756 2114 827 loqui-

537 869 641 929 tur,
675 871 727 915 et
757 860 1015 931 promittit
1045 857 1262 913 Patrum
1294 872 1352 912 se
1381 855 1590 926 regulas
1619 863 1983 913 servaturum,
2017 863 2109 918 pa-

535 972 650 1009 cem
674 952 1038 1022 unitatemque
1064 948 1362 1005 ordinatam
1395 965 1497 1003 non
1521 946 1798 1015 dissipare,
1827 942 1921 998 sed
1946 942 2112 1010 magis

535 1064 751 1118 augere.
796 1046 897 1101 Ista
946 1054 1070 1099 sunt
1105 1060 1222 1115 quae
1263 1038 1543 1113 promittit.
1588 1039 1721 1108 Quid
1753 1045 1927 1091 tamen
1951 1040 2113 1104 Opere

538 1143 704 1208 poSsit
733 1139 975 1208 implere,
1004 1132 1177 1192 adhuc
1202 1137 1525 1206 ignoramus.
1561 1132 1663 1186 llas
1684 1128 1943 1201 siquidem
1974 1127 2113 1181 litte-

536 1249 622 1286 ras
643 1276 656 1299 ,
683 1243 870 1301 quarta
903 1238 1023 1300 post
1062 1229 1455 1284 ordinationem
1488 1224 1730 1293 ejusdem
1761 1223 1875 1287 die,
1902 1227 2116 1291 reperta

537 1326 814 1379 occasione
844 1323 1233 1377 transmisimus
1259 1342 1273 1377 :
1304 1319 1528 1375 necdum
1559 1330 1679 1372 cum
1724 1331 1788 1371 eo
1818 1311 2113 1370 communi-

537 1420 802 1482 cavimus;
830 1433 935 1471 non
961 1418 1109 1486 quasi
1136 1414 1470 1478 resistentes,
1495 1412 1587 1466 sed
1612 1410 1729 1481 quia
1763 1408 1934 1463 adhuc
1962 1406 2029 1461 ab
2048 1419 2114 1461 eo

539 1525 641 1564 non
673 1518 854 1563 sumus
885 1508 1106 1561 invitati.
1142 1496 1400 1576 Superest
1448 1512 1501 1558 ut
1540 1498 1879 1557 beatitudinis
1923 1505 2114 1553 vestrae

538 1605 746 1659 insistat
772 1604 962 1669 oratio,
994 1611 1253 1673 quatenus
1284 1601 1473 1655 divinm
1495 1599 1678 1667 gratia:
1701 1593 1964 1665 adjutorio
1996 1589 2113 1645 talis

537 1705 812 1765 erumpat,
865 1710 958 1765 per
1000 1711 1156 1765 quem
1205 1694 1272 1748 de
1321 1690 1549 1762 perfecta
1595 1690 1860 1758 possimus
1913 1685 2113 1739 unitate

536 1790 784 1859 gaudere.
820 1787 1049 1855 Accepta
1079 1802 1146 1840 vn
1177 1784 1295 1839 idus
1330 1783 1558 1851 Aprilis,
1591 1774 1809 1834 Rustico
1861 1778 1975 1831 viro
2004 1774 2112 1830 cla-

534 1881 747 1933 rissimo
775 1879 995 1933 consule
1030 1882 1191 1947 (anno
1220 1874 1431 1929 Domini
1466 1868 1613 1941 520).

594 1978 599 1983 ‘
1176 1958 1473 2021 RELATIO

535 2079 713 2120 sva‘ont
741 2068 1364 2119 cossrannndmurasm
1394 2066 1458 2112 bt-z
1482 2062 1831 2112 OBDINATiONE
1857 2056 2112 2106 EPIPHANll

1193 2142 1440 2185 EPIErCOPI.

715 2224 1061 2295 Epiphaniam
1082 2223 1378 2293 episcopum
1412 2221 1625 2273 eteorum
1654 2216 1935 2288 signiﬁcat.

607 2320 829 2375 Domino
870 2326 1052 2373 nostro
1079 2326 1265 2372 sancto
1298 2328 1358 2370 ac
1386 2315 1696 2370 beatissimo
1736 2312 1871 2381 patri
1902 2316 2115 2379 patrm

532 2414 935 2484 archiepiscopo
979 2420 1032 2467 et
1068 2410 1383 2482 patriarchae
1419 2408 1719 2463 Hormistlae
1758 2400 2108 2472 Theophilus,

536 2508 840 2572 Basiliscus,
880 2505 1063 2571 Isaias,
1095 2504 1429 2567 Anastasius,
1472 2502 1765 2562 Patavinis,
1817 2498 2105 2551 Martiarum

534 2607 588 2652 et
607 2607 827 2662 caetera,
852 2608 1031 2653 saneta
1060 2595 1296 2667 synodus
1318 2608 1433 2663 qua!
1457 2590 2107 2659 inanimantinopolhana

531 2698 613 2744 est
641 2688 856 2744 civitate
886 2695 1226 2756 congregata.

603 2781 1043 2836 Innumerabilem
1070 2774 1755 2846 etlninvestigatammagni
1789 2773 1880 2827 Dei
1910 2779 1962 2825 et
1990 2770 2111 2826 Sal-

528 2878 729 2931 vatoris
759 2877 924 2930 nostri
964 2876 1090 2929 Jesu
1129 2872 1326 2928 ChriSti
1360 2870 1693 2938 sortientium,
1724 2874 1979 2936 quantum:
2010 2865 2109 2917 tto-

528 2969 761 3024 minibus
788 2968 943 3022 datur
966 2966 1210 3035 intelligi,
1236 2964 1660 3025 censidermes,
1684 2959 1961 3014 caritatem
1990 2958 2107 3027 eius

528 3064 843 3116 immensam
873 3061 1016 3129 juste
1047 3060 1323 3123 miramur,
1355 3065 1408 3110 et
1446 3062 1565 3109 cum
1594 3064 1782 3122 magna
1813 3051 2108 3105 clamamus

528 3166 697 3209 voce:
737 3154 860 3219 Quis
896 3152 1128 3217 loquetur
1170 3148 1416 3216 potentias
1450 3146 1688 3211 Domini,
1721 3142 1924 3197 auditus
1954 3142 2107 3209 faciet

2219 570 2343 614 tem.
2377 559 2471 614 liis
2499 573 2629 629 ergo
2660 559 2945 614 virtutibus
2978 559 3213 628 pollens,
3241 575 3347 614 non
3374 559 3648 615 immerito
3673 572 3787 630 prae

2216 651 2360 720 prias
2406 659 2459 704 et
2506 650 2737 705 creditas
2775 651 2995 705 sibimet
3039 652 3299 707 maximas
3338 651 3600 707 Ecclesiae
3644 662 3786 709 curas

2217 743 2493 827 sapienter
2526 752 2581 798 et
2619 744 2912 799 honoriﬁce
2942 747 3177 814 gessisse
3211 745 3565 815 dignescitur,
3599 747 3787 804 habens

2217 833 2271 888 in
2300 846 2479 889 mente
2518 835 2652 889 illud
2678 837 2819 905 quod
2850 851 2879 889 a
2909 836 3049 891 sacri
3094 837 3291 892 cantici
3330 846 3547 893 auctore
3575 839 3788 896 relatum

2214 933 2300 979 est
2326 942 2339 978 :
2372 924 2445 978 Os
2469 934 2637 979 meum
2666 927 2895 996 loquetur
2917 928 3242 997 sapientiam,
3272 938 3321 982 et
3343 928 3607 983 mditatio
3635 930 3788 984 cordis

2216 1017 2314 1070 mei
2356 1016 2686 1087 prudentiam
2728 1017 2913 1088 (Paul.
2966 1020 3259 1087 unum).
3312 1020 3465 1075 Unde
3508 1022 3787 1075 secundum

2217 1117 2420 1163 rectam
2451 1118 2505 1164 et
2550 1109 2882 1179 probabilem
2927 1111 3220 1166 ﬁdelissimi
3262 1120 3319 1167 et
3357 1113 3789 1171 Christianissimi

2217 1201 2387 1253 nostri
2420 1200 2699 1269 principis,
2722 1212 2777 1255 et
2798 1201 3049 1270 ﬁiosimc
3071 1202 3287 1272 regine,
3311 1211 3366 1258 et
3390 1204 3789 1273 gloriosissimo-

2219 1306 2337 1346 rum
2388 1295 2691 1349 communis
2741 1293 3048 1364 reipublicae
3105 1308 3387 1364 procerum
3444 1298 3788 1365 sententiam,

2220 1390 2401 1436 nostra
2432 1396 2643 1453 quoque
2672 1384 2833 1438 etiam
2878 1385 3121 1439 omnium
3157 1386 3211 1439 in
3252 1386 3353 1440 hac
3401 1387 3530 1442 urbe
3561 1387 3791 1441 habitan-

2221 1474 2353 1529 tium
2384 1477 2780 1545 testiﬁcatione,
2814 1476 3072 1546 judicium
3104 1478 3251 1533 Pauli
3279 1479 3537 1535 mirabiiis
3562 1494 3793 1535 commeo

2219 1566 2301 1619 nis
2350 1567 2603 1622 Ecclesiae
2646 1568 2881 1623 doctorio
2915 1582 3022 1623 non
3062 1579 3147 1624 est
3178 1571 3230 1625 in
3265 1585 3333 1625 eo
3365 1570 3686 1637 fraudamur,
3708 1574 3792 1642 qni

2219 1661 2742 1730 irreprehensibilem
2774 1662 2969 1717 debere
3007 1676 3129 1718 esse
3168 1664 3478 1733 episcopum
3519 1666 3790 1722 denuntiat

2220 1750 2268 1821 (Ι
2318 1751 2447 1804 Tim.
2495 1750 2577 1821 tu)
2613 1768 2628 1805 :
2658 1753 2729 1805 ita
2776 1761 2831 1806 et
2869 1761 3109 1806 nostrum
3157 1753 3469 1821 pontiﬁcem
3517 1756 3794 1812 virtutibus

2148 1846 2197 1923 Β
2228 1845 2457 1914 undique
2488 1852 2801 1898 coronatum
2832 1858 2954 1899 esse
2984 1846 3249 1906 videmus.
3284 1846 3451 1919 Igitur
3480 1848 3793 1904 ecclesiasti-

2222 1952 2338 1991 cam
2372 1936 2542 2007 legero
2573 1936 2880 2005 implentes,
2901 1939 3218 2005 apostolatui
3254 1948 3431 1993 vestro
3467 1941 3795 1996 salutationis

2220 2028 2458 2081 debitum
2492 2028 2857 2095 persolventes
2880 2028 3148 2097 ofﬁcium,
3185 2044 3463 2101 speramus
3492 2040 3551 2085 trt
3575 2033 3794 2101 amplius

2217 2120 2455 2175 caritatis
2497 2120 2762 2175 vinculum
2811 2131 2865 2176 et
2913 2128 3191 2191 paternum
3234 2121 3479 2178 allectum
3526 2125 3666 2180 circa
3704 2140 3795 2179 nos

2217 2216 2411 2269 caritas
2436 2224 2613 2270 vestra
2644 2217 2909 2270 custodire
2938 2216 3207 2285 dignetur,
3238 2225 3295 2272 et
3333 2220 3561 2286 sapienti
3601 2221 3794 2288 guber-

2215 2308 2431 2362 natione
2477 2316 2531 2362 et
2580 2308 2906 2375 humilitate,
2946 2324 3065 2379 quae
3107 2309 3468 2367 Christianum
3517 2312 3697 2379 decet,
3745 2323 3800 2369 et

2220 2398 2650 2464 mansuetudine,
2678 2414 2796 2468 quae
2823 2400 2887 2452 ad
2914 2400 3244 2453 rationabilis
3284 2401 3464 2456 traditi
3512 2404 3662 2457 vobis
3689 2403 3798 2458 ovi-

2217 2491 2281 2545 lis
2325 2492 2548 2547 salutem
2600 2492 2866 2562 pertinet,
2910 2492 3215 2562 peragatis,
3264 2507 3549 2549 commune
3591 2494 3795 2550 lucrum

2215 2585 2614 2651 existimantes,
2643 2586 2783 2655 quod
2815 2601 2910 2655 per
2936 2602 3029 2641 vos
3059 2596 3114 2642 et
3134 2596 3374 2645 vestrum
3404 2604 3725 2658 germanum
3749 2601 3801 2647 et

2214 2671 2752 2733 comministratorem
2772 2718 2787 2744 ,
2822 2689 3060 2737 nostrum
3110 2691 3286 2736 autem
3327 2681 3601 2738 dominum
3632 2694 3686 2739 et
3715 2700 3801 2753 pa-

2215 2767 2521 2830 triarcham,
2555 2783 2737 2837 pacem
2771 2770 2933 2823 totius
2961 2770 3104 2825 orbis
3136 2770 3495 2828 Ecclesiarum
3523 2788 3647 2829 esse
3676 2790 3799 2845 pro-

2215 2863 2402 2917 visam.
2438 2861 2624 2917 Fratcr
2652 2865 2787 2917 enim
2815 2881 2847 2917 a
2871 2866 3030 2935 fratre
3056 2866 3293 2937 adjuvari
3308 2867 3670 2937 spiritaliter,
3688 2885 3801 2922 nui-

2214 2974 2303 3011 rus
2325 2966 2399 3010 est
2422 2957 2849 3028 inexpugnabilis,
2879 2969 2924 3011 et
2950 2958 3125 3012 civitas
3154 2959 3372 3023 munita,
3397 2973 3463 3014 ex
3489 2960 3691 3013 divinis
3714 2967 3804 3016 est

2172 3100 2179 3107 .
2214 3049 2457 3119 accipere
2483 3048 2796 3118 Scripturis.
2824 3048 2957 3104 Nam
2990 3049 3067 3121 (α)
3095 3049 3149 3104 in
3186 3049 3667 3108 intercessionibus
3700 3067 3802 3108 ve-

2215 3150 2339 3196 Strae
2407 3143 2750 3197 beatitudinis
2807 3143 3075 3213 generalis
3132 3145 3487 3212 tranquillitas
3543 3146 3807 3203 Eeciesiis

539 3262 710 3302 omnes
739 3244 916 3299 laudes
943 3246 1049 3315 ejus
1076 3241 1245 3311 (Paul.
1279 3239 1411 3311 Cv)?
1438 3240 1576 3295 ane
1607 3239 1749 3292 enim
1794 3252 1891 3307 per
1917 3236 2107 3290 bonam
2139 3230 2189 3305 (ξ
2218 3233 2638 3290 orthodoxorum
2680 3235 2839 3289 fuerit
2866 3236 3156 3312 redonata,
3184 3236 3347 3306 gloria
3378 3236 3594 3307 quidem
3624 3240 3676 3292 in
3708 3254 3803 3296 ex-

527 3338 856 3393 voluntatem
902 3335 1108 3391 sancta!
1146 3338 1199 3387 et
1240 3334 1397 3386 unius
1437 3330 1685 3386 essentia:
1727 3328 2021 3391 Trinitatis,
2063 3335 2117 3382 et

527 3429 909 3483 intercessione
940 3426 1185 3490 gloriosa:
1214 3422 1391 3479 Mariae
1422 3423 1661 3491 virginis,
1690 3420 1869 3475 studio
1900 3432 2113 3489 quoque

528 3528 583 3574 et
612 3519 875 3587 vigilantia
900 3516 1338 3571 Christianissimi
1370 3524 1423 3569 et
1452 3512 1748 3567 ﬁdelissimi
1776 3512 2119 3580 imperatoris

527 3619 581 3664 et
604 3609 854 3679 piissimae
889 3610 1109 3678 reginze,
1135 3600 1262 3661 olim
1288 3620 1404 3675 qua:
1429 3604 1636 3659 fuerant
1662 3604 1897 3658 membra
1921 3602 2114 3680 divisa,

526 3714 621 3773 per
649 3702 882 3769 Spiritus
920 3704 1089 3756 sancti
1124 3701 1350 3769 gratiam
1381 3696 1445 3755 ad
1474 3700 1729 3754 unitatem
1759 3700 1813 3754 et
1833 3699 2113 3753 caritatem

524 3793 813 3863 perfectam
860 3804 984 3848 sunt
1020 3793 1237 3847 redacta
1285 3808 1297 3846 :
1340 3802 1394 3847 et
1441 3794 1576 3846 sicut
1602 3784 1817 3860 Moyses
1852 3801 1904 3843 et
1935 3786 2112 3844 Aaron

523 3885 684 3941 duces
722 3887 809 3941 Dei
845 3901 969 3941 vere
1009 3887 1231 3940 culturzc
1277 3882 1588 3939 Israeliticae
1629 3881 1912 3947 nominati,
1971 3886 2115 3935 nunc

523 3979 593 4032 ita
628 3987 683 4032 et
714 3992 811 4031 nos
840 3978 1133 4047 gaudentes
1163 3976 1457 4030 clamamtts
1490 3993 1504 4027 :
1534 3974 1806 4029 Cantemus
1840 3970 2061 4025 Domino
2096 3984 2117 4024 .'

524 4068 746 4136 gloriose
782 4069 914 4119 enim
949 4068 1311 4135 honoriﬁcatus
1354 4076 1447 4118 est.
1496 4064 1715 4135 Adjutor
1765 4070 1809 4117 et
1860 4064 2115 4130 protector

524 4158 693 4243 [actus
723 4167 792 4210 est
825 4157 948 4210 mihi
986 4158 1037 4210 in
1067 4156 1282 4210 salutem
1310 4155 1505 4222 (Exod.
1537 4156 1647 4226 xv).
1679 4149 1741 4210 Et
1768 4155 1885 4209 tunc
1914 4154 2113 4209 sentire

528 4257 582 4302 et
607 4249 898 4317 przedicare
924 4262 1045 4303 cum
1090 4248 1285 4302 ﬁducia
1315 4262 1499 4303 sumus
1527 4246 1723 4301 edocti.
1756 4246 2113 4301 Consideran-

527 4346 607 4393 tcs
637 4348 811 4394 autem
844 4341 1117 4394 caritatem
1159 4346 1213 4394 et
1250 4341 1358 4395 Deo
1401 4334 1685 4393 amabilem
1724 4346 1915 4393 vestrae
1947 4337 2112 4393 beati-

526 4428 725 4486 tudinis
753 4431 910 4485 vitam
936 4433 1095 4486 etiam
1129 4447 1195 4487 ex
1236 4432 1318 4486 his
1347 4432 1432 4501 qui
1475 4447 1502 4485 a
1533 4432 1684 4486 vobis
1715 4440 1837 4486 sunt
1860 4420 2109 4486 destinati

527 4523 783 4575 reverend
807 4524 954 4577 ssimi
982 4520 1161 4593 legati,
1185 4523 1431 4579 similiter
1468 4530 1523 4578 et
1570 4538 1751 4593 pacem
1805 4528 2106 4576 sanctarum

2221 3327 2381 3382 celsis
2410 3327 2516 3381 Deo
2543 3328 2779 3381 omnium
2812 3328 3075 3382 Salvatori
3107 3342 3201 3397 per
3225 3327 3443 3397 angelos
3465 3343 3587 3385 cum
3616 3330 3807 3385 laetitia

2220 3418 2505 3486 referetur,
2556 3435 2655 3490 pax
2707 3435 2834 3474 vero
2884 3420 2937 3474 in
2982 3429 3123 3475 terra
3169 3419 3618 3475 conﬁrmabitur:
3663 3422 3808 3480 bona

2220 3520 2394 3566 autem
2448 3512 2693 3566 voluntas
2744 3511 2989 3566 ﬁdelibus
3044 3512 3130 3581 (in
3180 3512 3459 3582 ﬁdelibus)
3502 3514 3805 3569 communis

2220 3603 2431 3657 Domini
2477 3613 2531 3659 et
2579 3604 2869 3659 Salvatoris
2894 3604 3065 3659 nostri
3092 3603 3217 3660 Jesu
3247 3603 3439 3659 Christi
3474 3605 3647 3658 servis
3682 3605 3805 3661 fnu-

2220 3697 2394 3751 detur.
2427 3696 2691 3766 Adjicient
2722 3696 2881 3767 igitur
2912 3696 3109 3751 nostris
3134 3695 3639 3766 supplicationibus,
3660 3696 3806 3766 quod

2220 3790 2396 3844 minus
2441 3790 2639 3843 dictum
2681 3798 2799 3856 est,
2842 3790 3076 3846 Joannes
3112 3789 3480 3845 sanctissimus
3517 3791 3807 3860 episcopus

2218 3881 2686 3950 Claudiopolitana:
2728 3883 2960 3937 civitatis
3010 3891 3195 3939 noster
3233 3881 3725 3945 comministrator;
3754 3891 3805 3937 et

2218 3974 2571 4030 lieraclianus
2601 3976 3081 4031 reverendissimus
3115 3975 3397 4045 presbyter
3435 3974 3653 4030 Sanctae
3692 3975 3806 4029 Ma-

2213 4068 2348 4136 joris
2371 4068 2614 4123 ecclesiae
2644 4079 2698 4124 et
2737 4068 3070 4124 cohabitator
3092 4068 3337 4138 praedicti
3362 4068 3689 4123 sanctissimi
3717 4084 3805 4123 aro

2216 4159 2541 4229 chiepiscopi
2573 4170 2626 4215 et
2654 4161 2966 4229 patriarchae
2997 4160 3277 4230 Epiphanii
3299 4202 3313 4226 ,
3341 4172 3393 4215 et
3418 4161 3809 4217 Constantinus

2214 4255 2296 4309 vir
2320 4255 2795 4310 reverendissimus
2826 4254 3083 4311 diaconus
3127 4256 3365 4325 ejusdem
3396 4264 3596 4309 sancta
3632 4256 3807 4309 eccle-

2213 4348 2329 4413 siae,
2358 4348 2448 4417 qui
2476 4350 2845 4418 probationem
2871 4364 2981 4403 suae
3002 4358 3163 4405 rectae
3188 4349 3333 4417 ﬁdei,
3353 4357 3410 4404 et
3435 4348 3595 4403 homo
3616 4351 3808 4405 volun-

2216 4441 2336 4494 tatis
2362 4440 2494 4494 olitu
2525 4440 2641 4506 his,
2678 4442 2766 4510 qui
2796 4457 2829 4495 a
2868 4452 3041 4496 vestra
3082 4440 3375 4511 apostolica
3414 4439 3545 4495 aede
3590 4439 3809 4495 fuerant

2218 4532 2427 4597 directi,
2460 4533 2671 4588 dedisse
2693 4543 3120 4604 cognoscuntur:
3151 4533 3295 4603 digni
3322 4542 3497 4588 autem
3523 4540 3584 4588 et
3612 4544 3807 4588 vestra

526 4614 620 4669 Dei
648 4612 1009 4670 EcClesiarum
1052 4626 1159 4669 tam
1190 4616 1417 4671 senioris
1456 4632 1612 4682 quam
1652 4615 1875 4669 novellae
1899 4612 2100 4680 Roma,

2216 4625 2541 4689 sancutatis,
2588 4632 2642 4679 et
2693 4625 3150 4681 administratione
3180 4623 3272 4698 [F.
3304 4624 3807 4680 administrationis-

526 4706 608 4760 cui
636 4721 731 4761 nos
761 4706 862 4775 ipsi
897 4708 1181 4777 participes
1212 4708 1378 4763 fuisse
1407 4717 1799 4775 monstramur,
1830 4707 1968 4761 bono
2012 4722 2107 4776 pa-

531 4801 665 4854 stori
713 4812 767 4854 et
806 4801 1027 4871 principi
1070 4806 1307 4857 omnium
1354 4803 1565 4857 Christo
1616 4800 1724 4857 Deo
1757 4813 1941 4857 nostro
1976 4816 2105 4856 con-

524 4900 675 4947 suete
695 4893 1214 4962 gratiasrelerimus.
1246 4893 1375 4948 Nam
1414 4905 1533 4963 post
1568 4890 1767 4950 obitum
1800 4903 1997 4950 sancta:
2024 4910 2108 4947 re-

522 4980 853 5039 cordationis
909 4985 1178 5059 quondam
1236 4988 1622 5057 archiepiscopi
1684 4998 1737 5042 et
1793 4987 2108 5057 patriarcha:

522 5077 741 5132 Joannis
767 5076 1366 5147 Constantinopolitanae
1386 5080 1638 5146 civitatis,
1670 5081 1830 5147 Deus,
1857 5080 1943 5150 qui
1977 5094 2102 5150 pro-

522 5169 693 5238 priam
724 5178 964 5223 sanctam
1002 5168 1299 5223 Ecclesium
1342 5171 1394 5223 in
1421 5176 1565 5238 petra
1599 5180 1759 5226 rectae
1778 5171 1903 5226 ﬁdei
1930 5173 2107 5225 incor-

521 5271 678 5330 rupta
710 5260 974 5325 fundavit,
1020 5252 1077 5316 et
1124 5270 1307 5330 portas
1340 5262 1535 5317 inferni
1579 5270 1687 5317 non
1733 5263 2022 5332 prmvaicre
2050 5263 2102 5317 et

456 5394 463 5401 .
521 5355 759 5410 decrevit
786 5352 999 5425 (Matth.
1026 5352 1159 5423 xvr),
1189 5344 1335 5407 dedit
1369 5353 1525 5407 nobis
1561 5362 1802 5408 sanctum
1836 5364 2101 5423 pastorem

522 5455 578 5502 et
604 5444 955 5517 patriarcham
988 5444 1368 5515 Epiphanium,
1400 5442 1703 5508 virtutibus,
1736 5454 1786 5497 et
1815 5444 2104 5499 correctio-

524 5540 703 5609 nibus,
732 5550 787 5594 et
816 5540 1163 5595 meditatione
1206 5530 1505 5591 divinarum
1548 5534 1827 5591 ﬂorentem
1866 5536 2106 5605 Scriptu-

525 5644 725 5695 rarum,
753 5642 949 5686 rectam
981 5644 1195 5699 quoque
1223 5637 1490 5682 tenentem
1518 5626 1697 5693 ﬁdem,
1722 5639 1775 5681 et
1798 5626 2105 5681 orbatorum

528 5732 798 5789 paternam
830 5730 1100 5792 regentem
1134 5717 1545 5775 sollicitudinem
1587 5738 1598 5773 :
1626 5728 1696 5783 et,
1724 5719 1849 5787 quid
1880 5719 2107 5788 amplius

598 5852 675 5925 (α)
698 5853 841 5908 Edit.
872 5854 1050 5920 Βοιιι.,
1076 5872 1116 5908 st
1148 5872 1257 5923 (μία)
1280 5858 1533 5908 intercus.

2221 4720 2386 4787 pacis,
2410 4727 2463 4771 et
2482 4724 2667 4788 gratia:
2688 4719 2895 4773 Domini
2922 4719 3089 4774 nostri
3112 4718 3236 4773 Jesu
3251 4716 3449 4773 Christi
3480 4718 3574 4772 Dei
3606 4720 3805 4784 nostri,

2216 4820 2269 4864 et
2315 4810 2568 4865 unitionis
2598 4820 2902 4865 sanctarum
2941 4810 3302 4866 Ecclesiarum
3335 4813 3804 4865 ntonstrahuntur.

2213 4904 2359 4971 Quos
2384 4905 2903 4973 speramuslzetantes
2938 4904 2989 4958 in
3024 4905 3271 4968 Domino,
3299 4913 3352 4957 ct
3380 4920 3564 4973 pacem
3588 4904 3823 4958 deside«

2215 5007 2381 5053 ratam
2399 4997 2728 5065 nuntiantes,
2755 4996 2818 5050 ad
2838 5010 2936 5051 nos
2960 4997 3121 5051 citius
3138 4998 3330 5051 vestris
3346 4996 3455 5051 Deo
3480 4994 3810 5049 amablibus

2212 5093 2636 5149 correctionibus
2672 5090 2898 5147 eductos
2938 5106 3181 5146 remeare
3216 5090 3532 5159 dignemini.
3562 5091 3800 5139 Omnem

2211 5186 2264 5240 in
2297 5184 2509 5239 Christo
2539 5182 2929 5238 lrateruitatem
2958 5196 3054 5235 nos
3079 5195 3293 5250 quoque
3315 5188 3370 5233 et
3388 5180 3481 5249 qui
3508 5178 3803 5233 nobiscum

2208 5286 2334 5334 sunt
2366 5277 2649 5348 plurimum
2684 5276 2975 5331 salutamus
3003 5274 3166 5344 (anno
3188 5274 3398 5328 Domini
3426 5272 3577 5341 519).

2767 5419 3221 5460 ευΒΒΟΒΙΡΤΙΟΝΕΒ.

2284 5522 2612 5593 Theophilus
2644 5518 3010 5575 misericordia
3046 5515 3137 5571 Dei
3168 5510 3810 5592 gpiscopuslieraclien-

2213 5618 2286 5672 sis
2314 5616 2560 5681 civitatis,
2592 5612 3034 5682 metropolitanus
3071 5606 3416 5665 subscribens
3448 5607 3502 5662 in
3530 5602 3811 5677 synodalia

2216 5710 2330 5774 bus,
2360 5709 2529 5761 saluto
2563 5722 2658 5759 Vos
2688 5704 2739 5759 in
2773 5703 3024 5767 Domino,
3051 5700 3287 5756 domine.
