3998 6368
257 363 357 420 ‘85
441 320 447 330 .

1454 358 1805 420 Εριετοιιῑ
1842 360 1931 420 ΕΤ
1970 362 2313 423 DECRETA.

3426 375 3532 430 486

325 482 616 538 Basiliscus
658 481 1025 538 misericordia
1068 480 1160 537 Dei
1191 481 1504 552 episcopus,
1537 483 1626 553 qui
1660 483 1678 516 ¹
1702 482 1838 538 Zici-
1866 486 1922 547 Α
1945 482 2078 539 sede
2101 482 2404 553 dejielatur,
2436 497 2539 554 qua
2560 497 2620 539 se
2642 483 2858 555 dignum
2887 442 3129 553 exhibet,
3158 500 3257 543 nec
3274 490 3529 550 anteriori

255 577 501 637 Dentium
520 575 963 648 metropolitanus
991 587 1049 633 ιιι
1067 591 1246 645 supra.
1844 641 1849 644 ,

325 669 633 741 Stephanus
664 669 1030 725 misericordia
1054 669 1146 725 Dei
1169 668 1449 739 episcopus
1466 668 1839 740 Nicomwiett-

256 764 391 822 sium
418 763 864 832 metropolitanus
888 771 947 817 ut
970 776 1154 831 supra.

324 857 485 912 Isaias
516 857 885 912 misericordia
917 857 1013 912 Dei
1040 857 1324 926 episcopus
1355 854 1575 910 Rhodiae
1610 854 1838 911 civitatis

252 949 694 1018 metropolitanus
724 957 782 1003 ut
796 962 979 1016 supra.

319 1040 641 1097 Anastasius
670 1041 1038 1097 misericordia
1067 1040 1163 1096 Dei
1191 1040 1480 1110 episcopus
1505 1038 1833 1094 Niemensius

248 1132 692 1201 metropolitanus
723 1142 783 1187 ut
810 1148 993 1202 supra.

319 1224 556 1279 Joannes
595 1224 965 1279 misericordia
1016 1224 1107 1279 Dei
1145 1224 1429 1293 episc0pus
1476 1220 1837 1292 Claudiopoli-

251 1325 387 1371 tauae
406 1316 642 1372 civitatis
670 1316 963 1385 provincia
988 1315 1207 1371 Isauriae
1237 1324 1292 1369 ut
1313 1330 1494 1383 supra.

320 1415 585 1470 Paternus
641 1413 1007 1469 misericordia
1072 1413 1163 1467 Dei
1214 1411 1499 1482 episcopus
1548 1409 1837 1482 provincia

251 1507 483 1577 Scythia:
507 1506 952 1576 metropolitanus
979 1513 1232 1575 utsupra.
1450 1496 1455 1503 ’

317 1600 615 1654 Martianus
659 1598 1029 1666 misericordia
1070 1597 1164 1653 Dei
1214 1598 1496 1667 episcopus
1542 1594 1837 1652 Chalcedo—

248 1694 429 1748 nensis
456 1692 693 1747 civitatis
720 1692 1162 1760 metropolitanus
1189 1699 1248 1744 ut
1266 1703 1449 1758 supra.

321 1786 582 1840 Patricius
618 1784 985 1839 misericordia
1030 1782 1124 1838 Dei
1174 1782 1457 1852 episcopus
1492 1778 1837 1847 Eudosiopo—

252 1879 424 1933 litanze
448 1878 682 1931 civitatis
713 1874 1151 1945 metropolitauus
1177 1884 1234 1929 ut
1262 1888 1441 1943 supra.

317 1971 675 2043 Polydeucius
694 1969 1061 2024 misericordia
1080 1970 1169 2023 Dei
1192 1970 1476 2038 episcopus
1486 1962 1833 2021 Antiochum

248 2065 480 2119 civitatis
502 2062 949 2132 metropolitanus
975 2072 1032 2115 ut
1054 2075 1233 2131 supra.

318 2159 577 2229 Eulogius
610 2156 975 2213 misericordia
999 2157 1090 2211 Dei
1110 2159 1400 2227 episcopus
1422 2157 1689 2213 Mena
1704 2156 1834 2213 civi-

248 2252 368 2307 tatis
392 2252 843 2320 metropolitanus
873 2262 929 2305 ut
951 2265 1132 2320 supra.

317 2346 625 2416 Stephanus
669 2346 1037 2401 misericordia
1085 2345 1178 2400 Dei
1219 2344 1503 2415 episcopus
1540 2347 1620 2417 (a)
1650 2345 1831 2402 Philo-

249 2439 536 2496 mediensis
560 2440 792 2494 civitatis
823 2440 1110 2507 provincia
1144 2440 1355 2494 Pisidia:
1385 2444 1444 2495 ut
1472 2455 1652 2510 supra.

317 2532 703 2605 tlhrilstodorus
731 2533 1099 2587 misericordia
1133 2533 1226 2587 Dei
1258 2533 1549 2603 episcopus
1572 2532 1833 2605 Methym-

251 2626 427 2682 uensis
456 2626 686 2682 civitatis
717 2635 773 2680 ut
794 2642 972 2694 supra.

319 2717 650 2772 Palmantius
678 2718 938 2773 minimus
959 2718 1247 2787 episcopus
1277 2716 1551 2774 Oenandat
1596 2718 1831 2775 civitatis

253 2812 535 2879 provinciae
568 2811 742 2882 Lyciae
766 2822 820 2865 ut
846 2827 1027 2881 supra.

318 2903 554 2957 Joannes
611 2905 976 2958 misericordia
1040 2904 1133 2959 Dei
1180 2905 1464 2975 episcopus
1517 2904 1832 2959 Attaliensis

251 2996 474 3051 civitatis
507 3004 566 3050 ut
590 3013 769 3067 supra.

318 3090 947 3145 Joannesmisericordia
979 3091 1075 3146 Dei
1102 3092 1393 3161 episcopus
1418 3090 1715 3162 Olympium
1756 3090 1832 3145 ci-

254 3181 424 3236 vitatis
455 3182 744 3251 provincia:
775 3183 946 3253 Lycia:
975 3192 1029 3237 ut
1055 3199 1234 3252 supra.

1941 588 2094 645 spem
2126 588 2352 644 prorsus
2384 574 2549 630 adimi
2588 575 2874 645 patiamur,
2898 576 3181 648 repetendi
3226 578 3400 635 locum
3427 581 3527 637 de-

1940 680 2079 732 nuo.
2109 681 2216 736 quo
2239 681 2299 721 se
2330 666 2618 737 spoliatum
2646 669 2763 722 sine
2796 682 2957 723 causa
2992 669 3302 735 conﬁrmat;
3337 672 3433 727 sed
3469 671 3528 731 in

1941 773 2005 814 re
2031 758 2192 814 dubia
2230 758 2612 828 temperantius
2640 774 2914 816 versemur
2932 799 2947 825 ,
2981 760 3054 816 ita
3082 770 3142 816 ut
3170 761 3382 818 interim
3411 763 3531 835 qui-

1934 850 2063 906 dem
2105 850 2192 906 hic
2232 850 2374 912 idem
2418 850 2566 907 Elias
2598 850 2680 906 vir
2723 853 3201 911 reverendissimus
3247 854 3529 926 episcopus

1940 943 1997 999 in
2018 944 2195 1013 quiete
2216 952 2558 1013 permaneat;
2591 958 2771 999 verum
2800 951 3077 1014 postquam
3105 960 3388 1001 successor
3413 948 3530 1017 ejus

1940 1037 2101 1093 vitam
2129 1036 2459 1107 deposuerit,
2494 1045 2606 1092 tum
2648 1035 2865 1093 demum
2892 1036 2961 1092 ad
2989 1037 3173 1094 sedem
3200 1048 3523 1112 revertatur,

1938 1132 2065 1201 quia
2093 1128 2303 1185 destitit
2327 1127 2647 1184 adhibendis
2676 1128 2827 1198 prius
2855 1128 3279 1209 omnibus.qute
3310 1132 3375 1187 ad
3418 1132 3523 1189 im—

1938 1222 2255 1294 petrandam
2299 1221 2582 1279 reditionis
2610 1221 2880 1277 licentiam
2916 1221 3397 1278 sacratissimarum
3442 1239 3527 1281 re-

1932 1317 2183 1386 gularum
2206 1315 2481 1386 postulant
2508 1313 2752 1381 deﬁnita,
2787 1312 3181 1383 interponendo
3208 1315 3369 1371 etiam
3400 1330 3530 1372 conv-

1920 1424 2101 1465 .sensu
2132 1417 2239 1464 tam
2274 1417 2377 1463 tua:
2403 1407 2548 1463 sedis
2576 1406 2917 1478 apostolicae,
2947 1420 3109 1478 quam
3137 1406 3530 1469 ﬂorentissime

1940 1501 2101 1571 bojus
2144 1502 2293 1557 urbis
2317 1540 2336 1568 ,
2379 1515 2478 1556 nec
2504 1515 2611 1555 non
2654 1500 2879 1555 aliarum
2906 1516 3134 1571 quarum
3158 1500 3260 1558 hoc
3284 1502 3528 1560 interest.

1938 1594 2017 1650 De
2063 1593 2265 1651 Thema
2306 1594 2471 1650 etiam
2516 1604 2571 1650 et
2610 1594 2913 1650 Nicostrato
2940 1598 3069 1651 viris
3111 1598 3531 1669 religiosissimis

1938 1685 2207 1755 episcopis
2252 1687 2430 1742 omnia
2481 1686 2929 1755 mancipabuntur
2976 1686 3208 1744 effectui.
3242 1688 3529 1761 Postquam

1942 1784 2152 1832 caetera:
2184 1777 2346 1832 etiam
2377 1777 2529 1832 vobis
2555 1777 2816 1847 copulatae
2846 1777 3076 1845 fuerint;
3104 1781 3197 1837 sed
3229 1791 3281 1837 et
3318 1782 3384 1837 ad
3416 1782 3530 1838 uni-

1862 1864 1915 1933 Β
1943 1875 2106 1923 tatem
2132 1867 2467 1924 venerabiles
2487 1868 2761 1935 Ecclesia},
2786 1885 2905 1940 qua:
2928 1870 3264 1941 praecedente
3296 1888 3528 1943 superno

1938 1964 2190 2034 prasidio
2230 1965 2513 2021 statuenda
2559 1966 2878 2022 duxerimus
2909 1982 3005 2036 pre
3045 1966 3529 2025 sacratissimarum

1936 2057 2241 2127 regularum
2290 2057 2478 2113 itidem
2523 2058 2735 2115 ordine.
2788 2058 3050 2127 Quoniam
3104 2058 3286 2128 itaque
3332 2065 3529 2117 vestra

1937 2166 2149 2222 quoque
2179 2150 2522 2207 sanetitudini
2542 2152 2986 2208 deliberationem
3006 2160 3247 2207 nostram
3275 2159 3527 2220 oportue-

1936 2252 2021 2299 rat
2052 2242 2363 2308 declarare,
2418 2252 2476 2297 ut
2503 2258 2567 2298 ex
2601 2244 2701 2299 hac
2734 2243 2896 2300 etiam
2933 2243 3149 2313 pateﬁat
3195 2243 3521 2299 desiderium

1935 2332 1990 2389 in
2018 2350 2124 2405 quo
2154 2350 2368 2392 omnem
2397 2351 2619 2406 operam
2649 2334 2979 2391 intendimus
3014 2334 3081 2390 ad
3111 2334 3526 2405 compescendas

1934 2436 2099 2498 atque
2122 2428 2501 2499 temperandas
2545 2428 2985 2495 controversias,
3027 2437 3081 2483 et
3124 2438 3356 2495 optatam
3388 2428 3529 2485 inter

1938 2536 2129 2576 omnes
2158 2520 2501 2576 concordiam
2555 2520 2966 2590 prorogandam,
3001 2529 3293 2589 praesentes
3316 2533 3529 2589 quoque

1936 2612 2143 2667 litteras
2171 2613 2426 2668 duximus
2451 2613 2828 2681 destinaudas,
2876 2624 3151 2668 moventes
3182 2613 3444 2683 pmcipue
3473 2619 3529 2668 ut

1934 2719 2036 2774 pro
2077 2704 2335 2760 incolumi
2373 2713 2519 2760 statu
2554 2705 2860 2775 reipublicae
2899 2720 3098 2759 nuuten
3123 2718 3411 2774 supernum
3436 2718 3529 2760 ve-

1932 2798 2065 2854 stris
2099 2807 2352 2855 eaoretur
2394 2800 2661 2869 precibus.
2696 2799 2827 2853 Data
2860 2813 2933 2852 vn
2975 2797 3093 2853 idus
3134 2798 3355 2865 Jurias,
3383 2797 3528 2854 Con-

1932 2891 2310 2961 stantinopoli,
2335 2891 2605 2948 Vitalians
2639 2900 2698 2946 et
2745 2891 2969 2947 Rustico
3007 2892 3319 2948 consulibus
3349 2891 3528 2963 (anno

1934 2982 2148 3039 Domini
2178 2984 2329 3055 ste).

2568 3073 2905 3130 EPISTOLA

2399 3180 2523 3221 ιυετ
2531 3181 2601 3221 Il“
2640 3183 2708 3221 AD
2738 3182 3042 3221 ιιοιιιιιεοιιι
3052 3205 3065 3219 .

319 3274 610 3330 Martianus
658 3276 912 3330 minimus
957 3277 1240 3346 cpiscopus
1286 3276 1557 3332 Martiann
1604 3279 1833 3335 civitatis

1941 3256 2227 3346 Diiigeutia
2268 3258 2552 3342 legatorum
2587 3258 3032 3346 Constantinopoli
3070 3268 3123 3346 et
3170 3259 3287 3341 aliis
3316 3259 3528 3313 civitati-

252 3367 535 3437 pt'uvincize
568 3366 742 3439 Lycia:
766 3378 823 3421 ut
847 3382 1028 3436 supra.

321 3460 527 3515 Phocus
556 3460 807 3514 minimus
836 3460 1121 3531 episcOpus
1151 3461 1413 3517 Dardana:
1455 3462 1686 3518 civitatis
1709 3478 1835 3534 prou-

253 3552 438 3607 vtnciae
470 3552 806 3622 Hellesponti
837 3563 892 3607 ut
914 3570 1094 3623 supra.

319 3643 536 3699 Zoticus
587 3644 952 3700 misericordia
1006 3644 1098 3700 Dei
1147 3648 1430 3717 episcopus
1471 3644 1834 3716 Carpatiensis

252 3738 477 3792 civitatis
505 3740 799 3806 provincia:
829 3740 1126 3794 lusularum
1153 3751 1209 3794 ut
1238 3756 1422 3809 supra.

318 3830 605 3887 Sabbatius
636 3832 1000 3886 misericordia
1044 3833 1135 3887 Dei
1178 3838 1457 3901 episcopus
1500 3831 1834 3888 Stratonicire

252 3924 473 3981 civitatis
502 3924 794 3996 provincia:
821 3926 1001 3996 Lydia:
1030 3937 1086 3979 ιιι
1112 3942 1292 3996 supra.

876 4035 1209 4092 EPISTULA

674 4144 961 4185 JUSTINIANI
990 4147 1056 4186 AD
1082 4145 1398 4188 HO‘RMIS‘DAH.

252 4217 417 4274 Eliam
454 4220 699 4276 Ecclesia
740 4238 847 4277 sua
876 4239 975 4277 non
1027 4237 1173 4292 posse
1211 4226 1407 4279 restitui
1438 4226 1627 4279 vivente
1658 4241 1715 4277 eo
1748 4226 1834 4292 qui

318 4293 369 4345 in
414 4294 556 4347 illius
604 4294 771 4347 locum
814 4294 1053 4363 stt/fectus
1085 4297 1269 4363 fuerat.
1310 4296 1553 4350 'lhomam
1588 4306 1635 4351 et
1678 4297 1836 4350 Mco-

324 4372 537 4416 stratum
564 4380 688 4431 pare
718 4365 926 4433 ﬁrmata
954 4366 1061 4419 suis
1090 4367 1293 4421 sedibus
1321 4385 1373 4421 se
1402 4372 1772 4422 restituturum.

322 4455 651 4512 Justinianus
680 4459 950 4529 Augustus
977 4460 1271 4515 llormisda:
1302 4477 1471 4530 papae.

320 4548 449 4603 Cum
474 4550 526 4602 in
557 4550 738 4605 animo
762 4550 917 4606 nobis
948 4552 1036 4617 sit,
1061 4565 1211 4621 pater
1241 4555 1663 4623 religiosissime,
1696 4566 1747 4610 ut
1780 4557 1829 4611 in

246 4642 391 4694 omni
424 4656 482 4695 re
512 4649 691 4694 nostra
732 4642 875 4697 inter
902 4659 960 4697 se
990 4655 1312 4700 concurrant
1351 4647 1602 4711 consilia,
1637 4657 1749 4702 tum
1778 4657 1833 4704 et
1866 4626 1914 4691 θ

244 4731 300 4787 in
334 4733 447 4788 Elia
481 4735 596 4787 viro
627 4716 1074 4791 reverendissimo
1114 4737 1367 4807 episcOpo
1410 4738 1459 4793 id
1501 4743 1831 4795 constituen-

241 4827 374 4880 dum
403 4826 669 4881 credimus
691 4872 705 4893 ,
746 4832 933 4899 legatis
983 4831 1392 4888 admonentibus
1435 4836 1659 4901 vestris,
1690 4836 1831 4907 quod

244 4920 391 4975 inter
432 4924 605 4977 varias
650 4934 901 4994 utrasque
948 4930 1183 4983 rationes
1219 4931 1518 4999 expeditius
1556 4948 1675 4988 esse
1704 4948 1830 5006 per-

239 5024 491 5079 spectum
534 5023 637 5070 est.
679 5017 809 5071 Nam
853 5026 908 5074 et
950 5018 1001 5073 in
1038 5022 1285 5090 presenti
1325 5026 1625 5094 pontiﬁcem
1656 5026 1832 5082 Caesa-

242 5105 505 5161 riensium
535 5108 685 5162 urbis
714 5109 862 5165 favor
885 5120 1086 5167 tutatur
1115 5116 1375 5183 omnium,
1407 5134 1563 5189 quem
1587 5120 1656 5174 ob
1684 5120 1834 5175 insti-

244 5202 363 5247 tuta
398 5197 751 5264 pulcherrima
782 5215 889 5256 non
920 5206 1095 5258 solum
1126 5206 1312 5262 incola:
1345 5211 1667 5267 validissime
1699 5214 1832 5267 reti-

240 5288 483 5342 nendum
512 5291 870 5359 arbitrantur,
907 5298 999 5349 sed
1042 5308 1211 5367 prope
1246 5311 1466 5356 cunctus
1498 5304 1687 5359 Oriens
1716 5306 1834 5361 sine

238 5382 414 5437 dubio
439 5396 761 5451 veneratur,
788 5395 843 5442 et
867 5388 957 5459 qui
980 5391 1125 5460 prior
1150 5392 1201 5447 in
1229 5393 1416 5449 eodem
1452 5396 1547 5451 fult
1576 5398 1833 5452 sacerdo-

238 5476 340 5542 tio,
370 5475 564 5543 injuria
589 5482 996 5538 esse'remoutm
1036 5488 1294 5555 queritur.
1336 5488 1512 5542 Visum
1544 5498 1625 5544 est
1655 5491 1835 5563 itaque

236 5571 540 5625 conivenire
568 5580 752 5628 utnec
779 5574 1039 5632 faciamus
1084 5578 1339 5645 impetum
1383 5591 1567 5636 contra
1600 5583 1837 5639 inﬁnita-

235 5678 366 5716 rum
384 5671 512 5716 vota
543 5667 961 5737 multitudinum,
995 5678 1086 5725 aut
1119 5673 1276 5728 homo
1309 5676 1610 5746 integritate
1642 5681 1835 5737 nobilis

233 5778 509 5918 ᾦὲιᾶἓὲξ
531 5779 881 5907 ῇίἱξεηεὶωη.
913 5786 1001 5843 Sic
1026 5788 1076 5843 in
1100 5806 1228 5846 tnss.
1264 5806 1405 5863 swpe
1435 5793 1705 5862 Quiriacus
1735 5815 1832 5871 pro

506 5890 517 5904 .
666 5870 717 5910 υ.

506 5890 517 5904 .
551 5870 717 5910 ηΑιιιι.

2010 3333 2102 3383 bus
2139 3347 2315 3396 pacem
2358 3333 2664 3385 restitutam.
2723 3329 2788 3385 In
2830 3331 3137 3385 damnandis
3180 3335 3530 3401 episcoporum

2009 3402 2304 3455 nominibus
2330 3403 2500 3456 mitius
2528 3400 2805 3474 agendum.

2009 3491 2254 3548 Justinus
2298 3495 2569 3564 Augustus
2625 3494 2922 3549 Hormisdre
2978 3510 3127 3565 papa:
3178 3510 3270 3564 per
3326 3494 3499 3566 legato

1936 3586 2263 3643 Germanum
2307 3598 2361 3643 et
2404 3588 2664 3643 Joannem
2705 3589 3024 3659 episcopos,
3060 3589 3291 3644 Felicem
3323 3598 3379 3644 et
3408 3588 3495 3643 Dis

1937 3694 2149 3735 scorutn
2180 3682 2453 3747 diaetmos,
2487 3694 2539 3738 et
2568 3683 2826 3737 Blandum
2859 3685 3251 3753 presbyterum.

2009 3772 2229 3829 Summa
2275 3775 2488 3842 quidem
2538 3775 2777 3830 ltabcnia
2822 3776 2975 3828 vobis
3026 3785 3105 3828 est
3148 3777 3337 3843 gratia,
3384 3775 3526 3845 quod

1940 3863 2175 3917 alacrem
2206 3880 2426 3931 Operam
2473 3881 2578 3919 non
2627 3866 2882 3920 dubitatis
2925 3866 3240 3934 impendere
3269 3867 3337 3920 ad
3372 3868 3530 3922 colli-

1936 3958 2141 4026 gendas
2187 3958 2607 4028 adunandasqne
2649 3958 2982 4013 venerabiles
3026 3958 3303 4023 ecclesias,
3344 3968 3529 4014 verum

1940 4052 2077 4104 inea
2112 4053 2361 4121 prmlucet
2392 4054 2621 4106 maxime
2652 4052 2884 4122 perfema
2928 4053 3165 4119 solertia,
3190 4054 3328 4122 quod
3357 4051 3530 4107 humi-

1945 4158 2042 4198 nes
2096 4120 2364 4211 adOptatis
2415 4146 2503 4215 qui
2550 4120 2674 4200 νοιό
2718 4120 2983 4200 beitevolo
3012 4156 3114 4200 tua
3157 4120 3529 4202 sanctitudinis

1938 4236 2151 4291 sincero
2172 4246 2226 4290 et
2248 4238 2455 4306 integro
2477 4238 2680 4307 possint
2704 4238 2883 4292 animo
2906 4238 3199 4293 deservire.
3230 4240 3529 4295 German.

1937 4326 2202 4395 siquidem
2234 4327 2713 4383 reverendissimus
2741 4330 3059 4397 episcopus,
3092 4342 3192 4383 nec
3224 4344 3328 4383 non
3355 4327 3525 4394 Felia,

1937 4430 1991 4473 et
2013 4418 2315 4487 Dioscorus,
2332 4428 2383 4473 et
2403 4419 2635 4474 Blandus
2652 4419 2755 4474 viri
2777 4418 3162 4487 religiosissimi
3182 4429 3327 4475 tanta
3355 4430 3529 4477 semet

1940 4510 2290 4579 praebuerunt
2320 4519 2555 4566 attentos
2584 4510 2844 4565 industria
2864 4550 2881 4574 ,
2913 4526 2976 4564 ac
3013 4510 3066 4566 in
3097 4520 3239 4565 tanta
3264 4512 3526 4581 sapientia

2339 4610 2399 4659 ut
2418 4610 2673 4672 quantum
2696 4602 2762 4657 ad
2790 4601 3029 4657 ot‘tieium
3052 4616 3243 4657 eorum
3273 4604 3523 4675 pertinet,

1942 4694 2226 4751 transactis
2275 4695 2326 4749 in
2375 4694 2591 4764 plenum
2638 4705 2693 4750 et
2739 4694 3030 4751 elaboratis
3074 4696 3345 4762 omnibus,
3394 4697 3528 4753 nihil

1939 4787 2304 4844 altercationis
2343 4797 2652 4857 superesset
2697 4788 2955 4855 ulterius;
2987 4789 3082 4845 sed
3105 4806 3224 4846 cum
3252 4808 3313 4847 ea
3344 4793 3528 4848 condis

1941 4881 2088 4935 tione
2122 4881 2193 4936 sit
2214 4881 2455 4936 mortalis
2487 4881 2765 4950 fragititss,
2794 4892 2850 4936 ut
2876 4883 3151 4938 remissius
3180 4885 3320 4939 circa
3350 4899 3409 4939 se
3441 4886 3527 4956 agi

1940 4972 2232 5041 desideret,
2267 4984 2324 5029 et
2368 4975 2879 5045 interrogationibus
2910 4978 3023 5032 suis
3056 4960 3271 5047 planum
3290 4976 3527 5047 praebui

1944 5082 2259 5137 responsum
2284 5108 2302 5133 ,
2356 5070 2588 5127 maxime
2627 5087 2749 5126 cum
2776 5073 2953 5142 aliqua
2980 5088 3145 5128 eausa
3177 5074 3230 5128 in
3265 5075 3527 5131 immensa

1942 5158 2217 5215 uestinum
2266 5159 2428 5216 fuerit
2467 5162 2809 5220 multitudine
2830 5164 3078 5220 devoluta
3100 5206 3115 5231 ,
3146 5164 3340 5219 factum
3362 5175 3443 5221 est
3467 5174 3528 5221 ut

1943 5250 1994 5305 iu
2020 5249 2119 5307 hac
2142 5252 2357 5321 quidem
2382 5254 2515 5309 urbe
2534 5254 2910 5313 ﬂorentissima
2938 5256 3189 5327 quidquid
3220 5256 3525 5312 ordinatum

1940 5350 2022 5398 est
2065 5344 2133 5398 de
2178 5359 2339 5401 causa
2378 5346 2683 5417 religionis,
2732 5348 2908 5418 deque
2957 5348 3162 5403 unitate
3205 5348 3524 5402 celebranda

1941 5448 2063 5489 eum
2094 5436 2385 5504 apostolica
2411 5437 2543 5494 sede
2570 5439 2671 5495 sub
2712 5440 3041 5509 tetaporibus
3068 5436 3289 5494 Joannis
3314 5437 3526 5505 religio-

1939 5527 2170 5587 sissima
2215 5531 2517 5597 memorias,
2567 5548 2689 5588 eum
2736 5534 2791 5587 in
2837 5529 3138 5587 sacerdotio
3175 5528 3336 5597 regiae
3385 5539 3527 5585 esset

1940 5621 2097 5691 hujus
2125 5624 2273 5679 urbis
2294 5667 2307 5691 ,
2337 5625 2388 5681 id
2418 5624 2633 5682 favente
2659 5626 2768 5681 Des
2790 5633 3034 5681 servetur
3063 5624 3365 5693 immobile;
3397 5625 3524 5695 quin

1939 5729 1994 5773 et
2020 5721 2073 5775 in
2110 5722 2227 5776 aliis
2253 5723 2619 5789 compluribus
2644 5719 2955 5777 civitatibus
2975 5721 3209 5791 probata:
3235 5722 3309 5779 sil
3350 5731 3525 5778 vestra

2012 5832 2089 5901 (α)
2117 5831 2202 5885 Al.
2229 5830 2619 5887 Philomeiemis
