3998 6368
472 367 569 424 ιετ
1778 358 2046 416 nonum

2190 353 2388 416 PAPIE
2806 360 2813 365 ’
3637 366 3747 429 483

472 480 738 538 ordinatio
784 488 944 550 atque
980 484 1247 548 suscepta.
1295 474 1499 531 Caetera
1537 489 1665 531 vero
1695 474 2044 532 clementiore
2071 478 2123 539 Α
2150 476 2351 531 unitate
2380 486 2594 547 recepta
2624 484 2898 549 )ungatur.
2926 480 3244 551 Specialiter
3276 490 3453 538 autem
3485 494 3747 554 depreca-

472 575 699 646 quodam
730 574 1000 644 indigeant
1029 572 1392 628 moderamine
1423 572 1475 626 in
1508 570 1813 626 nominibus
1843 570 2053 625 antisti-
2157 588 2275 625 mur
2306 571 2636 641 pontiﬁcium
2662 581 2901 630 vestrum
2934 584 2990 630 ut
3018 591 3114 646 pro
3143 576 3295 633 nobis
3318 578 3549 649 benigno
3577 578 3747 636 ostris

471 677 605 731 tum,
655 682 760 721 non
806 681 994 721 eorum
1044 667 1131 734 qui
1177 664 1478 735 specialiter
1523 665 1786 719 numerati
1834 673 1961 718 sunt
1998 665 2050 718 in
2155 663 2335 717 animo
2358 678 2513 719 orare
2535 664 2789 735 iubeatis.
3080 708 3087 715 .

471 761 696 833 epistola
718 776 876 830 quam
908 759 1209 815 sanctitudo
1238 769 1325 814 tua
1355 759 1508 814 nobis
1536 758 1839 814 destinasse
1877 758 2053 813 nosci—

470 862 579 919 tur,
612 850 706 906 sed
736 851 961 906 aliorum
994 867 1218 921 quorum
1248 850 1561 907 memoriam
1590 851 1837 904 maxima:
1870 850 2056 905 civita-

470 954 551 1001 tes
576 944 823 1013 diligunt,
845 945 898 999 in
921 944 1112 1015 quibus
1130 945 1376 1001 ﬂoruisse
1400 955 1695 1001 noscuntur
1715 945 2050 1013 superstites.

468 1037 803 1108 Quapropter
844 1038 1034 1110 legatis
1075 1038 1293 1110 quidem
1346 1046 1451 1092 tua:
1497 1037 1869 1093 sanctitudinis
1911 1037 2055 1092 nulla

468 1132 566 1187 fuit
605 1132 817 1188 licentia
860 1132 1097 1187 mandati
1148 1142 1387 1188 tenorem
1429 1130 1762 1202 egredieudi,
1796 1146 1916 1186 cum
1948 1144 2056 1201 quo

468 1223 656 1279 directi
704 1233 853 1278 sunt.
893 1225 1079 1279 Omnis
1119 1234 1296 1279 autem
1334 1224 1455 1278 ﬁnis
1495 1222 1693 1293 negotii
1732 1230 1912 1278 vestro
1942 1223 2055 1292 jam

467 1326 672 1373 tantum
717 1317 915 1387 pendet
959 1318 1183 1372 arbitrio
1205 1358 1218 1381 ,
1251 1326 1311 1371 ut
1336 1317 1482 1371 solus
1520 1331 1704 1387 pacem
1736 1314 2058 1371 concludere

467 1410 657 1465 debeat
685 1410 775 1480 qui
806 1408 972 1480 prima
1002 1410 1078 1465 rei
1116 1408 1405 1465 commovit
1430 1409 1649 1463 exordia
1680 1426 1692 1460 :
1731 1408 1825 1463 sed
1847 1423 1908 1463 ea
1940 1407 2059 1475 qui-

477 1503 623 1568 dem,
651 1518 751 1558 nec
780 1518 887 1557 non
931 1502 1196 1571 quaedam,
1220 1500 1784 1556 commemorabuntur
1820 1498 2057 1569 apertius

466 1612 563 1669 per
589 1599 817 1668 legatum
847 1607 1084 1654 nostrum
1104 1638 1118 1663 ,
1153 1596 1242 1667 qui
1268 1596 1425 1666 paulo
1452 1603 1572 1665 post
1600 1594 1973 1649 destinabitur.
1996 1591 2055 1647 In

465 1695 715 1764 praesenti
748 1709 876 1749 vero
913 1692 1260 1749 redeuntibus
1292 1691 1422 1745 viris
1460 1688 1905 1761 religiosissimis,
1946 1696 2052 1741 tam

465 1786 838 1856 appellandam
866 1796 1099 1841 vestram
1133 1785 1489 1839 reverentiam
1518 1782 1865 1847 credidimus,
1894 1796 2051 1851 quam

2785 758 3117 817 EPISTOLA

2611 865 2841 906 ’ULIANJE
2872 869 2938 907 AD
2967 869 3286 910 BORIISDAI.

2671 942 2977 1012 Ponti/ieeur
3006 947 3217 1002 salutat.

2230 1032 2456 1087 Domino
2503 1033 2813 1091 beatissimo
2842 1046 3002 1108 atque
3034 1040 3345 1109 apostolicae
3385 1041 3529 1097 sedis
3556 1041 3752 1112 proba-

2159 1126 2365 1181 tissimo
2406 1128 2640 1197 pontiﬁci
2686 1128 2984 1186 Hormisdaz
3019 1146 3171 1203 papa:
3201 1134 3338 1205 patri
3375 1133 3588 1190 Juliana
3620 1136 3751 1192 Ani-

2158 1219 2237 1275 cia
2248 1260 2262 1274 .

2229 1317 2359 1383 Quae
2388 1317 2559 1387 prima
2591 1327 2715 1372 sunt
2756 1327 2861 1374 tuae
2909 1320 3251 1376 beatitudinis
3277 1322 3617 1377 salutationis
3652 1323 3752 1377 ob-

2159 1411 2342 1479 sequia
2371 1412 2748 1479 persolvimus,
2780 1421 3029 1483 optantes
3068 1425 3127 1469 ut
3170 1415 3310 1471 hanc
3355 1417 3598 1486 paginam
3648 1418 3751 1472 tuis

2158 1502 2480 1557 venerandis
2528 1503 2807 1559 obtutibus
2855 1504 3113 1559 Divinitas
3162 1507 3317 1561 faciat
3358 1508 3657 1571 recenseri,
3696 1519 3753 1563 ct

2156 1608 2257 1664 pro
2281 1609 2395 1648 suae
2426 1594 2681 1649 Ecclesiae
2707 1596 2889 1665 vigore
2930 1608 3213 1665 augmenta
3258 1598 3513 1653 salutaria
3551 1609 3752 1653 vestra:

2158 1686 2280 1739 vitae
2304 1683 2584 1755 suﬁ'ragari
2614 1686 2895 1755 dignetur,
2928 1699 3192 1757 quatenus
3222 1699 3275 1743 te
3305 1690 3547 1760 pervigili
3582 1691 3751 1759 possit

2156 1788 2342 1832 contra
2367 1778 2630 1833 adversos
2652 1788 2707 1832 et
2726 1778 2941 1833 rabidos
2962 1795 3122 1836 canes
3150 1789 3321 1837 status
3346 1781 3603 1838 Ecclesia:
3631 1782 3750 1836 vin-

463 1878 929 1945 commonendani,
964 1878 1153 1933 utsuis
1182 1876 1513 1931 orationibus
1542 1891 1636 1945 pro
1665 1884 1847 1930 nostro
1871 1882 2049 1929 utatur
2077 1866 2124 1927 B
2153 1869 2343 1924 dicari.
2384 1869 2617 1938 Etenim,
2670 1871 2995 1927 venerabilis
3044 1883 3215 1942 pater,
3261 1873 3402 1943 quod
3439 1873 3507 1929 de
3545 1882 3750 1929 nostra:

461 1969 708 2039 imperio,
748 1984 952 2039 proque
983 1968 1239 2023 incolumi
1279 1976 1419 2022 statu
1457 1968 1783 2038 reipublicar.
1818 1968 1948 2022 Data
1979 1983 2050 2022 vn

461 2060 579 2115 idus
607 2060 754 2127 Julii,
785 2059 1263 2131 Constantinopoli.
1297 2058 1563 2113 Vitaliano
1590 2067 1643 2113 et
1671 2058 1890 2114 Rustico
1921 2057 2051 2113 viris

463 2154 769 2209 clarissimis
797 2154 1107 2209 consulibus
1137 2154 1300 2225 (anno
1330 2153 1538 2207 Domini
1566 2152 1718 2223 519).

1091 2246 1421 2302 EPISTOLA

751 2355 1036 2394 ΕυΡΙΞΕΜΙιΕ
1068 2355 1323 2395 Αυσυετδε
1346 2356 1412 2396 ΑΙ)
1438 2353 1758 2393 Ηοκιηεωδι.

462 2431 783 2487 Sanctissimi
809 2431 1065 2501 pontiﬁcis
1080 2431 1393 2485 orationibus
1419 2447 1471 2485 se
1490 2440 1536 2484 et
1550 2430 1713 2483 virum
1734 2444 1885 2484 suum
1910 2444 2048 2482 σουπ-

1152 2506 1373 2557 mendat.

532 2598 827 2667 Euphemia
860 2599 1094 2668 Augusta
1119 2598 1417 2653 Hormisdm
1446 2612 1614 2668 papae.

530 2689 879 2744 Bcatitudinis
906 2700 1096 2745 vestrae
1132 2690 1337 2744 litteras
1365 2698 1512 2759 grato
1547 2688 1895 2759 jucundoque
1924 2700 2047 2743 sus—

460 2784 700 2854 cepimus
729 2786 908 2837 animo
942 2801 954 2836 :
984 2797 1140 2853 quem
1172 2782 1368 2837 etenim
1404 2798 1507 2836 non
1542 2782 1713 2836 solum
1740 2781 2047 2851 apostolicae

459 2877 603 2931 sedis
632 2876 923 2931 auctoritas
951 2875 1219 2943 celebrat,
1250 2875 1342 2929 sed
1374 2874 1495 2929 vita:
1532 2889 1743 2945 quoque
1778 2887 2050 2928 commen-

459 2968 549 3024 dat
581 2969 877 3039 integritas,
912 2977 964 3023 ct
992 2967 1230 3023 studiosa
1261 2978 1420 3023 rectae
1453 2967 1574 3022 ﬁdei
1604 2966 1819 3023 solertia
1839 3007 1854 3031 ,
1890 2966 2049 3034 hujus

459 3060 621 3114 verba
645 3060 762 3129 quis
790 3074 895 3113 non
928 3059 1295 3113 libentissimis
1319 3060 1573 3127 suscipiet
1603 3056 1860 3112 auribus?
1886 3056 2049 3126 Igitur

459 3150 727 3222 poscimus
748 3163 810 3203 ac
831 3163 1113 3205 monemus
1131 3158 1187 3203 ut
1208 3150 1540 3205 orationibus
1559 3149 1753 3203 vestris
1776 3161 2045 3216 nunquam

457 3241 687 3297 excedat
715 3256 908 3296 nomen
937 3257 1138 3308 meum,
1170 3257 1232 3297 ac
1260 3243 1528 3311 przecipuc
1557 3240 1889 3296 serenissimi
1914 3254 2047 3293 con-
2075 3256 2123 3321 ρ

459 3334 598 3406 iugis
629 3334 830 3402 nostri,
863 3334 955 3388 sed
990 3343 1095 3388 tam
1129 3334 1342 3403 utrique
1373 3341 1713 3397 nostrorum,
1744 3346 1905 3399 quam
1937 3330 2045 3385 rei-

460 3426 684 3497 publicte
727 3442 1020 3498 supernum
1070 3426 1317 3497 precibus
1359 3424 1554 3481 vestris
1590 3426 1833 3497 placetur
1866 3424 2051 3494 praesi-

459 3519 625 3577 dium.

1094 3590 1423 3645 EPISTULA

923 3699 1144 3740 CELERIS
1172 3701 1240 3738 AD
1260 3699 1585 3745 HODIISDAII.

458 3777 763 3849 Legatornm
788 3796 943 3848 opera
964 3780 1409 3848 Constantiimpoli
1438 3795 1609 3832 omnes
1633 3778 1843 3847 paci/ice
1865 3778 2047 3843 vivere,

550 3851 685 3920 quod
710 3861 757 3905 et
788 3852 839 3904 in
870 3850 987 3905 aliis
1014 3851 1298 3905 civitatibus
1326 3851 1461 3905 brevi
1488 3856 1718 3921 futurum
1754 3858 1945 3919 sperat.

532 3940 757 3996 Domino
800 3943 1111 3997 beatissimo
1153 3952 1209 3998 et
1246 3942 1543 4013 apostolico
1570 3944 1704 4012 patri
1751 3940 2047 3997 Ilormisda:

456 4032 614 4087 Celer
644 4034 723 4087 vir
747 4035 992 4088 illustris.

532 4125 759 4179 Maxima
786 4126 943 4180 nobis
983 4127 1355 4196 gratulationis
1387 4143 1545 4183 causa
1576 4136 1877 4199 praestatur,
1910 4144 2046 4199 quo-

460 4216 596 4270 tiens
619 4216 683 4270 ad
712 4217 1066 4285 apostolatum
1084 4227 1319 4273 vestrum
1351 4220 1619 4275 scribendi
1648 4232 1857 4289 tempus
1882 4236 2047 4276 emer-

459 4308 607 4361 serit.
630 4308 778 4364 Nunc
806 4309 968 4379 igitur
994 4321 1269 4367 remeante
1299 4312 1606 4367 beatissimo
1633 4313 1902 4368 Germano
1931 4315 2043 4383 epi-

460 4414 643 4469 scopo,
677 4402 758 4457 vel
791 4404 1251 4458 reverendissitnis
1271 4405 1421 4468 viris,
1446 4405 1535 4476 qui
1568 4423 1596 4460 a
1622 4406 1770 4461 vobis
1793 4422 1888 4476 pro
1918 4422 2047 4462 con-

458 4492 740 4562 iungendi;
771 4497 972 4550 sanctis
1010 4496 1267 4552 Ecclesiis
1315 4498 1525 4553 Iuerunt
1554 4500 1828 4566 destinati,
1861 4515 2047 4556 neces-

457 4587 655 4638 sarium
680 4585 925 4642 duximus
942 4592 1278 4644 sanctitatem
1296 4601 1525 4646 vestram
1549 4593 1746 4647 debere
1773 4594 2039 4661 venerari,

460 4677 757 4733 indicantes
808 4683 1106 4737 antedictos
1151 4682 1399 4739 habuisse
1441 4685 1654 4754 quidem
1703 4685 1936 4740 studium
1986 4696 2044 4742 ut

459 4770 786 4825 voluntatem
828 4784 1060 4829 vestram
1101 4777 1290 4844 plenus
1318 4786 1631 4847 sequeretur
1660 4777 1915 4843 ell'ectus;
1948 4779 2043 4834 sed

459 4863 582 4933 quia
610 4872 775 4917 totum
798 4879 991 4934 corpus
1017 4878 1133 4921 erat
1160 4868 1450 4936 inﬁrmum,
1471 4871 1684 4925 interim
1706 4873 2041 4943 caput,quod

448 4957 607 5025 prius
653 4956 1012 5037 necessarium
1051 4960 1354 5031 iudicatur,
1397 4964 1637 5020 adhibito
1689 4968 2044 5024 medicamine

456 5058 636 5103 vestro
678 5059 920 5105 sanatum
959 5061 1074 5119 est,
1108 5062 1163 5108 et
1190 5053 1455 5110 dissensio
1485 5073 1602 5127 quae
1634 5068 1750 5113 erat
1780 5060 1917 5113 inter
1954 5075 2046 5115 ve-

457 5142 726 5197 nerabiles
765 5142 1032 5199 Ecclesias
1064 5146 1355 5203 Romanam
1402 5158 1456 5205 et
1495 5149 2039 5222 Constantinopolita-

456 5254 577 5293 nam
624 5240 825 5295 unitate
872 5241 1265 5301 interveniente
1304 5246 1512 5317 sepulta
1552 5255 1655 5313 est,
1696 5256 1752 5302 et
1790 5249 1893 5303 alia
1928 5262 2036 5303 non

456 5343 617 5399 parva
654 5331 893 5387 membra
944 5335 1132 5389 similis
1172 5336 1473 5392 Divinitatis
1500 5340 1668 5407 gratia
1701 5350 1922 5409 purgata
1953 5350 2037 5396 at-

452 5438 556 5494 que
583 5426 888 5495 coniuncta.
921 5427 1067 5483 Hanc
1094 5429 1253 5484 etiam
1296 5444 1443 5499 spem
1490 5432 1724 5500 gerimus
1770 5432 2034 5499 universi,

453 5516 594 5587 quod
630 5519 794 5587 gratia
828 5518 955 5586 Dei,
985 5536 1102 5591 qua:
1132 5536 1346 5591 semper
1370 5521 1485 5577 sedi
1524 5533 1714 5577 vestae
1746 5525 2038 5592 permansit

454 5617 507 5660 et
537 5621 831 5677 permanet,
864 5612 1164 5682 hujusmodi
1195 5612 1348 5669 vobis
1394 5614 1796 5683 inspirationem
1824 5616 2034 5671 bonita-

454 5699 521 5754 tis
547 5703 801 5769 prrebeat,
832 5713 885 5759 ct
904 5708 1313 5764 mansuetudine
1335 5717 1387 5764 et
1412 5708 1815 5778 dispensatione
1858 5720 2035 5768 vestra

455 5792 712 5861 reliquum
742 5795 911 5851 adhuc
939 5813 1154 5869 corpus,
1186 5800 1325 5871 quod
1359 5801 1583 5858 habetur
1607 5803 1875 5859 inﬁrmum
1901 5803 2030 5877 (sic.-

455 5894 511 5941 ut
559 5886 803 5957 superius
840 5904 872 5946 a
918 5892 1072 5946 nobis
1116 5892 1387 5964 dictum),
1442 5910 1621 5954 ves'ro
1679 5898 2031 5960 medicamine

2071 4643 2124 4704 D

2156 1960 2281 2015 ﬁdei
2320 1961 2628 2031 integritate
2672 1974 2854 2017 cru-am
2899 1964 3075 2033 geris,
3103 1964 3315 2019 vicariis
3354 1965 3571 2035 gloriosi
3603 1965 3749 2020 Petri

2155 2053 2381 2123 apostoli
2426 2055 2524 2108 ista
2564 2055 2921 2119 conveniunt,
2953 2056 3037 2110 cui
3070 2057 3326 2111 Dominus
3358 2056 3748 2127 pascendarum

2154 2144 2335 2198 ovium
2365 2144 2597 2215 injunxit
2621 2145 2876 2200 ofﬁcium.
2912 2143 3212 2218 Cognoscat
3240 2154 3368 2219 ergo
3406 2158 3492 2204 tua
3526 2166 3623 2220 pro
3655 2166 3752 2206 no-

2154 2235 2236 2291 his
2264 2245 2444 2291 sancta
2477 2237 2783 2293 sollicitudo
2802 2278 2816 2304 ,
2851 2254 2949 2294 nos
2968 2227 3192 2298 'ﬁrmius
3222 2251 3405 2298 tenere
3434 2254 3597 2299 recta:
3625 2244 3748 2301 ﬁdei

2154 2329 2461 2385 ﬁrmitatem
2496 2330 2827 2385 immobilem
2857 2349 2868 2383 :
2902 2347 2999 2400 pro
3036 2348 3138 2402 qua
3185 2350 3253 2389 ne
3290 2335 3407 2404 ejus
3454 2338 3750 2392 violaretur

2152 2424 2503 2478 sanctimonia
2532 2423 2789 2479 hactenus
2812 2428 3241 2497 repugnavimus.
3277 2428 3429 2494 Quod
3460 2423 3591 2485 ὕετο
3623 2442 3747 2487 tuus

2152 2518 2485 2589 apostolatus
2532 2534 2634 2589 pro
2688 2528 2851 2575 tanta:
2904 2521 3116 2591 pietatis
3160 2537 3321 2577 causa
3367 2538 3553 2579 curam
3605 2526 3751 2583 ferro

2152 2614 2447 2683 praecepit,
2480 2613 2535 2668 in
2572 2617 2827 2684 quantum
2874 2617 3146 2685 potuimus
3188 2633 3285 2685 pro
3318 2622 3517 2673 nostris
3540 2620 3751 2676 viribus

2152 2719 2259 2760 non
2297 2705 2593 2761 desivimus
2635 2706 2827 2777 spiritu
2858 2707 3093 2762 lenitatis
3127 2708 3382 2765 adversos
3428 2710 3749 2781 admonere,

2151 2806 2207 2853 et
2235 2799 2329 2854 Dei
2361 2798 2514 2855 nobis
2535 2799 2705 2869 gratia
2734 2812 3169 2869 cooperante.....
3199 2804 3336 2857 deest
3358 2807 3638 2876 reliquum.

2651 2915 2982 2972 EPISTULA
3014 2917 3237 2973 LXVIII.

2692 3024 2760 3062 AD
2793 3024 3023 3064 LEGATOS
3056 3031 3073 3062 ἑ
3084 3026 3199 3064 L‘OS.

2226 3098 2305 3152 De
2327 3114 2499 3153 eorum
2527 3100 2691 3154 salute
2724 3110 2771 3154 et
2799 3101 2949 3155 rebus
2976 3102 3129 3171 gestis
3158 3104 3344 3157 certior
3373 3104 3487 3173 fieri
3509 3107 3672 3176 cupit.

2224 3190 2505 3246 Ilormisda
2535 3192 2723 3262 legatis
2753 3193 2884 3247 suis.

2223 3281 2297 3337 Ita
2346 3298 2444 3338 nos
2489 3284 2869 3340 incolumitatis
2916 3295 2969 3340 et
3015 3295 3227 3342 actuum
3273 3296 3572 3347 vestrorum
3613 3311 3744 3352 cura

2153 3376 2425 3447 sollicitat,
2459 3386 2518 3432 ut
2542 3378 2786 3447 quamvis
2819 3379 3186 3449 frequentibus
3219 3384 3594 3441 occasionibus
3635 3405 3745 3447 non

2152 3472 2625 3540 praetermittamus
2670 3472 2897 3539 hortari,
2938 3474 3200 3529 certiores
3244 3491 3341 3530 nos
3389 3476 3457 3533 de
3504 3479 3587 3533 his
3623 3498 3744 3552 qua:

2151 3563 2293 3618 circa
2323 3577 2418 3617 vos
2438 3572 2666 3634 aguntur
2692 3563 2809 3618 ﬁeri
2838 3564 3027 3618 ritteris
3056 3565 3353 3621 destinatis.
3378 3563 3508 3623 Nam
3535 3580 3593 3625 et
3620 3584 3743 3630 cum

2151 3672 2247 3727 per
2294 3658 2562 3713 hominem
2606 3658 2828 3712 illustris
2870 3658 2966 3712 viri
3014 3668 3174 3729 atque
3222 3663 3490 3731 magniﬁci
3530 3666 3742 3734 patricii

2152 3749 2248 3805 ﬁlii
2271 3752 2440 3805 nostri
2472 3751 2680 3821 Agapiti
2702 3749 2985 3806 desideriis
3016 3753 3207 3806 vestris
3237 3768 3501 3825 congruos
3529 3760 3743 3814 miseri-

2151 3858 2272 3898 mus
2299 3843 2510 3909 aIl‘atus,
2540 3852 2595 3898 et
2617 3858 2758 3898 nunc
2784 3858 2998 3914 quoque
3031 3846 3317 3902 anxietatis
3342 3859 3535 3905 vestrae
3560 3854 3742 3909 credi-

2151 3934 2327 3989 dimus
2347 3934 2599 3990 solatium
2622 3976 2637 4000 ,
2669 3935 2713 3990 si
2743 3934 2808 3989 ad
2838 3949 2932 3990 vos
2960 3938 3244 4007 praesentia
3272 3941 3468 4011 scripta
3495 3944 3742 4003 mittere-

2150 4044 2269 4084 mus
2294 4046 2307 4084 :
2336 4038 2538 4084 tantum
2563 4028 2645 4084 es't
2674 4037 2732 4083 ut
2756 4029 2823 4085 de
2844 4031 3049 4085 actibus
3075 4040 3237 4102 atque
3259 4036 3516 4103 805pitate
3538 4051 3741 4107 vestra,

2149 4137 2249 4177 nec
2280 4138 2383 4175 non
2409 4131 2463 4177 et
2493 4122 2559 4175 de
2581 4136 2728 4176 mora
2772 4137 2867 4191 per
2891 4138 3049 4193 quam
3072 4138 3166 4178 vos
3194 4125 3419 4181 detineri
3446 4129 3740 4197 plurimum

2149 4213 2415 4280 dolemus,
2446 4212 2699 4269 relevetis
2724 4228 2821 4268 nos
2851 4215 3095 4286 alloquiis
3112 4217 3213 4272 sub
3240 4220 3522 4277 occasione
3547 4223 3738 4283 idonea

2152 4307 2447 4376 portitoris.
2482 4307 2609 4361 Data
2659 4323 2709 4361 IV
2745 4308 2864 4362 idus
2903 4307 3094 4377 Julias,
3130 4310 3350 4368 Rustico
3380 4314 3500 4369 viro
3548 4316 3738 4374 claris-

2150 4402 2288 4455 simo
2319 4400 2539 4456 consule
2564 4402 2722 4468 (anno
2753 4402 2965 4457 Domini
2998 4401 3143 4476 520).
3220 4390 3223 4395 ’

2667 4515 3000 4573 EPISTOLA
3033 4516 3219 4575 LXIX.

2780 4624 2847 4662 AD
2878 4624 3105 4664 Εοευεη.

2151 4695 2276 4752 Cum
2320 4713 2493 4751 eorum
2518 4698 2711 4753 litteras
2762 4717 2862 4754 nou
2896 4703 3173 4773 acceperit,
3206 4704 3375 4759 mon’et
3404 4717 3458 4760 ut
3487 4710 3732 4768 scribant.

2222 4789 2501 4845 Hormisda
2545 4792 2811 4848 Germano
2856 4795 3142 4866 episc0po,
3176 4797 3337 4854 Felici
3385 4809 3441 4856 et
3477 4802 3733 4866 Dioscoro

2149 4882 2409 4952 diaconis,
2441 4895 2495 4940 et
2525 4884 2725 4941 Blando
2752 4889 3084 4961 presbytero.

2222 4976 2443 5032 Animos
2473 4988 2686 5035 nostros
2720 4988 2825 5034 tam
2866 4982 3175 5039 diuturnum
3206 4985 3509 5044 dilectionis
3540 5004 3733 5051 vestra:

2149 5069 2443 5139 silentium,
2464 5082 2522 5128 ut
2548 5082 2817 5129 tantorum
2842 5084 3139 5146 temporum
3161 5082 3443 5137 contristat
3462 5086 3729 5159 absentia,

2147 5164 2413 5234 praecipue
2456 5180 2576 5221 cum
2605 5167 2686 5222 vir
2714 5170 3026 5240 magniﬁcus
3075 5174 3325 5242 patricius
3351 5176 3731 5251 Symmachus,

2146 5265 2200 5310 ct
2232 5258 2310 5311 vir
2342 5257 2563 5315 illustris
2589 5259 2862 5317 Romanus
2895 5265 3150 5333 magister
3180 5266 3410 5324 militum
3442 5270 3537 5326 ﬁlii
3562 5274 3730 5330 nostri

2147 5351 2375 5406 reditum
2433 5352 2570 5421 apud
2631 5368 2729 5409 nos
2775 5356 3013 5413 caritatis
3060 5366 3252 5414 vestra:
3302 5362 3420 5418 sine
3474 5363 3729 5423 dilatione

2146 5444 2527 5512 promiserint,
2550 5454 2603 5500 et
2632 5448 2937 5516 ignoramus
2958 5458 3131 5505 utrum
3153 5450 3263 5507 illic
3284 5467 3569 5512 causarum
3599 5476 3728 5529 qua-

2146 5536 2297 5600 litas,
2328 5552 2394 5590 an
2426 5545 2573 5593 certe
2616 5538 2761 5594 fraus
2797 5542 2970 5613 aliqua
2996 5544 3240 5601 simulata
3268 5549 3369 5604 sub
3403 5556 3729 5611 necessitate

2144 5626 2410 5694 detineat;
2452 5630 2574 5700 quia
2623 5632 2778 5689 nobis
2826 5638 3241 5695 sollicitudinem
3280 5640 3397 5699 sine
3422 5651 3725 5706 cessatione

2143 5721 2450 5790 gerentibus
2470 5765 2484 5788 ,
2517 5734 2570 5781 et
2605 5741 2741 5797 pene
2772 5730 3050 5788 universos
3080 5733 3325 5790 homines
3354 5737 3566 5796 illarum
3606 5758 3725 5811 par-

2141 5813 2269 5867 tium
2300 5822 2791 5889 percunctantibus,
2816 5824 3023 5879 diversa
3054 5836 3107 5881 et
3146 5828 3422 5885 dissimilia
3464 5835 3722 5892 nuntiau-

2138 5914 2225 5963 tur
2276 5926 2286 5959 :
2335 5918 2387 5966 ct
2426 5909 2566 5980 ideo,
2602 5917 2854 5984 quoniam
2900 5934 2994 5974 vos
3017 5934 3205 5978 causas
3246 5933 3409 5981 tanta:
3456 5928 3719 5987 tarditatis
