3998 6368
253 391 351 448 J89

1449 381 1808 440 EPISTOLE
1847 381 1940 439 ET
1979 382 2326 440 DECRETA.

3427 395 3535 449 490

251 502 436 558 melius
462 496 872 569 deprehendere
897 501 952 552 et
979 493 1280 564 intelligere
1306 492 1529 564 potestis
1558 505 1719 562 atque
1745 507 1835 548 co-
1860 496 1918 560 Α
1939 495 2060 551 aliis
2082 496 2101 567 (
2117 504 2173 550 ut
2201 509 2262 551 se
2289 495 2487 552 habent
2517 499 2746 554 humana
2778 498 2988 570 studia)
3014 499 3065 554 in
3097 502 3426 559 contrarium
3443 519 3535 562 req

249 607 528 666 gnoscere,
577 589 882 660 signiﬁcare
931 587 1084 643 nobis
1129 586 1252 651 ista,
1303 585 1368 641 de
1411 583 1606 655 quibus
1657 593 1843 640 noster

249 686 520 740 cruciatur
547 683 786 748 animus,
818 681 1109 745 debuistis;
1144 680 1230 736 vel
1262 678 1306 734 si
1337 687 1418 735 est
1445 692 1605 733 causa
1628 677 1844 733 dilatio-

159 814 166 818 ρ
250 779 330 832 nis
355 777 545 832 idonea
564 817 580 843 ,
614 777 754 831 sicut
776 775 1124 830 constitutum
1150 781 1261 838 est,
1291 773 1524 843 aliquem
1557 773 1621 826 de
1648 769 1844 826 vestris

250 871 313 925 ad
357 885 456 926 nos
500 877 816 940 oportuerat
862 867 1160 932 destinari,
1209 865 1348 920 unde
1389 880 1455 920 ne
1492 864 1712 918 forsitan
1747 876 1843 932 per

251 961 546 1028 versutias,
577 969 668 1015 aut
705 960 936 1030 aliquam
963 957 1433 1013 concinnationem
1474 955 1629 1010 vobis
1653 953 1842 1008 dilatio

248 1063 300 1108 et
326 1052 711 1122 impedimenta
740 1059 1084 1121 generentur,
1108 1048 1208 1102 sub
1227 1047 1507 1103 celeritate
1528 1045 1686 1101 nobis
1706 1045 1842 1100 scri-

250 1144 356 1199 bite
375 1188 389 1210 ,
422 1153 479 1197 ut
508 1143 610 1197 sub
639 1141 944 1197 rationabili
972 1140 1310 1195 ordinatione
1339 1153 1436 1208 pro
1469 1146 1641 1192 vestra
1675 1150 1836 1206 repe-

249 1235 432 1290 titione
463 1235 530 1288 ad
564 1234 730 1288 ﬁlium
762 1243 1001 1288 nostrum
1033 1231 1509 1288 clementissimum
1544 1230 1840 1299 imperato-

247 1343 360 1383 rem
411 1328 726 1397 dirigamus.
777 1327 914 1396 Ergo
962 1336 1072 1380 tam
1113 1326 1254 1381 circa
1295 1337 1551 1395 personas
1580 1339 1740 1393 quam
1771 1323 1841 1378 de

247 1434 406 1476 causa
437 1419 582 1484 ﬁdei,
616 1434 712 1488 pro
738 1434 840 1489 qua
869 1418 962 1474 diu
1003 1418 1306 1481 moramini,
1337 1416 1464 1486 quid
1501 1423 1718 1486 geratur
1759 1415 1841 1470 in-

249 1513 464 1574 struite,
493 1519 652 1581 atque
696 1510 1004 1580 plenissime
1055 1509 1211 1564 nobis
1252 1508 1500 1562 universa
1525 1504 1836 1575 rescribite,

247 1614 303 1661 ut
330 1605 584 1660 omnibus
617 1605 876 1674 cognitis,
905 1603 1015 1658 Deo
1053 1611 1242 1657 nostro
1273 1601 1516 1666 favente,
1549 1608 1839 1654 tractemus

245 1696 706 1768 quemadmodum
738 1695 981 1765 personis
1022 1695 1218 1749 vestris
1265 1700 1320 1748 et
1347 1705 1524 1746 causa;
1558 1690 1723 1760 ipsius
1746 1705 1839 1745 cu-

246 1791 330 1861 jus
370 1805 461 1845 res
499 1789 675 1858 agitur
720 1789 886 1856 possit
931 1784 1300 1842 misericordia
1349 1783 1655 1839 subvenire.
1705 1781 1837 1837 Data

1952 590 2312 655 mittentibus,
2344 606 2428 646 me
2450 592 2794 648 crediderunt
2823 594 2891 649 de
2929 593 3030 649 hoc
3057 593 3308 664 ambiguo
3334 611 3534 653 consu-

1950 681 2190 738 tendum.
2245 681 2362 736 Dixi
2413 682 2628 752 quidem
2658 700 2718 739 ea
2749 700 2867 754 qua:
2920 701 2950 740 a
3007 687 3382 743 tractatoribus
3435 703 3534 757 pro

1949 784 2110 843 captu
2137 773 2340 843 proprii
2372 775 2569 844 ingenii
2618 777 2976 845 disputantur,
3031 793 3138 834 non
3169 787 3228 834 ut
3277 782 3534 839 canonica

1948 867 2135 937 recipi,
2168 878 2258 923 aut
2287 868 2354 922 ad
2384 869 2718 940 synodalium
2752 871 2924 926 vicem
2966 887 3063 941 pro
3114 874 3229 943 lege
3283 875 3486 930 servari
3511 855 3543 940 ;i

1948 959 2043 1014 sed
2073 959 2272 1015 habere
2315 975 2414 1015 nos
2457 971 2601 1016 certa
2649 962 2875 1030 scilicet,
2923 979 3041 1033 qua:
3079 966 3247 1020 veteri
3293 966 3410 1037 lege
3443 967 3530 1023 vel

1948 1066 2084 1106 nova
2106 1052 2430 1122 conscripta,
2463 1062 2518 1108 et
2549 1055 2888 1122 generalibus
2917 1055 3132 1110 Patrum
3164 1065 3287 1112 sunt
3315 1057 3529 1114 decreta

1945 1142 2160 1212 judiciis
2187 1145 2255 1199 ad
2285 1145 2687 1201 fundamentum
2711 1147 2857 1213 ﬁdei,
2876 1161 2940 1202 ac
2967 1147 3242 1218 religionis
3269 1151 3531 1220 integram

1947 1233 2291 1302 firmitatem;
2324 1235 2437 1290 haec
2463 1246 2663 1303 autem,
2710 1252 2828 1307 qua:
2859 1238 3124 1293 antistites
3173 1238 3374 1294 diversi
3405 1256 3532 1294 con-

1947 1326 2298 1394 scripserunt,
2332 1342 2428 1396 pro
2455 1328 2711 1398 qualitate
2764 1329 2845 1383 sui
2897 1329 3014 1384 sine
3068 1329 3379 1399 praejudicio
3411 1330 3532 1385 fidei

1947 1419 2124 1472 solere
2147 1419 2378 1475 censeri.
2406 1419 2510 1476 Sed
2532 1435 2654 1475 cum
2682 1420 2797 1475 haec
2819 1421 2837 1491 (
2859 1429 3112 1491 quantum
3135 1422 3190 1475 in
3215 1436 3400 1476 eorum
3425 1420 3533 1476 fre-

1945 1513 2130 1580 quenti
2162 1513 2522 1581 postulatione
2545 1514 2942 1585 persensimus)
2975 1515 3140 1584 magis
3159 1515 3237 1570 eis
3259 1515 3533 1570 excusatio

1945 1601 2254 1658 videretur:
2283 1605 2368 1660 vel
2401 1621 2497 1674 pro
2524 1621 2709 1661 eorum
2737 1621 2918 1677 prece,
2950 1607 3034 1662 vel
3057 1622 3156 1676 pro
3176 1606 3416 1676 obsequii
3437 1619 3531 1661 oc-

1944 1693 2162 1748 casione
2208 1694 2468 1750 reddendi
2516 1697 2833 1765 apostolatui
2867 1705 3065 1761 vestro,
3118 1713 3213 1768 per
3263 1697 3532 1753 Justinum

1946 1785 2230 1842 diaconum
2283 1804 2462 1843 meum
2495 1791 2808 1860 przesumpsi
2860 1791 3038 1861 apices
3067 1791 3346 1861 parvitatis
3395 1804 3533 1845 mem

248 1881 423 1937 idibus
463 1879 620 1944 Julii,
653 1878 874 1934 Rustico
915 1879 1028 1933 viro
1073 1877 1374 1932 clarissimo
1417 1875 1640 1930 consule
1669 1875 1838 1946 (anno
1866 1894 1915 1956 Β
1947 1877 2191 1947 ingerere
2219 1896 2232 1946 ;
2276 1881 2468 1950 quibus
2500 1882 2869 1952 principaliter
2899 1883 3200 1939 orationum
3232 1892 3532 1940 vestrarum

249 1972 459 2027 Domini
491 1971 642 2040 520).
886 2038 1188 2094 RELATIO

251 2148 585 2190 Ροδεεεεοιιιε
620 2146 850 2189 EPISCOPI
870 2149 990 2187 ΛΡΜ
1011 2149 1111 2187 PER
1136 2147 1386 2188 JUSTINUM
1411 2145 1678 2188 DIACONUM
1697 2146 1840 2189 [ωε.

391 2227 628 2283 Consulit
658 2226 954 2296 pontiﬁcem
989 2227 1053 2280 de
1083 2225 1267 2278 Fausti
1297 2227 1520 2295 episcopi
1547 2227 1695 2280 libro.

320 2321 549 2376 Domino
579 2319 891 2374 beatissimo
933 2328 986 2372 et
1034 2317 1374 2372 ineffabiliter
1430 2317 1683 2378 mirabili.
1713 2317 1842 2372 etin

253 2415 450 2469 Christi
479 2414 648 2484 gratia
678 2411 1014 2482 praeferendo
1046 2424 1196 2480 papa:
1229 2409 1529 2465 llormisda‘:
1556 2411 1844 2466 Possessor

255 2506 534 2574 episcopus
564 2504 617 2557 in
644 2503 867 2557 Domino
895 2514 1152 2557 aeternam
1178 2503 1427 2556 salutem.

321 2598 489 2653 Decet
519 2605 573 2651 et
593 2594 812 2665 expedit
834 2593 899 2648 ad
934 2593 1126 2662 capitis
1164 2609 1441 2649 recurrere
1485 2593 1846 2650 medicamen-

254 2699 385 2756 tum,
417 2688 628 2757 quoties
676 2687 851 2756 agitur
900 2685 969 2740 de
1023 2686 1250 2740 sanitate
1301 2685 1685 2740 membrorum.
1741 2685 1843 2750 Qui

252 2781 391 2834 enim
421 2779 682 2847 majorem
718 2779 862 2832 circa
896 2777 1169 2846 subjectos
1200 2777 1622 2832 sollicitudinem
1682 2778 1841 2846 gerit,

252 2881 340 2927 aut
364 2886 394 2924 a
425 2887 532 2940 quo
559 2872 728 2938 magis
757 2878 838 2923 est
866 2869 1103 2924 nutantis
1153 2869 1275 2924 ﬁdei
1336 2869 1600 2923 stabilitas
1625 2875 1632 2880 '
1653 2883 1844 2937 exspe-

252 2964 464 3028 ctanda,
495 2978 652 3034 quam
676 2963 742 3016 ab
771 2961 886 3031 ejus
916 2961 1059 3016 sedis
1093 2961 1340 3029 prmside,
1390 2961 1542 3029 cujus
1584 2961 1787 3030 primus
1815 2975 1843 3014 a

251 3056 466 3112 Christo
497 3066 674 3110 rector
719 3056 963 3110 audivit:
1011 3054 1089 3109 Tu
1138 3071 1188 3109 ex
1221 3053 1430 3119 Petrus,
1462 3064 1508 3107 et
1533 3071 1684 3126 super
1709 3055 1844 3108 hanc

253 3158 443 3217 petram
470 3147 739 3214 wdiﬁcabo
773 3146 1055 3201 Ecclesiam
1078 3163 1240 3199 meant
1267 3145 1481 3216 (Matth.
1512 3148 1620 3214 xvt)
1644 3147 1665 3199 ?
1690 3147 1844 3200 Arbi-

255 3252 362 3296 tror
391 3251 626 3296 vestram
661 3240 1044 3294 beatitudinem
1077 3253 1183 3292 non
1213 3238 1378 3292 latere
1406 3238 1616 3306 quantis
1637 3237 1841 3292 inCon-

251 3333 723 3402 stantinopolitana
758 3331 888 3386 urbe
918 3330 1154 3385 Ecclesia
1187 3330 1395 3384 laboret
1435 3330 1667 3395 insidiis,
1695 3339 1750 3384 et
1774 3329 1841 3385 ad

249 3441 456 3481 morem
479 3425 677 3479 veteris
701 3424 872 3478 morbi
897 3424 949 3477 iu
974 3425 1182 3479 saniem
1209 3424 1398 3477 vulnus
1421 3423 1610 3478 iterum
1636 3432 1841 3494 quaerat

250 3530 558 3585 erumpere,
607 3515 751 3584 quod
780 3515 1071 3569 obductum
1103 3514 1340 3569 creditur
1365 3513 1635 3569 cicatrice.
1689 3513 1840 3569 Unde

248 3624 366 3665 cum
400 3609 758 3680 quorumdam
816 3611 1034 3663 fratrum
1093 3609 1302 3663 animus
1340 3608 1410 3662 de
1439 3607 1625 3662 codice
1657 3607 1838 3661 Fausti

247 3703 527 3772 cujusdam
561 3702 776 3756 natione
801 3705 816 3724 ‘
849 3699 987 3756 Galli
1011 3705 1051 3725 "
1075 3700 1290 3772 Regina:
1314 3702 1550 3756 civitatis
1579 3701 1836 3770 episconi,

248 3798 335 3866 qui
364 3797 433 3851 de
464 3795 698 3851 diversis
723 3795 880 3850 rebus
907 3806 961 3850 et
987 3795 1313 3865 frequentius
1338 3796 1404 3850 de
1427 3796 1597 3864 gratia
1633 3794 1723 3850 Dei
1759 3795 1840 3850 di-

245 3900 389 3946 serte
419 3892 566 3945 visus
589 3899 672 3946 est
705 3889 1000 3958 disputare,
1058 3889 1112 3943 in
1144 3889 1453 3944 scandalum
1505 3897 1836 3958 moveretur,

319 4037 341 4066 ει
370 4029 612 4084 Joannes
640 4025 934 4082 Maxentius
962 4025 1246 4079 haereticus
1274 4034 1328 4079 et
1349 4025 1574 4078 mendax
1606 4025 1839 4093 scriptor

243 4100 452 4167 primus
481 4099 685 4167 estqui
715 4099 848 4150 hanc
873 4097 1153 4164 epistolam
1187 4097 1481 4150 llortnisda:
1508 4111 1630 4150 esse
1676 4111 1838 4162 nega-

243 4170 351 4232 vit;
393 4185 560 4237 quam
618 4170 729 4236 ipsa
772 4179 948 4221 tamen
997 4168 1262 4221 connexio
1312 4183 1490 4220 rerum
1540 4176 1836 4233 gestarum,

242 4241 635 4294 sententiarum
665 4248 820 4305 atque
867 4238 1154 4293 verborum
1184 4237 1503 4305 proprietas,
1538 4239 1651 4304 ipse
1679 4237 1830 4290 deni-

238 4327 345 4379 que
369 4311 546 4380 stylus
582 4309 878 4363 Hormisdaa
905 4311 1184 4362 manifeste
1213 4307 1540 4374 adjudicant.
1572 4307 1836 4380 Joannem

239 4379 581 4443 Cochlietrm,
617 4383 783 4433 virum
835 4381 970 4432 fama
1023 4380 1316 4440 celebrem,
1364 4387 1418 4432 et
1460 4379 1835 4432 haereticorum

238 4454 413 4506 nostri
439 4450 696 4515 temporis
725 4450 1040 4502 acerrimum
1068 4450 1515 4518 itnpugnatorem,
1541 4450 1683 4501 idem
1709 4463 1830 4502 cum

238 4523 516 4578 Maxentio
551 4522 786 4574 sensisse
816 4519 1062 4583 fatemur,
1093 4521 1186 4573 sed
1222 4535 1407 4573 errore
1454 4529 1506 4573 et
1539 4519 1662 4572 boni
1715 4519 1836 4586 opi-

1947 1972 2224 2027 munimen
2247 1987 2564 2041 exposcens,
2612 1989 2796 2045 quaeso
2827 1985 2884 2030 ut
2924 1979 3266 2033 consulentes
3310 1978 3438 2048 quid
3464 1978 3536 2034 de

1946 2063 2154 2135 praefati
2185 2065 2421 2121 auctoris
2451 2067 2608 2122 dictis
2637 2068 2900 2134 videatur,
2953 2069 3270 2124 auctoritate
3315 2077 3533 2138 aposto-

1947 2156 2063 2212 lica;
2093 2158 2458 2226 responsionis
2481 2169 2774 2229 agnoscant
2803 2177 2813 2212 :
2846 2161 3084 2215 maxime
3108 2161 3250 2232 quod
3283 2161 3374 2214 ﬁlii
3395 2177 3534 2229 quo-

1945 2263 2051 2318 que
2080 2249 2242 2303 vestri
2274 2250 2510 2319 magistri
2534 2252 2764 2305 militum
2791 2251 3092 2306 Vitalianus
3122 2262 3177 2306 et
3201 2251 3536 2308 Justinianus

1945 2341 2214 2410 prmcipue
2232 2355 2392 2410 super
2422 2342 2519 2396 hac
2550 2359 2606 2396 re
2629 2345 2894 2412 rescripto
2943 2344 3294 2399 beatitudinis
3339 2353 3535 2400 vestra

1947 2434 2194 2488 similiter
2220 2434 2495 2490 informari
2525 2435 2854 2491 desiderant.
2889 2435 3141 2491 Codicem
3178 2453 3391 2507 quoque
3423 2446 3535 2492 tra-

1945 2527 2198 2580 ctandum
2251 2528 2270 2595 (
2305 2535 2621 2581 tractatuum
2653 2527 2670 2596 )
2726 2528 2956 2584 antehac
2996 2528 3257 2584 direxisse
3291 2530 3532 2596 memini,

1946 2621 2312 2675 continentem
2346 2621 2486 2674 beati
2518 2621 2666 2675 Pauli
2707 2623 2935 2692 apostoli
2968 2623 3311 2693 epistolarum
3351 2624 3536 2691 explac

1947 2714 2221 2776 nationes;
2249 2727 2347 2783 pro
2374 2727 2478 2782 quo
2503 2713 2763 2776 rescripto
2794 2714 3046 2785 gratulari
3072 2729 3177 2769 non
3201 2715 3394 2768 merui.
3428 2714 3535 2770 Un-

1946 2805 2014 2860 de
2063 2807 2221 2859 simili
2269 2821 2429 2875 prece
2476 2806 2710 2875 deposco
2765 2817 2821 2861 ut
2855 2810 3257 2877 prmrogativam
3309 2808 3534 2864 benedi-

1945 2898 2136 2954 ctionis
2164 2909 2353 2952 vestrae
2393 2900 2715 2968 competenti
2767 2900 3116 2969 responsione
3164 2914 3374 2954 merear
3415 2899 3534 2955 adi-

1945 2990 2097 3059 pisci.
2155 2990 2384 3057 Accepta
2439 3006 2508 3044 xv
2556 2989 2810 3045 calendas
2843 2992 3090 3061 Augusti,
3141 2989 3364 3045 Rustico
3414 2990 3532 3046 viro

1946 3080 2243 3136 clarissimo
2264 3081 2507 3137 consule.

2449 3205 2472 3232 ⁸
2506 3194 2840 3250 EPISTOLA
2872 3193 3034 3249 LXX.

1871 3266 1916 3330 C
2333 3284 2400 3322 an
2431 3281 2789 3322 possessorum
2837 3281 3143 3321 srtscoruu.

1949 3362 2169 3433 Scythas
2191 3364 2486 3426 monachos,
2519 3379 2639 3416 suos
2659 3377 2876 3433 errores
2892 3362 3137 3414 damnare
3179 3361 3427 3433 nolentes,
3478 3367 3534 3414 ut

2019 3431 2276 3487 haereticos
2302 3436 2363 3486 ab
2391 3435 2512 3487 urbe
2535 3436 2796 3502 expulsos.
2830 3431 3014 3486 Fausti
3036 3433 3222 3485 librum
3244 3448 3276 3485 a
3299 3432 3535 3487 Romana

2017 3504 2254 3560 Ecclesia
2279 3521 2381 3559 non
2419 3505 2598 3574 recipi.

2018 3616 2300 3672 Hormisda
2325 3617 2628 3672 Possessori
2652 3617 2924 3686 episcopo.

2017 3707 2168 3762 Sicut
2193 3706 2389 3762 rationi
2415 3708 2662 3776 congruit
2687 3718 2744 3760 ut
2774 3707 3060 3761 consulant
3079 3704 3442 3775 ambigentes,
3465 3707 3538 3765 ita

1944 3814 2042 3869 par
2069 3808 2152 3854 est
2194 3799 2525 3867 respondere
2571 3798 2870 3864 consultos,
2921 3799 3044 3867 quia
3077 3797 3191 3865 ipse
3231 3798 3458 3868 impellit
3485 3800 3538 3859 in

1943 3907 2182 3947 errorem
2214 3893 2302 3962 qui
2335 3907 2440 3946 non
2471 3892 2687 3946 instruit
2719 3892 3102 3999 ignorantem;.
3120 3905 3220 3946 nec
3248 3891 3538 3961 quidquam

1945 4046 2062 4084 rum
2118 4030 2218 4084 rite
2268 4027 2614 4097 promeritus,
2669 4026 2830 4095 quod,
2867 4025 2920 4079 in
2951 4024 3298 4097 apostolicam
3354 4024 3538 4083 sedem

1943 4101 2194 4166 injurius,
2220 4095 2355 4155 etin
2393 4098 2728 4152 Hormisdam
2759 4100 3054 4150 Romanum
3105 4095 3411 4162 pontiﬁcem
3435 4097 3538 4150 im-

1947 4173 2368 4239 pudentissimtts
2386 4169 2762 4232 calumniator,
2784 4169 2995 4220 illorum
3019 4167 3070 4219 in
3097 4169 3339 4239 eamdem
3356 4166 3540 4239 sedem

1947 4237 2207 4297 conviciis
2235 4251 2290 4296 et
2319 4243 2370 4294 in
2402 4255 2640 4294 summos
2684 4239 2936 4294 Ecclesim
2962 4237 3232 4291 antistites
3260 4238 3540 4292 calumniis

1951 4313 2277 4380 praeluserit.
2313 4312 2621 4365 llmreamus
2640 4312 2689 4363 in
2715 4310 2999 4363 calumniis
3026 4307 3252 4380 Joannis
3274 4307 3530 4380 Maxentii

1949 4379 2011 4435 ac
2041 4398 2106 4436 ne
2136 4398 2426 4449 evagemur
2454 4383 2631 4443 latins,
2660 4396 2816 4432 unam
2840 4396 2904 4432 ex
2927 4379 3177 4432 omnibus
3208 4379 3536 4447 seligamns:

1952 4453 2167 4506 Dixerat
2193 4450 2532 4505 l-lormisdas:
2565 4451 2905 4518 Proﬁciemus
2928 4450 3057 4501 inter
3071 4450 3394 4502 adversantes
3418 4464 3540 4517 pro-

1945 4525 2070 4592 priis
2097 4524 2259 4586 bonis,
2293 4524 2333 4574 si
2357 4523 2612 4575 erroribus
2653 4537 2766 4592 non,
2796 4519 3387 4592 involvamur_afienis_:
3429 4532 3541 4592 quo

235 4596 406 4670 hicne.
429 4594 610 4659 lapsus
639 4591 754 4670 fuit.
779 4590 1103 4670 _t_\pologiam
1127 4592 1267 4645 enim
1301 4589 1635 4670 Maxentiiin
1673 4604 1836 4657 quam
1865 4607 1921 4670 θ
1946 4588 2314 4670 nilitlsauitts,
2349 4592 2480 4645 nihil
2512 4592 2692 4670 v_eritts
2717 4591 3069 4670 dici-potuit.
3113 4588 3254 4670 Quid
3303 4589 3370 4643 ad
3423 4589 3542 4670 haec

235 4663 530 4724 inciderat,
556 4677 585 4714 a
616 4660 880 4715 catholico
911 4664 1164 4729 scriptam
1224 4676 1347 4714 esse
1403 4663 1625 4728 putavit,
1675 4675 1836 4729 quam

234 4735 534 4789 haereticus
563 4731 1027 4797 pestilentissitnus
1055 4731 1315 4785 ediderat.
1338 4730 1522 4784 Caruit
1545 4733 1623 4783 vir
1647 4731 1836 4785 doctus

233 4805 435 4859 harum
471 4802 818 4872 epistolarum
851 4801 1146 4856 llortnisdaa
1187 4817 1326 4856 nunc
1356 4817 1543 4855 recens
1574 4802 1837 4854 editurum

230 4875 506 4930 subsidio.
537 4875 654 4939 Quo
683 4873 726 4926 si
754 4874 1040 4926 instructus
1067 4873 1276 4935 fuisset,
1309 4873 1546 4925 fraudem
1575 4881 1628 4925 et
1653 4873 1836 4925 dolum

229 4946 488 5002 haeretici
538 4943 969 4997 animadvertere
1021 4944 1303 5012 potuisset.
1374 4942 1505 4995 Vide
1553 4942 1838 4995 Baronium

225 5033 386 5073 anno
411 5016 537 5078 5‘20,
574 5029 798 5068 numero
830 5013 1086 5082 vigesimo
1113 5014 1352 5068 secundo
1372 5023 1427 5067 et
1451 5013 1798 5078 sequentibus
1823 5027 1837 5077 ;

225 5090 594 5144 Possevinum
614 5086 666 5138 in
690 5088 960 5155 Apparatu
980 5100 1151 5148 sacro,
1185 5086 1351 5138 verbo
1374 5082 1598 5155 Joannes
1624 5083 1836 5155 Maxen-

225 5163 359 5212 tius.
390 5159 522 5214 Sev.
553 5153 1132 5210 BtNtus.4-V:tferritni
1159 5155 1380 5220 hujusce
1404 5154 1659 5216 ltmt'etici,
1679 5163 1838 5222 atque

223 5244 280 5283 ut
321 5228 614 5284 minimum
639 5228 845 5294 loquar,
875 5226 1201 5296 Eutychiana
1225 5227 1444 5294 fuligine
1467 5225 1638 5291 tincti,
1660 5234 1838 5293 patro-

221 5303 446 5355 ciniutn
488 5313 659 5366 nuper
704 5307 1056 5364 susceperunt
1115 5312 1368 5366 procaces
1409 5297 1620 5360 quidam
1675 5306 1838 5364 atque

219 5371 491 5426 infruniti
511 5365 798 5422 navatores
814 5368 1053 5422 Jansenii
1077 5365 1323 5432 asseclaz,
1346 5370 1440 5422 sed
1466 5365 1660 5421 infelici
1683 5367 1838 5431 plane

219 5457 405 5512 atque
437 5442 590 5494 irrito
619 5447 984 5512 Sttccessu,_ut
1015 5439 1257 5505 pluribus
1307 5440 1438 5492 alias
1498 5437 1834 5512 docebimus.

217 5507 430 5583 Neque
460 5512 601 5564 enim
637 5512 689 5562 in
727 5509 1078 5583 quaestionem
1130 5519 1369 5583 @catur,
1403 5519 1578 5563 utrum
1618 5507 1838 5583 tolerari

217 5577 418 5657 possit
449 5583 563 5635 haec
584 5581 836 5657 assertio,
872 5580 1016 5657 Unus
1047 5581 1116 5657 de
1140 5579 1392 5657 Triuitate
1413 5596 1588 5657 passus
1618 5587 1715 5657 est,
1741 5577 1838 5657 sed

216 5649 338 5727 quo
362 5668 557 5727 sensu,
583 5651 843 5727 quibusve
871 5652 1266 5727 adlilandientis
1311 5651 1603 5719 vulpeculae
1636 5649 1840 5703 subdo-

216 5721 289 5782 lis
324 5723 550 5779 artibus
579 5722 915 5776 subtiliorum
938 5721 1313 5777 haereticorum
1337 5737 1485 5775 more
1509 5735 1623 5774 eam
1653 5729 1839 5789 protu-

212 5798 361 5855 lerit
397 5792 814 5862 defenderitque
841 5807 962 5847 cum
993 5794 1102 5848 suis
1137 5792 1351 5863 Scythis
1383 5790 1657 5863 monachis
1677 5789 1840 5863 Joan-

216 5852 326 5926 nes
376 5863 693 5925 Maxentius
715 5852 745 5925 ,’
775 5863 875 5918 hoc
925 5880 1032 5918 uno
1090 5852 1441 5934 patrocinium
1494 5861 1842 5915 Janseniano-

535 5957 811 6018 ΡΑτιιοι..
843 5955 1079 6018 LXIII.

1949 4665 2341 4731 perditissimus
2365 4663 2738 4732 sycophanta?
2767 4660 2983 4732 callide,
3011 4659 3202 4729 inquit,
3237 4667 3382 4732 tuam
3405 4661 3542 4732 nite-

1944 4729 2015 4788 ris
2047 4736 2303 4788 occultare
2336 4729 2625 4802 perﬁdiam,
2661 4742 2766 4786 etc.
2798 4729 3096 4802 Pelagiana:
3141 4729 3374 4799 perﬁdia:
3398 4731 3540 4802 invo-

1948 4805 2114 4860 lutum
2141 4805 2398 4859 erroribus
2421 4801 2719 4856 cunctorum
2759 4801 2924 4855 oculis
2973 4803 3254 4866 anteponit,
3283 4803 3371 4869 qui
3408 4801 3542 4854 inter

1947 4877 2271 4930 adversantes
2297 4891 2397 4926 non
2434 4873 2525 4926 Dei
2549 4889 2777 4939 munere,
2810 4872 2898 4925 sed
2934 4872 3157 4941 propriis
3210 4869 3353 4924 bonis
3383 4871 3542 4940 proﬁ-

1949 4964 2058 5000 cere
2077 4959 2122 4999 te
2142 4963 2286 5012 posse
2310 4945 2504 4998 tumida
2522 4945 2737 4996 elatione
2762 4941 3001 5008 conﬁdis,
3027 4952 3128 4996 etc.
3157 4941 3542 5010 Calumniaris,

1949 5019 2232 5086 impudens
2266 5016 2484 5079 nebulo,
2539 5015 2689 5086 dum,
2713 5013 2910 5086 ChriSti
2940 5012 3542 5086 vicariumhaereticum

1949 5083 2304 5143 etinitnicum
2355 5085 2598 5140 veritatis
2642 5084 2959 5153 blasphemo
2981 5098 3074 5136 ore
3104 5083 3432 5153 deblateras,
3490 5088 3543 5136 et

1947 5159 2172 5228 egregiis
2202 5157 2575 5228 defensoribus
2631 5157 2735 5210 tuis
2765 5152 3049 5228 magniﬁce
3099 5153 3380 5228 pneluces.
3408 5152 3542 5228 Ero-

1948 5221 2254 5300 priatfbona,
2287 5242 2392 5300 non
2426 5227 2516 5300 Dei
2546 5226 2728 5300 donis,
2754 5221 3125 5300 sanctissimus
3151 5223 3385 5290 pontifex
3408 5221 3541 5300 llorc

1948 5292 2172 5372 inisdasﬁ,
2207 5298 2304 5372 sed
2329 5297 2482 5352 bonis
2501 5297 2723 5372 opponit
2746 5298 2959 5372 alienis.
2979 5297 3185 5350 Cmtera
3207 5309 3309 5372 non
3333 5292 3541 5372 patiun:

1950 5378 2034 5424 tur
2073 5371 2228 5439 hujus
2258 5369 2649 5423 observationis
2675 5370 2963 5435 angusti:e:
2995 5368 3317 5439 recgte‘enim.
3337 5368 3540 5439 monuit

1948 5443 2029 5495 vir
2059 5430 2327 5505 eruditus,
2362 5455 2626 5508 suspenso
2672 5430 2806 5506 pede
2837 5449 2890 5494 et
2919 5439 3030 5492 acri
3071 5435 3273 5508 judicio
3305 5430 3541 5508 hzeretici

1949 5511 2130 5581 ltujus,
2157 5527 2221 5566 eo
2263 5502 2801 5580 pernici'osioris'quo
2827 5502 3089 5581 cultioris,
3145 5502 3365 5581 legenda
3407 5515 3541 5581 esse

1945 5571 2214 5638 tironibus
2238 5571 2437 5649 scripta
2460 5624 2474 5646 ,
2506 5597 2574 5635 ne
2597 5571 2908 5647 impingam.
2946 5579 3145 5649 Parua.
3182 5574 3379 5638 Lanae,
3490 5571 3536 5628 J.

2017 5655 2048 5689 ³⁸
2081 5653 2233 5707 Errat
2262 5671 2274 5705 :
2304 5645 2730 5706 commoratione
2757 5649 2972 5716 quidem
3003 5647 3206 5713 Gallus,
3241 5654 3294 5698 at
3326 5645 3539 5701 natione

1949 5725 2236 5779 Britannus
2265 5723 2382 5786 fuit,
2414 5731 2470 5775 ut
2493 5720 2579 5774 vel
2610 5721 2833 5788 ipsemet
2865 5724 3089 5772 testatur
3119 5716 3359 5785 pluribus
3387 5717 3536 5771 locis.

2019 5796 2058 5820 "
2085 5795 2301 5850 Reiensi
2334 5794 2388 5848 in
2427 5789 2759 5846 Narbonensi
2789 5803 2825 5841 ll
2845 5826 2858 5841 .

1909 5923 1939 5946 ἢ

3112 5943 3187 6006 16
