3998 6368
252 373 351 433 493

1486 358 1844 420 EPISTOLJI
1879 357 1971 417 ΕΤ
2008 354 2351 419 θεαιιετΑ.

3424 363 3530 424 494

252 491 313 548 de
338 487 425 545 bis
450 500 577 558 qua
608 485 874 543 habentur
901 484 1066 548 dicta,
1088 481 1243 553 quasi
1263 478 1405 537 dicta
1424 493 1532 535 non
1561 480 1692 546 sint,
1720 490 1833 532 mo-
1866 474 1923 540 Δ
1948 485 2143 530 ηοω-ω
2171 478 2495 547 recepimus,
2528 478 2595 534 ad
2624 478 2808 537 divina
2834 480 2911 555 (a)
2938 481 3195 555 ’για-ὴ
3216 483 3533 541 incunctan.

251 593 373 638 vere
390 579 713 646 certamina,
733 592 854 632 cum
873 574 1177 631 Christiana
1196 573 1331 629 ﬁdes
1351 572 1628 628 canonicis
1656 569 1832 637 libris,

251 683 302 728 et
326 669 682 742 synodalibus
706 667 1010 738 proccptis,
1033 676 1087 721 et
1112 666 1329 720 Patrum
1351 662 1683 734 regularibus
1710 676 1843 717 con-

250 763 448 819 stitutis
473 760 659 818 stabili
680 769 744 817 et
761 758 1085 816 inconcusso
1108 759 1346 812 termino
1371 754 1658 828 (tramite)
1697 753 1865 828 limi-f

250 866 390 914 tetur
407 855 435 910 ἳ
1856 837 1863 853 ⁴

316 949 395 1006 De
422 945 652 1004 arbitrio
690 953 866 1001 tamen
897 942 1090 1008 libero,
1118 949 1174 998 et
1202 941 1372 1014 gratia
1402 939 1521 1009 Dei,
1566 938 1707 1011 quod
1732 936 1842 994 Ro-

250 1055 406 1099 mana
440 1038 581 1112 (hoc
609 1045 693 1094 est
722 1034 1023 1107 catholica)
1053 1044 1309 1106 sequatur
1336 1043 1391 1091 et
1427 1039 1705 1089 assereret
1731 1029 1842 1085 Ec-

249 1131 434 1200 clesia,
470 1129 601 1187 licet
626 1132 677 1184 in
705 1127 869 1184 variis
897 1127 1054 1182 libris
1075 1125 1215 1182 beati
1253 1125 1563 1197 Augustini,
1588 1130 1643 1178 et
1673 1121 1845 1177 maxi-

251 1239 331 1277 me
352 1222 420 1277 ad
444 1220 709 1279 Hilarium
732 1226 787 1275 et
802 1219 1149 1289 Prosperum,
1177 1218 1344 1288 possit
1360 1214 1634 1287 cognosci,
1661 1221 1841 1268 tamen

249 1316 299 1370 in
326 1313 547 1370 scriniis
576 1311 956 1368 ecclesiasticis
992 1325 1246 1380 expressa
1292 1308 1522 1379 capitula
1556 1307 1841 1363 continen-

251 1418 353 1475 tur,
385 1423 510 1481 qua:
535 1408 581 1463 si
615 1406 709 1462 tibi
734 1406 955 1471 desunt,
988 1412 1044 1460 et
1073 1402 1376 1458 necessaria
1403 1400 1647 1468 creditis,
1674 1397 1843 1455 desti-

246 1503 521 1568 nabimus,
544 1514 848 1573 quanquam
870 1498 961 1570 qui
983 1496 1271 1571 diligenter
1288 1494 1518 1567 apostoli
1544 1493 1689 1549 dicta
1711 1506 1844 1548 con-

246 1593 472 1664 siderat,
501 1591 633 1665 quid
660 1591 813 1664 sequi
849 1590 1045 1646 debeat
1064 1587 1343 1645 evidenter
1369 1594 1682 1660 cognoscat.
1708 1585 1843 1643 Data

245 1686 422 1746 idibus
439 1684 691 1761 “sum
765 1750 1103 1811 EPISTULA
1130 1748 1319 1806 LXXI.

316 1863 386 1904 AD
406 1861 735 1904 ΒΡΙΡΒΑΜΙῘΙ
763 1854 1432 1901 εοκετλῃτιμονοιιτλαυι
1459 1850 1767 1893 ειηςεοιιωι.

246 1937 607 2012 Epiphaniam
650 1938 944 2012 episcopum
986 1933 1301 2012 ordinatum
1323 1945 1417 1985 nec
1445 1927 1709 1993 scripsisse
1747 1942 1841 1982 nec

712 2003 911 2078 togatos
935 2005 1132 2059 misisse
1150 2003 1377 2058 nanda.

313 2099 609 2158 lerntiada
630 2094 1144 2170 EpiphanioConsta
1152 2094 1544 2162 Neapolitano
1558 2090 1836 2161 episcopo.

312 2191 421 2248 Diu
475 2205 576 2247 nos
614 2205 723 2246 non
785 2191 1025 2243 aantiua
1064 2196 1173 2241 tata
1210 2182 1504 2255 primordia
1557 2179 1841 2254 dignitatis

244 2295 472 2341 unum.
494 2297 819 2353 suspensos,
840 2290 896 2337 et
916 2281 975 2336 in
1002 2280 1117 2351 ipsa
1144 2277 1449 2334 commtuﬁs
1476 2275 1839 2347 gratulatione

245 2378 473 2443 ιωιῆι,
502 2374 681 2430 mirati
715 2373 1004 2430 admodum
1060 2384 1248 2427 sumus
1295 2384 1502 2424 morem
1553 2360 1839 2437 pristinum

244 2472 408 2527 luisse
444 2470 793 2542 oegtectum;
824 2466 947 2537 quia
994 2472 1245 2535 reparata
1292 2462 1673 2526 Ecclesiarum,
1726 2460 1839 2514 Deo

244 2572 539 2629 annuam,
560 2559 875 2626 concordia,
900 2558 1113 2629 plenum
1152 2555 1403 2611 fraternae
1437 2552 1583 2623 pacis
1606 2552 1657 2605 id
1686 2549 1839 2621 ﬂagi-

244 2659 389 2714 tabat
414 2656 660 2712 ol’llcium
687 2672 700 2708 :
728 2653 1030 2723 prasertim
1058 2650 1206 2719 quod
1234 2647 1364 2703 illud
1408 2645 1510 2701 sibi
1552 2659 1660 2699 non
1684 2657 1837 2697 arro-

242 2755 421 2828 gantia
451 2752 773 2825 personis,
808 2749 909 2806 sed
942 2747 1249 2820 regularum
1292 2742 1633 2797 observantia
1660 2737 1835 2794 vindi-

243 2847 419 2901 cubat.
448 2844 717 2899 Decoerat
738 2839 1025 2911 siquidem,
1048 2834 1530 2899 fratercarissime,
1554 2841 1608 2887 te
1631 2831 1836 2901 legatos

242 2940 306 2994 ad
336 2936 695 3009 apostolicam
722 2934 906 2991 sedem
937 2934 1078 2988 inter
1100 2931 1216 2999 ipsa
1242 2927 1318 2982 tui
1350 2926 1693 2997 pontiﬁcatus
1733 2923 1838 2979 ini-

244 3032 715 3095 tiadestinasae‘,
762 3036 822 3084 ut
842 3034 1079 3097 etquem
1111 3022 1206 3077 tibi
1245 3019 1539 3075 debeamus
1583 3017 1832 3071 affectum

242 3134 377 3181 nene
398 3135 783 3195 cognosceres,
818 3126 1123 3174 ctvetustae
1151 3110 1561 3172 consuetudinis
1596 3108 1833 3164 formam

1948 576 2027 622 ter
2044 566 2349 634 admittere,
2372 579 2533 639 atque
2561 571 2628 627 ad
2652 573 2921 630 Ecclesiae
2949 589 3095 644 suas,
3141 590 3172 631 a
3221 576 3414 647 quibus
3435 593 3533 636 eos

1945 658 2230 719 discordiae
2256 675 2410 718 error
2434 663 2760 731 excluserat,
2786 681 2886 736 pro
2906 669 3052 738 pacis
3080 677 3277 726 nostra:
3301 670 3533 741 pleuitu-v

1944 750 2069 805 diae
2094 765 2383 817 revocare;
2410 761 2468 809 ut
2489 758 2685 823 unitas,
2729 772 2889 828 quam
2920 769 3041 828 post
3069 776 3331 819 annorum
3360 766 3531 823 multa

1943 842 2207 897 curricula
2236 858 2332 915 per
2361 854 2531 901 totum
2558 848 2747 903 orbem
2777 849 2890 905 suis
2912 852 3055 907 Deus
3083 857 3406 912 restauravit
3432 858 3532 913 Ec-

1944 933 2145 1001 ciesiis,
2178 937 2324 992 nulla
2354 937 2689 997 voluntatum
2716 954 3018 999 nostrarum
3035 945 3287 1003 distantia
3309 949 3532 1007 laedere-

1947 1035 2053 1082 tur.
2084 1027 2191 1083 Sed
2218 1028 2343 1096 quia
2374 1045 2489 1086 rem
2539 1040 2649 1087 tam
2698 1043 2928 1104 gratam,
2966 1044 3021 1091 et
3047 1036 3265 1095 Patrum
3317 1043 3532 1099 statutis

1946 1119 2340 1177 venerabilibus
2389 1134 2775 1194 congruentem
2821 1127 3138 1197 quibusdam
3192 1132 3533 1193 tarditatibus

1944 1213 2166 1281 contigit
2190 1229 2333 1271 nunc
2363 1231 2529 1287 usque
2569 1216 2796 1284 dilierri,
2829 1220 2968 1276 unde
2993 1220 3157 1277 etiam
3187 1224 3253 1277 ad
3277 1224 3533 1281 decesso-

1945 1317 2059 1359 rem
2083 1303 2433 1363 fraternitatis
2457 1316 2561 1364 tua;
2588 1325 2686 1365 nos
2707 1311 2988 1379 scripsisse
3005 1312 3379 1381 meminimus;
3405 1316 3532 1375 hor-

1947 1407 2123 1455 tamur
2151 1408 2209 1456 ut
2237 1400 2501 1471 laetitiam,
2534 1418 2695 1473 quam
2725 1404 2793 1460 de
2819 1404 3077 1462 damnato
3107 1406 3394 1476 praeterita
3422 1410 3534 1471 dis-

1944 1490 2210 1547 sensionis
2235 1506 2423 1548 errore
2447 1494 2805 1563 percipimus:
2830 1494 2884 1549 in
2914 1496 3067 1552 nullo
3107 1498 3301 1557 iterum
3326 1500 3533 1563 discre-

1944 1583 2187 1651 pantium
2214 1584 2515 1640 animorum
2567 1599 2728 1641 causa
2783 1588 3085 1645 contristet.
3137 1591 3346 1648 Etenim
3398 1596 3534 1657 nulli

1944 1676 2160 1731 videtur
2192 1692 2288 1732 vos
2344 1677 2622 1733 nobiscum
2683 1680 2842 1750 pleno
2893 1686 3290 1743 communicare
3334 1689 3535 1747 montis

1945 1765 2157 1834 aiiectu,
2190 1768 2235 1822 si
2266 1782 2361 1823 eos
2388 1770 2476 1838 qui
2510 1770 2789 1827 nobiscum
2835 1776 3235 1833 communicant
3277 1793 3308 1833 a
3351 1790 3537 1840 vestito

1870 1858 1924 1925 Β
1948 1862 2220 1917 consortio
2241 1863 2556 1934 segregatis.
2584 1865 2856 1922 incassum
2893 1880 3041 1925 certe
3070 1871 3317 1928 videntur
3340 1889 3533 1942 pacem

1944 1950 2186 2021 recipere
2200 1952 2291 2022 qui
2318 1954 2463 2023 pacis
2483 1954 2737 2012 dill'erunt
2759 1968 3022 2029 praecepta
3048 1964 3341 2031 complere.
3366 1966 3533 2033 Quid.

1942 2044 2069 2115 quid
2098 2046 2243 2101 enim
2270 2046 2326 2100 in
2356 2046 2571 2102 illorum
2614 2049 2955 2119 suscipienda
3006 2057 3387 2117 communione
3413 2074 3535 2116 tunc

1940 2136 2155 2202 ramini,
2177 2137 2578 2209 quodammodo
2607 2140 2675 2195 de
2701 2150 2883 2196 nostra
2900 2145 3338 2203 reconciliatione
3352 2149 3533 2209 Λευ-δ-

1942 2227 2091 2285 hitis.
2126 2229 2194 2284 Et
2221 2229 2609 2298 providendum
2661 2242 2766 2298 est,
2820 2233 2985 2290 frater
3039 2237 3337 2308 carissime,
3392 2239 3533 2306 neri

1943 2321 2308 2379 Ecclesiarum
2339 2333 2643 2381 nostrarum
2671 2326 2888 2383 tandem
2915 2327 3147 2399 desuper
3176 2330 3378 2389 indulta
3398 2348 3534 2393 cou-

1940 2414 2125 2471 cordia
2144 2413 2215 2471 ab
2236 2415 2319 2472 his
2338 2416 2617 2473 exordium
2648 2428 2831 2473 sumat
2858 2422 3141 2490 exemplis,
3170 2434 3228 2479 et
3255 2424 3533 2493 religionis

1939 2506 2246 2562 veneranda
2274 2507 2481 2580 regula,
2504 2518 2561 2564 et
2599 2510 2911 2578 apostolicae
2938 2512 3083 2568 sedis
3110 2514 3401 2572 auctoritas
3430 2517 3532 2575 ina-

1940 2597 2143 2653 minuta
2172 2598 2349 2671 (quod
2384 2600 2563 2670 absit)
2592 2616 2688 2671 per
2719 2602 2993 2659 Orientem
3022 2606 3199 2673 potius
3241 2606 3319 2679 (b)
3350 2607 3532 2667 divul-

1935 2698 2057 2759 gata
2078 2704 2239 2759 quam
2280 2691 2532 2747 restituta
2561 2695 2827 2749 videatur.

2577 2784 2878 2842 RELATIO

2116 2888 2379 2932 ΕΗΡΒΛΝΙΙ
2432 2891 2665 2932 ΕΡΙΒΟΟΡΙ
2713 2891 3341 2937 CONSTANTINOPOLITANI.

1936 2964 2015 3022 De
2040 2982 2138 3021 sua
2181 2969 2445 3025 electione.
2476 2968 2657 3041 Fidem
2683 2970 2989 3041 catholicam
3037 2972 3330 3041 proﬁtetur,
3386 2980 3438 3025 et
3463 2973 3529 3028 ds

2185 3041 2417 3093 ommbus
2448 3057 2564 3094 cum
2588 3040 2820 3094 Ecclesia
2845 3040 3075 3094 Romana
3102 3044 3270 3096 sentit.

2007 3128 2361 3186 Sanctissimo
2383 3146 2448 3186 ac
2471 3132 2781 3189 beatissimo
2807 3133 3025 3187 domino
3052 3133 3202 3188 fratri
3224 3145 3277 3189 et
3299 3134 3531 3199 commi-I

246 3216 690 3286 rltecompleres.
732 3210 839 3269 Sed
869 3211 996 3267 licet
1023 3208 1107 3264 his
1134 3207 1372 3271 omissis,
1418 3202 1685 3277 paginalia
1710 3212 1833 3256 tan-

1948 3222 2209 3278 nistratori
2237 3224 2537 3282 Hormisdae
2561 3224 2892 3295 Epiphanius
2912 3224 3196 3296 episc0pus
3222 3225 3276 3280 in
3300 3226 3528 3284 Domino

247 3320 352 3366 tam
383 3308 642 3364 sufﬁcere
661 3305 960 3377 iudicasses
988 3317 1054 3357 ex
1080 3300 1365 3357 occasione
1392 3296 1694 3366 colloquia;
1733 3306 1833 3349 nos

245 3411 420 3459 tamen
444 3398 617 3472 gratia
636 3396 927 3467 stipulante
946 3390 1326 3464 (stimulante)
1357 3387 1649 3459 compulsi,
1691 3386 1836 3441 inte-

245 3498 340 3551 ritn
362 3493 511 3564 iuste
526 3488 888 3548 constantiam
905 3482 1322 3556 exspectationis
1342 3480 1678 3550 abrupimus,
1693 3476 1835 3533 reci-

244 3601 407 3659 proca
426 3593 636 3641 mutua
662 3579 903 3638 caritatis
932 3578 1098 3633 verba
1128 3575 1457 3638 reddentes;
1503 3573 1628 3643 quia
1656 3579 1709 3625 et
1740 3583 1837 3625 no-

246 3689 353 3735 ster
381 3677 600 3733 animus
624 3672 828 3730 amoris
857 3668 1164 3741 impatiens,
1194 3674 1256 3722 et
1290 3666 1592 3737 legatorum
1619 3671 1836 3717 nostro-

246 3790 361 3831 rum
392 3771 579 3828 votiva
623 3767 818 3824 relatio
852 3764 1141 3822 exclusum
1166 3761 1313 3833 quod
1343 3758 1645 3829 imperabat
1672 3768 1837 3811 causa

244 3864 519 3921 silentium
534 3860 604 3915 ad
624 3858 807 3916 cilicia
829 3856 1058 3927 benigna
1081 3859 1380 3916 traxerunt,
1397 3849 1591 3920 quibus
1616 3849 1684 3903 ad
1698 3862 1839 3918 prm-

246 3976 367 4019 sens
397 3957 585 4033 gaudii
630 3954 810 4011 nostri
865 3952 1019 4024 signa
1068 3956 1459 4013 monstramus,
1501 3951 1558 4000 et
1615 3940 1839 4012 privata

250 4049 644 4127 quodammodo
674 4046 922 4103 amicitia:
950 4043 1129 4099 votiva
1155 4039 1536 4112 persolvimus.
1590 4033 1838 4105 Legatis—

252 4166 369 4207 nem
398 4155 581 4203 autem
609 4155 757 4199 tuam
776 4150 833 4198 et
856 4154 923 4196 ea
940 4153 1049 4210 qua
1070 4134 1272 4191 dudum
1294 4132 1463 4206 gratia
1483 4129 1835 4195 sustinemus,

252 4254 301 4300 et
340 4241 463 4297 fulti
511 4236 789 4294 veteribus
822 4232 1130 4291 constitutis
1158 4228 1446 4299 exigimus,
1495 4232 1554 4278 nt
1577 4230 1838 4292 quantum

253 4334 425 4409 gaudii
458 4333 714 4397 fructum,
740 4326 828 4383 vcl
855 4326 924 4381 de
956 4324 1028 4379 tui
1050 4320 1396 4393 pontiﬁcatus
1427 4316 1632 4371 honore
1662 4312 1842 4381 capia-

252 4407 387 4493 mus,
410 4426 499 4481 vel
521 4438 656 4495 quas
686 4421 782 4477 tibi
806 4417 1007 4491 gratias
1030 4414 1221 4471 reterri
1256 4410 1546 4468 conveniat
1591 4422 1690 4477 pro
1738 4407 1841 4460 im-

252 4519 431 4591 pensis
457 4519 514 4573 in
542 4514 760 4586 negotio
781 4508 1138 4583 propagandae
1181 4504 1397 4560 unitatis
1423 4499 1623 4557 ofﬁciis
1657 4498 1841 4570 (sicut

1939 3318 2189 3376 salutem.

2011 3412 2151 3469 Deus
2180 3412 2269 3484 qui
2292 3412 2346 3466 in
2381 3410 2488 3465 alto
2511 3410 2726 3476 habitat,
2777 3417 2827 3464 et
2856 3409 3073 3464 humilia
3109 3410 3313 3481 respicit
3337 3411 3355 3482 (
3379 3408 3525 3465 Psal.

1938 3504 2099 3577 cxtt),
2158 3514 2212 3561 et
2240 3506 2418 3561 omnia
2456 3520 2555 3575 pro
2584 3505 2755 3559 salute
2786 3504 3063 3558 hominum
3091 3503 3375 3559 afﬂuenter
3404 3519 3531 3574 pro-

1940 3600 2104 3663 videt,
2135 3616 2232 3671 pro
2248 3615 2343 3656 sua
2364 3600 2600 3655 bonitate
2618 3609 2671 3655 et
2696 3598 3070 3654 misericordia
3088 3613 3261 3653 meam
3292 3598 3532 3667 respexit

1939 3693 2278 3765 parvitatem,
2311 3704 2363 3749 et
2402 3702 2523 3763 pOst
2557 3692 2761 3745 obitum
2790 3700 2991 3745 sancta:
3038 3690 3312 3745 memorite
3359 3705 3533 3761 quon-

1939 3790 2062 3845 dam
2085 3787 2478 3857 archiepiscopi
2498 3797 2549 3841 et
2574 3784 2892 3856 patriarchae
2914 3786 3134 3841 Joannis
3150 3789 3331 3845 sedem
3348 3805 3532 3847 sacer-

1938 3880 2173 3936 dotalem
2198 3889 2403 3934 sanetze
2432 3878 2689 3934 Ecclesiae
2719 3878 2997 3934 catholica:
3024 3880 3187 3947 regite
3212 3882 3361 3935 urbis
3396 3882 3533 3941 mihi

1940 3974 2187 4030 conferre
2217 3972 2464 4043 dignatus
2490 3978 2595 4038 est,
2618 3971 2904 4037 sententia,
2955 3979 3009 4027 et
3062 3971 3325 4027 electione
3376 3971 3534 4029 Chri-

1940 4064 2258 4124 stianissimi
2285 4076 2336 4121 et
2361 4063 2651 4135 iustissimi
2682 4063 2937 4134 principis
2990 4064 3162 4119 nostri
3208 4063 3423 4130 Justini,
3478 4073 3535 4127 et

1941 4162 2197 4234 piissimae
2228 4160 2449 4231 reginae,
2505 4175 2626 4229 quae
2664 4158 2716 4214 ei
2745 4158 2811 4212 ad
2838 4173 2999 4213 omne
3028 4158 3262 4212 studium
3294 4172 3536 4215 commu-

1941 4258 2086 4315 nicat
2114 4254 2376 4319 divinum,
2434 4253 2878 4324 sequentiumque
2907 4266 3094 4306 eorum
3124 4249 3207 4306 his
3230 4252 3424 4321 quibus
3448 4260 3538 4313 est

1942 4355 2084 4411 bona
2108 4352 2474 4421 conversatio,
2503 4359 2559 4405 et
2579 4349 2671 4419 qui
2700 4350 2862 4419 regiis
2884 4348 3180 4402 honoribus
3211 4356 3337 4402 sunt
3364 4348 3538 4405 subli-

1940 4450 2163 4513 miores,
2194 4444 2355 4500 simul
2404 4450 2460 4498 et
2504 4442 2869 4507 sacerdotum,
2925 4450 2979 4495 et
3031 4440 3439 4504 monachorum,
3482 4446 3540 4499 et

1945 4541 2273 4600 ﬁdelissima:
2322 4536 2494 4608 plebis
2538 4548 2837 4591 consensus
2893 4532 3145 4589 accessit.
3198 4534 3540 4603 Quapropter

250 4587 559 4670 nostrorum
582 4606 959 4676 multipliciter
976 4599 1207 4656 astruxit
1228 4599 1523 4667 legatorum
1563 4587 1837 4661 narratio)

1948 4587 2271 4600 ...ηπ----πη
2322 4587 2490 4608 τη---
3208 4587 3244 4601 ..
3320 4587 3335 4602 ,
3420 4587 3533 4603 τ---

1948 4632 2312 4693 necessarium
2339 4629 2476 4686 duxi
2498 4630 2601 4684 hoc
2628 4627 2861 4699 primum
2891 4624 3149 4680 indicium
3192 4625 3328 4681 meis
3355 4624 3425 4698 (c)
3454 4625 3540 4683 in-

248 4705 551 4764 evidentius
586 4698 977 4771 exprimamus.

770 4785 1106 4846 EPISTULA
1132 4780 1341 4840 LXXII.

889 4899 957 4938 AD
986 4886 1224 4937 EDIDEI.

142 4940 159 4978 Σ
249 4986 496 5055 Queritur
520 4980 720 5046 Etiam,
746 4976 1005 5055 Thom-ant
1022 4982 1073 5055 et
1100 4972 1454 5055 Nicostratam
1499 4966 1843 5055 suis'sedibtts

318 5074 424 5112 non
455 5040 756 5110 restitutos:
784 5048 854 5103 ad
897 5044 1253 5116 Epiphaniam
1274 5052 1507 5113 spectare
1537 5049 1591 5093 ut
1615 5040 1721 5092 lucc
1750 5051 1841 5090 ex»

314 5126 569 5184 secutioni
610 5124 943 5177 mandentur.

320 5218 612 5278 Hormisda
630 5214 929 5287 Epiphanio
948 5211 1199 5280 episcopo
1221 5202 1839 5274 Constantinopolitano.

320 5316 652 5385 Oportuerat
679 5307 893 5380 quidem
916 5305 1309 5361 fraternitatem
1341 5311 1487 5354 tuam
1516 5296 1681 5352 divini
1712 5310 1845 5351 con-

246 5408 605 5480 templatione
622 5402 835 5475 iudicii,
866 5408 1026 5470 atque
1056 5397 1293 5452 caritatis
1330 5403 1529 5450 nostrae
1572 5400 1841 5461 respectu,

244 5505 452 5568 Eliatn,
479 5500 745 5558 Thomam
765 5504 927 5566 atque
957 5490 1318 5547 Nicostratum
1344 5486 1539 5543 l‘ratres
1582 5494 1637 5541 et
1662 5483 1846 5556 coepi-

236 5608 453 5664 scopos
468 5600 701 5654 nostros,
722 5596 1009 5659 postquam
1027 5582 1082 5638 in
1098 5581 1427 5640 consortium
1450 5576 1849 5638 communionis

359 5773 410 5844 b)
442 5781 525 5832 Al.
558 5776 711 5832 deest
753 5773 1031 5844 divulgata.

330 5858 406 5917 (ιτ)
439 5850 523 5905 Al.
574 5850 818 5901 inserere.

1945 4729 2091 4786 ferre
2132 4726 2349 4791 litteris,
2383 4732 2439 4780 ut
2461 4721 2744 4780 ostendam
2769 4734 2927 4789 quam
2961 4718 3104 4774 circa
3150 4726 3383 4774 vestram
3411 4732 3542 4789 apo-

1947 4823 2193 4879 stolicam
2223 4818 2407 4875 sedem
2440 4817 2612 4872 habeo
2650 4814 3007 4869 voluntatem.
3064 4812 3161 4867 Est
3202 4812 3338 4868 mihi
3366 4810 3542 4873 oratio

1950 4913 2159 4986 (ratio)
2191 4924 2539 4982 magnopere,
2568 4903 2902 4969 beatissime,
2929 4903 3074 4959 uuiri
3121 4919 3209 4960 me
3257 4903 3431 4970 vobis,
3486 4910 3543 4963 et

1949 5008 2131 5065 divina
2161 5004 2410 5076 amplecti
2441 5003 2689 5073 dogmata
2739 5014 2860 5071 qua:
2890 5015 2957 5054 ex
3007 4997 3181 5054 beatis
3229 5005 3284 5053 et
3336 4996 3543 5057 sanctis

1942 5104 2224 5175 discipulis
2248 5112 2303 5158 et
2323 5101 2581 5172 apostolis
2619 5098 2710 5153 Dei
2732 5096 3003 5167 praecipue
3018 5093 3219 5150 summi
3244 5092 3389 5147 Petri
3414 5106 3543 5162 apo—

1942 5198 2207 5256 stolorum
2238 5195 2352 5249 sedi
2383 5200 2584 5247 sancta:
2612 5197 2809 5245 vestrae
2839 5194 2964 5242 sunt
2988 5186 3200 5251 tradita,
3232 5191 3288 5238 et
3307 5183 3439 5238 nihil
3460 5181 3542 5241 eis

1948 5294 2235 5368 pretiosius
2250 5285 2767 5355 existimare.Neque
2777 5282 2920 5341 enim
2933 5290 3086 5337 extra
3096 5277 3310 5335 aliunde
3322 5276 3543 5335 veniens

1948 5399 2150 5444 sanctae
2180 5382 2435 5441 Ecclesiae
2475 5380 2768 5436 constituta
2803 5376 3017 5446 ignoro,
3048 5370 3143 5429 sed
3190 5368 3421 5424 nutritus
3445 5380 3543 5435 per

1957 5482 2051 5538 Dei
2082 5480 2407 5536 voluntatem
2446 5491 2511 5532 ex
2542 5473 2742 5531 teneris
2768 5469 3033 5541 unguibus
3060 5467 3113 5519 in
3141 5470 3329 5518 sancta
3355 5459 3542 5517 catho-

1955 5576 2055 5633 lica
2088 5573 2350 5637 Ecclesia,
2382 5570 2533 5642 parui
2572 5583 2666 5639 per
2695 5575 2937 5634 tempora
2966 5554 3321 5615 sanctissimis
3361 5567 3541 5611 sacel-

2029 5693 2061 5728 ¥
2087 5676 3037 5761 Episcopas_Constantinop9li‘tanus
3054 5670 3209 5729 initio
3228 5671 3311 5727 sui
3333 5669 3539 5740 epist»-

1959 5772 2115 5835 patus
2139 5746 2348 5832 legatos
2390 5758 2613 5814 Romam
2645 5746 2907 5807 mittebat.
