3998 6368
478 347 583 404 495

1844 338 2216 399 ΗΟΒΜΙΞΒᾸΞ
2256 338 2459 398 ΡΑΡΔΕ

3659 343 3754 398 ωδ

478 462 695 519 dotibus
727 470 781 518 et
814 458 1149 532 patriarchis.
1210 458 1341 515 Nam
1372 458 1570 528 sapius
1615 461 1933 530 praepositus
1981 456 2310 521 liisAstico
2330 456 2446 512 viro
2487 454 2788 511 clarissimo
2834 456 3054 513 consule
3105 458 3284 527 (anno
3330 458 3544 516 Domini
3594 460 3753 534 520).

480 557 566 628 qui
606 570 698 622 per
738 553 1160 609 sacratissimum
1214 560 1269 607 et
1324 550 1591 607 ineﬁ’abile
1643 550 1911 621 baptisma
1967 564 2064 604 sua

479 659 679 707 exuunt
701 658 941 719 peccata,
992 655 1047 703 et
1099 662 1281 703 veram
1333 646 1490 701 unius
1518 645 1766 702 essentia
1795 643 2073 700 Trinitatis

479 744 637 800 docui
664 741 848 809 ﬁdem,
868 757 1026 813 quam
1053 741 1217 813 (sicut
1243 739 1501 811 prafatus
1526 738 1671 811 sum)
1699 754 1767 794 ex
1794 737 2072 809 discipulis

481 838 577 892 Dei
600 837 777 906 magni
810 845 866 892 et
894 836 1191 892 Salvatoris
1211 835 1383 890 nostri
1405 816 1531 891 Jesu
1554 832 1758 889 Christi
1778 830 2070 903 proceden-

479 938 588 984 tem
618 928 858 984 omnium
874 927 1214 984 sacerdotum
1243 936 1299 984 et
1317 927 1557 982 omnium
1582 926 1842 981 laicorum
1868 924 2075 995 ample-

479 1021 645 1078 ctitur
669 1030 863 1079 catus.
897 1020 1144 1077 Divinum
1172 1020 1316 1075 enim
1338 1033 1527 1075 revera
1555 1026 1801 1074 sanctum
1828 1025 1883 1072 et
1908 1031 1936 1070 a
1962 1015 2075 1071 Deo

481 1114 667 1171 datum
697 1114 1004 1188 symbolum
1037 1122 1397 1171 trecentorum
1420 1114 1606 1170 decem
1635 1122 1691 1168 et
1711 1122 1834 1168 octo
1854 1121 2074 1167 sancto-

481 1224 602 1266 rum
633 1209 850 1266 Patrum
875 1210 928 1265 in
964 1209 1139 1265 Nicaa
1171 1218 1614 1280 congregatorum
1643 1208 1809 1263 adoro
1848 1217 1903 1263 et
1934 1220 2075 1276 pra-

484 1302 630 1372 dico,
652 1312 706 1358 et
733 1301 1027 1358 Christiani
1072 1303 1379 1372 splendoris
1428 1301 1769 1358 manifestum
1812 1301 2076 1372 judicium

484 1412 608 1454 esse
627 1398 920 1452 annuntio:
951 1405 1006 1452 et
1039 1397 1419 1467 quinquaginta
1444 1406 1501 1453 et
1522 1404 1735 1451 centum
1759 1404 2076 1450 sanctorum

486 1491 826 1547 sacerdotum
859 1491 914 1545 in
950 1489 1052 1545 hac
1094 1490 1227 1546 urbe
1273 1490 1423 1560 regia
1475 1489 1672 1545 factam
1715 1488 2078 1544 venerabilem

488 1584 790 1657 synodum:
853 1584 1105 1640 similiter
1151 1594 1205 1639 et
1244 1585 1597 1640 ducentorum
1642 1582 1736 1638 Dei
1777 1590 2077 1636 amatorum

488 1678 710 1734 Patrum
752 1685 1076 1732 conventum
1107 1676 1159 1729 in
1188 1676 1457 1747 Ephesina
1490 1674 1686 1730 factum
1713 1693 1725 1729 :
1780 1676 1997 1746 triginta
2028 1684 2083 1732 et

487 1776 873 1825 sescentorum
904 1766 1479 1823 reverendissimorum
1500 1764 1717 1820 Patrum
1749 1774 1805 1820 et
1826 1766 2081 1821 sacerdo-

490 1872 607 1917 tum
635 1860 899 1931 synodum
922 1859 1119 1914 factam
1141 1858 1479 1915 Chalcedone
1500 1873 1660 1912 uuam
1690 1858 1906 1927 (veram
1924 1855 1944 1928 )
1962 1872 2084 1913 esse
2116 1846 2165 1907 Β
2398 1846 2652 1955 ᾖεέιζάυέέ

490 1959 549 2009 et
575 1951 1009 2020 convenientem,
1042 1962 1097 2007 et
1124 1950 1553 2019 compaginatam
1586 1948 1857 2019 praedictis
1885 1949 2087 2003 sanctis

492 2043 771 2109 conciliis,
806 2044 921 2112 ipse
945 2057 1046 2113 ego
1076 2040 1259 2106 didici,
1300 2040 1544 2110 aliosque
1599 2039 1797 2094 docere
1840 2040 2087 2111 cognovi.

491 2135 553 2193 In
582 2137 664 2191 his
685 2150 816 2205 ergo
845 2145 1076 2206 quatuor
1097 2134 1319 2205 synodis
1344 2133 1547 2188 sanctis
1571 2139 1626 2186 et
1646 2131 1815 2187 sacris
1840 2145 2087 2202 magnum

493 2228 712 2300 pietatis
738 2226 1084 2298 pradicatum
1113 2225 1451 2297 mysterium,
1477 2232 1534 2279 et
1547 2224 1786 2278 omnium
1810 2223 2088 2278 hominum

496 2329 585 2377 est
612 2321 851 2391 reposita
879 2320 1046 2375 salus.
1090 2318 1197 2373 Eos
1254 2317 1396 2373 enim
1446 2315 1539 2387 qui
1578 2316 1793 2370 fuerunt
1832 2314 1917 2369 vel
1965 2322 2092 2370 sunt

496 2411 741 2483 ejusdem
773 2409 1057 2465 sententia
1088 2416 1141 2464 et
1168 2408 1405 2477 suscipio
1426 2416 1480 2463 et
1505 2407 1822 2476 amplector,
1851 2414 1908 2461 et
1935 2405 2092 2463 unire

495 2517 588 2560 me
608 2503 689 2558 eis
715 2501 903 2572 diligo.
940 2502 982 2556 Ε
1012 2510 1199 2557 contra
1246 2509 1428 2555 autem
1474 2514 1568 2555 eos
1596 2499 1685 2564 qui
1715 2508 1912 2570 prater
1960 2497 2090 2553 istas

495 2594 625 2668 quid
654 2595 897 2650 sentiunt
914 2603 1004 2648 aut
1040 2592 1354 2664 pradicant,
1400 2594 1675 2661 praterito
1719 2600 1959 2662 tempore
1993 2590 2090 2646 ali-

497 2689 624 2761 quid
662 2692 842 2744 conatl
883 2697 1029 2756 sunt,
1088 2703 1119 2741 a
1170 2698 1314 2742 ccetu
1367 2684 1797 2741 orthodoxorum
1845 2692 2090 2740 extorres

497 2795 620 2838 esse
649 2781 919 2837 existimo.
951 2778 1211 2835 Similiter
1237 2788 1411 2834 rectas
1441 2786 1495 2833 et
1521 2792 1711 2832 revera
1741 2775 2091 2848 religiosissi-

496 2889 615 2931 mas
638 2873 897 2945 epistolas
923 2871 1244 2929 venerabilis
1279 2886 1427 2940 papa
1449 2870 1645 2926 Leonis
1681 2884 1779 2940 pro
1808 2878 1955 2925 recta
1984 2868 2092 2924 lide

497 2967 835 3037 conscriptas
856 2964 1367 3034 circumamplector
1390 2972 1445 3019 et
1465 2963 1723 3033 suscipio.
1760 2962 1962 3017 Habeat
1993 2963 2094 3031 igi-

496 3066 587 3114 tur
608 3060 747 3115 hanc
767 3059 1088 3114 sententiam
1111 3058 1253 3112 circa
1276 3071 1361 3111 me
1381 3065 1571 3111 vestra
1597 3054 1944 3110 beatitudinis
1966 3068 2093 3109 san-

497 3146 586 3207 cta
614 3152 941 3208 fraternitas.
975 3151 1137 3207 Vobis
1166 3151 1306 3204 enim
1351 3148 1693 3205 manifestum
1725 3150 1848 3215 feci,
1898 3157 1953 3203 et
1991 3149 2093 3205 sub

495 3259 586 3300 me
613 3243 869 3299 Ecclesiis
908 3241 1023 3296 hac
1064 3240 1316 3311 praedico,
1368 3239 1627 3296 festinans
1658 3256 1754 3312 per
1778 3242 1959 3296 omnia
2000 3254 2093 3296 eas
2118 3231 2164 3295 C

496 3334 740 3404 mihique
767 3342 822 3389 et
851 3341 1042 3387 vestra
1073 3331 1391 3387 beatitudini
1420 3331 1634 3385 vinculo
1662 3332 1903 3386 caritatis
1953 3330 2085 3385 adu-

497 3428 639 3489 nari,
665 3441 795 3496 quas
824 3426 1044 3479 omnino
1074 3433 1289 3494 oportet
1308 3438 1427 3479 esse
1450 3427 1626 3480 unitas
1644 3436 1698 3481 et
1728 3425 2086 3492 inviolabiles,

499 3529 555 3575 et
580 3533 775 3583 corpus
807 3532 969 3571 unum
989 3516 1287 3572 communis
1306 3516 1612 3585 apostolica
1636 3517 1891 3573 Ecclesia
1926 3517 2092 3573 idem-

498 3625 605 3680 que
637 3617 895 3680 perpetuo
921 3608 1215 3664 custodire.
1241 3609 1479 3677 Quantus
1501 3611 1643 3665 enim
1683 3611 1823 3665 circa
1851 3620 2090 3668 vestram

498 3700 862 3759 venerabilem
896 3702 1284 3757 fraternitatem
1310 3703 1361 3756 in
1382 3702 1633 3757 omnibus
1648 3704 1719 3757 sit
1739 3718 1890 3758 amor
1907 3704 2092 3774 jubete

497 3795 871 3868 perpendere;
932 3796 1053 3864 quia
1085 3810 1217 3863 quos
1248 3803 1421 3850 vestra
1450 3794 1742 3864 apostolica
1774 3793 1929 3850 sedes
1962 3809 2092 3849 con-

499 3889 761 3944 demnatis
788 3887 839 3941 in
870 3887 1040 3941 sacris
1063 3886 1330 3957 diptychis
1362 3901 1467 3941 non
1497 3887 1730 3941 recitare
1757 3886 1942 3956 jussit,
1995 3900 2091 3942 eos

497 3996 599 4038 nec
625 3995 724 4050 ego
745 3979 885 4033 inter
910 3993 1062 4033 sacra
1092 3978 1227 4035 facio
1260 3978 1524 4032 nominari
1554 3980 1823 4049 mysteria.
1857 3978 1967 4033 lloc
1997 3993 2092 4033 au-

496 4083 607 4129 tem
638 4082 692 4127 et
721 4073 802 4124 his
834 4080 1019 4124 notum
1060 4079 1141 4124 est
1190 4070 1277 4139 qui
1318 4087 1347 4123 a
1373 4070 1523 4124 vobis
1573 4080 1698 4124 sunt
1751 4070 1941 4125 directi
1990 4070 2090 4124 viri

500 4164 942 4222 reverendissimi
982 4203 995 4227 ,
1056 4161 1111 4216 id
1178 4174 1259 4216 cst
1314 4163 1584 4217 Germano
1642 4164 1982 4217 sanctissimo
2040 4170 2095 4218 et

508 4256 592 4330 (a)
620 4256 811 4313 Jcanni
832 4256 1115 4326 episcopis,
1138 4256 1298 4311 Felici
1332 4266 1386 4310 et
1408 4256 2012 4322 Dioscorodiacouibus,
2037 4264 2094 4312 et

496 4348 705 4403 Blando
732 4347 1069 4417 presbytero,
1099 4348 1188 4416 qui
1217 4349 1509 4403 efﬁcaciter
1532 4348 1703 4403 secuti
1725 4357 1850 4403 sunt
1878 4364 1941 4403 ea
1970 4363 2091 4417 qua

502 4440 581 4495 eis
602 4450 725 4495 sunt
748 4455 776 4493 a
807 4438 962 4494 vobis
989 4438 1252 4509 injuncta.
1285 4440 1414 4494 Oret
1440 4440 1599 4509 igitur
1621 4449 1796 4494 vestra
1829 4439 2093 4493 sanctitas

499 4542 609 4588 tam
635 4549 728 4602 pro
753 4547 840 4588 me
868 4548 1027 4601 quam
1062 4548 1161 4603 pro
1191 4533 1447 4602 subjectis
1480 4533 1613 4587 meis
1635 4532 2007 4587 sacerdotibus
2033 4538 2093 4586 ut

498 4634 761 4696 perpetue
791 4627 1182 4693 custodiamur,
1216 4638 1414 4682 rectam
1464 4628 1553 4681 llei
1588 4638 1834 4682 tenentes
1875 4626 2091 4681 confes-
2120 4618 2174 4680 D

502 4720 711 4774 sionem
734 4735 749 4783 ;
774 4718 1025 4774 similiter
1048 4728 1101 4775 et
1128 4734 1224 4789 pro
1245 4718 1589 4775 serenissima
1614 4719 1852 4789 principe
1883 4730 2093 4785 nostro,

500 4822 557 4865 et
588 4826 684 4880 pro
713 4809 1170 4866 Christianissima
1224 4813 1484 4884 Augusta,
1544 4813 1667 4883 quia
1714 4827 1903 4867 eorum
1951 4813 2096 4868 salus

503 4903 805 4958 communis
832 4912 1134 4959 sanctarum
1160 4907 1355 4978 ubique
1376 4917 1458 4961 est
1486 4906 1851 4962 Ecclesiarum
1909 4907 2093 4973 profu-

498 5006 686 5052 turum
715 5000 1132 5054 ﬁrmamentum.
1168 4999 1325 5054 Istam
1360 5001 1519 5070 igitur
1564 5002 1721 5057 vnbis
1778 5000 2096 5057 habentibus

500 5088 855 5145 intentionem
889 5090 1037 5146 nullo
1068 5092 1224 5147 modo
1240 5092 1349 5162 jam
1374 5092 1555 5148 licebit
1575 5104 1815 5149 sanctam
1842 5094 1935 5149 Dei
1955 5093 2096 5149 dila-

496 5185 675 5241 'cerari
707 5184 1024 5251 Ecclesium,
1059 5200 1152 5253 per
1178 5184 1400 5255 gratiam
1432 5187 1601 5241 sancti
1642 5185 1900 5254 Spiritus,
1930 5197 1983 5241 et
2018 5188 2098 5242 in-

502 5277 862 5334 tercessiones
892 5286 1092 5331 sancta
1141 5277 1390 5346 gloriosae
1420 5278 1510 5332 Dei
1554 5277 1830 5348 genitricis
1875 5279 2096 5349 virginis

502 5370 704 5425 Mariae.
738 5369 966 5426 Omnem
992 5386 1365 5441 quamcunque
1412 5381 1646 5427 vestram
1700 5372 2089 5431 fraternitatem

498 5469 602 5532 ‘ego
631 5478 844 5535 quoque
871 5476 923 5518 et
959 5465 1063 5520 mci
1097 5464 1385 5534 plurimum
1416 5466 1733 5520 salutamus.
1762 5468 1878 5521 Alia
1900 5484 2098 5524 manu:

504 5553 789 5610 incolumis
821 5556 871 5610 in
907 5555 1132 5611 Domino
1158 5571 1250 5618 ora
1281 5571 1381 5626 pro
1404 5558 1578 5621 nobis,
1613 5556 1708 5612 Dei
1734 5567 1943 5613 amator
1965 5576 2093 5616 san-

505 5646 746 5702 ctissime
777 5650 958 5704 frater.
993 5648 1224 5719 Aecepta
1257 5664 1324 5702 xv
1371 5648 1626 5703 calendas
1681 5648 1951 5718 Octobris,
1992 5652 2100 5708 Bu-

530 5772 743 5917 ngay;
770 5775 897 5831 edit.
933 5778 1085 5835 Rem.
1116 5778 1268 5835 deest
1296 5776 1509 5846 Joanm',
1535 5788 1589 5837 et
1613 5796 1709 5852 pro
1730 5782 1980 5854 episcopis
2004 5797 2088 5845 est

508 5862 642 5900 811186
645 5862 762 5900 οπο.

2576 546 2957 603 EXEMPLUM
3013 548 3368 605 EPISTOLIE

2278 651 2566 693 JUITINIANI
2598 653 2704 691 VIR!
2724 652 2995 693 ILLUSTRIS
3025 655 3092 693 AD
3118 654 3423 696 Βοιωεωιι
3463 656 3658 697 ΡᾹΡΛΙ.

2174 732 2361 804 Aeneia
2410 732 2654 804 damnato
2707 729 3152 803 Constantinopoli
3183 748 3361 799 pacem
3406 734 3574 804 vigere
3598 750 3617 789 :
3654 750 3763 788 cum

2250 801 2594 885 Orientalibus
2599 818 2818 885 Iacent
2845 801 3055 873 quoque
3100 806 3253 859 modo
3288 801 3606 859 ineundum:
3634 814 3679 861 et
3704 806 3761 862 de

2246 881 2571 928 sanctissima
2599 881 2871 928 'l'rinitate.

2248 964 2480 1019 Domino
2509 963 2573 1018 N.
2606 963 2733 1019 Jesu
2763 965 2977 1021 Christo
3018 964 3235 1022 favente
3258 975 3446 1037 regnat
3474 966 3528 1022 in
3569 968 3764 1023 sacqu

2177 1053 2271 1125 qui
2298 1070 2450 1110 sacra
2480 1054 2746 1126 religione
2770 1069 2927 1112 suum
2951 1055 3136 1112 fundat
3164 1056 3484 1128 imperium;
3515 1058 3764 1128 quoniam

2178 1148 2319 1205 bene
2354 1149 2620 1220 gubernat
2650 1149 2905 1216 humana,
2933 1151 3020 1206 cui
3052 1152 3201 1221 prius
3222 1151 3403 1207 divina
3433 1152 3762 1223 placuerint:

2180 1244 2322 1316 quod
2352 1244 2707 1315 prasentibus
2738 1245 2987 1301 evenisse
3034 1247 3363 1316 temporibus
3414 1246 3765 1318 gratulamur.

2181 1336 2353 1393 Filius
2381 1336 2585 1391 etenim
2613 1343 2794 1393 vester
2822 1337 3274 1394 clementissimus
3304 1338 3597 1409 imperator
3618 1346 3771 1394 ater-

2183 1427 2365 1483 nitatis
2392 1426 2658 1483 beneﬁcio
2678 1436 2888 1497 sceptra
2913 1426 3157 1495 sortitus,
3181 1427 3305 1484 ﬁdei
3329 1443 3519 1485 causas
3549 1428 3771 1498 arripuit

2182 1516 2547 1587 explicandas,
2577 1524 2632 1571 et
2660 1515 2728 1571 ad
2759 1526 2902 1572 tuam
2932 1519 3269 1574 sanctitatem
3301 1520 3467 1574 missa
3502 1519 3771 1590 legatione

2184 1609 2336 1664 sedis
2376 1608 2686 1676 apostolica
2729 1610 3122 1678 promeruimus
3164 1609 3495 1676 sacerdotes,
3545 1620 3772 1682 quorum

2186 1701 2418 1757 adventu
2447 1716 2552 1757 non
2584 1701 2929 1759 mediocriter
2966 1701 3204 1758 adolevit
3245 1701 3607 1759 Ecclesiarum
3654 1716 3773 1757 con-

2189 1793 2374 1851 cordia
2402 1801 2889 1858 sacrosanctarum,
2912 1794 3066 1851 vobis
3087 1794 3430 1861 instantibus,
3452 1802 3512 1849 ut
3528 1793 3774 1850 decebat.

2678 1886 2824 1956 quod
2844 1886 3125 1942 dissidium
3143 1886 3385 1958 gerebat,
3412 1886 3633 1943 nomine
3654 1887 3775 1941 stir-

2188 1977 2332 2047 pitus
2358 1985 2654 2046 amputato,
2686 1991 2788 2047 pro
2814 1985 3005 2034 tenore
3060 1976 3362 2033 libellorum
3413 1976 3548 2047 ques
3578 1975 3776 2033 direxi-

2189 2071 2308 2136 stis,
2340 2071 2393 2125 in
2416 2070 2517 2125 hac
2551 2070 2682 2126 urbe
2710 2071 2858 2141 regia
2908 2070 3199 2141 multisque
3253 2070 3559 2127 civitatibus
3603 2070 3777 2124 unitas

2188 2171 2368 2232 optata
2399 2162 2672 2232 provenit,
2719 2176 2879 2233 quam
2909 2164 3134 2217 summis
3183 2163 3457 2219 inventam
3503 2162 3780 2219 laboribus

2192 2252 2441 2309 venerari
2463 2254 2713 2309 convenit
2732 2270 2748 2309 :
2772 2254 2823 2308 in
2842 2263 3267 2325 perpetuumque
3282 2254 3541 2310 custodiri
3560 2268 3779 2311 necesse

2190 2351 2295 2400 est.
2326 2343 2451 2399 Hac
2478 2343 2805 2414 quibuslibet
2838 2346 3170 2415 argumentis
3208 2346 3487 2403 retractari
3516 2347 3781 2417 quispiam

2192 2435 2447 2505 patietur,
2478 2449 2599 2505 qua
2637 2436 2964 2505 sempiterna
2996 2435 3251 2507 majestas
3302 2437 3405 2493 rite
3432 2436 3781 2507 composuit?

2192 2525 2300 2583 Sed
2321 2525 2443 2595 quia
2467 2541 2756 2598 prosperos
2786 2542 2977 2583 cursus
3007 2527 3319 2600 frequenter
3350 2528 3614 2599 impedire
3640 2528 3784 2585 festi-

2194 2628 2286 2675 nat
2313 2619 2533 2676 humani
2562 2622 2779 2690 generis
2806 2622 3079 2689 inimicus,
3126 2639 3252 2694 pars
3292 2622 3652 2679 Orientalium
3682 2639 3783 2680 non

2196 2712 2272 2783 (b)
2331 2713 2511 2779 exilis,
2551 2728 2651 2769 nec
2678 2712 2824 2769 ferro
2853 2714 3189 2786 ﬂammisque
3211 2716 3463 2786 compelli
3496 2726 3703 2787 petest,
3734 2724 3786 2772 ut

2195 2803 2573 2874 episcoporum
2599 2806 2817 2861 nomina
2844 2818 2962 2875 post
2985 2809 3237 2863 Acacium
3261 2808 3646 2864 defunctorum
3666 2824 3787 2865 con-

2193 2896 2450 2953 demnet:
2481 2912 2601 2968 qua
2632 2898 2920 2954 difﬁcultas
2973 2900 3211 2971 generali
3259 2901 3566 2956 concordia
3608 2915 3788 2958 moras

2196 2991 2381 3046 nectit.
2413 2990 2686 3046 Sanctitas
2708 2992 2891 3060 itaque
2906 3003 3083 3048 vestra
3105 2992 3317 3050 calitus
3344 2994 3631 3064 inspirata,
3660 3002 3788 3050 tem:

2197 3096 2385 3152 porum
2425 3098 2717 3153 rerumque
2759 3084 3071 3154 qualitatem
3098 3085 3427 3152 consideret,
3457 3094 3511 3142 et
3531 3086 3790 3143 condem-

2196 3174 2337 3230 natis
2372 3173 2529 3245 hujus
2556 3175 2755 3231 erroris
2794 3177 3124 3243 auctoribus,
3158 3179 3209 3232 id
3266 3187 3349 3234 est
3390 3179 3585 3235 Acacio
3646 3180 3787 3234 Con-

2200 3269 2681 3339 stantinopolitano
2699 3309 2714 3335 ,
2746 3270 2928 3337 Petro,
2957 3279 3013 3326 et
3044 3270 3547 3337 Timotheor‘Eluro,
3575 3280 3642 3328 et
3664 3273 3791 3329 Dio-

2195 3374 2352 3415 scoro
2406 3360 2825 3425 Alexandrinis,
2882 3360 3148 3431 Petroque
3203 3365 3559 3429 .ntiocbeno,
3638 3364 3792 3421 ﬁnire

2194 3450 2446 3521 dignetur
2471 3451 2825 3507 inveteratum
2853 3462 3148 3519 certamen,
3172 3455 3240 3510 de
3260 3465 3578 3512 caterorum
3617 3458 3793 3513 nomi-

2195 3544 2353 3598 nibus
2382 3544 2683 3613 quastione
2703 3546 2877 3614 sopita
2904 3564 2915 3597 :
2948 3554 3007 3600 ut
3028 3546 3304 3603 redimatis
3332 3548 3541 3618 plebem
3570 3549 3649 3606 de
3672 3564 3793 3605 san-

2197 3636 2377 3707 guine,
2412 3651 2570 3707 quam
2605 3637 2745 3694 Deus
2768 3648 2953 3694 noster
2973 3640 3259 3711 regendam
3282 3642 3574 3709 commisit,
3601 3658 3672 3697 ac
3689 3658 3793 3698 non

2196 3731 2661 3802 persecutionibus
2688 3748 2752 3787 ac
2775 3747 2990 3798 cruore,
3032 3734 3125 3789 sed
3168 3734 3427 3803 patientia
3460 3735 3794 3792 sacerdotali

2197 3823 2453 3895 populum
2485 3824 2711 3879 Domino
2740 3833 2928 3880 nostro
2955 3826 3252 3881 concilietis
3278 3843 3291 3881 :
3323 3841 3445 3891 nec,
3476 3826 3611 3882 dum
3643 3826 3796 3882 volu-

2197 3929 2316 3969 mus
2339 3917 2551 3971 animas
2582 3916 2801 3983 lucrari,
2827 3925 2885 3971 et
2905 3931 3131 3987 corpora
3168 3917 3459 3973 multorum
3498 3919 3796 3987 perdamus

2196 4014 2253 4061 et
2280 4007 2507 4062 animas.
2538 4007 2767 4063 Errores
2781 4008 2983 4063 etenim
3004 4009 3287 4065 diuturnos
3309 4009 3530 4065 lenitate
3551 4011 3797 4066 elemen-

2196 4100 2376 4168 tiaque
2403 4099 2655 4153 convenit
2679 4099 2977 4165 emendari,
3005 4101 3272 4170 pracipue
3299 4100 3423 4172 quia
3449 4112 3652 4158 vestra
3673 4104 3797 4159 bea-

2198 4190 2444 4245 titudinis
2473 4191 2902 4260 pradecessores
2951 4193 3247 4262 sapissime
3273 4195 3559 4250 voluerunt
3617 4197 3798 4267 reipu-

2197 4280 2351 4337 blica
2376 4292 2577 4338 nostra
2607 4284 2878 4340 antistites
2906 4285 2973 4339 ad
2996 4301 3147 4341 suam
3170 4302 3427 4343 revocare
3451 4292 3799 4346 communio-

2197 4388 2342 4440 nem,
2398 4376 2443 4429 si
2484 4375 2852 4430 tantummodo
2908 4386 3175 4433 taceretur
3221 4380 3449 4434 Aeacius
3496 4382 3803 4452 caterique

2197 4465 2460 4535 pradicti.
2494 4466 2609 4521 Non
2640 4476 2723 4523 est
2752 4482 2880 4538 ergo
2916 4484 3079 4540 grave
3106 4470 3249 4540 quod
3286 4472 3457 4527 suasit
3482 4483 3671 4529 vestra
3719 4489 3803 4528 se-

2197 4557 2295 4613 des
2326 4568 2383 4612 ut
2410 4567 2666 4629 prastet:
2696 4559 2825 4614 illud
2853 4562 3013 4615 etiam
3044 4564 3214 4633 magis
3238 4565 3517 4635 magisque
3537 4566 3802 4637 deposci-

2200 4671 2340 4721 mus,
2374 4665 2431 4709 ut
2460 4664 2550 4711 tua
2583 4655 2839 4711 sanctitas
2879 4669 3137 4728 concepta
3190 4660 3362 4730 gratia
3418 4662 3637 4719 calesti
3686 4678 3809 4734 qua

2200 4747 2540 4817 pratendunt
2579 4747 2882 4805 Orientales
2940 4750 3180 4820 episcopi
3230 4760 3465 4808 tractare
3519 4754 3805 4827 dignetur,

2201 4856 2496 4912 eorumque
2546 4840 2670 4898 ﬁdei
2699 4852 3096 4913 competentem
3147 4847 3390 4915 prabere
3438 4862 3808 4907 consensum.

2202 4932 2368 4989 Nobis
2395 4935 2593 4989 etenim
2624 4934 2859 5002 videtur,
2887 4938 3139 5007 quoniam
3170 4937 3336 4995 Filius
3360 4940 3454 4995 Dei
3485 4942 3596 4997 vivi
3624 4944 3811 4999 Domi-
3876 5006 3881 5010 ,

2203 5044 2305 5082 nus
2336 5036 2520 5083 noster
2540 5029 2700 5085 Jesus
2747 5029 2997 5087 Christus
3046 5047 3113 5087 ex
3158 5034 3363 5103 virgine
3394 5035 3557 5091 Maria
3627 5049 3811 5101 natus,

2202 5137 2360 5195 quem
2395 5122 2657 5192 praedicat
2686 5140 2929 5179 summus
2963 5127 3335 5196 apostolorum
3361 5144 3531 5185 carne
3556 5146 3812 5200 passum.

2202 5228 2349 5272 recte
2376 5216 2571 5272 dicitur
2600 5233 2737 5274 unus
2770 5219 2823 5274 in
2855 5218 3115 5275 Trinitate
3137 5237 3258 5277 cum
3294 5220 3453 5278 Patre
3484 5221 3819 5295 Spirituque

2203 5317 2389 5364 sancto
2420 5324 2677 5381 regnare:
2707 5310 2845 5366 sicut
2873 5311 3016 5368 enim
3046 5313 3256 5369 videtur
3275 5315 3586 5386 ambiguum
3622 5319 3819 5373 dicere

2202 5402 2520 5473 simpliciter
2548 5420 2715 5460 unum
2745 5404 2813 5461 de
2840 5405 3124 5475 Trinitate,
3153 5422 3257 5464 non
3278 5411 3559 5479 praemisso
3585 5414 3821 5469 nomine

2192 5492 2417 5549 Domini
2450 5496 2620 5551 nostri
2659 5497 2786 5553 Jesu
2827 5496 3066 5563 Christi;
3119 5500 3199 5555 sic
3246 5500 3366 5570 ejus
3416 5516 3721 5571 personam
3765 5505 3821 5561 in

2204 5586 2466 5643 Triuitate
2491 5604 2614 5643 cum
2636 5588 2809 5646 Patris
2836 5591 3174 5662 Spiritusque
3200 5594 3371 5647 sancti
3400 5598 3663 5665 personis
3711 5613 3824 5654 non

2204 5678 2511 5736 dubitamus
2540 5696 2700 5738 esse:
2755 5682 2871 5741 sine
2901 5684 3099 5741 Christi
3156 5701 3389 5757 namque
3438 5702 3687 5761 persona
3720 5704 3825 5749 nec

2278 5792 2352 5864 (b)
2388 5794 2471 5849 Al.
2514 5796 2705 5855 exiliis.
