3998 6368
226 338 312 391 197

228 446 361 506 credi
391 445 634 501 Trinitas
660 443 906 516 religiose
938 450 1130 512 potest,
1169 453 1265 494 nec
1295 437 1506 493 adorari
1532 437 1806 499 ﬁdeliter,
1839 431 1892 491 Α

231 537 680 609 quemadmodum
710 535 768 591 S.
801 536 1125 604 Augustinus
1143 531 1219 586 ait
1245 548 1258 585 :
1290 532 1370 584 An
1393 530 1567 599 aliqua
1598 544 1663 583 ex
1688 527 1813 581 Tri-

232 633 389 689 nitate
419 645 655 700 persona
682 645 698 695 ;
723 640 778 684 et
804 628 907 682 alio
935 628 1052 682 loco
1081 644 1090 676 :
1123 623 1281 681 Solus
1313 624 1363 676 in
1401 622 1664 676 Trinitate
1693 634 1813 673 cor-

233 742 325 798 pus
350 725 558 792 accepit
582 739 596 787 ;
629 732 683 777 et
705 721 894 776 iterutn
921 738 932 772 :
959 719 1107 774 Unus
1129 717 1310 772 trium.
1338 715 1606 784 Rogamus
1630 712 1810 781 igitur,

233 804 682 875 reverend'issime
710 813 1025 880 salutantes,
1056 821 1113 865 ut
1130 809 1288 864 futuri
1314 807 1503 877 judicii
1528 818 1817 868 memores,

231 928 443 970 causam
474 911 660 966 taliter
689 907 966 970 ordinetis,
1017 921 1082 960 ne
1110 904 1237 975 quid
1269 900 1616 956 dubitationis
1654 897 1819 953 relin-

231 1015 424 1078 quatur
455 1006 509 1060 in
544 1013 840 1074 posterum,
872 1008 1135 1070 quatenus
1164 998 1308 1052 omni
1333 994 1589 1063 scrupulo
1615 991 1821 1046 discor-

231 1099 436 1153 diarum
470 1097 706 1162 sublato,
738 1095 884 1163 pacis
933 1092 1250 1147 desideratas
1299 1105 1395 1159 per
1423 1088 1606 1142 orbem
1651 1094 1822 1141 totum

232 1191 442 1246 vincula
464 1200 814 1256 renoventur,
845 1196 899 1243 et
927 1185 1356 1242 venerandarum
1397 1183 1589 1237 ﬂoreat
1637 1180 1822 1235 Eccle-

233 1287 435 1339 siarnm
466 1283 778 1347 concordia,
829 1279 1173 1348 corporisque
1227 1277 1381 1330 unius
1433 1275 1485 1328 in
1539 1273 1824 1343 pristinum

233 1389 432 1432 statum
466 1377 708 1432 membra
733 1374 1132 1443 reetilligantur.
1179 1370 1274 1424 ille
1325 1381 1555 1437 namque
1587 1365 1828 1420 medicus

234 1471 348 1538 jure
373 1469 648 1533 laudatur,
679 1469 770 1537 qui
801 1474 1008 1521 veteres
1031 1461 1372 1534 atgritudines
1407 1461 1481 1514 ita
1506 1473 1697 1513 sanare
1727 1455 1825 1511 de-

237 1571 512 1632 properat,
564 1572 623 1617 ut
673 1577 737 1616 ex
786 1561 868 1616 his
915 1576 1054 1614 nova
1103 1560 1320 1613 vulnera
1360 1571 1466 1610 non
1516 1560 1828 1608 nascantur.

239 1657 562 1723 Specialiter
585 1669 713 1724 ergo
739 1661 1026 1723 cognoscat
1057 1660 1236 1705 vester
1287 1647 1642 1719 apostolatus,
1675 1659 1828 1700 com-

239 1743 426 1818 positis
454 1749 658 1804 eisdem
689 1747 898 1802 duobus
921 1746 1189 1816 capitulis,
1219 1743 1503 1798 universos
1518 1738 1827 1796 sacerdotes

1489 327 1573 382 ΕΡ
1591 320 1857 381 ISTOLE
1896 319 1983 374 ET
2024 318 2199 373 DECR
2211 317 2359 373 ETA.

3402 320 3506 376 498

1915 431 2225 489 communis
2252 433 2429 486 unitas
2453 431 2734 500 pervenire
2761 433 3024 490 videatur.
3067 433 3380 506 Diligentius
3411 452 3506 491 au-

1925 539 2030 582 tem
2058 527 2124 583 de
2157 527 2240 582 his
2270 526 2572 582 ﬁdelissimi
2598 536 2653 582 et
2682 528 2911 597 piissimi
2939 530 3108 584 nostri
3140 529 3406 599 principes
3442 521 3512 586 de

1929 631 2240 676 sanctarum
2300 620 2394 675 Dei
2455 619 2810 674 Ecclesiarum
2870 622 3073 676 unitate
3132 630 3187 676 et
3230 622 3514 678 concordia

1922 715 2246 786 gaudentes,
2278 712 2345 768 ad
2371 724 2549 768 vestra
2579 713 2966 769 mandaverunt
2987 706 3369 769 beatitudinem
3392 730 3515 784 sup-

1925 806 2251 877 plicationes
2278 822 2305 859 a
2327 805 2574 875 plurimis
2595 807 2793 861 sanctis
2823 808 3191 864 sacerdotibus
3217 809 3517 878 suscipien-

1925 906 2028 964 tes,
2083 908 2189 954 tam
2234 899 2391 954 Ponti
2433 915 2594 967 quam
2625 896 2779 955 'A'site
2821 901 3130 970 provinciae,
3179 909 3233 956 et
3283 900 3518 956 maxime

1931 994 2190 1058 Orientis,
2243 993 2380 1062 apud
2433 1008 2569 1061 quos
2606 995 2823 1048 nomina
2865 994 3135 1063 quondam
3176 996 3518 1050 sacerdotum

1927 1103 2146 1144 suorum
2181 1096 2360 1144 tacere
2399 1088 2623 1144 difﬁcile
2657 1097 2711 1143 et
2740 1088 3078 1158 impossibile
3123 1103 3242 1143 esse
3269 1089 3513 1151 videtur.

1927 1189 2186 1251 tantaque
2217 1196 2402 1236 eorum
2436 1181 2727 1236 obstinatio
2764 1191 2866 1245 est,
2907 1191 2965 1235 ut
3001 1196 3190 1236 omnes
3222 1181 3519 1250 periculum

1928 1287 2029 1343 pro
2059 1273 2150 1326 tali
2182 1271 2325 1327 facto
2348 1275 2518 1341 parati
2550 1273 2659 1328 sint
2697 1275 2983 1329 sustinere.
3015 1273 3179 1342 Igitur
3211 1273 3520 1342 prteceden-

1929 1374 2010 1422 tes
2044 1382 2231 1422 omnes
2268 1367 2410 1422 circa
2456 1369 2606 1438 pacis
2648 1370 2884 1424 studium
2929 1369 3292 1425 necessarium
3329 1381 3520 1424 causas

1929 1461 2357 1528 considerantes,
2383 1462 2506 1531 quia
2531 1477 2626 1532 per
2648 1465 2817 1518 solam
2850 1464 3004 1518 istam
3037 1463 3352 1519 humilitatis
3376 1463 3522 1520 viam

1930 1567 2270 1608 communem
2305 1555 2554 1611 omnibus
2594 1557 2888 1612 unitionem
2943 1565 2999 1612 et
3043 1558 3270 1614 salutem
3316 1559 3524 1613 inveni-

1930 1659 2050 1700 mus
2081 1646 2477 1717 interrogantes
2507 1647 2645 1704 sicut
2674 1649 2874 1704 dictum
2908 1659 3010 1714 est,
3040 1660 3096 1706 et
3129 1651 3522 1708 satisfacientes

1930 1739 2084 1794 vobis
2109 1739 2175 1793 ab
2206 1739 2314 1794 illis
2344 1741 2438 1810 qui
2464 1755 2494 1794 a
2534 1741 2690 1797 nobis
2733 1742 2787 1796 in
2823 1742 2926 1796 hoc
2955 1744 3170 1813 negotio
3197 1753 3322 1798 sunt
3351 1745 3524 1799 desti-

239 1815 392 1895 istius
421 1841 733 1910 reipublicae
761 1815 998 1894 libenter,
1030 1837 1278 1907 amplecti
1325 1847 1558 1890 vestram
1583 1847 1829 1888 commu~
1861 1815 1910 1876 Β
1939 1832 2068 1898 nati,
2095 1845 2311 1886 causam
2358 1847 2480 1888 cum
2510 1833 2746 1903 paciﬁca,
2773 1849 2877 1904 qua
2905 1849 3000 1890 vos
3040 1836 3214 1901 decet,
3253 1836 3523 1906 guberna-

243 1936 480 1988 nionem.
509 1934 744 2002 Accepta
790 1948 855 1986 xv
893 1930 1143 1987 calendas
1171 1930 1440 1995 Octobris,
1471 1927 1690 1983 Rustico
1716 1926 1830 1980 viro

240 2026 542 2082 clarissimo
565 2025 787 2081 consule
818 2025 1000 2089 (anno
1031 2023 1243 2079 Domini
1268 2021 1373 2078 520
1397 2023 1436 2089 ).

888 2135 1187 2191 RELATIO

435 2254 704 2294 EPIPHANII
737 2253 968 2293 EPISCOPI
997 2246 1630 2292 CONSTANTINOPOLITANI.

247 2351 580 2424 Imperatoris
602 2352 818 2424 ejusque
841 2350 1094 2424 conjugis,
1126 2365 1372 2415 suamque
1393 2350 1456 2424 de
1485 2347 1830 2424 Ecclesiarum

309 2419 498 2478 unione
523 2419 684 2475 animi
709 2419 1027 2474 alacritatem
1049 2422 1384 2474 demonstrat.
1413 2419 1569 2473 Ponti
1600 2429 1646 2472 et
1673 2421 1828 2485 Asiae,

310 2506 355 2548 et
387 2495 615 2547 maxime
654 2493 875 2545 Orientis
923 2491 1208 2544 sacerdotes
1237 2507 1446 2544 suorum
1476 2491 1832 2560 episcoporum

309 2567 522 2618 nomina
564 2566 810 2616 damnare
837 2562 1057 2615 volentes
1099 2564 1150 2614 in
1180 2565 1417 2615 unionem
1457 2562 1829 2617 admittendos.

310 2636 538 2690 Calicem
560 2645 606 2688 et
637 2636 742 2687 alia
775 2634 1004 2703 pontiﬁci
1031 2649 1244 2687 munera
1272 2633 1448 2686 mittit.
1704 2642 1707 2644 '

314 2746 550 2800 Domino
581 2759 675 2814 per
704 2744 884 2798 omnia
927 2753 1113 2799 sancto
1158 2757 1223 2797 ac
1261 2741 1570 2797 beatissimo
1599 2739 1749 2794 fratri
1779 2747 1834 2795 et

245 2841 726 2898 comministratori
765 2840 1062 2896 llormisdaa
1093 2837 1422 2908 Epiphanius
1467 2839 1747 2906 episcopus
1777 2831 1830 2888 in

243 2934 470 2990 Domino
499 2935 749 2990 salutem.
1446 2913 1457 2927 ’

306 3027 578 3093 Quantam
608 3026 888 3080 habuimus
908 3024 1237 3079 alacritatem
1261 3037 1358 3078 nos
1384 3035 1598 3093 quoque
1627 3030 1678 3076 et
1700 3019 1832 3091 piis-

239 3121 406 3174 simus
427 3129 485 3174 et
512 3119 1004 3174 Christianissimus
1033 3117 1324 3187 imperator
1353 3131 1456 3170 una
1487 3129 1608 3170 cum
1634 3114 1832 3168 ﬁdelis-

239 3212 378 3266 sima
403 3221 461 3266 et
491 3211 546 3265 in
576 3211 825 3266 omnibus
860 3209 1013 3264 bonis
1049 3209 1273 3264 ﬁorente
1309 3208 1536 3277 conjuge
1566 3221 1659 3262 sua
1691 3207 1832 3262 circa
1860 3187 1907 3251 (Σ

237 3315 442 3358 rectam
471 3311 528 3357 et
557 3317 746 3371 puram
779 3311 1085 3356 sanctarum
1118 3301 1480 3355 Ecclesiarum
1510 3299 1829 3364 unitionem,

236 3407 293 3450 et
320 3395 780 3466 quemadmodum
812 3410 934 3449 cum
963 3395 1186 3449 caritate
1215 3393 1310 3448 Dei
1342 3408 1442 3463 qua
1485 3407 1583 3447 nos
1613 3391 1836 3447 decebat

233 3488 542 3543 destinatos
568 3503 597 3542 a
625 3489 777 3542 vobis
799 3496 1012 3542 sanctos
1030 3487 1313 3556 episcopos
1327 3493 1381 3541 et
1403 3485 1680 3554 religiosos
1709 3499 1833 3539 sus-

232 3582 484 3647 cepimus
507 3623 522 3646 ,
571 3588 626 3632 et
661 3578 998 3634 venerandos
1039 3578 1322 3632 habuimus
1353 3578 1604 3646 clericos,
1646 3577 1838 3632 existi-

233 3688 452 3727 mamus
486 3671 702 3740 quidem
732 3682 784 3726 et
813 3681 936 3727 ante
965 3687 1031 3726 ex
1059 3672 1141 3726 his
1170 3688 1290 3742 quae
1322 3681 1439 3728 acta
1469 3681 1594 3728 sunt
1619 3672 1834 3727 satisfa-

228 3774 380 3820 ctum
411 3775 608 3820 vestrae
649 3765 962 3821 beatitudini
998 3785 1009 3820 :
1043 3767 1367 3822 credidimus
1410 3777 1587 3823 tamen
1618 3767 1758 3839 quod
1787 3767 1835 3823 si

225 3858 505 3914 Dominus
534 3859 784 3914 Salvator
824 3860 980 3914 Jesus
1015 3859 1258 3914 Christus
1289 3862 1430 3916 Deus
1480 3870 1665 3917 noster
1691 3862 1833 3917 idem

227 3955 390 4021 ipsos
422 3952 911 4007 reverendissimos
941 3953 1460 4009 comministratores
1504 3963 1718 4010 nostros
1748 3955 1835 4009 in-

222 4046 484 4101 columes
522 4046 718 4101 vestris
763 4047 1038 4102 obtutibus
1078 4048 1441 4116 prresentavit,
1490 4048 1670 4102 omnia
1717 4063 1838 4119 qua:

217 4139 472 4192 excitata
526 4148 652 4192 sunt
693 4139 845 4193 vobis
893 4140 1250 4195 sanctissimis
1289 4139 1567 4194 manifesta
1600 4139 1738 4206 ﬁeri,
1784 4147 1840 4195 et

217 4227 506 4295 laborem,
554 4245 711 4298 quem
754 4230 1028 4299 potuimus
1071 4232 1356 4296 sustinere,
1405 4246 1502 4303 per
1543 4232 1640 4286 hos
1691 4232 1839 4301 ipsos

212 4323 588 4377 manifestius
650 4325 1009 4393 cognoscetis.
1067 4325 1528 4393 Quemadmodum
1588 4341 1685 4396 per
1740 4326 1838 4380 Dei

210 4418 464 4487 gratiam
488 4425 544 4471 et
572 4416 1003 4474 ﬁdelissimorum
1027 4420 1324 4490 principum
1343 4430 1672 4487 nostrorum,
1696 4418 1840 4474 Con-

206 4510 743 4579 stantinopolitante
769 4513 1003 4568 civitatis
1033 4524 1216 4568 nostra
1248 4512 1485 4569 Ecclesia
1515 4514 1735 4583 paciﬁce
1756 4524 1838 4569 est

203 4603 544 4673 gubernata
581 4621 594 4658 :
627 4613 682 4660 et
716 4605 929 4659 nomina
964 4621 1152 4660 eorum
1191 4607 1330 4662 inter
1366 4621 1516 4662 sacra
1568 4621 1674 4662 non
1710 4617 1834 4663 sunt

199 4698 465 4750 recitata
500 4697 776 4766 mysteria,
804 4713 923 4766 quae
952 4698 1067 4752 sedi
1097 4709 1290 4753 vestrae
1318 4699 1537 4769 profana
1580 4700 1833 4769 cognovi-

195 4801 344 4842 mus
367 4829 388 4855 ,
421 4786 521 4841 sed
557 4799 786 4856 quatuor
821 4789 1167 4845 conciliorum
1199 4805 1298 4860 pro
1340 4802 1484 4845 recta
1511 4792 1617 4847 ﬁde
1641 4806 1837 4847 conso-

190 4879 421 4937 nantia
465 4880 787 4948 praedicatur
815 4890 870 4936 et
908 4882 1009 4938 hoc
1047 4881 1222 4952 ipsum
1267 4883 1517 4938 omnibus
1550 4897 1831 4939 sacrorum

187 4976 617 5045 diptychorum
647 4975 959 5031 recitatione
981 4978 1326 5033 manifestum
1354 4987 1459 5034 est.
1493 4978 1829 5033 Annuntient

182 5070 393 5138 igitur
415 5065 572 5120 vobis
601 5067 723 5136 quia
747 5082 849 5122 non
881 5070 1036 5139 pauci
1060 5070 1213 5124 nobis
1240 5071 1465 5141 subjecti
1491 5072 1822 5138 sacerdotes,

181 5178 305 5216 nec
335 5173 553 5215 rursus
575 5161 673 5213 sub
695 5174 882 5214 eorum
908 5161 1246 5217 ordinatione
1269 5164 1645 5234 episcoporum
1667 5178 1831 5233 parva

178 5266 273 5307 est
310 5250 562 5307 subdita
595 5251 899 5317 multitudo,
931 5269 1051 5323 quae
1081 5254 1280 5309 bonum
1313 5256 1471 5326 hujus
1499 5265 1691 5326 empta:
1714 5254 1830 5310 uni-

175 5346 384 5401 tionis
423 5343 808 5411 amplectitur:
835 5356 1016 5402 vestra
1043 5348 1205 5404 etiam
1239 5351 1491 5405 sanctitas
1537 5360 1831 5420 cognoscat

171 5445 369 5497 istius
415 5450 485 5490 se
512 5437 783 5506 generalis
826 5440 950 5494 boni
985 5451 1039 5496 et
1078 5443 1374 5512 principem
1412 5453 1466 5499 et
1497 5445 1827 5515 inceptorem

168 5529 597 5588 nihilominus
637 5532 1002 5586 constitutum.
1055 5533 1210 5591 Unde
1243 5535 1454 5592 fortiter
1491 5538 1557 5592 ad
1605 5539 1830 5609 vigilan-

164 5629 324 5684 dum
362 5621 668 5678 beatitudo
697 5635 878 5678 vestra
907 5625 1121 5680 laudum
1150 5637 1233 5683 est
1261 5629 1495 5684 stimulis
1524 5633 1828 5697 excitanda,

160 5740 243 5780 ne
279 5721 349 5777 id
417 5716 576 5785 quod
604 5718 783 5772 divina
827 5720 880 5774 in
909 5721 1166 5777 honorem
1198 5724 1360 5777 vestri
1406 5735 1644 5793 coeperat
1682 5726 1827 5782 ordi-

155 5834 331 5876 nare
385 5810 804 5890 misericordia,
842 5829 947 5869 non
991 5814 1056 5870 ad
1102 5816 1316 5886 plenum
1346 5819 1418 5872 ita
1462 5826 1519 5872 ut
1560 5819 1826 5878 condecet

1863 4565 1916 4628 D

1935 1924 2080 1980 tione
2121 1925 2444 1994 dispensetis
2469 1943 2484 1980 :
2513 1941 2638 1980 nam
2679 1927 2807 1981 dum
2849 1942 2954 1983 una
2984 1936 3210 1999 utraque
3238 1929 3307 1983 sit
3337 1928 3523 1984 Eccle-

1933 2015 2033 2081 sia,
2065 2016 2249 2085 procul
2279 2015 2442 2071 dubio
2464 2026 2519 2072 et
2558 2017 2719 2085 bona,
2753 2034 2871 2088 qua:
2901 2033 2998 2089 per
3035 2020 3369 2089 vigilantiam
3396 2034 3523 2076 eve-

1936 2109 2115 2173 niunt,
2146 2108 2453 2163 communis
2490 2110 2684 2164 exinde
2715 2109 2888 2166 laudis
2925 2111 3096 2182 gloria
3127 2113 3404 2182 utriusque
3428 2128 3524 2183 pa-

1934 2200 2314 2256 triarchalibus
2357 2201 2573 2258 sedibus
2603 2203 2853 2271 rimatur,
2885 2215 2941 2260 ut
2983 2215 3240 2262 consuete
3283 2206 3525 2261 omnium

1933 2292 2196 2348 Dominus
2235 2301 2291 2348 et
2338 2294 2589 2349 conditor
2636 2294 2885 2351 Christus
2937 2311 3102 2353 verus
3147 2297 3291 2352 Deus
3340 2306 3526 2353 noster

1937 2387 2327 2455 magniﬁcetur.
2360 2386 2436 2442 De
2476 2387 2560 2442 his
2602 2396 2782 2445 autem
2827 2389 3077 2446 omnibus
3119 2404 3330 2446 summo
3371 2389 3526 2446 vobis

1935 2478 2303 2549 supplicentur
2323 2479 2519 2534 affectu
2549 2480 2783 2539 Joannes
2813 2483 3186 2538 sanctissimus
3217 2483 3525 2553 episcopus,

1935 2570 2131 2626 multos
2162 2572 2441 2627 nobiscum
2472 2573 2697 2629 sudores
2731 2576 2782 2630 in
2816 2575 3071 2645 praesenti
3099 2574 3378 2645 deponens
3407 2589 3528 2630 cer-

1934 2665 2172 2728 tamine,
2224 2672 2279 2718 et
2321 2664 2668 2722 Heraclianus
2712 2667 3201 2723 reverendissimus
3242 2666 3527 2738 presbyter

1934 2765 2134 2810 sanctae
2165 2765 2363 2810 nostra:
2391 2757 2617 2825 majoris
2656 2759 2925 2824 ecclesiae,
2962 2767 3018 2813 et
3046 2759 3387 2815 cohabitator
3427 2773 3526 2815 no-

1946 2856 2080 2913 ster,
2104 2854 2159 2902 et
2185 2844 2571 2903 Constantinus
2593 2850 3077 2907 reverendissimus
3104 2850 3362 2908 diaconus
3383 2852 3528 2921 ejus-

1934 2937 2056 2994 dem
2081 2938 2304 3007 majoris
2343 2940 2613 3004 ecclesiae.
2659 2955 2754 3012 per
2774 2956 2909 3012 quos
2951 2953 3006 2998 et
3034 2951 3215 2999 nostra
3247 2943 3529 3015 synodalia

1934 3030 2228 3085 secundum
2254 3031 2649 3088 ecclesiasticas
2677 3043 2875 3089 vestras
2906 3035 3253 3090 beatitudinis
3288 3035 3529 3092 destina-

1935 3125 2110 3177 vimus
2140 3124 2306 3194 leges.
2336 3123 2490 3181 Nunc
2525 3125 2684 3195 igitur
2724 3125 2954 3196 piissimi
2989 3127 3159 3182 nostri
3190 3127 3530 3197 imperatoris

1940 3217 2174 3272 studium
2229 3218 2373 3273 circa
2429 3230 2736 3275 sanctarum
2803 3219 3171 3276 Ecclesiarum
3227 3219 3531 3277 unitionem

1938 3308 2300 3372 ostendentis,
2331 3310 2566 3379 paciﬁcis
2588 3310 2656 3365 ad
2681 3320 2916 3366 vestram
2944 3311 3330 3368 beatitudinem
3353 3311 3421 3367 de
3441 3311 3531 3368 his

1940 3404 2118 3460 causis
2145 3402 2349 3458 utendo
2381 3403 2599 3469 litteris,
2625 3412 2679 3457 et
2701 3402 2912 3457 oblatas
2943 3403 3155 3458 sibimet
3181 3403 3248 3458 ab
3275 3403 3531 3458 Hieroso-

1939 3494 2215 3566 lymitanis
2252 3503 2307 3550 et
2346 3493 2708 3549 Orientalibus
2751 3493 3040 3563 petitiones
3072 3493 3381 3550 destinavit.
3417 3491 3531 3549 Nos

1940 3603 2070 3659 ergo
2092 3589 2434 3644 occasionem
2463 3586 2805 3642 salutationis
2836 3586 3079 3643 invenire
3102 3587 3363 3655 volentes,
3390 3587 3532 3643 hanc

1938 3680 2006 3736 ad
2043 3696 2138 3736 vos
2179 3681 2399 3735 fecimus
2447 3679 2752 3748 epistolam,
2797 3692 2896 3747 per
2930 3694 3094 3747 quam
3141 3680 3530 3749 supplicamus,

1940 3781 2304 3844 proponentes
2326 3770 2482 3825 vobis
2507 3768 2863 3824 sanctissimis
2887 3768 3024 3823 hanc
3044 3783 3232 3824 vocem
3253 3769 3526 3824 divinam:

1940 3865 2075 3918 Ecce
2103 3873 2298 3933 tempus
2321 3861 2652 3929 acceptabile,
2677 3875 2788 3914 ecce
2808 3875 2945 3912 nunc
2962 3859 3070 3913 dies
3095 3859 3278 3912 salutis
3302 3857 3389 3931 (11
3404 3858 3524 3914 Cor.

1939 3958 2036 4029 vi).
2071 3958 2211 4013 Ecce
2246 3955 2479 4012 credidit
2504 3953 2660 4010 nobis
2683 3953 2922 4008 omnium
2950 3953 3210 4007 Dominus
3240 3952 3521 4016 talentum,

1940 4052 2082 4123 quod
2103 4059 2506 4123 augmentatum
2534 4049 2704 4119 possit
2729 4048 2939 4104 restitui
2967 4047 3093 4104 boni
3125 4047 3303 4117 operis
3327 4048 3525 4114 fructu,

1941 4156 1996 4202 et
2042 4146 2236 4201 salvari
2285 4160 2380 4216 per
2429 4143 2756 4200 laudabilem
2800 4151 3030 4199 vestram
3069 4141 3527 4210 dispensationem

1944 4247 2118 4294 tantas
2158 4238 2374 4308 quidem
2422 4245 2639 4293 sanctas
2683 4234 2973 4301 Ecclesias,
3017 4242 3300 4303 tantosque
3337 4248 3528 4288 eorum

1941 4330 2274 4394 sacerdotes,
2320 4340 2374 4384 et
2417 4326 2815 4384 multitudinem
2869 4325 3340 4389 innumerabilem,
3385 4338 3530 4379 nunc

1942 4421 2155 4493 quidem
2197 4422 2405 4476 unitam
2436 4429 2638 4478 sanctae
2671 4420 2950 4485 Ecclesiae,
2988 4416 3387 4488 periclitantem
3431 4431 3530 4471 au-

1944 4528 2052 4573 tem
2081 4526 2135 4572 et
2167 4523 2436 4572 errantem
2464 4533 2478 4570 :
2509 4515 2555 4571 si
2583 4525 2776 4570 vestra:
2809 4513 3158 4569 beatitudinis
3194 4512 3530 4584 gubernacu-

1947 4611 2057 4666 lum
2097 4618 2461 4666 commoretur
2496 4605 3018 4678 (commemoretur),
3056 4615 3110 4661 et
3147 4606 3381 4660 maxime
3421 4604 3528 4673 his,

1945 4704 2034 4774 qui
2075 4705 2127 4757 in
2178 4701 2378 4761 sanctis
2423 4700 2555 4756 locis
2583 4699 2825 4754 habitant
2871 4697 3068 4753 Christi
3095 4697 3193 4753 Dei
3235 4697 3428 4763 nostri,
3456 4697 3531 4753 ita

1943 4799 2146 4868 ubique
2176 4797 2378 4852 sanctis
2406 4794 2742 4850 adhaerentes
2763 4791 3029 4861 ecclesiis,
3059 4802 3117 4847 ut
3137 4807 3323 4847 eorum
3349 4791 3531 4860 respui

1945 4905 2052 4946 nou
2075 4889 2269 4947 debeat
2295 4885 2600 4944 multitudo.
2627 4885 2760 4940 Nam
2791 4898 2980 4941 omnes
3001 4897 3098 4953 per
3130 4882 3528 4953 suggestionem

1944 4996 2130 5038 eorum
2173 4981 2243 5034 ita
2292 4980 2346 5034 in
2383 4978 2759 5034 obstinationis
2782 4993 2894 5034 suae
2939 4975 3082 5032 malo
3122 4975 3438 5045 perdurant,
3473 4981 3533 5027 ut

1945 5074 2111 5130 velint
2141 5081 2267 5128 ante
2310 5087 2342 5128 e
2370 5072 2476 5126 vita
2510 5070 2786 5136 recedere,
2834 5084 2994 5140 quam
3023 5067 3322 5137 excogitata
3368 5065 3530 5121 relin-

1941 5179 2108 5232 quere
2135 5181 2146 5218 :
2176 5171 2234 5218 ut
2287 5162 2333 5217 si
2379 5162 2518 5217 Deus
2561 5163 2680 5227 hos,
2735 5176 2830 5231 per
2869 5170 3103 5215 vestram
3143 5156 3528 5213 beatitudinem

1942 5258 2169 5313 adunari
2204 5256 2545 5326 praeceperit,
2576 5263 2772 5311 vestrae
2805 5255 2978 5309 laudis
3011 5253 3280 5314 meritum,
3309 5258 3360 5302 et
3391 5263 3529 5315 pra:-

1942 5352 2205 5420 sentibus,
2237 5360 2292 5406 et
2320 5349 2514 5405 futuris
2541 5348 2846 5405 ascribatur
2877 5344 3231 5417 temporibus.
3270 5343 3400 5395 Oret
3424 5340 3526 5407 igi—

1941 5456 2027 5502 tur
2052 5455 2229 5500 vestra
2258 5444 2515 5499 sanctitas
2550 5451 2656 5498 tam
2695 5457 2790 5511 pro
2818 5440 3072 5510 piissimis
3097 5446 3151 5491 et
3181 5432 3527 5488 Christianis-

1939 5539 2093 5594 simis
2128 5535 2482 5608 principibus,
2517 5550 2678 5605 quam
2710 5548 2808 5603 pro
2837 5539 3021 5585 nostra
3049 5527 3310 5597 parvitate
3333 5533 3386 5578 et
3413 5524 3530 5578 uui-

1939 5632 2140 5689 versali
2178 5631 2392 5696 unione,
2439 5638 2497 5684 ut
2536 5628 2947 5698 gratiasanctac
2990 5631 3044 5676 et
3084 5621 3241 5675 unius
3277 5618 3528 5674 essentia:

1941 5726 2237 5791 Trinitatis,
2268 5734 2322 5779 et
2351 5718 2824 5777 intercessionibus
2850 5712 3082 5767 dominae
3105 5721 3303 5768 nostrae
3325 5717 3529 5766 sancta

1939 5827 1993 5875 et
2031 5818 2274 5884 gloriosa:
2317 5813 2531 5885 virginis
2564 5820 2619 5868 et
2657 5807 2752 5866 Dei
2790 5805 3066 5877 genitricis
3113 5806 3313 5874 Marite,
3345 5805 3529 5863 omnia
