3998 6368
464 380 566 439 199

1782 362 2155 426 HORMISDE
2204 361 2406 421 PAPE

3632 349 3738 408 500

465 492 529 548 ad
570 492 824 548 unitatem
868 486 1149 543 indivisam
1190 484 1494 549 conveniat,
1534 491 1588 538 et
1634 480 2039 536 fundamentum
2070 481 2123 541 Α
2149 489 2244 549 per
2278 476 2696 533 taciturnitatem
2738 472 2916 544 largiri
2945 478 3159 541 tempus
3181 466 3365 525 videar
3392 465 3499 522 illis
3529 464 3618 535 qui
3656 462 3739 520 ni-

464 586 837 642 inconcussum
859 579 1136 636 catholicae
1167 577 1288 634 lidei
1319 574 1688 644 conﬁrmetur,
1724 590 1818 646 per
1843 572 2043 639 omnia,

462 676 802 735 sanctissime
842 674 1029 730 frater.
1077 672 1277 728 Indicia
1316 680 1493 727 autem
1524 678 1722 727 nostrae
1752 668 2047 728 secundum

461 768 733 824 Christum
779 765 1064 822 Dominum
1099 772 1340 819 nostrum
1376 761 1616 818 caritatis
1650 774 1746 831 per
1779 759 1926 815 viros
1963 772 2049 814 re-

461 859 883 917 verendissimos
927 857 1347 923 destinavimus,
1404 855 1471 910 ad
1525 853 2047 910 administrationem

460 952 661 1007 divina:
686 950 940 1023 culturas,
973 957 1029 1005 et
1072 958 1270 1005 sancta:
1302 945 1610 1018 apostolicae
1640 956 1833 1001 vestrae
1863 942 2051 999 Eccle-

461 1045 579 1111 siae,
612 1044 834 1100 calicem
876 1050 1055 1099 autem
1092 1041 1321 1111 gemmis
1350 1038 1763 1103 circumdatum,
1801 1046 2049 1107 patenam

462 1155 706 1206 auream,
757 1149 813 1195 et
852 1140 1013 1194 alium
1061 1138 1285 1194 calicem
1330 1145 1663 1205 argenteum,
1722 1130 1838 1186 vela
1881 1127 2052 1185 serica

463 1234 607 1299 duo;
646 1248 768 1304 qua:
795 1234 1070 1299 suscipere
1102 1240 1338 1289 vestram
1370 1226 1755 1285 beatitudinem
1787 1223 2054 1293 supplica-

465 1338 588 1381 mus
627 1343 748 1382 cum
780 1329 867 1382 illa
906 1329 1133 1383 caritate
1177 1341 1335 1397 quam
1381 1339 1477 1379 vos
1520 1322 1719 1377 habere
1759 1318 2051 1375 secundum

467 1414 638 1474 Deum
667 1436 771 1474 non
803 1420 1131 1475 dubitamus.
1164 1418 1393 1473 Omnem
1423 1416 1476 1471 in
1502 1413 1722 1471 Christo
1751 1411 2057 1467 fraternita-

468 1516 598 1578 tem,
630 1528 750 1583 qnac
794 1528 914 1568 cum
942 1521 1124 1568 vestra
1156 1521 1239 1568 est
1280 1510 1561 1567 sanctitate
1604 1521 1704 1562 nos
1761 1518 1973 1576 quoque
2002 1509 2057 1558 et

469 1606 560 1675 qui
590 1605 866 1660 nobiscum
898 1605 1326 1675 suntplurimum
1358 1603 1672 1657 salutamus.
1701 1600 1931 1665 Accepta
1959 1594 2058 1664 pri-

469 1700 558 1753 die
604 1698 856 1753 calendas
914 1696 1266 1762 Decembris,
1323 1694 1545 1750 Rustico
1591 1692 1708 1747 viro
1760 1684 2057 1746 clariSsimo

470 1790 694 1847 consule
718 1789 885 1861 (anno
913 1787 1126 1843 Domini
1153 1786 1303 1859 520).

1154 1897 1380 1956 SACRA

1019 2010 1218 2050 JUSTINI
1259 2007 1508 2048 AUGUSTI.

471 2082 720 2141 Joannem
750 2085 1047 2157 episcopum
1066 2084 1134 2138 ad
1160 2083 1482 2157 tractandam
1505 2078 1752 2157 Ecclesia;
1781 2094 1956 2145 pacem
1976 2077 2066 2131 de-

542 2150 809 2224 stinatum,
838 2150 1220 2226 quamprimum
1246 2152 1587 2221 convaluerit,
1618 2150 1991 2222 profecturum.

545 2249 787 2306 Justinus
808 2246 1081 2320 Augustus
1113 2244 1413 2303 Hormisdae
1444 2258 1619 2315 papae.

546 2341 683 2396 Dum
713 2340 1086 2397 beatissimum
1115 2336 1444 2396 Germanum
1485 2336 1795 2407 episcOpum
1814 2378 1828 2403 ,
1862 2332 1947 2388 vel
1973 2344 2068 2387 eos

474 2434 565 2505 qui
595 2446 718 2489 cum
749 2448 816 2490 eo
858 2444 891 2489 a
928 2434 1083 2490 vobis
1117 2433 1327 2488 fuerant
1355 2428 1635 2498 destinati,
1659 2429 1727 2486 de
1762 2428 1862 2484 hac
1888 2424 2070 2483 dimit-

476 2535 715 2582 teremns
744 2525 891 2596 regia
917 2527 1156 2595 civitate,
1191 2522 1499 2595 huiusmodi
1532 2522 1638 2577 illis
1679 2520 1927 2576 mandata
1951 2527 2065 2574 tra-

477 2619 736 2686 didimus,
765 2618 907 2688 quod
954 2616 1183 2688 capitula
1220 2630 1341 2688 quat
1386 2616 1450 2670 ad
1481 2612 1774 2687 perfectam
1806 2612 2069 2668 ttnitatem

476 2709 844 2765 Ecclesiarum
875 2709 1223 2781 pertinebant
1242 2705 1564 2778 apostolatui
1589 2716 1769 2762 vestro
1793 2720 1890 2776 per
1913 2716 2069 2759 reve-

476 2801 859 2856 rendissimum
880 2800 1145 2857 Joannem
1174 2798 1489 2870 episcOpum
1520 2807 1811 2869 sequenter
1840 2793 2071 2851 manife-

474 2898 561 2950 sta
602 2893 943 2961 faceremus;
992 2906 1114 2963 quae
1166 2894 1523 2963 tamen‘ipsis
1569 2892 1659 2947 hic
1714 2889 2069 2961 pratsentibus

473 2984 691 3044 fuerant
714 2986 1010 3043 declarata.
1040 2986 1149 3045 Sed
1175 2986 1353 3042 evenit
1373 2985 1654 3056 praefatum
1680 2984 1943 3040 Joannem
1976 2996 2071 3035 an-

475 3078 700 3135 tistitem
734 3078 891 3148 longa
927 3076 1250 3146 aegritudine
1272 3076 1524 3131 detineri.
1553 3074 1632 3129 Ne
1660 3088 1762 3144 qua
1792 3072 1954 3143 igitur
1979 3085 2071 3125 ve-

475 3178 646 3225 stram
693 3169 1052 3225 reverentiam
1100 3168 1435 3240 ingrediatur
1489 3166 1715 3222 adversa
1764 3162 2068 3230 sententia,

476 3262 629 3332 quasi
650 3262 805 3318 vobis
829 3262 1093 3330 promissa
1118 3234 1303 3317 nostra
1326 3260 1533 3316 desidia
1562 3258 1795 3330 quadam
1821 3259 2066 3313 ultronea
2095 3234 2144 3305 C

477 3355 657 3410 minus
684 3354 749 3408 ad
787 3352 1038 3410 enectum
1080 3353 1515 3425 perducentibus,
1553 3352 1916 3409 necessarium
1945 3365 2069 3409 esse

477 3446 858 3515 perspeximus
904 3445 1185 3501 dilationis
1224 3460 1441 3501 causam
1481 3446 1636 3502 vobis
1666 3459 1934 3516 exponere
1975 3460 2070 3515 per

478 3534 763 3606 Eulogium
788 3536 855 3593 Υ.
877 3536 934 3596 S.
962 3537 1237 3594 tribunum
1260 3550 1313 3595 et
1339 3539 1630 3608 notarium,
1663 3554 1822 3611 quem
1850 3540 1914 3594 ad
1940 3552 2070 3609 prac-

479 3631 683 3685 eelsum
713 3644 895 3701 regem
940 3628 1337 3687 Theodericum
1385 3647 1548 3703 super
1588 3632 1816 3703 negotiis
1845 3632 2067 3703 quibus-

480 3721 606 3776 dam
657 3723 1101 3778 transmisimus:
1160 3722 1261 3780 hoc
1304 3738 1518 3795 quoque
1566 3724 1878 3795 adiicientes
1926 3722 2069 3796 quod

479 3810 607 3867 dum
638 3812 869 3883 propitia
901 3812 1112 3869 Domini
1143 3821 1198 3869 et
1226 3812 1320 3869 Dei
1344 3815 1514 3870 nostri
1543 3816 1798 3885 maiestas
1818 3814 2068 3871 eumdem

479 3904 655 3959 virum
696 3905 1163 3975 religiosissimum
1221 3906 1483 3963 Joannem
1542 3906 1787 3979 pristina:
1840 3908 2069 3964 voluerit

479 3998 705 4056 reddere
748 4002 983 4065 sanitati,
1026 4000 1169 4057 sicut
1202 4002 1369 4058 semel
1405 4003 1853 4072 promiseramus,
1883 4000 2068 4056 statim

479 4090 634 4145 illum
663 4090 729 4145 ad
764 4098 912 4145 tuam
938 4094 1283 4149 sanctitatem
1324 4095 1776 4149 transmittemns.
1808 4093 2070 4163 Superest

480 4187 540 4235 ut
558 4182 865 4237 sanctitudo
902 4188 993 4237 tua
1017 4182 1258 4238 divinum
1292 4184 1451 4240 nobis
1472 4184 1782 4255 praesidium
1811 4185 2069 4239 orationi-

482 4274 583 4329 bus
629 4274 741 4329 suis
787 4274 1037 4347 dignetur
1078 4275 1377 4347 acquirere.
1438 4274 1572 4332 Data
1613 4276 1781 4347 pridie
1813 4276 2067 4332 calendas

481 4365 834 4438 Septembris,
874 4366 1363 4442 Constantinopoli.
1389 4369 1625 4442 Accepta
1662 4370 1849 4427 Romae
1889 4370 2070 4426 calen-

484 4457 567 4513 dis
593 4458 865 4530 Octobris,
903 4462 1123 4520 Rustico
1152 4462 1272 4520 viro
1303 4464 1607 4521 clarissimo
1646 4464 1874 4521 consule
1904 4462 2068 4537 (anno

485 4547 695 4606 Domini
714 4549 863 4622 520).

1127 4643 1430 4703 RELATIO

733 4746 994 4790 sonorum
1026 4751 1258 4793 EPISCOPI
1286 4734 1827 4797 rasssacoatcnnsrsi

846 4824 1109 4895 Objectum
1138 4828 1234 4883 sibi
1270 4833 1460 4885 crimen
1500 4832 1714 4902 refellit.

555 4913 910 4971 Sanctissimo
959 4932 1022 4973 ac
1053 4919 1366 4976 beatissimo
1407 4923 1544 4993 patri
1584 4939 1647 4980 ac
1677 4922 2073 4982 comministra-

484 5004 589 5060 tori
615 5005 916 5063 Hormisdat
949 5008 1248 5066 Dorotheus
1279 5012 1332 5067 in
1359 5012 1588 5070 Domino
1615 5018 1866 5073 salutem.

552 5097 818 5167 Propositi
848 5100 1017 5155 nostri
1046 5110 1100 5157 et
1121 5104 1380 5159 orationis
1409 5115 1492 5162 est
1517 5122 1787 5164 summum
1807 5110 2067 5179 studium,

482 5210 579 5267 per
603 5196 789 5251 omnia
824 5197 1135 5257 beatissime
1163 5211 1219 5257 et
1244 5212 1326 5259 ter
1357 5204 1510 5260 beate
1534 5205 1723 5273 Pater,
1752 5215 1808 5263 et
1826 5205 2071 5263 scribere

481 5288 794 5369 frequenter
811 5291 878 5347 ad
909 5306 1003 5348 vos
1029 5295 1419 5363 sanctissimos,
1452 5308 1506 5354 et
1523 5308 1706 5355 mutua
1732 5300 1932 5356 mereri
1958 5298 2071 5356 col-

480 5381 691 5453 loquia;
724 5392 778 5440 et
803 5385 949 5442 nullo
974 5394 1217 5457 tempore
1238 5398 1510 5446 extorrem
1546 5406 1633 5448 me
1662 5393 1731 5448 ab
1756 5390 2064 5463 huiusmodi

480 5474 663 5533 laetitia
692 5493 815 5535 esse
846 5480 1122 5538 condecet.
1156 5481 1421 5551 Quoniam
1450 5484 1608 5555 igitur
1643 5485 1930 5541 manifeste
1970 5500 2067 5542 co-

481 5570 635 5635 gnovi
666 5571 927 5641 quosdam
962 5584 1177 5630 sanctas
1214 5589 1372 5631 aures
1402 5585 1609 5631 vestras
1637 5576 1979 5647 perturbare,
2012 5586 2068 5634 et

483 5662 597 5716 scio
632 5667 813 5732 procul
843 5666 1002 5723 dubio
1033 5683 1128 5724 vos
1171 5669 1221 5723 in
1258 5669 1511 5724 omnibus
1539 5682 1659 5725 esse
1693 5669 1980 5739 perfectos,
2009 5678 2066 5728 et

485 5753 604 5822 quia
637 5754 769 5809 nihil
798 5757 913 5812 sine
942 5759 1141 5827 iudicio
1170 5760 1358 5817 audire
1383 5762 1622 5832 possitis,
1654 5777 1751 5817 nec
1783 5762 1875 5817 ulli
1908 5763 2062 5833 peni-

486 5853 573 5901 tus
591 5852 827 5905 vestrum
854 5847 1095 5910 animum
1132 5852 1497 5923 commodare,
1530 5861 1584 5912 et
1610 5862 1799 5913 utnon
1829 5854 2060 5926 amplius

2096 4620 2151 4686 D

2153 571 2230 627 hil
2260 570 2476 641 quidem
2510 586 2540 625 a
2578 569 2732 624 nobis
2760 565 2875 623 laesi
2906 573 3054 632 sunt,
3086 563 3179 618 sed
3221 560 3339 617 sine
3365 572 3526 614 causa
3555 565 3612 614 et
3648 571 3740 613 su-

2153 662 2357 733 perflue
2381 661 2641 716 adversus
2673 674 2771 713 nos
2803 656 2996 712 armati
3020 662 3145 709 sunt
3171 672 3183 706 :
3220 650 3330 707 Deo
3357 660 3535 706 tamen
3564 656 3618 705 et
3644 660 3741 703 ve-

2151 763 2278 809 Straa
2316 751 2592 807 satisfacio
2623 748 2918 817 sanctitati,
2957 748 3078 815 quia
3110 759 3208 815 pro
3246 742 3453 799 Joanne
3482 742 3601 797 viro
3650 753 3745 795 ree

2151 847 2545 902 verendissimo
2599 845 2893 913 episcOpo,
2940 841 3031 910 qui
3083 837 3244 911 paulo
3298 845 3424 890 ante
3480 849 3508 888 a
3561 843 3746 891 vestra

2153 938 2451 996 venerabili
2486 954 2682 993 corona
2712 937 2947 992 directus
2986 942 3088 998 est,
3122 926 3496 1001 prmdestinavi
3539 938 3626 981 me
3654 938 3749 994 pe-

2154 1034 2357 1099 riculis,
2397 1040 2451 1087 et
2480 1041 2709 1086 mortem
2738 1026 2990 1094 sustinui,
3021 1033 3077 1081 et
3144 1039 3316 1080 meam
3351 1038 3450 1093 pro
3488 1020 3607 1089 eius
3634 1019 3749 1072 scio

2155 1141 2243 1183 me
2270 1125 2538 1195 obiecisse
2574 1124 2806 1179 animam
2836 1141 2848 1175 :
2875 1131 2929 1178 et
2962 1120 3069 1176 hoc
3098 1119 3400 1175 ostenditur
3445 1112 3616 1186 gestis
3651 1130 3664 1165 :
3695 1119 3749 1167 et

2156 1234 2224 1275 ex
2263 1219 2368 1285 his,
2410 1219 2499 1288 qui
2546 1232 2850 1288 quanquam
2892 1230 2989 1285 per
3036 1228 3209 1269 meam
3242 1210 3541 1267 absentiam
3595 1222 3747 1263 acer-

2156 1310 2295 1367 rime
2320 1308 2605 1364 videantur
2633 1322 2752 1363 esse
2774 1304 3020 1362 discussi.
3060 1302 3276 1377 thuid
3308 1304 3467 1369 longe
3496 1316 3537 1356 st
3559 1313 3751 1355 rmone

2157 1417 2294 1475 opus
2322 1412 2407 1459 est
2436 1401 2550 1457 uti?
2573 1416 2695 1457 cum
2723 1400 2876 1455 vobis
2903 1399 3082 1453 omnia
3115 1397 3371 1452 Dominus
3398 1393 3540 1449 Deus
3564 1401 3752 1446 noster

2158 1493 2315 1552 Jesus
2345 1494 2591 1551 Christus
2632 1491 2934 1565 patefacere
2961 1500 3015 1547 et
3047 1488 3359 1546 satisfacere
3393 1486 3592 1556 possit;
3626 1482 3753 1554 quia

2160 1597 2217 1647 et
2242 1586 2455 1659 quando
2485 1587 2711 1659 cognovi
2757 1600 2852 1641 vos
2883 1584 2950 1640 ad
2982 1582 3291 1654 apostolicae
3318 1579 3463 1635 sedis
3493 1578 3754 1649 pra-sulaa

2161 1690 2273 1737 tum
2303 1681 2576 1750 advocari,
2609 1692 2898 1735 commune
2929 1676 3180 1747 gaudium
3212 1672 3377 1729 totius
3417 1669 3605 1737 mundi
3633 1680 3756 1725 esse

2160 1772 2418 1844 iudicavi.
2461 1774 2543 1827 Ab
2572 1770 2664 1827 illo
2693 1771 2837 1827 enim
2872 1778 3138 1840 tempore,
3173 1766 3275 1822 hoc
3303 1766 3477 1835 ipsum
3509 1764 3756 1818 scribens

2090 1862 2140 1928 B
2165 1865 2233 1921 ad
2272 1880 2389 1933 vos,
2432 1872 2691 1934 quantum
2730 1860 2799 1916 ad
2836 1874 2948 1927 me,
2990 1857 3249 1931 quidquid
3298 1858 3361 1911 ad
3398 1855 3663 1911 honorem
3704 1861 3755 1907 et

2169 1957 2588 2013 satisfactionem
2615 1952 2769 2009 vobis
2813 1958 2868 2007 et
2895 1949 3206 2022 apostolica:
3242 1946 3359 2004 sedi
3386 1949 3645 2017 pertinet,
3677 1943 3756 1998 ni~

2169 2047 2244 2103 hil
2276 2045 2617 2117 praetermisi,
2650 2044 2742 2100 sed
2772 2056 2872 2099 nec
2893 2042 3269 2112 praetermitto.
3309 2036 3477 2093 Paulo
3509 2042 3634 2105 past
3662 2049 3757 2089 au-

2168 2151 2279 2199 tem
2310 2141 2492 2198 scietis
2531 2155 2625 2210 per
2654 2136 3008 2202 venerabiles,
3048 2142 3318 2190 annuente
3363 2130 3593 2186 Domino
3620 2128 3751 2184 Jesu

2169 2235 2407 2300 Christo,
2435 2234 2558 2303 quia
2600 2234 2717 2287 haec
2760 2231 2828 2286 ab
2852 2229 3079 2286 exordio
3116 2227 3252 2283 mihi
3279 2233 3407 2281 sunt
3431 2224 3757 2293 excogitata,

2169 2335 2226 2383 et
2253 2323 2470 2398 quando
2515 2323 2774 2379 Dominus
2816 2322 2958 2377 Deus
2986 2330 3200 2388 tempus
3236 2316 3386 2374 dedit
3410 2314 3477 2370 ad
3506 2312 3759 2369 effectum

2172 2417 2290 2474 haec
2318 2424 2445 2473 sunt
2465 2415 2741 2487 perducta”.
2773 2413 3001 2469 Omnem
3026 2427 3148 2467 cum
3176 2419 3356 2467 vestra
3388 2406 3678 2463 sanctitate
3707 2404 3757 2459 in

2170 2509 2387 2567 Christo
2414 2507 2809 2566 fraternitatem
2836 2520 2937 2575 ego
2979 2516 3194 2576 quoque
3232 2507 3288 2558 et
3335 2498 3441 2556 mei
3468 2498 3759 2569 plurimum

2172 2604 2487 2658 salutamus.

2659 2664 2990 2725 EPISTULA
3029 2662 3263 2721 LXXIII.

2305 2780 2373 2819 AD
2406 2776 2724 2818 υοιιοτηωί
2754 2770 3284 2816 ταεεελιοιιιοεαεειι
3314 2764 3624 2809 ενιεσονσι.

2172 2854 2394 2911 Romam
2417 2856 2465 2908 ei
2486 2852 2809 2918 ueniendum,
2852 2857 2907 2903 ut
2941 2849 3249 2903 catholicam
3278 2846 3569 2899 doctrinam
3593 2842 3758 2913 perci-

2224 2956 2228 2958 ~
2492 2928 2619 2995 piat,
2648 2933 2694 2977 et
2735 2925 2986 2994 objectum
3015 2922 3207 2973 crimen
3236 2926 3435 2989 purget.

2243 3016 2525 3074 Hormisda
2556 3015 2826 3071 Dorotbeo
2849 3013 3107 3083 episcopo
3131 3007 3623 3067 Thessalonicensi.

2242 3110 2660 3167 Cunsiderantes
2707 3116 2815 3162 tuae
2870 3103 3226 3161 fraternitatis
3280 3099 3581 3157 Ecclealam
3636 3107 3765 3153 ante

2173 3202 2551 3273 pratereuntis
2579 3199 2717 3254 mala
2742 3196 3030 3253 discordiae
3054 3195 3187 3251 olim
3212 3208 3336 3249 cum
3371 3192 3503 3247 sede
3540 3198 3763 3261 aposto-

2176 3293 2275 3349 lica
2316 3294 2586 3362 pracipua
2613 3289 2781 3345 fuisse
2822 3288 3047 3344 caritate
3089 3284 3456 3355 coniunctam,
3494 3290 3548 3337 te
3590 3294 3764 3350 nuper

2174 3384 2324 3457 pacis
2364 3382 2588 3439 redditae
2623 3396 2746 3437 esse
2788 3379 3144 3436 credebamus
3186 3384 3485 3439 auctorem,
3514 3372 3612 3429 sed
3638 3373 3767 3441 quia

2173 3492 2309 3548 quos
2354 3477 2653 3547 praevenire
2701 3474 2990 3541 debueras,
3041 3471 3195 3541 sequi
3238 3470 3400 3526 etiam
3440 3467 3761 3531 remoraris,

2173 3585 2280 3627 non
2311 3570 2500 3626 leviter
2540 3583 2641 3639 pro
2670 3567 3022 3623 fraternitatis
3054 3574 3160 3621 tute
3192 3563 3371 3619 dilata:
3402 3561 3766 3618 correctionis

2174 3665 2579 3736 ingemiscimus
2606 3662 2893 3725 tarditate;
2939 3660 3136 3718 scribis
3171 3660 3315 3714 enim
3342 3671 3505 3712 aures
3546 3666 3767 3712 nostras

2174 3755 2452 3825 cuiusdam
2484 3756 2705 3811 sceleris
2723 3751 3008 3808 atrocitate
3044 3750 3311 3805 turbatas.
3348 3747 3561 3803 Utinam
3592 3760 3766 3815 usque

2174 3848 2241 3903 ad
2279 3862 2377 3902 nos
2412 3856 2617 3901 tantum
2643 3844 2983 3901 detestabilis
3008 3842 3148 3898 fama
3182 3846 3547 3912 percurreret,
3574 3848 3634 3895 et
3655 3852 3766 3893 non

2174 3948 2291 3997 toto
2332 3939 2465 3995 orbe
2494 3937 2817 3996 Christianis
2858 3936 3132 3992 mentibus
3160 3942 3269 3989 tam
3297 3929 3620 3995 dolendum,
3654 3941 3764 3984 tam

2174 4029 2509 4085 exsecrabile
2539 4028 2746 4083 facinus
2789 4025 3095 4082 nuntiaret?
3119 4035 3177 4081 ut
3201 4024 3293 4095 qui
3326 4033 3379 4079 te
3416 4022 3766 4079 innocentem

2174 4120 2449 4189 nesciunt,
2473 4135 2503 4174 a
2534 4117 2956 4175 Christianitatis
2984 4118 3145 4173 simul
3167 4117 3387 4173 credant
3422 4115 3641 4171 tramite
3670 4114 3770 4167 de-

2173 4212 2372 4267 viasse.
2404 4212 2461 4266 In
2489 4225 2596 4282 qua
2620 4212 2763 4267 enim
2797 4209 2984 4265 mundi
3026 4218 3178 4280 parte
3220 4206 3573 4263 immanitatis
3605 4204 3771 4274 huius

2174 4301 2378 4357 invidia
2428 4318 2537 4358 non
2590 4312 2645 4357 et
2683 4301 2982 4357 catholicas
3029 4300 3314 4355 contristat
3363 4296 3665 4361 Ecclesias,
3714 4304 3772 4350 et

2174 4393 2557 4450 haereticorum
2598 4408 2761 4464 prava
2807 4403 2932 4449 vota
2962 4390 3231 4448 inuideat?
3266 4404 3386 4459 qua:
3424 4402 3523 4443 nos
3571 4403 3607 4442 a
3635 4387 3773 4442 dile-

2173 4488 2375 4544 ctionis
2397 4498 2502 4543 tum
2520 4487 2874 4552 conscientia,
2904 4482 3258 4541 sicutlitteris
3285 4482 3526 4545 intimas,
3552 4476 3773 4533 ostendi

2175 4581 2445 4649 cupimus,
2480 4578 2654 4635 aliena
2684 4598 2698 4633 :
2731 4577 2857 4649 quid
2888 4578 3030 4633 enim
3060 4577 3199 4633 votis
3220 4574 3420 4630 nostris
3445 4572 3623 4642 magis
3639 4586 3775 4627 eon—

2174 4673 2344 4737 venit,
2374 4670 2479 4724 nisi
2519 4678 2577 4725 ut
2622 4669 2801 4725 redire
2829 4669 2897 4723 ad
2929 4683 3117 4738 pacem
3156 4665 3479 4721 catholicam
3520 4664 3778 4720 volentes

2176 4764 2484 4833 episcopos,
2508 4777 2539 4815 a
2565 4761 2887 4817 crudelitate
2910 4770 2966 4817 et
2992 4758 3309 4815 criminibus
3322 4755 3604 4826 contingat
3621 4770 3779 4811 sem-

2178 4870 2273 4925 per
2297 4854 2549 4909 innoxios
2577 4852 2938 4923 comprobari.
2966 4853 3354 4920 Exspecumus
3382 4849 3574 4920 igitur,
3598 4848 3643 4903 si
3664 4862 3783 4905 nota

2176 4945 2377 5001 desunt
2410 4945 2731 5000 fraternitati
2763 4955 2868 5000 tua;
2906 4943 3150 4999 veritatis
3180 4941 3293 4997 Deo
3334 4949 3462 4995 nota
3490 4939 3782 5009 praesidia,

2178 5046 2322 5095 utet
2362 5038 2493 5093 tanti
2525 5038 2745 5094 sceleris
2773 5053 2802 5091 a
2835 5045 2888 5092 te
2918 5037 3151 5106 repellas
3184 5035 3459 5098 invidiam,
3503 5043 3562 5089 et
3590 5035 3644 5087 in
3677 5047 3784 5087 re—

2175 5131 2561 5187 conciliatione
2611 5131 2737 5186 fidei
2779 5129 2992 5185 tandem
3032 5144 3222 5185 eorum
3257 5128 3352 5198 qui
3394 5126 3609 5181 reversi
3643 5135 3785 5179 sunt

2175 5222 2424 5293 sequaris
2449 5223 2718 5293 exempla.
2753 5223 2890 5277 Data
2916 5236 2969 5276 tv
2997 5219 3251 5276 calendas
3280 5215 3626 5284 Novembris,
3654 5215 3785 5269 Ru-

2174 5316 2311 5373 stico
2339 5318 2455 5373 viro
2484 5316 2787 5374 clarissimo
2817 5313 3039 5369 consule
3074 5314 3241 5381 (anno
3270 5308 3481 5365 Domini
3506 5306 3665 5378 530).

2656 5405 2995 5465 EPISTOLA
3031 5402 3269 5460 LXXIV.

2624 5517 2693 5557 ΔΙ)
2719 5515 2974 5558 ιυετιιωκ
3006 5511 3305 5555 AUGUSTI“.

2176 5599 2443 5669 Accepisse
2477 5596 2591 5667 ejus
2620 5594 2817 5649 litteras
2836 5634 2852 5659 ,
2885 5602 2932 5669 et
2969 5589 3033 5669 de
3060 5592 3174 5662 ejus
3204 5586 3306 5657 ﬁde
3333 5594 3379 5640 et
3405 5584 3595 5655 pietate
3624 5597 3788 5635 naus-

2720 5681 2871 5737 quam
2900 5660 3209 5715 dubitatum.

2247 5761 2533 5818 Hormisda
2559 5756 2770 5816 Iustino
2796 5763 3048 5828 Augusto.
3072 5750 3077 5755 ”

2246 5852 2536 5911 Benedicta
2564 5851 2804 5909 Trinitas
2834 5849 2976 5907 Deus
3010 5856 3217 5919 noster,
3255 5840 3348 5915 qui
3378 5839 3535 5899 vobis
3559 5835 3789 5912 guber-
