  <div class='ocr_page' id='page_1' title='image "/cluster/home/n/w/nwhite01/storage/ocr_20150623/63/hvd.32044015469307/254.png"; bbox 0 0 3998 6368; ppageno 0'>
   <div class='ocr_carea' id='block_1_1' title="bbox 258 246 2324 315">
    <p class='ocr_par' dir='ltr' id='par_1_1' title="bbox 258 246 2324 315">
     <span class='ocr_line' id='line_1_1' title="bbox 258 246 2324 315; baseline -0.001 -4"><span class='ocrx_word' id='word_1_1' title='bbox 258 250 348 311; x_wconf 73' lang='lat' dir='ltr'><strong>5M</strong></span> <span class='ocrx_word' id='word_1_2' title='bbox 1452 247 1814 315; x_wconf 61' lang='lat' dir='ltr'><strong>EPISTOLE</strong></span> <span class='ocrx_word' id='word_1_3' title='bbox 1850 246 1941 315; x_wconf 68' lang='grc' dir='ltr'><strong>ΕΤ</strong></span> <span class='ocrx_word' id='word_1_4' title='bbox 1979 247 2324 315; x_wconf 71' lang='lat' dir='ltr'><strong>DECRETA.</strong></span> 
     </span>
    </p>
   </div>
   <div class='ocr_carea' id='block_1_2' title="bbox 3420 252 3525 317">
    <p class='ocr_par' dir='ltr' id='par_1_2' title="bbox 3420 252 3525 317">
     <span class='ocr_line' id='line_1_2' title="bbox 3420 252 3525 317; baseline 0 -9"><span class='ocrx_word' id='word_1_5' title='bbox 3420 252 3525 317; x_wconf 66' lang='lat'><strong>503</strong></span> 
     </span>
    </p>
   </div>
   <div class='ocr_carea' id='block_1_3' title="bbox 256 358 3523 442">
    <p class='ocr_par' dir='ltr' id='par_1_3' title="bbox 256 358 3523 442">
     <span class='ocr_line' id='line_1_3' title="bbox 256 358 3523 442; baseline 0.001 -19"><span class='ocrx_word' id='word_1_6' title='bbox 256 362 443 425; x_wconf 75' lang='lat' dir='ltr'><strong>uacula</strong></span> <span class='ocrx_word' id='word_1_7' title='bbox 487 361 767 427; x_wconf 71' lang='grc' dir='ltr'><strong>ωωωὶεει</strong></span> <span class='ocrx_word' id='word_1_8' title='bbox 791 360 1049 425; x_wconf 77' lang='lat' dir='ltr'><strong>mundani</strong></span> <span class='ocrx_word' id='word_1_9' title='bbox 1092 361 1326 437; x_wconf 65' lang='lat' dir='ltr'><strong>imperii.</strong></span> <span class='ocrx_word' id='word_1_10' title='bbox 1357 363 1553 435; x_wconf 78' lang='lat' dir='ltr'><strong>quibus</strong></span> <span class='ocrx_word' id='word_1_11' title='bbox 1598 378 1707 422; x_wconf 93' lang='lat' dir='ltr'><strong>non</strong></span> <span class='ocrx_word' id='word_1_12' title='bbox 1749 376 1838 425; x_wconf 80' lang='lat' dir='ltr'><strong>SO-</strong></span> <span class='ocrx_word' id='word_1_13' title='bbox 1861 363 1913 429; x_wconf 76' lang='grc' dir='ltr'><strong>Δ</strong></span> <span class='ocrx_word' id='word_1_14' title='bbox 1954 371 2007 423; x_wconf 86' lang='lat' dir='ltr'><strong>et</strong></span> <span class='ocrx_word' id='word_1_15' title='bbox 2039 366 2505 438; x_wconf 80' lang='lat' dir='ltr'><strong>persuasionibus,</strong></span> <span class='ocrx_word' id='word_1_16' title='bbox 2534 372 2714 431; x_wconf 81' lang='lat' dir='ltr'><strong>tamen</strong></span> <span class='ocrx_word' id='word_1_17' title='bbox 2763 358 3100 442; x_wconf 76' lang='lat' dir='ltr'><strong>nequaquam</strong></span> <span class='ocrx_word' id='word_1_18' title='bbox 3138 366 3263 435; x_wconf 75' lang='lat' dir='ltr'><strong>ﬁeri</strong></span> <span class='ocrx_word' id='word_1_19' title='bbox 3304 377 3431 433; x_wconf 77' lang='lat' dir='ltr'><strong>sunt</strong></span> <span class='ocrx_word' id='word_1_20' title='bbox 3467 378 3523 431; x_wconf 85' lang='lat' dir='ltr'><strong>ut</strong></span> 
     </span>
    </p>
   </div>
   <div class='ocr_carea' id='block_1_4' title="bbox 258 454 1833 529">
    <p class='ocr_par' dir='ltr' id='par_1_4' title="bbox 258 454 1833 529">
     <span class='ocr_line' id='line_1_4' title="bbox 258 454 1833 529; baseline 0.001 -16"><span class='ocrx_word' id='word_1_21' title='bbox 258 457 363 517; x_wconf 84' lang='lat' dir='ltr'><strong>lum</strong></span> <span class='ocrx_word' id='word_1_22' title='bbox 388 454 629 528; x_wconf 68' lang='lat' dir='ltr'><strong>mium</strong></span> <span class='ocrx_word' id='word_1_23' title='bbox 649 456 800 529; x_wconf 87' lang='lat' dir='ltr'><strong>regni</strong></span> <span class='ocrx_word' id='word_1_24' title='bbox 825 457 1097 515; x_wconf 74' lang='lat' dir='ltr'><strong>veneratio</strong></span> <span class='ocrx_word' id='word_1_25' title='bbox 1118 455 1427 525; x_wconf 85' lang='lat' dir='ltr'><strong>deberetur,</strong></span> <span class='ocrx_word' id='word_1_26' title='bbox 1456 472 1641 517; x_wconf 86' lang='lat' dir='ltr'><strong>verum</strong></span> <span class='ocrx_word' id='word_1_27' title='bbox 1674 458 1833 515; x_wconf 86' lang='lat' dir='ltr'><strong>etiam</strong></span> 
     </span>
    </p>
   </div>
   <div class='ocr_carea' id='block_1_5' title="bbox 256 549 1837 623">
    <p class='ocr_par' dir='ltr' id='par_1_5' title="bbox 256 549 1837 623">
     <span class='ocr_line' id='line_1_5' title="bbox 256 549 1837 623; baseline 0 -16"><span class='ocrx_word' id='word_1_28' title='bbox 256 566 353 622; x_wconf 88' lang='lat' dir='ltr'><strong>pro</strong></span> <span class='ocrx_word' id='word_1_29' title='bbox 385 550 613 622; x_wconf 72' lang='lat' dir='ltr'><strong>gloriosi</strong></span> <span class='ocrx_word' id='word_1_30' title='bbox 656 549 919 607; x_wconf 84' lang='lat' dir='ltr'><strong>modestia</strong></span> <span class='ocrx_word' id='word_1_31' title='bbox 948 558 1000 607; x_wconf 88' lang='lat' dir='ltr'><strong>et</strong></span> <span class='ocrx_word' id='word_1_32' title='bbox 1044 550 1346 619; x_wconf 70' lang='lat' dir='ltr'><strong>integritate</strong></span> <span class='ocrx_word' id='word_1_33' title='bbox 1376 551 1661 623; x_wconf 83' lang='lat' dir='ltr'><strong>prepositi.</strong></span> <span class='ocrx_word' id='word_1_34' title='bbox 1694 550 1837 607; x_wconf 79' lang='lat' dir='ltr'><strong>Vere</strong></span> 
     </span>
    </p>
   </div>
   <div class='ocr_carea' id='block_1_6' title="bbox 254 641 1839 715">
    <p class='ocr_par' dir='ltr' id='par_1_6' title="bbox 254 641 1839 715">
     <span class='ocr_line' id='line_1_6' title="bbox 254 641 1839 715; baseline -0.001 -14"><span class='ocrx_word' id='word_1_35' title='bbox 254 648 397 701; x_wconf 89' lang='lat' dir='ltr'><strong>enim</strong></span> <span class='ocrx_word' id='word_1_36' title='bbox 435 641 798 715; x_wconf 73' lang='lat' dir='ltr'><strong>gloriﬁcamus</strong></span> <span class='ocrx_word' id='word_1_37' title='bbox 831 641 1022 709; x_wconf 83' lang='lat' dir='ltr'><strong>Deum,</strong></span> <span class='ocrx_word' id='word_1_38' title='bbox 1056 642 1208 701; x_wconf 82' lang='lat' dir='ltr'><strong>lectis</strong></span> <span class='ocrx_word' id='word_1_39' title='bbox 1237 651 1431 701; x_wconf 71' lang='lat' dir='ltr'><strong>vestra:</strong></span> <span class='ocrx_word' id='word_1_40' title='bbox 1476 642 1691 713; x_wconf 86' lang='lat' dir='ltr'><strong>pietatis</strong></span> <span class='ocrx_word' id='word_1_41' title='bbox 1721 641 1839 713; x_wconf 81' lang='lat' dir='ltr'><strong>epi-</strong></span> 
     </span>
    </p>
   </div>
   <div class='ocr_carea' id='block_1_7' title="bbox 254 733 1839 807">
    <p class='ocr_par' dir='ltr' id='par_1_7' title="bbox 254 733 1839 807">
     <span class='ocr_line' id='line_1_7' title="bbox 254 733 1839 807; baseline -0.003 -12"><span class='ocrx_word' id='word_1_42' title='bbox 254 738 426 802; x_wconf 87' lang='lat' dir='ltr'><strong>stolis,</strong></span> <span class='ocrx_word' id='word_1_43' title='bbox 455 737 652 806; x_wconf 83' lang='lat' dir='ltr'><strong>quibus</strong></span> <span class='ocrx_word' id='word_1_44' title='bbox 685 736 968 805; x_wconf 72' lang='lat' dir='ltr'><strong>promissa:</strong></span> <span class='ocrx_word' id='word_1_45' title='bbox 1004 733 1288 807; x_wconf 74' lang='lat' dir='ltr'><strong>legationis</strong></span> <span class='ocrx_word' id='word_1_46' title='bbox 1322 750 1528 795; x_wconf 84' lang='lat' dir='ltr'><strong>moram</strong></span> <span class='ocrx_word' id='word_1_47' title='bbox 1565 750 1664 805; x_wconf 90' lang='lat' dir='ltr'><strong>pro</strong></span> <span class='ocrx_word' id='word_1_48' title='bbox 1688 734 1839 791; x_wconf 85' lang='lat' dir='ltr'><strong>inﬁr-</strong></span> 
     </span>
    </p>
   </div>
   <div class='ocr_carea' id='block_1_8' title="bbox 254 827 1838 899">
    <p class='ocr_par' dir='ltr' id='par_1_8' title="bbox 254 827 1838 899">
     <span class='ocr_line' id='line_1_8' title="bbox 254 827 1838 899; baseline 0 -15"><span class='ocrx_word' id='word_1_49' title='bbox 254 830 442 886; x_wconf 86' lang='lat' dir='ltr'><strong>mitate</strong></span> <span class='ocrx_word' id='word_1_50' title='bbox 481 828 622 899; x_wconf 82' lang='lat' dir='ltr'><strong>ejus,</strong></span> <span class='ocrx_word' id='word_1_51' title='bbox 664 829 759 898; x_wconf 86' lang='lat' dir='ltr'><strong>qui</strong></span> <span class='ocrx_word' id='word_1_52' title='bbox 802 827 1111 898; x_wconf 81' lang='lat' dir='ltr'><strong>dirigendae</strong></span> <span class='ocrx_word' id='word_1_53' title='bbox 1145 828 1315 887; x_wconf 77' lang='lat' dir='ltr'><strong>fuerat</strong></span> <span class='ocrx_word' id='word_1_54' title='bbox 1354 828 1687 895; x_wconf 79' lang='lat' dir='ltr'><strong>excusando,</strong></span> <span class='ocrx_word' id='word_1_55' title='bbox 1718 828 1838 891; x_wconf 90' lang='lat' dir='ltr'><strong>luce</strong></span> 
     </span>
    </p>
   </div>
   <div class='ocr_carea' id='block_1_9' title="bbox 254 920 1840 994">
    <p class='ocr_par' dir='ltr' id='par_1_9' title="bbox 254 920 1840 994">
     <span class='ocr_line' id='line_1_9' title="bbox 254 920 1840 994; baseline 0.002 -16"><span class='ocrx_word' id='word_1_56' title='bbox 254 921 451 979; x_wconf 79' lang='lat' dir='ltr'><strong>clarius</strong></span> <span class='ocrx_word' id='word_1_57' title='bbox 477 920 758 979; x_wconf 71' lang='lat' dir='ltr'><strong>reddidisti</strong></span> <span class='ocrx_word' id='word_1_58' title='bbox 788 937 948 993; x_wconf 86' lang='lat' dir='ltr'><strong>quam</strong></span> <span class='ocrx_word' id='word_1_59' title='bbox 971 937 1155 981; x_wconf 89' lang='lat' dir='ltr'><strong>curam</strong></span> <span class='ocrx_word' id='word_1_60' title='bbox 1189 921 1313 980; x_wconf 82' lang='lat' dir='ltr'><strong>ﬁdei</strong></span> <span class='ocrx_word' id='word_1_61' title='bbox 1338 932 1395 985; x_wconf 73' lang='lat' dir='ltr'><strong>et</strong></span> <span class='ocrx_word' id='word_1_62' title='bbox 1422 923 1642 994; x_wconf 85' lang='lat' dir='ltr'><strong>pudoris</strong></span> <span class='ocrx_word' id='word_1_63' title='bbox 1671 923 1840 981; x_wconf 63' lang='lat' dir='ltr'><strong>habe»</strong></span> 
     </span>
    </p>
   </div>
   <div class='ocr_carea' id='block_1_10' title="bbox 256 1012 1838 1086">
    <p class='ocr_par' dir='ltr' id='par_1_10' title="bbox 256 1012 1838 1086">
     <span class='ocr_line' id='line_1_10' title="bbox 256 1012 1838 1086; baseline 0.006 -19"><span class='ocrx_word' id='word_1_64' title='bbox 256 1012 409 1079; x_wconf 86' lang='lat' dir='ltr'><strong>retis,</strong></span> <span class='ocrx_word' id='word_1_65' title='bbox 456 1012 802 1071; x_wconf 82' lang='lat' dir='ltr'><strong>ostendentes</strong></span> <span class='ocrx_word' id='word_1_66' title='bbox 847 1028 1027 1071; x_wconf 88' lang='lat' dir='ltr'><strong>rerum</strong></span> <span class='ocrx_word' id='word_1_67' title='bbox 1061 1028 1328 1071; x_wconf 86' lang='lat' dir='ltr'><strong>summam</strong></span> <span class='ocrx_word' id='word_1_68' title='bbox 1376 1015 1687 1086; x_wconf 88' lang='lat' dir='ltr'><strong>regentibus</strong></span> <span class='ocrx_word' id='word_1_69' title='bbox 1730 1030 1838 1077; x_wconf 86' lang='lat' dir='ltr'><strong>non</strong></span> 
     </span>
    </p>
   </div>
   <div class='ocr_carea' id='block_1_11' title="bbox 243 1102 1840 1175">
    <p class='ocr_par' dir='ltr' id='par_1_11' title="bbox 243 1102 1840 1175">
     <span class='ocr_line' id='line_1_11' title="bbox 243 1102 1840 1175; baseline 0.004 -18"><span class='ocrx_word' id='word_1_70' title='bbox 243 1102 503 1163; x_wconf 79' lang='lat' dir='ltr'><strong>suilicere</strong></span> <span class='ocrx_word' id='word_1_71' title='bbox 536 1104 605 1161; x_wconf 84' lang='lat' dir='ltr'><strong>ad</strong></span> <span class='ocrx_word' id='word_1_72' title='bbox 639 1103 1023 1161; x_wconf 77' lang='lat' dir='ltr'><strong>dominationis</strong></span> <span class='ocrx_word' id='word_1_73' title='bbox 1048 1104 1255 1173; x_wconf 84' lang='lat' dir='ltr'><strong>apicem</strong></span> <span class='ocrx_word' id='word_1_74' title='bbox 1284 1120 1447 1175; x_wconf 91' lang='lat' dir='ltr'><strong>quam</strong></span> <span class='ocrx_word' id='word_1_75' title='bbox 1476 1105 1721 1163; x_wconf 82' lang='lat' dir='ltr'><strong>obtinent</strong></span> <span class='ocrx_word' id='word_1_76' title='bbox 1744 1120 1840 1175; x_wconf 66' lang='grc' dir='ltr'><strong>ρος</strong></span> 
     </span>
    </p>
   </div>
   <div class='ocr_carea' id='block_1_12' title="bbox 254 1196 1842 1265">
    <p class='ocr_par' dir='ltr' id='par_1_12' title="bbox 254 1196 1842 1265">
     <span class='ocr_line' id='line_1_12' title="bbox 254 1196 1842 1265; baseline -0.003 -10"><span class='ocrx_word' id='word_1_77' title='bbox 254 1203 530 1263; x_wconf 71' lang='lat' dir='ltr'><strong>testatum,</strong></span> <span class='ocrx_word' id='word_1_78' title='bbox 577 1196 682 1255; x_wconf 81' lang='lat' dir='ltr'><strong>nisi</strong></span> <span class='ocrx_word' id='word_1_79' title='bbox 730 1205 1046 1257; x_wconf 87' lang='lat' dir='ltr'><strong>ornamenta</strong></span> <span class='ocrx_word' id='word_1_80' title='bbox 1090 1210 1300 1251; x_wconf 90' lang='lat' dir='ltr'><strong>morum</strong></span> <span class='ocrx_word' id='word_1_81' title='bbox 1344 1198 1719 1265; x_wconf 78' lang='lat' dir='ltr'><strong>pretiosiorem</strong></span> <span class='ocrx_word' id='word_1_82' title='bbox 1762 1196 1842 1251; x_wconf 79' lang='lat' dir='ltr'><strong>fa-</strong></span> 
     </span>
    </p>
   </div>
   <div class='ocr_carea' id='block_1_13' title="bbox 256 1288 1841 1359">
    <p class='ocr_par' dir='ltr' id='par_1_13' title="bbox 256 1288 1841 1359">
     <span class='ocr_line' id='line_1_13' title="bbox 256 1288 1841 1359; baseline 0.004 -16"><span class='ocrx_word' id='word_1_83' title='bbox 256 1288 400 1346; x_wconf 85' lang='lat' dir='ltr'><strong>ciant</strong></span> <span class='ocrx_word' id='word_1_84' title='bbox 444 1288 827 1359; x_wconf 80' lang='lat' dir='ltr'><strong>principatum.</strong></span> <span class='ocrx_word' id='word_1_85' title='bbox 873 1288 1061 1345; x_wconf 82' lang='lat' dir='ltr'><strong>Servet</strong></span> <span class='ocrx_word' id='word_1_86' title='bbox 1089 1289 1235 1347; x_wconf 88' lang='lat' dir='ltr'><strong>circa</strong></span> <span class='ocrx_word' id='word_1_87' title='bbox 1265 1304 1380 1354; x_wconf 88' lang='lat' dir='ltr'><strong>vos,</strong></span> <span class='ocrx_word' id='word_1_88' title='bbox 1419 1289 1841 1349; x_wconf 73' lang='lat' dir='ltr'><strong>clementissimo</strong></span> 
     </span>
    </p>
   </div>
   <div class='ocr_carea' id='block_1_14' title="bbox 253 1380 1841 1450">
    <p class='ocr_par' dir='ltr' id='par_1_14' title="bbox 253 1380 1841 1450">
     <span class='ocr_line' id='line_1_14' title="bbox 253 1380 1841 1450; baseline 0.001 -16"><span class='ocrx_word' id='word_1_89' title='bbox 253 1380 574 1448; x_wconf 84' lang='lat' dir='ltr'><strong>imperator,</strong></span> <span class='ocrx_word' id='word_1_90' title='bbox 606 1380 747 1438; x_wconf 85' lang='lat' dir='ltr'><strong>Deus</strong></span> <span class='ocrx_word' id='word_1_91' title='bbox 775 1389 958 1439; x_wconf 86' lang='lat' dir='ltr'><strong>noster</strong></span> <span class='ocrx_word' id='word_1_92' title='bbox 998 1380 1259 1439; x_wconf 81' lang='lat' dir='ltr'><strong>beneﬁcia</strong></span> <span class='ocrx_word' id='word_1_93' title='bbox 1285 1395 1403 1444; x_wconf 82' lang='lat' dir='ltr'><strong>sua,</strong></span> <span class='ocrx_word' id='word_1_94' title='bbox 1445 1389 1499 1437; x_wconf 90' lang='lat' dir='ltr'><strong>et</strong></span> <span class='ocrx_word' id='word_1_95' title='bbox 1543 1380 1841 1450; x_wconf 79' lang='lat' dir='ltr'><strong>respiciens</strong></span> 
     </span>
    </p>
   </div>
   <div class='ocr_carea' id='block_1_15' title="bbox 254 1469 1843 1542">
    <p class='ocr_par' dir='ltr' id='par_1_15' title="bbox 254 1469 1843 1542">
     <span class='ocr_line' id='line_1_15' title="bbox 254 1469 1843 1542; baseline 0.001 -16"><span class='ocrx_word' id='word_1_96' title='bbox 254 1469 397 1527; x_wconf 83' lang='lat' dir='ltr'><strong>bona</strong></span> <span class='ocrx_word' id='word_1_97' title='bbox 438 1480 645 1541; x_wconf 74' lang='lat' dir='ltr'><strong>vestra,</strong></span> <span class='ocrx_word' id='word_1_98' title='bbox 689 1471 949 1542; x_wconf 73' lang='lat' dir='ltr'><strong>largiatur</strong></span> <span class='ocrx_word' id='word_1_99' title='bbox 977 1480 1198 1531; x_wconf 82' lang='lat' dir='ltr'><strong>aeterna.</strong></span> <span class='ocrx_word' id='word_1_100' title='bbox 1249 1470 1358 1533; x_wconf 80' lang='lat' dir='ltr'><strong>Nec</strong></span> <span class='ocrx_word' id='word_1_101' title='bbox 1385 1486 1485 1527; x_wconf 87' lang='lat' dir='ltr'><strong>nos</strong></span> <span class='ocrx_word' id='word_1_102' title='bbox 1516 1480 1691 1529; x_wconf 88' lang='lat' dir='ltr'><strong>tamen</strong></span> <span class='ocrx_word' id='word_1_103' title='bbox 1727 1487 1843 1528; x_wconf 71' lang='lat' dir='ltr'><strong>mo~</strong></span> 
     </span>
    </p>
   </div>
   <div class='ocr_carea' id='block_1_16' title="bbox 255 1563 1838 1636">
    <p class='ocr_par' dir='ltr' id='par_1_16' title="bbox 255 1563 1838 1636">
     <span class='ocr_line' id='line_1_16' title="bbox 255 1563 1838 1636; baseline 0.003 -18"><span class='ocrx_word' id='word_1_104' title='bbox 255 1563 462 1621; x_wconf 86' lang='lat' dir='ltr'><strong>mordit</strong></span> <span class='ocrx_word' id='word_1_105' title='bbox 504 1564 614 1623; x_wconf 79' lang='lat' dir='ltr'><strong>ulla</strong></span> <span class='ocrx_word' id='word_1_106' title='bbox 662 1565 900 1633; x_wconf 86' lang='lat' dir='ltr'><strong>suspicio</strong></span> <span class='ocrx_word' id='word_1_107' title='bbox 949 1574 1044 1621; x_wconf 83' lang='lat' dir='ltr'><strong>aut</strong></span> <span class='ocrx_word' id='word_1_108' title='bbox 1088 1563 1347 1635; x_wconf 84' lang='lat' dir='ltr'><strong>implendi</strong></span> <span class='ocrx_word' id='word_1_109' title='bbox 1374 1564 1679 1625; x_wconf 78' lang='lat' dir='ltr'><strong>tarditatem</strong></span> <span class='ocrx_word' id='word_1_110' title='bbox 1712 1581 1838 1636; x_wconf 83' lang='lat' dir='ltr'><strong>pro-</strong></span> 
     </span>
    </p>
   </div>
   <div class='ocr_carea' id='block_1_17' title="bbox 251 1657 1843 1723">
    <p class='ocr_par' dir='ltr' id='par_1_17' title="bbox 251 1657 1843 1723">
     <span class='ocr_line' id='line_1_17' title="bbox 251 1657 1843 1723; baseline 0.004 -12"><span class='ocrx_word' id='word_1_111' title='bbox 251 1657 443 1723; x_wconf 88' lang='lat' dir='ltr'><strong>missi;</strong></span> <span class='ocrx_word' id='word_1_112' title='bbox 474 1673 575 1715; x_wconf 86' lang='lat' dir='ltr'><strong>nec</strong></span> <span class='ocrx_word' id='word_1_113' title='bbox 597 1657 895 1719; x_wconf 75' lang='lat' dir='ltr'><strong>mutatione</strong></span> <span class='ocrx_word' id='word_1_114' title='bbox 914 1657 1184 1719; x_wconf 86' lang='lat' dir='ltr'><strong>credimus</strong></span> <span class='ocrx_word' id='word_1_115' title='bbox 1212 1659 1460 1721; x_wconf 74' lang='lat' dir='ltr'><strong>evenisse</strong></span> <span class='ocrx_word' id='word_1_116' title='bbox 1480 1660 1712 1717; x_wconf 81' lang='lat' dir='ltr'><strong>consilii.</strong></span> <span class='ocrx_word' id='word_1_117' title='bbox 1735 1659 1843 1717; x_wconf 85' lang='lat' dir='ltr'><strong>Ne-</strong></span> 
     </span>
    </p>
   </div>
   <div class='ocr_carea' id='block_1_18' title="bbox 1943 456 3527 539">
    <p class='ocr_par' dir='ltr' id='par_1_18' title="bbox 1943 456 3527 539">
     <span class='ocr_line' id='line_1_18' title="bbox 1943 456 3527 539; baseline 0.003 -28"><span class='ocrx_word' id='word_1_118' title='bbox 1943 456 2138 517; x_wconf 85' lang='lat' dir='ltr'><strong>tollant</strong></span> <span class='ocrx_word' id='word_1_119' title='bbox 2160 458 2465 521; x_wconf 86' lang='lat' dir='ltr'><strong>antistitum</strong></span> <span class='ocrx_word' id='word_1_120' title='bbox 2496 468 2551 523; x_wconf 84' lang='lat' dir='ltr'><strong>et</strong></span> <span class='ocrx_word' id='word_1_121' title='bbox 2577 460 2844 533; x_wconf 83' lang='lat' dir='ltr'><strong>repellant</strong></span> <span class='ocrx_word' id='word_1_122' title='bbox 2882 460 3101 523; x_wconf 80' lang='lat' dir='ltr'><strong>nomine</strong></span> <span class='ocrx_word' id='word_1_123' title='bbox 3128 474 3357 539; x_wconf 77' lang='lat' dir='ltr'><strong>quorum</strong></span> <span class='ocrx_word' id='word_1_124' title='bbox 3384 461 3527 530; x_wconf 80' lang='lat' dir='ltr'><strong>apud</strong></span> 
     </span>
    </p>
   </div>
   <div class='ocr_carea' id='block_1_19' title="bbox 1943 549 3524 621">
    <p class='ocr_par' dir='ltr' id='par_1_19' title="bbox 1943 549 3524 621">
     <span class='ocr_line' id='line_1_19' title="bbox 1943 549 3524 621; baseline 0.003 -18"><span class='ocrx_word' id='word_1_125' title='bbox 1943 562 2038 609; x_wconf 83' lang='lat' dir='ltr'><strong>eos</strong></span> <span class='ocrx_word' id='word_1_126' title='bbox 2063 549 2245 621; x_wconf 81' lang='lat' dir='ltr'><strong>Opinio</strong></span> <span class='ocrx_word' id='word_1_127' title='bbox 2290 549 2494 619; x_wconf 84' lang='lat' dir='ltr'><strong>ﬂoruit,</strong></span> <span class='ocrx_word' id='word_1_128' title='bbox 2521 552 2615 615; x_wconf 86' lang='lat' dir='ltr'><strong>sed</strong></span> <span class='ocrx_word' id='word_1_129' title='bbox 2656 561 2831 609; x_wconf 88' lang='lat' dir='ltr'><strong>morte</strong></span> <span class='ocrx_word' id='word_1_130' title='bbox 2869 552 3035 613; x_wconf 88' lang='lat' dir='ltr'><strong>vitam</strong></span> <span class='ocrx_word' id='word_1_131' title='bbox 3078 552 3347 615; x_wconf 82' lang='lat' dir='ltr'><strong>duriorem</strong></span> <span class='ocrx_word' id='word_1_132' title='bbox 3376 553 3524 608; x_wconf 82' lang='lat' dir='ltr'><strong>aesti-</strong></span> 
     </span>
    </p>
   </div>
   <div class='ocr_carea' id='block_1_20' title="bbox 1942 643 3525 717">
    <p class='ocr_par' dir='ltr' id='par_1_20' title="bbox 1942 643 3525 717">
     <span class='ocr_line' id='line_1_20' title="bbox 1942 643 3525 717; baseline 0 -16"><span class='ocrx_word' id='word_1_133' title='bbox 1942 651 2112 710; x_wconf 73' lang='lat' dir='ltr'><strong>mant,</strong></span> <span class='ocrx_word' id='word_1_134' title='bbox 2165 643 2210 699; x_wconf 87' lang='lat' dir='ltr'><strong>si</strong></span> <span class='ocrx_word' id='word_1_135' title='bbox 2242 654 2486 700; x_wconf 87' lang='lat' dir='ltr'><strong>mortuos</strong></span> <span class='ocrx_word' id='word_1_136' title='bbox 2538 646 3039 710; x_wconf 84' lang='lat' dir='ltr'><strong>condemnaverint,</strong></span> <span class='ocrx_word' id='word_1_137' title='bbox 3069 660 3295 717; x_wconf 89' lang='lat' dir='ltr'><strong>quorum</strong></span> <span class='ocrx_word' id='word_1_138' title='bbox 3332 646 3525 716; x_wconf 84' lang='lat' dir='ltr'><strong>gloria-</strong></span> 
     </span>
    </p>
   </div>
   <div class='ocr_carea' id='block_1_21' title="bbox 1943 732 3525 812">
    <p class='ocr_par' dir='ltr' id='par_1_21' title="bbox 1943 732 3525 812">
     <span class='ocr_line' id='line_1_21' title="bbox 1943 732 3525 812; baseline 0.004 -23"><span class='ocrx_word' id='word_1_139' title='bbox 1943 732 2139 791; x_wconf 83' lang='lat' dir='ltr'><strong>bantur</strong></span> <span class='ocrx_word' id='word_1_140' title='bbox 2166 736 2277 795; x_wconf 86' lang='lat' dir='ltr'><strong>vita</strong></span> <span class='ocrx_word' id='word_1_141' title='bbox 2302 736 2673 805; x_wconf 78' lang='lat' dir='ltr'><strong>superstitum.</strong></span> <span class='ocrx_word' id='word_1_142' title='bbox 2698 738 2837 805; x_wconf 82' lang='lat' dir='ltr'><strong>Quid</strong></span> <span class='ocrx_word' id='word_1_143' title='bbox 2860 738 3022 810; x_wconf 84' lang='lat' dir='ltr'><strong>igitur</strong></span> <span class='ocrx_word' id='word_1_144' title='bbox 3051 738 3311 803; x_wconf 79' lang='lat' dir='ltr'><strong>faciamus</strong></span> <span class='ocrx_word' id='word_1_145' title='bbox 3340 740 3525 812; x_wconf 84' lang='lat' dir='ltr'><strong>hujus-</strong></span> 
     </span>
    </p>
   </div>
   <div class='ocr_carea' id='block_1_22' title="bbox 1946 828 3527 905">
    <p class='ocr_par' dir='ltr' id='par_1_22' title="bbox 1946 828 3527 905">
     <span class='ocr_line' id='line_1_22' title="bbox 1946 828 3527 905; baseline 0.003 -20"><span class='ocrx_word' id='word_1_146' title='bbox 1946 828 2095 885; x_wconf 90' lang='lat' dir='ltr'><strong>modi</strong></span> <span class='ocrx_word' id='word_1_147' title='bbox 2123 829 2457 900; x_wconf 82' lang='lat' dir='ltr'><strong>pertinaciae,</strong></span> <span class='ocrx_word' id='word_1_148' title='bbox 2487 846 2606 905; x_wconf 72' lang='lat' dir='ltr'><strong>quat</strong></span> <span class='ocrx_word' id='word_1_149' title='bbox 2640 847 2738 888; x_wconf 92' lang='lat' dir='ltr'><strong>nec</strong></span> <span class='ocrx_word' id='word_1_150' title='bbox 2774 832 2929 891; x_wconf 85' lang='lat' dir='ltr'><strong>&#39;dicto</strong></span> <span class='ocrx_word' id='word_1_151' title='bbox 2966 832 3192 895; x_wconf 81' lang='lat' dir='ltr'><strong>audiens</strong></span> <span class='ocrx_word' id='word_1_152' title='bbox 3221 834 3425 901; x_wconf 79' lang='lat' dir='ltr'><strong>existit,</strong></span> <span class='ocrx_word' id='word_1_153' title='bbox 3475 842 3527 891; x_wconf 90' lang='lat' dir='ltr'><strong>et</strong></span> 
     </span>
    </p>
   </div>
   <div class='ocr_carea' id='block_1_23' title="bbox 1945 924 3527 999">
    <p class='ocr_par' dir='ltr' id='par_1_23' title="bbox 1945 924 3527 999">
     <span class='ocr_line' id='line_1_23' title="bbox 1945 924 3527 999; baseline 0.003 -22"><span class='ocrx_word' id='word_1_154' title='bbox 1945 934 2210 981; x_wconf 85' lang='lat' dir='ltr'><strong>tormenta</strong></span> <span class='ocrx_word' id='word_1_155' title='bbox 2243 924 2300 981; x_wconf 93' lang='lat' dir='ltr'><strong>in</strong></span> <span class='ocrx_word' id='word_1_156' title='bbox 2330 932 2535 987; x_wconf 86' lang='lat' dir='ltr'><strong>tantum</strong></span> <span class='ocrx_word' id='word_1_157' title='bbox 2566 925 2816 997; x_wconf 89' lang='lat' dir='ltr'><strong>despicit,</strong></span> <span class='ocrx_word' id='word_1_158' title='bbox 2848 937 2910 987; x_wconf 89' lang='lat' dir='ltr'><strong>ut</strong></span> <span class='ocrx_word' id='word_1_159' title='bbox 2949 927 3187 999; x_wconf 88' lang='lat' dir='ltr'><strong>amplum</strong></span> <span class='ocrx_word' id='word_1_160' title='bbox 3214 928 3318 991; x_wconf 86' lang='lat' dir='ltr'><strong>sibi</strong></span> <span class='ocrx_word' id='word_1_161' title='bbox 3357 942 3420 984; x_wconf 87' lang='lat' dir='ltr'><strong>ac</strong></span> <span class='ocrx_word' id='word_1_162' title='bbox 3451 925 3527 981; x_wconf 81' lang='lat' dir='ltr'><strong>fe-</strong></span> 
     </span>
    </p>
   </div>
   <div class='ocr_carea' id='block_1_24' title="bbox 1943 1017 3527 1091">
    <p class='ocr_par' dir='ltr' id='par_1_24' title="bbox 1943 1017 3527 1091">
     <span class='ocr_line' id='line_1_24' title="bbox 1943 1017 3527 1091; baseline 0.001 -19"><span class='ocrx_word' id='word_1_163' title='bbox 1943 1017 2139 1079; x_wconf 85' lang='lat' dir='ltr'><strong>stivum</strong></span> <span class='ocrx_word' id='word_1_164' title='bbox 2159 1017 2388 1090; x_wconf 87' lang='lat' dir='ltr'><strong>judicet,</strong></span> <span class='ocrx_word' id='word_1_165' title='bbox 2420 1018 2466 1079; x_wconf 89' lang='lat' dir='ltr'><strong>si</strong></span> <span class='ocrx_word' id='word_1_166' title='bbox 2494 1032 2722 1091; x_wconf 85' lang='lat' dir='ltr'><strong>corpore</strong></span> <span class='ocrx_word' id='word_1_167' title='bbox 2746 1019 2896 1089; x_wconf 90' lang='lat' dir='ltr'><strong>prius</strong></span> <span class='ocrx_word' id='word_1_168' title='bbox 2916 1033 3077 1091; x_wconf 86' lang='lat' dir='ltr'><strong>quam</strong></span> <span class='ocrx_word' id='word_1_169' title='bbox 3105 1019 3357 1090; x_wconf 81' lang='lat' dir='ltr'><strong>religioso</strong></span> <span class='ocrx_word' id='word_1_170' title='bbox 3386 1018 3527 1075; x_wconf 86' lang='lat' dir='ltr'><strong>desi-</strong></span> 
     </span>
    </p>
   </div>
   <div class='ocr_carea' id='block_1_25' title="bbox 1943 1113 3527 1186">
    <p class='ocr_par' dir='ltr' id='par_1_25' title="bbox 1943 1113 3527 1186">
     <span class='ocr_line' id='line_1_25' title="bbox 1943 1113 3527 1186; baseline -0.001 -18"><span class='ocrx_word' id='word_1_171' title='bbox 1943 1121 2053 1171; x_wconf 83' lang='lat' dir='ltr'><strong>stat</strong></span> <span class='ocrx_word' id='word_1_172' title='bbox 2080 1114 2351 1171; x_wconf 81' lang='lat' dir='ltr'><strong>consilio‘t</strong></span> <span class='ocrx_word' id='word_1_173' title='bbox 2379 1113 2545 1177; x_wconf 77' lang='lat' dir='ltr'><strong>Nobis</strong></span> <span class='ocrx_word' id='word_1_174' title='bbox 2574 1114 2790 1186; x_wconf 86' lang='lat' dir='ltr'><strong>quidem</strong></span> <span class='ocrx_word' id='word_1_175' title='bbox 2816 1115 3031 1175; x_wconf 88' lang='lat' dir='ltr'><strong>videtur</strong></span> <span class='ocrx_word' id='word_1_176' title='bbox 3074 1130 3210 1186; x_wconf 89' lang='lat' dir='ltr'><strong>opus</strong></span> <span class='ocrx_word' id='word_1_177' title='bbox 3239 1130 3361 1177; x_wconf 83' lang='lat' dir='ltr'><strong>esse</strong></span> <span class='ocrx_word' id='word_1_178' title='bbox 3389 1116 3527 1171; x_wconf 68' lang='lat' dir='ltr'><strong>moi-</strong></span> 
     </span>
    </p>
   </div>
   <div class='ocr_carea' id='block_1_26' title="bbox 1945 1205 3530 1279">
    <p class='ocr_par' dir='ltr' id='par_1_26' title="bbox 1945 1205 3530 1279">
     <span class='ocr_line' id='line_1_26' title="bbox 1945 1205 3530 1279; baseline 0.007 -21"><span class='ocrx_word' id='word_1_179' title='bbox 1945 1206 2048 1259; x_wconf 92' lang='lat' dir='ltr'><strong>lius</strong></span> <span class='ocrx_word' id='word_1_180' title='bbox 2071 1206 2261 1276; x_wconf 78' lang='lat' dir='ltr'><strong>agendi</strong></span> <span class='ocrx_word' id='word_1_181' title='bbox 2292 1216 2346 1263; x_wconf 92' lang='lat' dir='ltr'><strong>et</strong></span> <span class='ocrx_word' id='word_1_182' title='bbox 2373 1207 2698 1265; x_wconf 88' lang='lat' dir='ltr'><strong>clementius</strong></span> <span class='ocrx_word' id='word_1_183' title='bbox 2732 1225 2745 1263; x_wconf 88' lang='lat'>:</span> <span class='ocrx_word' id='word_1_184' title='bbox 2776 1223 2895 1279; x_wconf 68' lang='lat' dir='ltr'><strong>qua</strong></span> <span class='ocrx_word' id='word_1_185' title='bbox 2921 1207 2972 1265; x_wconf 84' lang='lat' dir='ltr'><strong>si</strong></span> <span class='ocrx_word' id='word_1_186' title='bbox 2991 1221 3099 1263; x_wconf 92' lang='lat' dir='ltr'><strong>uno</strong></span> <span class='ocrx_word' id='word_1_187' title='bbox 3121 1207 3174 1265; x_wconf 89' lang='lat' dir='ltr'><strong>in</strong></span> <span class='ocrx_word' id='word_1_188' title='bbox 3195 1216 3284 1265; x_wconf 84' lang='lat' dir='ltr'><strong>tua</strong></span> <span class='ocrx_word' id='word_1_189' title='bbox 3308 1205 3386 1277; x_wconf 78' lang='grc' dir='ltr'><strong>(ά)</strong></span> <span class='ocrx_word' id='word_1_190' title='bbox 3414 1219 3530 1269; x_wconf 64' lang='lat' dir='ltr'><strong>sam</strong></span> 
     </span>
    </p>
   </div>
   <div class='ocr_carea' id='block_1_27' title="bbox 1943 1300 3530 1373">
    <p class='ocr_par' dir='ltr' id='par_1_27' title="bbox 1943 1300 3530 1373">
     <span class='ocr_line' id='line_1_27' title="bbox 1943 1300 3530 1373; baseline -0.003 -17"><span class='ocrx_word' id='word_1_191' title='bbox 1943 1300 2151 1363; x_wconf 87' lang='lat' dir='ltr'><strong>etitate,</strong></span> <span class='ocrx_word' id='word_1_192' title='bbox 2182 1301 2291 1370; x_wconf 91' lang='lat' dir='ltr'><strong>jam</strong></span> <span class='ocrx_word' id='word_1_193' title='bbox 2324 1316 2425 1357; x_wconf 90' lang='lat' dir='ltr'><strong>nec</strong></span> <span class='ocrx_word' id='word_1_194' title='bbox 2460 1301 2514 1361; x_wconf 89' lang='lat' dir='ltr'><strong>in</strong></span> <span class='ocrx_word' id='word_1_195' title='bbox 2547 1301 2651 1357; x_wconf 84' lang='lat' dir='ltr'><strong>alio</strong></span> <span class='ocrx_word' id='word_1_196' title='bbox 2701 1308 2957 1373; x_wconf 89' lang='lat' dir='ltr'><strong>poterunt</strong></span> <span class='ocrx_word' id='word_1_197' title='bbox 2986 1300 3241 1366; x_wconf 80' lang='lat' dir='ltr'><strong>inveniri,</strong></span> <span class='ocrx_word' id='word_1_198' title='bbox 3284 1315 3407 1354; x_wconf 90' lang='lat' dir='ltr'><strong>nam</strong></span> <span class='ocrx_word' id='word_1_199' title='bbox 3435 1313 3530 1352; x_wconf 85' lang='lat' dir='ltr'><strong>ne-</strong></span> 
     </span>
    </p>
   </div>
   <div class='ocr_carea' id='block_1_28' title="bbox 1945 1391 3530 1464">
    <p class='ocr_par' dir='ltr' id='par_1_28' title="bbox 1945 1391 3530 1464">
     <span class='ocr_line' id='line_1_28' title="bbox 1945 1391 3530 1464; baseline -0.001 -15"><span class='ocrx_word' id='word_1_200' title='bbox 1945 1408 2049 1463; x_wconf 89' lang='lat' dir='ltr'><strong>que</strong></span> <span class='ocrx_word' id='word_1_201' title='bbox 2094 1394 2368 1464; x_wconf 85' lang='lat' dir='ltr'><strong>sanguinis</strong></span> <span class='ocrx_word' id='word_1_202' title='bbox 2396 1403 2451 1451; x_wconf 90' lang='lat' dir='ltr'><strong>et</strong></span> <span class='ocrx_word' id='word_1_203' title='bbox 2490 1394 2875 1464; x_wconf 88' lang='lat' dir='ltr'><strong>suppliciorum</strong></span> <span class='ocrx_word' id='word_1_204' title='bbox 2915 1392 3097 1463; x_wconf 88' lang='lat' dir='ltr'><strong>cupidi</strong></span> <span class='ocrx_word' id='word_1_205' title='bbox 3125 1391 3286 1463; x_wconf 92' lang='lat' dir='ltr'><strong>(quod</strong></span> <span class='ocrx_word' id='word_1_206' title='bbox 3328 1392 3530 1455; x_wconf 87' lang='lat' dir='ltr'><strong>dictum</strong></span> 
     </span>
    </p>
   </div>
   <div class='ocr_carea' id='block_1_29' title="bbox 1945 1485 3534 1557">
    <p class='ocr_par' dir='ltr' id='par_1_29' title="bbox 1945 1485 3534 1557">
     <span class='ocr_line' id='line_1_29' title="bbox 1945 1485 3534 1557; baseline -0.002 -17"><span class='ocrx_word' id='word_1_207' title='bbox 1945 1485 2106 1540; x_wconf 88' lang='lat' dir='ltr'><strong>etiam</strong></span> <span class='ocrx_word' id='word_1_208' title='bbox 2161 1501 2325 1557; x_wconf 82' lang='lat' dir='ltr'><strong>grave</strong></span> <span class='ocrx_word' id='word_1_209' title='bbox 2372 1485 2478 1554; x_wconf 88' lang='lat' dir='ltr'><strong>est)</strong></span> <span class='ocrx_word' id='word_1_210' title='bbox 2536 1487 2775 1542; x_wconf 90' lang='lat' dir='ltr'><strong>libellum</strong></span> <span class='ocrx_word' id='word_1_211' title='bbox 2828 1486 3190 1556; x_wconf 75' lang='lat' dir='ltr'><strong>suscepimus,</strong></span> <span class='ocrx_word' id='word_1_212' title='bbox 3247 1499 3421 1553; x_wconf 89' lang='lat' dir='ltr'><strong>neque</strong></span> <span class='ocrx_word' id='word_1_213' title='bbox 3473 1491 3534 1537; x_wconf 89' lang='lat' dir='ltr'><strong>ut</strong></span> 
     </span>
    </p>
   </div>
   <div class='ocr_carea' id='block_1_30' title="bbox 1945 1574 3534 1648">
    <p class='ocr_par' dir='ltr' id='par_1_30' title="bbox 1945 1574 3534 1648">
     <span class='ocr_line' id='line_1_30' title="bbox 1945 1574 3534 1648; baseline -0.001 -17"><span class='ocrx_word' id='word_1_214' title='bbox 1945 1592 2114 1646; x_wconf 87' lang='lat' dir='ltr'><strong>parvo</strong></span> <span class='ocrx_word' id='word_1_215' title='bbox 2158 1578 2476 1634; x_wconf 86' lang='lat' dir='ltr'><strong>discrimine</strong></span> <span class='ocrx_word' id='word_1_216' title='bbox 2519 1586 2836 1633; x_wconf 83' lang='lat' dir='ltr'><strong>remaneant</strong></span> <span class='ocrx_word' id='word_1_217' title='bbox 2882 1577 3193 1648; x_wconf 73' lang='lat' dir='ltr'><strong>imperfecta</strong></span> <span class='ocrx_word' id='word_1_218' title='bbox 3231 1574 3534 1631; x_wconf 67' lang='lat' dir='ltr'><strong>concordia:</strong></span> 
     </span>
    </p>
   </div>
   <div class='ocr_carea' id='block_1_31' title="bbox 1949 1668 3534 1740">
    <p class='ocr_par' dir='ltr' id='par_1_31' title="bbox 1949 1668 3534 1740">
     <span class='ocr_line' id='line_1_31' title="bbox 1949 1668 3534 1740; baseline -0.002 -18"><span class='ocrx_word' id='word_1_219' title='bbox 1949 1668 2237 1736; x_wconf 84' lang='lat' dir='ltr'><strong>desideria,</strong></span> <span class='ocrx_word' id='word_1_220' title='bbox 2285 1669 2382 1726; x_wconf 89' lang='lat' dir='ltr'><strong>sed</strong></span> <span class='ocrx_word' id='word_1_221' title='bbox 2411 1669 2478 1725; x_wconf 90' lang='lat' dir='ltr'><strong>ad</strong></span> <span class='ocrx_word' id='word_1_222' title='bbox 2524 1669 2925 1740; x_wconf 80' lang='lat' dir='ltr'><strong>propagandam</strong></span> <span class='ocrx_word' id='word_1_223' title='bbox 2972 1683 3081 1738; x_wconf 90' lang='lat' dir='ltr'><strong>quo</strong></span> <span class='ocrx_word' id='word_1_224' title='bbox 3115 1680 3403 1737; x_wconf 85' lang='lat' dir='ltr'><strong>possumus</strong></span> <span class='ocrx_word' id='word_1_225' title='bbox 3446 1680 3534 1719; x_wconf 86' lang='lat' dir='ltr'><strong>or-</strong></span> 
     </span>
    </p>
   </div>
   <div class='ocr_carea' id='block_1_32' title="bbox 251 1747 3536 1831">
    <p class='ocr_par' dir='ltr' id='par_1_32' title="bbox 251 1747 3536 1831">
     <span class='ocr_line' id='line_1_32' title="bbox 251 1747 3536 1831; baseline 0.003 -30"><span class='ocrx_word' id='word_1_226' title='bbox 251 1747 333 1803; x_wconf 73' lang='lat' dir='ltr'><strong>tas</strong></span> <span class='ocrx_word' id='word_1_227' title='bbox 362 1748 515 1805; x_wconf 88' lang='lat' dir='ltr'><strong>enim</strong></span> <span class='ocrx_word' id='word_1_228' title='bbox 544 1760 661 1807; x_wconf 83' lang='lat' dir='ltr'><strong>erat</strong></span> <span class='ocrx_word' id='word_1_229' title='bbox 705 1748 773 1806; x_wconf 91' lang='lat' dir='ltr'><strong>de</strong></span> <span class='ocrx_word' id='word_1_230' title='bbox 814 1748 935 1819; x_wconf 77' lang='lat' dir='ltr'><strong>ejus</strong></span> <span class='ocrx_word' id='word_1_231' title='bbox 974 1750 1159 1811; x_wconf 80' lang='lat' dir='ltr'><strong>verbis</strong></span> <span class='ocrx_word' id='word_1_232' title='bbox 1198 1749 1437 1821; x_wconf 55' lang='lat' dir='ltr'><strong>qualibet</strong></span> <span class='ocrx_word' id='word_1_233' title='bbox 1475 1750 1841 1813; x_wconf 80' lang='lat' dir='ltr'><strong>sollicitudine</strong></span> <span class='ocrx_word' id='word_1_234' title='bbox 1872 1749 1924 1811; x_wconf 84' lang='lat' dir='ltr'><strong>B</strong></span> <span class='ocrx_word' id='word_1_235' title='bbox 1949 1761 2075 1823; x_wconf 84' lang='lat' dir='ltr'><strong>dine</strong></span> <span class='ocrx_word' id='word_1_236' title='bbox 2118 1761 2554 1831; x_wconf 74' lang='lat' dir='ltr'><strong>coniunctionem</strong></span> <span class='ocrx_word' id='word_1_237' title='bbox 2599 1761 2967 1817; x_wconf 71' lang='lat' dir='ltr'><strong>membrorum</strong></span> <span class='ocrx_word' id='word_1_238' title='bbox 3007 1758 3290 1814; x_wconf 76' lang='lat' dir='ltr'><strong>Ecclesiae.</strong></span> <span class='ocrx_word' id='word_1_239' title='bbox 3344 1757 3536 1815; x_wconf 88' lang='lat' dir='ltr'><strong>Utrum</strong></span> 
     </span>
    </p>
   </div>
   <div class='ocr_carea' id='block_1_33' title="bbox 252 1840 1842 1911">
    <p class='ocr_par' dir='ltr' id='par_1_33' title="bbox 252 1840 1842 1911">
     <span class='ocr_line' id='line_1_33' title="bbox 252 1840 1842 1911; baseline 0.003 -17"><span class='ocrx_word' id='word_1_240' title='bbox 252 1840 520 1906; x_wconf 85' lang='lat' dir='ltr'><strong>dubitari;</strong></span> <span class='ocrx_word' id='word_1_241' title='bbox 571 1840 727 1910; x_wconf 83' lang='lat' dir='ltr'><strong>cujus</strong></span> <span class='ocrx_word' id='word_1_242' title='bbox 774 1841 937 1899; x_wconf 82' lang='lat' dir='ltr'><strong>iidem</strong></span> <span class='ocrx_word' id='word_1_243' title='bbox 980 1842 1035 1901; x_wconf 86' lang='lat' dir='ltr'><strong>in</strong></span> <span class='ocrx_word' id='word_1_244' title='bbox 1076 1842 1285 1911; x_wconf 82' lang='lat' dir='ltr'><strong>magnis</strong></span> <span class='ocrx_word' id='word_1_245' title='bbox 1332 1843 1493 1901; x_wconf 86' lang='lat' dir='ltr'><strong>rebus</strong></span> <span class='ocrx_word' id='word_1_246' title='bbox 1527 1842 1708 1905; x_wconf 72' lang='lat' dir='ltr'><strong>datum</strong></span> <span class='ocrx_word' id='word_1_247' title='bbox 1754 1852 1842 1905; x_wconf 81' lang='lat' dir='ltr'><strong>est</strong></span> 
     </span>
    </p>
   </div>
   <div class='ocr_carea' id='block_1_34' title="bbox 253 1932 1842 2005">
    <p class='ocr_par' dir='ltr' id='par_1_34' title="bbox 253 1932 1842 2005">
     <span class='ocr_line' id='line_1_34' title="bbox 253 1932 1842 2005; baseline 0.006 -20"><span class='ocrx_word' id='word_1_248' title='bbox 253 1940 359 1986; x_wconf 88' lang='lat' dir='ltr'><strong>tam</strong></span> <span class='ocrx_word' id='word_1_249' title='bbox 388 1932 674 1991; x_wconf 72' lang='lat' dir='ltr'><strong>evidenter</strong></span> <span class='ocrx_word' id='word_1_250' title='bbox 709 1934 948 2004; x_wconf 83' lang='lat' dir='ltr'><strong>agnosci.</strong></span> <span class='ocrx_word' id='word_1_251' title='bbox 981 1932 1260 1995; x_wconf 81' lang='lat' dir='ltr'><strong>Redennte</strong></span> <span class='ocrx_word' id='word_1_252' title='bbox 1293 1935 1456 2005; x_wconf 81' lang='lat' dir='ltr'><strong>igitur</strong></span> <span class='ocrx_word' id='word_1_253' title='bbox 1500 1936 1613 1997; x_wconf 82' lang='lat' dir='ltr'><strong>lilio</strong></span> <span class='ocrx_word' id='word_1_254' title='bbox 1654 1944 1842 1997; x_wconf 79' lang='lat' dir='ltr'><strong>nostro</strong></span> 
     </span>
    </p>
   </div>
   <div class='ocr_carea' id='block_1_35' title="bbox 252 2026 1843 2099">
    <p class='ocr_par' dir='ltr' id='par_1_35' title="bbox 252 2026 1843 2099">
     <span class='ocr_line' id='line_1_35' title="bbox 252 2026 1843 2099; baseline 0.008 -21"><span class='ocrx_word' id='word_1_255' title='bbox 252 2026 537 2094; x_wconf 77' lang='lat' dir='ltr'><strong>spectabili</strong></span> <span class='ocrx_word' id='word_1_256' title='bbox 566 2028 682 2085; x_wconf 88' lang='lat' dir='ltr'><strong>viro</strong></span> <span class='ocrx_word' id='word_1_257' title='bbox 708 2028 933 2099; x_wconf 86' lang='lat' dir='ltr'><strong>Eulogio</strong></span> <span class='ocrx_word' id='word_1_258' title='bbox 962 2029 1179 2089; x_wconf 86' lang='lat' dir='ltr'><strong>tribuno</strong></span> <span class='ocrx_word' id='word_1_259' title='bbox 1198 2040 1254 2091; x_wconf 85' lang='lat' dir='ltr'><strong>et</strong></span> <span class='ocrx_word' id='word_1_260' title='bbox 1278 2032 1488 2090; x_wconf 83' lang='lat' dir='ltr'><strong>notario</strong></span> <span class='ocrx_word' id='word_1_261' title='bbox 1511 2034 1713 2093; x_wconf 81' lang='lat' dir='ltr'><strong>cultum</strong></span> <span class='ocrx_word' id='word_1_262' title='bbox 1743 2034 1843 2091; x_wconf 81' lang='lat' dir='ltr'><strong>de-</strong></span> 
     </span>
    </p>
   </div>
   <div class='ocr_carea' id='block_1_36' title="bbox 254 2116 1844 2195">
    <p class='ocr_par' dir='ltr' id='par_1_36' title="bbox 254 2116 1844 2195">
     <span class='ocr_line' id='line_1_36' title="bbox 254 2116 1844 2195; baseline 0.01 -26"><span class='ocrx_word' id='word_1_263' title='bbox 254 2116 381 2172; x_wconf 67' lang='lat' dir='ltr'><strong>bita</strong></span> <span class='ocrx_word' id='word_1_264' title='bbox 410 2117 755 2177; x_wconf 78' lang='lat' dir='ltr'><strong>salutationis</strong></span> <span class='ocrx_word' id='word_1_265' title='bbox 803 2120 1154 2189; x_wconf 81' lang='lat' dir='ltr'><strong>exsolvimus,</strong></span> <span class='ocrx_word' id='word_1_266' title='bbox 1184 2123 1295 2180; x_wconf 87' lang='lat' dir='ltr'><strong>Deo</strong></span> <span class='ocrx_word' id='word_1_267' title='bbox 1334 2139 1527 2195; x_wconf 87' lang='lat' dir='ltr'><strong>magno</strong></span> <span class='ocrx_word' id='word_1_268' title='bbox 1571 2128 1844 2185; x_wconf 78' lang='lat' dir='ltr'><strong>cantionis</strong></span> 
     </span>
    </p>
   </div>
   <div class='ocr_carea' id='block_1_37' title="bbox 255 2208 1846 2290">
    <p class='ocr_par' dir='ltr' id='par_1_37' title="bbox 255 2208 1846 2290">
     <span class='ocr_line' id='line_1_37' title="bbox 255 2208 1846 2290; baseline 0.009 -26"><span class='ocrx_word' id='word_1_269' title='bbox 255 2208 510 2277; x_wconf 84' lang='lat' dir='ltr'><strong>precibus</strong></span> <span class='ocrx_word' id='word_1_270' title='bbox 551 2212 942 2283; x_wconf 81' lang='lat' dir='ltr'><strong>supplicantes,</strong></span> <span class='ocrx_word' id='word_1_271' title='bbox 968 2217 1144 2286; x_wconf 89' lang='lat' dir='ltr'><strong>utqui</strong></span> <span class='ocrx_word' id='word_1_272' title='bbox 1175 2230 1355 2275; x_wconf 89' lang='lat' dir='ltr'><strong>vestro</strong></span> <span class='ocrx_word' id='word_1_273' title='bbox 1388 2219 1568 2279; x_wconf 82' lang='lat' dir='ltr'><strong>studio</strong></span> <span class='ocrx_word' id='word_1_274' title='bbox 1600 2236 1694 2290; x_wconf 88' lang='lat' dir='ltr'><strong>per</strong></span> <span class='ocrx_word' id='word_1_275' title='bbox 1724 2222 1846 2279; x_wconf 86' lang='lat' dir='ltr'><strong>inti-</strong></span> 
     </span>
    </p>
   </div>
   <div class='ocr_carea' id='block_1_38' title="bbox 257 2301 1847 2382">
    <p class='ocr_par' dir='ltr' id='par_1_38' title="bbox 257 2301 1847 2382">
     <span class='ocr_line' id='line_1_38' title="bbox 257 2301 1847 2382; baseline 0.009 -25"><span class='ocrx_word' id='word_1_276' title='bbox 257 2301 408 2361; x_wconf 86' lang='lat' dir='ltr'><strong>deles</strong></span> <span class='ocrx_word' id='word_1_277' title='bbox 450 2305 669 2365; x_wconf 78' lang='lat' dir='ltr'><strong>vulnera</strong></span> <span class='ocrx_word' id='word_1_278' title='bbox 716 2308 946 2378; x_wconf 84' lang='lat' dir='ltr'><strong>impacta</strong></span> <span class='ocrx_word' id='word_1_279' title='bbox 992 2310 1216 2377; x_wconf 86' lang='lat' dir='ltr'><strong>curavit,</strong></span> <span class='ocrx_word' id='word_1_280' title='bbox 1268 2326 1385 2369; x_wconf 71' lang='lat' dir='ltr'><strong>navo</strong></span> <span class='ocrx_word' id='word_1_281' title='bbox 1412 2312 1567 2370; x_wconf 88' lang='lat' dir='ltr'><strong>vobis</strong></span> <span class='ocrx_word' id='word_1_282' title='bbox 1606 2328 1702 2382; x_wconf 83' lang='lat' dir='ltr'><strong>per</strong></span> <span class='ocrx_word' id='word_1_283' title='bbox 1727 2314 1847 2371; x_wconf 88' lang='lat' dir='ltr'><strong>lon-</strong></span> 
     </span>
    </p>
   </div>
   <div class='ocr_carea' id='block_1_39' title="bbox 257 2396 1847 2471">
    <p class='ocr_par' dir='ltr' id='par_1_39' title="bbox 257 2396 1847 2471">
     <span class='ocr_line' id='line_1_39' title="bbox 257 2396 1847 2471; baseline 0.007 -19"><span class='ocrx_word' id='word_1_284' title='bbox 257 2396 407 2467; x_wconf 86' lang='lat' dir='ltr'><strong>giora</strong></span> <span class='ocrx_word' id='word_1_285' title='bbox 438 2408 684 2468; x_wconf 82' lang='lat' dir='ltr'><strong>tempore</strong></span> <span class='ocrx_word' id='word_1_286' title='bbox 715 2411 1035 2471; x_wconf 85' lang='lat' dir='ltr'><strong>propagato.</strong></span> <span class='ocrx_word' id='word_1_287' title='bbox 1074 2403 1334 2461; x_wconf 87' lang='lat' dir='ltr'><strong>unitatem</strong></span> <span class='ocrx_word' id='word_1_288' title='bbox 1364 2403 1623 2465; x_wconf 68' lang='lat' dir='ltr'><strong>Ecclesia</strong></span> <span class='ocrx_word' id='word_1_289' title='bbox 1664 2406 1847 2465; x_wconf 59' lang='lat' dir='ltr'><strong>reddi»</strong></span> 
     </span>
    </p>
   </div>
   <div class='ocr_carea' id='block_1_40' title="bbox 260 2494 1843 2567">
    <p class='ocr_par' dir='ltr' id='par_1_40' title="bbox 260 2494 1843 2567">
     <span class='ocr_line' id='line_1_40' title="bbox 260 2494 1843 2567; baseline 0.007 -21"><span class='ocrx_word' id='word_1_290' title='bbox 260 2497 366 2546; x_wconf 82' lang='lat' dir='ltr'><strong>tam</strong></span> <span class='ocrx_word' id='word_1_291' title='bbox 394 2505 466 2549; x_wconf 78' lang='lat' dir='ltr'><strong>es</strong></span> <span class='ocrx_word' id='word_1_292' title='bbox 508 2494 658 2550; x_wconf 82' lang='lat' dir='ltr'><strong>omni</strong></span> <span class='ocrx_word' id='word_1_293' title='bbox 687 2508 904 2565; x_wconf 80' lang='lat' dir='ltr'><strong>quoque</strong></span> <span class='ocrx_word' id='word_1_294' title='bbox 941 2494 1108 2554; x_wconf 80' lang='lat' dir='ltr'><strong>faciat</strong></span> <span class='ocrx_word' id='word_1_295' title='bbox 1136 2506 1287 2567; x_wconf 85' lang='lat' dir='ltr'><strong>parte</strong></span> <span class='ocrx_word' id='word_1_296' title='bbox 1324 2512 1596 2555; x_wconf 85' lang='lat' dir='ltr'><strong>securam.</strong></span> <span class='ocrx_word' id='word_1_297' title='bbox 1628 2498 1763 2555; x_wconf 83' lang='lat' dir='ltr'><strong>Data</strong></span> <span class='ocrx_word' id='word_1_298' title='bbox 1792 2514 1843 2557; x_wconf 83' lang='lat' dir='ltr'><strong>tv</strong></span> 
     </span>
    </p>
   </div>
   <div class='ocr_carea' id='block_1_41' title="bbox 258 2586 1850 2660">
    <p class='ocr_par' dir='ltr' id='par_1_41' title="bbox 258 2586 1850 2660">
     <span class='ocr_line' id='line_1_41' title="bbox 258 2586 1850 2660; baseline 0.006 -18"><span class='ocrx_word' id='word_1_299' title='bbox 258 2586 506 2645; x_wconf 82' lang='lat' dir='ltr'><strong>calendas</strong></span> <span class='ocrx_word' id='word_1_300' title='bbox 542 2588 885 2660; x_wconf 75' lang='lat' dir='ltr'><strong>Novembris,</strong></span> <span class='ocrx_word' id='word_1_301' title='bbox 936 2591 1161 2649; x_wconf 76' lang='lat' dir='ltr'><strong>Rustico</strong></span> <span class='ocrx_word' id='word_1_302' title='bbox 1207 2593 1325 2649; x_wconf 88' lang='lat' dir='ltr'><strong>viro</strong></span> <span class='ocrx_word' id='word_1_303' title='bbox 1370 2592 1681 2657; x_wconf 76' lang='lat' dir='ltr'><strong>clarissimo</strong></span> <span class='ocrx_word' id='word_1_304' title='bbox 1717 2607 1850 2651; x_wconf 88' lang='lat' dir='ltr'><strong>eon-</strong></span> 
     </span>
    </p>
   </div>
   <div class='ocr_carea' id='block_1_42' title="bbox 258 2678 999 2753">
    <p class='ocr_par' dir='ltr' id='par_1_42' title="bbox 258 2678 999 2753">
     <span class='ocr_line' id='line_1_42' title="bbox 258 2678 999 2753; baseline 0.005 -19"><span class='ocrx_word' id='word_1_305' title='bbox 258 2678 375 2737; x_wconf 89' lang='lat' dir='ltr'><strong>suie</strong></span> <span class='ocrx_word' id='word_1_306' title='bbox 407 2679 575 2752; x_wconf 75' lang='lat' dir='ltr'><strong>(anno</strong></span> <span class='ocrx_word' id='word_1_307' title='bbox 604 2680 819 2741; x_wconf 80' lang='lat' dir='ltr'><strong>Domini</strong></span> <span class='ocrx_word' id='word_1_308' title='bbox 846 2682 999 2753; x_wconf 64' lang='lat'><strong>590).</strong></span> 
     </span>
    </p>
   </div>
   <div class='ocr_carea' id='block_1_43' title="bbox 889 2775 1225 2833">
    <p class='ocr_par' dir='ltr' id='par_1_43' title="bbox 889 2775 1225 2833">
     <span class='ocr_line' id='line_1_43' title="bbox 889 2775 1225 2833; baseline 0 -1"><span class='ocrx_word' id='word_1_309' title='bbox 889 2775 1225 2833; x_wconf 81' lang='lat' dir='ltr'><strong>EPISTOLA</strong></span> 
     </span>
    </p>
   </div>
   <div class='ocr_carea' id='block_1_44' title="bbox 722 2884 1374 2927">
    <p class='ocr_par' dir='ltr' id='par_1_44' title="bbox 722 2884 1374 2927">
     <span class='ocr_line' id='line_1_44' title="bbox 722 2884 1374 2927; baseline 0.003 -2"><span class='ocrx_word' id='word_1_310' title='bbox 722 2884 924 2926; x_wconf 63' lang='lat' dir='ltr'><strong>Ill&quot;!!!</strong></span> <span class='ocrx_word' id='word_1_311' title='bbox 950 2886 1018 2925; x_wconf 73' lang='lat' dir='ltr'><strong>AD</strong></span> <span class='ocrx_word' id='word_1_312' title='bbox 1047 2884 1374 2927; x_wconf 71' lang='lat' dir='ltr'><strong>IOBIIIDAI.</strong></span> 
     </span>
    </p>
   </div>
   <div class='ocr_carea' id='block_1_45' title="bbox 259 2975 1851 3055">
    <p class='ocr_par' dir='ltr' id='par_1_45' title="bbox 259 2975 1851 3055">
     <span class='ocr_line' id='line_1_45' title="bbox 259 2975 1851 3055; baseline 0.005 -22"><span class='ocrx_word' id='word_1_313' title='bbox 259 2975 483 3055; x_wconf 66' lang='lat' dir='ltr'><strong>Gratum</strong></span> <span class='ocrx_word' id='word_1_314' title='bbox 517 2981 590 3036; x_wconf 78' lang='lat' dir='ltr'><strong>ad</strong></span> <span class='ocrx_word' id='word_1_315' title='bbox 629 2983 922 3055; x_wconf 68' lang='lat' dir='ltr'><strong>pontiﬁcem</strong></span> <span class='ocrx_word' id='word_1_316' title='bbox 960 2983 1135 3044; x_wconf 85' lang='lat' dir='ltr'><strong>mittit.</strong></span> <span class='ocrx_word' id='word_1_317' title='bbox 1166 2984 1444 3055; x_wconf 75' lang='lat' dir='ltr'><strong>suadetque</strong></span> <span class='ocrx_word' id='word_1_318' title='bbox 1474 2993 1530 3037; x_wconf 85' lang='lat' dir='ltr'><strong>ut</strong></span> <span class='ocrx_word' id='word_1_319' title='bbox 1559 2984 1765 3041; x_wconf 75' lang='lat' dir='ltr'><strong>Asianis</strong></span> <span class='ocrx_word' id='word_1_320' title='bbox 1800 2993 1851 3040; x_wconf 81' lang='lat' dir='ltr'><strong>et</strong></span> 
     </span>
    </p>
   </div>
   <div class='ocr_carea' id='block_1_46' title="bbox 332 3052 1846 3124">
    <p class='ocr_par' dir='ltr' id='par_1_46' title="bbox 332 3052 1846 3124">
     <span class='ocr_line' id='line_1_46' title="bbox 332 3052 1846 3124; baseline 0.004 -19"><span class='ocrx_word' id='word_1_321' title='bbox 332 3054 592 3124; x_wconf 59' lang='grc' dir='ltr'><strong>νεώρια</strong></span> <span class='ocrx_word' id='word_1_322' title='bbox 626 3052 972 3109; x_wconf 70' lang='lat' dir='ltr'><strong>Orientalibus</strong></span> <span class='ocrx_word' id='word_1_323' title='bbox 1008 3071 1217 3109; x_wconf 80' lang='lat' dir='ltr'><strong>suorum</strong></span> <span class='ocrx_word' id='word_1_324' title='bbox 1244 3052 1602 3124; x_wconf 72' lang='lat' dir='ltr'><strong>episcoporum</strong></span> <span class='ocrx_word' id='word_1_325' title='bbox 1634 3058 1846 3111; x_wconf 69' lang='lat' dir='ltr'><strong>nomina</strong></span> 
     </span>
    </p>
   </div>
   <div class='ocr_carea' id='block_1_47' title="bbox 1947 1851 3535 1922">
    <p class='ocr_par' dir='ltr' id='par_1_47' title="bbox 1947 1851 3535 1922">
     <span class='ocr_line' id='line_1_47' title="bbox 1947 1851 3535 1922; baseline -0.003 -14"><span class='ocrx_word' id='word_1_326' title='bbox 1947 1853 2127 1922; x_wconf 86' lang='lat' dir='ltr'><strong>itaque</strong></span> <span class='ocrx_word' id='word_1_327' title='bbox 2184 1855 2532 1922; x_wconf 68' lang='lat' dir='ltr'><strong>praestantius</strong></span> <span class='ocrx_word' id='word_1_328' title='bbox 2580 1855 2684 1909; x_wconf 86' lang='lat' dir='ltr'><strong>erit</strong></span> <span class='ocrx_word' id='word_1_329' title='bbox 2735 1854 3004 1908; x_wconf 87' lang='lat' dir='ltr'><strong>minorum</strong></span> <span class='ocrx_word' id='word_1_330' title='bbox 3051 1852 3220 1922; x_wconf 88' lang='lat' dir='ltr'><strong>gratia</strong></span> <span class='ocrx_word' id='word_1_331' title='bbox 3250 1851 3307 1905; x_wconf 91' lang='lat' dir='ltr'><strong>in</strong></span> <span class='ocrx_word' id='word_1_332' title='bbox 3362 1859 3535 1904; x_wconf 87' lang='lat' dir='ltr'><strong>totum</strong></span> 
     </span>
    </p>
   </div>
   <div class='ocr_carea' id='block_1_48' title="bbox 1947 1942 3539 2016">
    <p class='ocr_par' dir='ltr' id='par_1_48' title="bbox 1947 1942 3539 2016">
     <span class='ocr_line' id='line_1_48' title="bbox 1947 1942 3539 2016; baseline -0.004 -16"><span class='ocrx_word' id='word_1_333' title='bbox 1947 1960 2074 2000; x_wconf 89' lang='lat' dir='ltr'><strong>esse</strong></span> <span class='ocrx_word' id='word_1_334' title='bbox 2117 1944 2274 1999; x_wconf 86' lang='lat' dir='ltr'><strong>nobis</strong></span> <span class='ocrx_word' id='word_1_335' title='bbox 2298 1945 2369 2016; x_wconf 81' lang='grc' dir='ltr'><strong>(ε)</strong></span> <span class='ocrx_word' id='word_1_336' title='bbox 2396 1944 2634 2015; x_wconf 73' lang='lat' dir='ltr'><strong>adiectas</strong></span> <span class='ocrx_word' id='word_1_337' title='bbox 2657 1952 2832 1999; x_wconf 85' lang='lat' dir='ltr'><strong>tantas</strong></span> <span class='ocrx_word' id='word_1_338' title='bbox 2866 1942 3258 2007; x_wconf 83' lang='lat' dir='ltr'><strong>multitudines,</strong></span> <span class='ocrx_word' id='word_1_339' title='bbox 3290 1956 3379 2007; x_wconf 90' lang='lat' dir='ltr'><strong>an,</strong></span> <span class='ocrx_word' id='word_1_340' title='bbox 3406 1955 3539 1995; x_wconf 84' lang='lat' dir='ltr'><strong>con-</strong></span> 
     </span>
    </p>
   </div>
   <div class='ocr_carea' id='block_1_49' title="bbox 1946 2034 3537 2108">
    <p class='ocr_par' dir='ltr' id='par_1_49' title="bbox 1946 2034 3537 2108">
     <span class='ocr_line' id='line_1_49' title="bbox 1946 2034 3537 2108; baseline -0.002 -15"><span class='ocrx_word' id='word_1_341' title='bbox 1946 2036 2119 2093; x_wconf 82' lang='lat' dir='ltr'><strong>cessis</strong></span> <span class='ocrx_word' id='word_1_342' title='bbox 2147 2037 2356 2108; x_wconf 81' lang='lat' dir='ltr'><strong>eaiguis</strong></span> <span class='ocrx_word' id='word_1_343' title='bbox 2399 2046 2456 2093; x_wconf 88' lang='lat' dir='ltr'><strong>et</strong></span> <span class='ocrx_word' id='word_1_344' title='bbox 2498 2038 2763 2103; x_wconf 82' lang='lat' dir='ltr'><strong>remissis,</strong></span> <span class='ocrx_word' id='word_1_345' title='bbox 2794 2036 3007 2107; x_wconf 81' lang='lat' dir='ltr'><strong>majora</strong></span> <span class='ocrx_word' id='word_1_346' title='bbox 3047 2045 3103 2091; x_wconf 84' lang='lat' dir='ltr'><strong>et</strong></span> <span class='ocrx_word' id='word_1_347' title='bbox 3137 2034 3285 2092; x_wconf 88' lang='lat' dir='ltr'><strong>omni</strong></span> <span class='ocrx_word' id='word_1_348' title='bbox 3326 2034 3537 2089; x_wconf 80' lang='lat' dir='ltr'><strong>ratione</strong></span> 
     </span>
    </p>
   </div>
   <div class='ocr_carea' id='block_1_50' title="bbox 1946 2126 3533 2199">
    <p class='ocr_par' dir='ltr' id='par_1_50' title="bbox 1946 2126 3533 2199">
     <span class='ocr_line' id='line_1_50' title="bbox 1946 2126 3533 2199; baseline -0.004 -16"><span class='ocrx_word' id='word_1_349' title='bbox 1946 2128 2240 2199; x_wconf 62' lang='lat' dir='ltr'><strong>quaerenda</strong></span> <span class='ocrx_word' id='word_1_350' title='bbox 2282 2128 2506 2198; x_wconf 82' lang='lat' dir='ltr'><strong>corrigi,</strong></span> <span class='ocrx_word' id='word_1_351' title='bbox 2553 2137 2610 2183; x_wconf 91' lang='lat' dir='ltr'><strong>ut</strong></span> <span class='ocrx_word' id='word_1_352' title='bbox 2635 2144 2758 2199; x_wconf 67' lang='lat' dir='ltr'><strong>qua:</strong></span> <span class='ocrx_word' id='word_1_353' title='bbox 2790 2143 2897 2183; x_wconf 86' lang='lat' dir='ltr'><strong>non</strong></span> <span class='ocrx_word' id='word_1_354' title='bbox 2943 2128 3092 2183; x_wconf 87' lang='lat' dir='ltr'><strong>licuit</strong></span> <span class='ocrx_word' id='word_1_355' title='bbox 3118 2126 3186 2197; x_wconf 78' lang='grc'><strong>(1)</strong></span> <span class='ocrx_word' id='word_1_356' title='bbox 3211 2141 3307 2196; x_wconf 87' lang='lat' dir='ltr'><strong>per</strong></span> <span class='ocrx_word' id='word_1_357' title='bbox 3331 2126 3533 2191; x_wconf 87' lang='lat' dir='ltr'><strong>omnia,</strong></span> 
     </span>
    </p>
   </div>
   <div class='ocr_carea' id='block_1_51' title="bbox 1947 2217 3539 2290">
    <p class='ocr_par' dir='ltr' id='par_1_51' title="bbox 1947 2217 3539 2290">
     <span class='ocr_line' id='line_1_51' title="bbox 1947 2217 3539 2290; baseline -0.004 -13"><span class='ocrx_word' id='word_1_358' title='bbox 1947 2221 2140 2277; x_wconf 79' lang='lat' dir='ltr'><strong>saltem</strong></span> <span class='ocrx_word' id='word_1_359' title='bbox 2187 2235 2252 2276; x_wconf 80' lang='lat' dir='ltr'><strong>ex</strong></span> <span class='ocrx_word' id='word_1_360' title='bbox 2284 2221 2610 2277; x_wconf 82' lang='lat' dir='ltr'><strong>necessariis</strong></span> <span class='ocrx_word' id='word_1_361' title='bbox 2655 2220 2903 2290; x_wconf 85' lang='lat' dir='ltr'><strong>partibus</strong></span> <span class='ocrx_word' id='word_1_362' title='bbox 2950 2218 3283 2289; x_wconf 86' lang='lat' dir='ltr'><strong>allegentur?</strong></span> <span class='ocrx_word' id='word_1_363' title='bbox 3314 2217 3539 2271; x_wconf 81' lang='lat' dir='ltr'><strong>Veniam</strong></span> 
     </span>
    </p>
   </div>
   <div class='ocr_carea' id='block_1_52' title="bbox 1947 2308 3542 2385">
    <p class='ocr_par' dir='ltr' id='par_1_52' title="bbox 1947 2308 3542 2385">
     <span class='ocr_line' id='line_1_52' title="bbox 1947 2308 3542 2385; baseline -0.005 -15"><span class='ocrx_word' id='word_1_364' title='bbox 1947 2315 2129 2385; x_wconf 89' lang='lat' dir='ltr'><strong>itaque</strong></span> <span class='ocrx_word' id='word_1_365' title='bbox 2150 2315 2429 2369; x_wconf 85' lang='lat' dir='ltr'><strong>nominum</strong></span> <span class='ocrx_word' id='word_1_366' title='bbox 2454 2314 2811 2385; x_wconf 78' lang='lat' dir='ltr'><strong>postulamus,</strong></span> <span class='ocrx_word' id='word_1_367' title='bbox 2843 2327 2949 2371; x_wconf 87' lang='lat' dir='ltr'><strong>non</strong></span> <span class='ocrx_word' id='word_1_368' title='bbox 2978 2311 3182 2377; x_wconf 84' lang='lat' dir='ltr'><strong>Acacii,</strong></span> <span class='ocrx_word' id='word_1_369' title='bbox 3206 2325 3312 2365; x_wconf 84' lang='lat' dir='ltr'><strong>non</strong></span> <span class='ocrx_word' id='word_1_370' title='bbox 3343 2308 3542 2364; x_wconf 78' lang='lat' dir='ltr'><strong>utrius-</strong></span> 
     </span>
    </p>
   </div>
   <div class='ocr_carea' id='block_1_53' title="bbox 1948 2402 3541 2477">
    <p class='ocr_par' dir='ltr' id='par_1_53' title="bbox 1948 2402 3541 2477">
     <span class='ocr_line' id='line_1_53' title="bbox 1948 2402 3541 2477; baseline -0.006 -16"><span class='ocrx_word' id='word_1_371' title='bbox 1948 2422 2055 2477; x_wconf 88' lang='lat' dir='ltr'><strong>que</strong></span> <span class='ocrx_word' id='word_1_372' title='bbox 2083 2406 2258 2471; x_wconf 85' lang='lat' dir='ltr'><strong>Petri,</strong></span> <span class='ocrx_word' id='word_1_373' title='bbox 2290 2420 2400 2461; x_wconf 85' lang='lat' dir='ltr'><strong>non</strong></span> <span class='ocrx_word' id='word_1_374' title='bbox 2429 2405 2698 2474; x_wconf 83' lang='lat' dir='ltr'><strong>Dioscori,</strong></span> <span class='ocrx_word' id='word_1_375' title='bbox 2731 2404 2819 2460; x_wconf 81' lang='lat' dir='ltr'><strong>vel</strong></span> <span class='ocrx_word' id='word_1_376' title='bbox 2862 2402 3153 2469; x_wconf 82' lang='lat' dir='ltr'><strong>Timothei,</strong></span> <span class='ocrx_word' id='word_1_377' title='bbox 3194 2415 3421 2471; x_wconf 86' lang='lat' dir='ltr'><strong>quorum</strong></span> <span class='ocrx_word' id='word_1_378' title='bbox 3449 2412 3541 2452; x_wconf 86' lang='lat' dir='ltr'><strong>vo-</strong></span> 
     </span>
    </p>
   </div>
   <div class='ocr_carea' id='block_1_54' title="bbox 1948 2492 3542 2565">
    <p class='ocr_par' dir='ltr' id='par_1_54' title="bbox 1948 2492 3542 2565">
     <span class='ocr_line' id='line_1_54' title="bbox 1948 2492 3542 2565; baseline -0.005 -12"><span class='ocrx_word' id='word_1_379' title='bbox 1948 2498 2141 2555; x_wconf 76' lang='lat' dir='ltr'><strong>cabula</strong></span> <span class='ocrx_word' id='word_1_380' title='bbox 2171 2497 2239 2552; x_wconf 92' lang='lat' dir='ltr'><strong>ad</strong></span> <span class='ocrx_word' id='word_1_381' title='bbox 2272 2511 2374 2553; x_wconf 91' lang='lat' dir='ltr'><strong>nos</strong></span> <span class='ocrx_word' id='word_1_382' title='bbox 2395 2497 2535 2552; x_wconf 64' lang='lat' dir='ltr'><strong>datae</strong></span> <span class='ocrx_word' id='word_1_383' title='bbox 2561 2505 2665 2555; x_wconf 76' lang='lat' dir='ltr'><strong>tum</strong></span> <span class='ocrx_word' id='word_1_384' title='bbox 2702 2496 3007 2553; x_wconf 79' lang='lat' dir='ltr'><strong>sanctitatis</strong></span> <span class='ocrx_word' id='word_1_385' title='bbox 3030 2493 3273 2565; x_wconf 72' lang='lat' dir='ltr'><strong>epistola:</strong></span> <span class='ocrx_word' id='word_1_386' title='bbox 3297 2492 3542 2548; x_wconf 85' lang='lat' dir='ltr'><strong>contine-</strong></span> 
     </span>
    </p>
   </div>
   <div class='ocr_carea' id='block_1_55' title="bbox 1948 2586 3543 2660">
    <p class='ocr_par' dir='ltr' id='par_1_55' title="bbox 1948 2586 3543 2660">
     <span class='ocr_line' id='line_1_55' title="bbox 1948 2586 3543 2660; baseline -0.003 -15"><span class='ocrx_word' id='word_1_387' title='bbox 1948 2590 2105 2656; x_wconf 82' lang='lat' dir='ltr'><strong>bant,</strong></span> <span class='ocrx_word' id='word_1_388' title='bbox 2132 2589 2231 2647; x_wconf 89' lang='lat' dir='ltr'><strong>sed</strong></span> <span class='ocrx_word' id='word_1_389' title='bbox 2269 2605 2411 2660; x_wconf 82' lang='lat' dir='ltr'><strong>quos</strong></span> <span class='ocrx_word' id='word_1_390' title='bbox 2442 2590 2496 2645; x_wconf 91' lang='lat' dir='ltr'><strong>in</strong></span> <span class='ocrx_word' id='word_1_391' title='bbox 2527 2590 2648 2645; x_wconf 86' lang='lat' dir='ltr'><strong>aliis</strong></span> <span class='ocrx_word' id='word_1_392' title='bbox 2673 2589 2970 2645; x_wconf 67' lang='lat' dir='ltr'><strong>celebrauit</strong></span> <span class='ocrx_word' id='word_1_393' title='bbox 2993 2588 3300 2644; x_wconf 83' lang='lat' dir='ltr'><strong>civitatibus</strong></span> <span class='ocrx_word' id='word_1_394' title='bbox 3329 2586 3543 2659; x_wconf 80' lang='lat' dir='ltr'><strong>episce-</strong></span> 
     </span>
    </p>
   </div>
   <div class='ocr_carea' id='block_1_56' title="bbox 1953 2680 3543 2753">
    <p class='ocr_par' dir='ltr' id='par_1_56' title="bbox 1953 2680 3543 2753">
     <span class='ocr_line' id='line_1_56' title="bbox 1953 2680 3543 2753; baseline -0.003 -15"><span class='ocrx_word' id='word_1_395' title='bbox 1953 2685 2087 2753; x_wconf 83' lang='lat' dir='ltr'><strong>palis</strong></span> <span class='ocrx_word' id='word_1_396' title='bbox 2113 2684 2440 2749; x_wconf 78' lang='lat' dir='ltr'><strong>reverentia,</strong></span> <span class='ocrx_word' id='word_1_397' title='bbox 2463 2693 2519 2739; x_wconf 91' lang='lat' dir='ltr'><strong>et</strong></span> <span class='ocrx_word' id='word_1_398' title='bbox 2551 2685 2654 2738; x_wconf 80' lang='lat' dir='ltr'><strong>hoc</strong></span> <span class='ocrx_word' id='word_1_399' title='bbox 2680 2683 2919 2753; x_wconf 76' lang='lat' dir='ltr'><strong>exceptis</strong></span> <span class='ocrx_word' id='word_1_400' title='bbox 2951 2682 3193 2745; x_wconf 83' lang='lat' dir='ltr'><strong>urbibus,</strong></span> <span class='ocrx_word' id='word_1_401' title='bbox 3226 2680 3315 2736; x_wconf 86' lang='lat' dir='ltr'><strong>ubi</strong></span> <span class='ocrx_word' id='word_1_402' title='bbox 3349 2688 3543 2735; x_wconf 67' lang='lat' dir='ltr'><strong>vestra</strong></span> 
     </span>
    </p>
   </div>
   <div class='ocr_carea' id='block_1_57' title="bbox 1951 2771 3543 2844">
    <p class='ocr_par' dir='ltr' id='par_1_57' title="bbox 1951 2771 3543 2844">
     <span class='ocr_line' id='line_1_57' title="bbox 1951 2771 3543 2844; baseline -0.003 -14"><span class='ocrx_word' id='word_1_403' title='bbox 1951 2774 2305 2831; x_wconf 87' lang='lat' dir='ltr'><strong>beatitudinis</strong></span> <span class='ocrx_word' id='word_1_404' title='bbox 2353 2773 2569 2829; x_wconf 89' lang='lat' dir='ltr'><strong>libellus</strong></span> <span class='ocrx_word' id='word_1_405' title='bbox 2604 2773 2717 2844; x_wconf 82' lang='lat' dir='ltr'><strong>jam</strong></span> <span class='ocrx_word' id='word_1_406' title='bbox 2759 2774 2812 2828; x_wconf 90' lang='lat' dir='ltr'><strong>in</strong></span> <span class='ocrx_word' id='word_1_407' title='bbox 2857 2773 3072 2842; x_wconf 89' lang='lat' dir='ltr'><strong>plenum</strong></span> <span class='ocrx_word' id='word_1_408' title='bbox 3121 2771 3391 2827; x_wconf 82' lang='lat' dir='ltr'><strong>admissus</strong></span> <span class='ocrx_word' id='word_1_409' title='bbox 3436 2778 3543 2837; x_wconf 83' lang='lat' dir='ltr'><strong>est,</strong></span> 
     </span>
    </p>
   </div>
   <div class='ocr_carea' id='block_1_58' title="bbox 1950 2862 3543 2936">
    <p class='ocr_par' dir='ltr' id='par_1_58' title="bbox 1950 2862 3543 2936">
     <span class='ocr_line' id='line_1_58' title="bbox 1950 2862 3543 2936; baseline -0.006 -14"><span class='ocrx_word' id='word_1_410' title='bbox 1950 2867 2054 2923; x_wconf 88' lang='lat' dir='ltr'><strong>nisi</strong></span> <span class='ocrx_word' id='word_1_411' title='bbox 2084 2867 2225 2925; x_wconf 86' lang='lat' dir='ltr'><strong>hanc</strong></span> <span class='ocrx_word' id='word_1_412' title='bbox 2255 2880 2471 2936; x_wconf 86' lang='lat' dir='ltr'><strong>quoque</strong></span> <span class='ocrx_word' id='word_1_413' title='bbox 2510 2876 2714 2935; x_wconf 83' lang='lat' dir='ltr'><strong>partem</strong></span> <span class='ocrx_word' id='word_1_414' title='bbox 2746 2863 3122 2921; x_wconf 81' lang='lat' dir='ltr'><strong>benevolentia</strong></span> <span class='ocrx_word' id='word_1_415' title='bbox 3160 2862 3407 2918; x_wconf 83' lang='lat' dir='ltr'><strong>statuerit</strong></span> <span class='ocrx_word' id='word_1_416' title='bbox 3449 2874 3543 2913; x_wconf 84' lang='lat' dir='ltr'><strong>ve-</strong></span> 
     </span>
    </p>
   </div>
   <div class='ocr_carea' id='block_1_59' title="bbox 1952 2954 3540 3029">
    <p class='ocr_par' dir='ltr' id='par_1_59' title="bbox 1952 2954 3540 3029">
     <span class='ocr_line' id='line_1_59' title="bbox 1952 2954 3540 3029; baseline -0.004 -14"><span class='ocrx_word' id='word_1_417' title='bbox 1952 2970 2061 3015; x_wconf 89' lang='lat' dir='ltr'><strong>stra</strong></span> <span class='ocrx_word' id='word_1_418' title='bbox 2100 2961 2284 3015; x_wconf 82' lang='lat' dir='ltr'><strong>mitius</strong></span> <span class='ocrx_word' id='word_1_419' title='bbox 2323 2959 2720 3029; x_wconf 74' lang='lat' dir='ltr'><strong>corrigendum.</strong></span> <span class='ocrx_word' id='word_1_420' title='bbox 2762 2958 2958 3013; x_wconf 75' lang='lat' dir='ltr'><strong>Verum</strong></span> <span class='ocrx_word' id='word_1_421' title='bbox 3000 2971 3100 3013; x_wconf 82' lang='lat' dir='ltr'><strong>nec</strong></span> <span class='ocrx_word' id='word_1_422' title='bbox 3125 2956 3325 3025; x_wconf 86' lang='lat' dir='ltr'><strong>judicio</strong></span> <span class='ocrx_word' id='word_1_423' title='bbox 3347 2954 3425 3026; x_wconf 87' lang='lat' dir='ltr'><strong>(g)</strong></span> <span class='ocrx_word' id='word_1_424' title='bbox 3448 2968 3540 3009; x_wconf 88' lang='lat' dir='ltr'><strong>ca-</strong></span> 
     </span>
    </p>
   </div>
   <div class='ocr_carea' id='block_1_60' title="bbox 1954 3044 3543 3121">
    <p class='ocr_par' dir='ltr' id='par_1_60' title="bbox 1954 3044 3543 3121">
     <span class='ocr_line' id='line_1_60' title="bbox 1954 3044 3543 3121; baseline -0.004 -14"><span class='ocrx_word' id='word_1_425' title='bbox 1954 3062 2039 3109; x_wconf 90' lang='lat' dir='ltr'><strong>ret</strong></span> <span class='ocrx_word' id='word_1_426' title='bbox 2061 3052 2206 3108; x_wconf 82' lang='lat' dir='ltr'><strong>sedis</strong></span> <span class='ocrx_word' id='word_1_427' title='bbox 2234 3050 2573 3121; x_wconf 83' lang='lat' dir='ltr'><strong>apostolicae,</strong></span> <span class='ocrx_word' id='word_1_428' title='bbox 2605 3060 2789 3107; x_wconf 82' lang='lat' dir='ltr'><strong>utnon</strong></span> <span class='ocrx_word' id='word_1_429' title='bbox 2825 3052 2997 3120; x_wconf 83' lang='lat' dir='ltr'><strong>magis</strong></span> <span class='ocrx_word' id='word_1_430' title='bbox 3036 3048 3196 3104; x_wconf 87' lang='lat' dir='ltr'><strong>venia</strong></span> <span class='ocrx_word' id='word_1_431' title='bbox 3223 3045 3448 3103; x_wconf 82' lang='lat' dir='ltr'><strong>dicenda</strong></span> <span class='ocrx_word' id='word_1_432' title='bbox 3471 3044 3543 3101; x_wconf 85' lang='lat' dir='ltr'><strong>sit</strong></span> 
     </span>
    </p>
   </div>
   <div class='ocr_carea' id='block_1_61' title="bbox 329 3122 1846 3215">
    <p class='ocr_par' dir='ltr' id='par_1_61' title="bbox 329 3122 1844 3215">
     <span class='ocr_line' id='line_1_61' title="bbox 329 3122 1844 3215; baseline 0.001 -32"><span class='ocrx_word' id='word_1_433' title='bbox 329 3122 578 3215; x_wconf 55' lang='lat' dir='ltr'><strong>Ws</strong></span> <span class='ocrx_word' id='word_1_434' title='bbox 598 3126 1172 3215; x_wconf 52' lang='lat' dir='ltr'><strong>nolentibusndrtastasii</strong></span> <span class='ocrx_word' id='word_1_435' title='bbox 1192 3122 1427 3206; x_wconf 58' lang='lat' dir='ltr'><strong>“carpta</strong></span> <span class='ocrx_word' id='word_1_436' title='bbox 1451 3126 1716 3215; x_wconf 65' lang='lat' dir='ltr'><strong>indulgeat</strong></span> <span class='ocrx_word' id='word_1_437' title='bbox 1742 3144 1758 3181; x_wconf 91' lang='lat'><strong><em>:</em></strong></span> <span class='ocrx_word' id='word_1_438' title='bbox 1780 3128 1844 3185; x_wconf 84' lang='lat' dir='ltr'><strong>ab</strong></span> 
     </span>
    </p>
   </div>
   <div class='ocr_carea' id='block_1_62' title="bbox 1952 3122 3543 3215">
    <p class='ocr_par' dir='ltr' id='par_1_62' title="bbox 1952 3139 3543 3215">
     <span class='ocr_line' id='line_1_62' title="bbox 1952 3139 3543 3215; baseline -0.005 -15"><span class='ocrx_word' id='word_1_439' title='bbox 1952 3158 2112 3215; x_wconf 84' lang='lat' dir='ltr'><strong>quam</strong></span> <span class='ocrx_word' id='word_1_440' title='bbox 2153 3142 2449 3199; x_wconf 79' lang='lat' dir='ltr'><strong>deliberata</strong></span> <span class='ocrx_word' id='word_1_441' title='bbox 2493 3143 2608 3215; x_wconf 85' lang='lat' dir='ltr'><strong>jam</strong></span> <span class='ocrx_word' id='word_1_442' title='bbox 2650 3157 2717 3199; x_wconf 86' lang='lat' dir='ltr'><strong>ae</strong></span> <span class='ocrx_word' id='word_1_443' title='bbox 2750 3150 3034 3213; x_wconf 81' lang='lat' dir='ltr'><strong>perspecta</strong></span> <span class='ocrx_word' id='word_1_444' title='bbox 3080 3139 3354 3199; x_wconf 83' lang='lat' dir='ltr'><strong>difﬁnitio.</strong></span> <span class='ocrx_word' id='word_1_445' title='bbox 3400 3141 3543 3193; x_wconf 78' lang='lat' dir='ltr'><strong>Ana-</strong></span> 
     </span>
    </p>
   </div>
   <div class='ocr_carea' id='block_1_63' title="bbox 332 3192 1846 3316">
    <p class='ocr_par' dir='ltr' id='par_1_63' title="bbox 332 3192 1846 3316">
     <span class='ocr_line' id='line_1_63' title="bbox 332 3192 1846 3316; baseline 0.006 -71"><span class='ocrx_word' id='word_1_446' title='bbox 332 3192 516 3316; x_wconf 51' lang='lat' dir='ltr'><strong>iistlt‘ezn</strong></span> <span class='ocrx_word' id='word_1_447' title='bbox 543 3210 716 3267; x_wconf 75' lang='lat' dir='ltr'><strong>preces</strong></span> <span class='ocrx_word' id='word_1_448' title='bbox 742 3212 835 3266; x_wconf 80' lang='lat' dir='ltr'><strong>pro</strong></span> <span class='ocrx_word' id='word_1_449' title='bbox 867 3192 1429 3271; x_wconf 30' lang='lat' dir='ltr'><strong>Ecclesiarum&#39;unione</strong></span> <span class='ocrx_word' id='word_1_450' title='bbox 1453 3192 1647 3253; x_wconf 74' lang='lat' dir='ltr'><strong>oblatas</strong></span> <span class='ocrx_word' id='word_1_451' title='bbox 1674 3209 1846 3254; x_wconf 86' lang='lat' dir='ltr'><strong>trans-</strong></span> 
     </span>
     <span class='ocr_line' id='line_1_64' title="bbox 332 3278 502 3316; baseline 0.006 -1"><span class='ocrx_word' id='word_1_452' title='bbox 332 3278 399 3315; x_wconf 79' lang='lat' dir='ltr'><strong>rm</strong></span> <span class='ocrx_word' id='word_1_453' title='bbox 443 3280 458 3316; x_wconf 71' lang='grc' dir='ltr'><em>τ</em></span> <span class='ocrx_word' id='word_1_454' title='bbox 487 3302 502 3316; x_wconf 93' lang='grc'><strong>.</strong></span> 
     </span>
    </p>
   </div>
   <div class='ocr_carea' id='block_1_64' title="bbox 331 3274 502 3317">
    <p class='ocr_par' dir='ltr' id='par_1_64' title="bbox 331 3274 502 3317">
     <span class='ocr_line' id='line_1_65' title="bbox 331 3274 502 3317; baseline 0.012 -2"><span class='ocrx_word' id='word_1_455' title='bbox 331 3274 502 3317; x_wconf 74' lang='lat' dir='ltr'><strong>mittit.</strong></span> 
     </span>
    </p>
   </div>
   <div class='ocr_carea' id='block_1_65' title="bbox 333 3332 1533 3410">
    <p class='ocr_par' dir='ltr' id='par_1_65' title="bbox 333 3332 1533 3410">
     <span class='ocr_line' id='line_1_66' title="bbox 333 3332 1533 3410; baseline 0.004 -22"><span class='ocrx_word' id='word_1_456' title='bbox 333 3332 579 3390; x_wconf 75' lang='lat' dir='ltr'><strong>Justinus</strong></span> <span class='ocrx_word' id='word_1_457' title='bbox 610 3337 882 3406; x_wconf 80' lang='lat' dir='ltr'><strong>Augustus</strong></span> <span class='ocrx_word' id='word_1_458' title='bbox 911 3336 1210 3393; x_wconf 67' lang='lat' dir='ltr'><strong>Hormisdm</strong></span> <span class='ocrx_word' id='word_1_459' title='bbox 1245 3352 1398 3408; x_wconf 63' lang='lat' dir='ltr'><strong>papa</strong></span> <span class='ocrx_word' id='word_1_460' title='bbox 1427 3337 1533 3410; x_wconf 78' lang='grc' dir='ltr'><strong>(α).</strong></span> 
     </span>
    </p>
   </div>
   <div class='ocr_carea' id='block_1_66' title="bbox 330 3426 1853 3501">
    <p class='ocr_par' dir='ltr' id='par_1_66' title="bbox 330 3426 1853 3501">
     <span class='ocr_line' id='line_1_67' title="bbox 330 3426 1853 3501; baseline 0.005 -22"><span class='ocrx_word' id='word_1_461' title='bbox 330 3427 453 3491; x_wconf 83' lang='lat' dir='ltr'><strong>Quo</strong></span> <span class='ocrx_word' id='word_1_462' title='bbox 480 3426 680 3484; x_wconf 75' lang='lat' dir='ltr'><strong>fuimus</strong></span> <span class='ocrx_word' id='word_1_463' title='bbox 707 3444 943 3499; x_wconf 83' lang='lat' dir='ltr'><strong>semper,</strong></span> <span class='ocrx_word' id='word_1_464' title='bbox 977 3438 1031 3485; x_wconf 89' lang='lat' dir='ltr'><strong>et</strong></span> <span class='ocrx_word' id='word_1_465' title='bbox 1051 3444 1158 3499; x_wconf 86' lang='lat' dir='ltr'><strong>quo</strong></span> <span class='ocrx_word' id='word_1_466' title='bbox 1178 3443 1362 3485; x_wconf 85' lang='lat' dir='ltr'><strong>sumus</strong></span> <span class='ocrx_word' id='word_1_467' title='bbox 1389 3429 1569 3485; x_wconf 86' lang='lat' dir='ltr'><strong>studio</strong></span> <span class='ocrx_word' id='word_1_468' title='bbox 1595 3444 1693 3501; x_wconf 84' lang='lat' dir='ltr'><strong>pro</strong></span> <span class='ocrx_word' id='word_1_469' title='bbox 1721 3444 1853 3486; x_wconf 82' lang='lat' dir='ltr'><strong>con-</strong></span> 
     </span>
    </p>
   </div>
   <div class='ocr_carea' id='block_1_67' title="bbox 262 3516 1854 3591">
    <p class='ocr_par' dir='ltr' id='par_1_67' title="bbox 262 3516 1854 3591">
     <span class='ocr_line' id='line_1_68' title="bbox 262 3516 1854 3591; baseline 0.004 -20"><span class='ocrx_word' id='word_1_470' title='bbox 262 3516 509 3573; x_wconf 85' lang='lat' dir='ltr'><strong>ciliandis</strong></span> <span class='ocrx_word' id='word_1_471' title='bbox 550 3518 834 3575; x_wconf 83' lang='lat' dir='ltr'><strong>sententiis</strong></span> <span class='ocrx_word' id='word_1_472' title='bbox 872 3519 1191 3575; x_wconf 83' lang='lat' dir='ltr'><strong>catholicam</strong></span> <span class='ocrx_word' id='word_1_473' title='bbox 1238 3520 1400 3577; x_wconf 83' lang='lat' dir='ltr'><strong>ﬁdem</strong></span> <span class='ocrx_word' id='word_1_474' title='bbox 1429 3522 1743 3591; x_wconf 85' lang='lat' dir='ltr'><strong>colentium,</strong></span> <span class='ocrx_word' id='word_1_475' title='bbox 1793 3532 1854 3578; x_wconf 89' lang='lat' dir='ltr'><strong>ut</strong></span> 
     </span>
    </p>
   </div>
   <div class='ocr_carea' id='block_1_68' title="bbox 261 3611 1849 3671">
    <p class='ocr_par' dir='ltr' id='par_1_68' title="bbox 261 3611 1849 3671">
     <span class='ocr_line' id='line_1_69' title="bbox 261 3611 1849 3671; baseline 0.003 -6"><span class='ocrx_word' id='word_1_476' title='bbox 261 3613 465 3666; x_wconf 24' lang='lat' dir='ltr'><strong>eodem.</strong></span> <span class='ocrx_word' id='word_1_477' title='bbox 489 3611 673 3665; x_wconf 85' lang='lat' dir='ltr'><strong>animo</strong></span> <span class='ocrx_word' id='word_1_478' title='bbox 701 3614 879 3668; x_wconf 88' lang='lat' dir='ltr'><strong>cuncti</strong></span> <span class='ocrx_word' id='word_1_479' title='bbox 912 3623 1240 3669; x_wconf 83' lang='lat' dir='ltr'><strong>venerentur</strong></span> <span class='ocrx_word' id='word_1_480' title='bbox 1274 3630 1473 3669; x_wconf 91' lang='lat' dir='ltr'><strong>numen</strong></span> <span class='ocrx_word' id='word_1_481' title='bbox 1512 3615 1849 3671; x_wconf 85' lang='lat' dir='ltr'><strong>individuum</strong></span> 
     </span>
    </p>
   </div>
   <div class='ocr_carea' id='block_1_69' title="bbox 261 3702 1848 3778">
    <p class='ocr_par' dir='ltr' id='par_1_69' title="bbox 261 3702 1848 3778">
     <span class='ocr_line' id='line_1_70' title="bbox 261 3702 1848 3778; baseline 0.004 -21"><span class='ocrx_word' id='word_1_482' title='bbox 261 3702 565 3772; x_wconf 80' lang='lat' dir='ltr'><strong>Trinitatis,</strong></span> <span class='ocrx_word' id='word_1_483' title='bbox 601 3705 776 3774; x_wconf 80' lang='lat' dir='ltr'><strong>palam</strong></span> <span class='ocrx_word' id='word_1_484' title='bbox 806 3704 1006 3761; x_wconf 75' lang='lat' dir='ltr'><strong>iecisse</strong></span> <span class='ocrx_word' id='word_1_485' title='bbox 1030 3706 1583 3776; x_wconf 74' lang='lat' dir='ltr'><strong>dignoscimurznunc</strong></span> <span class='ocrx_word' id='word_1_486' title='bbox 1615 3708 1848 3778; x_wconf 85' lang='lat' dir='ltr'><strong>legatum</strong></span> 
     </span>
    </p>
   </div>
   <div class='ocr_carea' id='block_1_70' title="bbox 264 3795 1854 3871">
    <p class='ocr_par' dir='ltr' id='par_1_70' title="bbox 264 3795 1854 3871">
     <span class='ocr_line' id='line_1_71' title="bbox 264 3795 1854 3871; baseline 0.004 -21"><span class='ocrx_word' id='word_1_487' title='bbox 264 3795 330 3852; x_wconf 85' lang='lat' dir='ltr'><strong>ad</strong></span> <span class='ocrx_word' id='word_1_488' title='bbox 359 3807 599 3855; x_wconf 76' lang='lat' dir='ltr'><strong>vestram</strong></span> <span class='ocrx_word' id='word_1_489' title='bbox 627 3797 1012 3853; x_wconf 82' lang='lat' dir='ltr'><strong>beatitudinem</strong></span> <span class='ocrx_word' id='word_1_490' title='bbox 1039 3798 1181 3853; x_wconf 89' lang='lat' dir='ltr'><strong>ultro</strong></span> <span class='ocrx_word' id='word_1_491' title='bbox 1200 3799 1270 3854; x_wconf 86' lang='lat' dir='ltr'><strong>ob</strong></span> <span class='ocrx_word' id='word_1_492' title='bbox 1294 3798 1395 3855; x_wconf 85' lang='lat' dir='ltr'><strong>hoc</strong></span> <span class='ocrx_word' id='word_1_493' title='bbox 1420 3800 1595 3869; x_wconf 83' lang='lat' dir='ltr'><strong>ipsum</strong></span> <span class='ocrx_word' id='word_1_494' title='bbox 1620 3800 1854 3871; x_wconf 86' lang='lat' dir='ltr'><strong>dirigen-</strong></span> 
     </span>
    </p>
   </div>
   <div class='ocr_carea' id='block_1_71' title="bbox 264 3888 1850 3963">
    <p class='ocr_par' dir='ltr' id='par_1_71' title="bbox 264 3888 1850 3963">
     <span class='ocr_line' id='line_1_72' title="bbox 264 3888 1850 3963; baseline 0.004 -22"><span class='ocrx_word' id='word_1_495' title='bbox 264 3896 339 3942; x_wconf 85' lang='lat' dir='ltr'><strong>tes</strong></span> <span class='ocrx_word' id='word_1_496' title='bbox 366 3888 597 3944; x_wconf 81' lang='lat' dir='ltr'><strong>Gratam</strong></span> <span class='ocrx_word' id='word_1_497' title='bbox 639 3889 811 3944; x_wconf 79' lang='lat' dir='ltr'><strong>virum</strong></span> <span class='ocrx_word' id='word_1_498' title='bbox 836 3890 919 3962; x_wconf 70' lang='grc' dir='ltr'><strong>(ὁ)</strong></span> <span class='ocrx_word' id='word_1_499' title='bbox 966 3889 1254 3946; x_wconf 87' lang='lat' dir='ltr'><strong>sublimem</strong></span> <span class='ocrx_word' id='word_1_500' title='bbox 1284 3894 1597 3963; x_wconf 78' lang='lat' dir='ltr'><strong>magistrum</strong></span> <span class='ocrx_word' id='word_1_501' title='bbox 1640 3893 1850 3961; x_wconf 82' lang='lat' dir='ltr'><strong>scrinii,</strong></span> 
     </span>
    </p>
   </div>
   <div class='ocr_carea' id='block_1_72' title="bbox 261 3980 1853 4057">
    <p class='ocr_par' dir='ltr' id='par_1_72' title="bbox 261 3980 1853 4057">
     <span class='ocr_line' id='line_1_73' title="bbox 261 3980 1853 4057; baseline 0.004 -23"><span class='ocrx_word' id='word_1_502' title='bbox 261 3995 364 4049; x_wconf 84' lang='lat' dir='ltr'><strong>quo</strong></span> <span class='ocrx_word' id='word_1_503' title='bbox 386 3980 688 4036; x_wconf 86' lang='lat' dir='ltr'><strong>remedium</strong></span> <span class='ocrx_word' id='word_1_504' title='bbox 711 3981 932 4039; x_wconf 80' lang='lat' dir='ltr'><strong>tandem</strong></span> <span class='ocrx_word' id='word_1_505' title='bbox 965 3983 1267 4051; x_wconf 85' lang='lat' dir='ltr'><strong>reperiatur</strong></span> <span class='ocrx_word' id='word_1_506' title='bbox 1287 3983 1578 4039; x_wconf 88' lang='lat' dir='ltr'><strong>discordiis</strong></span> <span class='ocrx_word' id='word_1_507' title='bbox 1605 3986 1753 4042; x_wconf 87' lang='lat' dir='ltr'><strong>varia</strong></span> <span class='ocrx_word' id='word_1_508' title='bbox 1775 3986 1853 4057; x_wconf 83' lang='lat' dir='ltr'><strong>(c)</strong></span> 
     </span>
    </p>
   </div>
   <div class='ocr_carea' id='block_1_73' title="bbox 260 4073 1855 4147">
    <p class='ocr_par' dir='ltr' id='par_1_73' title="bbox 260 4073 1855 4147">
     <span class='ocr_line' id='line_1_74' title="bbox 260 4073 1855 4147; baseline 0.005 -22"><span class='ocrx_word' id='word_1_509' title='bbox 260 4073 652 4140; x_wconf 77' lang='lat' dir='ltr'><strong>cunctantium,</strong></span> <span class='ocrx_word' id='word_1_510' title='bbox 683 4089 825 4129; x_wconf 81' lang='lat' dir='ltr'><strong>nunc</strong></span> <span class='ocrx_word' id='word_1_511' title='bbox 866 4089 1039 4145; x_wconf 82' lang='lat' dir='ltr'><strong>prono</strong></span> <span class='ocrx_word' id='word_1_512' title='bbox 1066 4075 1357 4147; x_wconf 84' lang='lat' dir='ltr'><strong>Iibentique</strong></span> <span class='ocrx_word' id='word_1_513' title='bbox 1384 4078 1742 4146; x_wconf 84' lang='lat' dir='ltr'><strong>suscipientes</strong></span> <span class='ocrx_word' id='word_1_514' title='bbox 1771 4078 1855 4134; x_wconf 76' lang='lat' dir='ltr'><strong>af-</strong></span> 
     </span>
    </p>
   </div>
   <div class='ocr_carea' id='block_1_74' title="bbox 262 4159 1853 4237">
    <p class='ocr_par' dir='ltr' id='par_1_74' title="bbox 262 4159 1853 4237">
     <span class='ocr_line' id='line_1_75' title="bbox 262 4159 1853 4237; baseline 0.009 -25"><span class='ocrx_word' id='word_1_515' title='bbox 262 4159 396 4216; x_wconf 80' lang='lat' dir='ltr'><strong>fectu</strong></span> <span class='ocrx_word' id='word_1_516' title='bbox 425 4162 573 4217; x_wconf 84' lang='lat' dir='ltr'><strong>viros</strong></span> <span class='ocrx_word' id='word_1_517' title='bbox 603 4163 1065 4233; x_wconf 85' lang='lat' dir='ltr'><strong>religiosissimos,</strong></span> <span class='ocrx_word' id='word_1_518' title='bbox 1096 4181 1231 4237; x_wconf 86' lang='lat' dir='ltr'><strong>quos</strong></span> <span class='ocrx_word' id='word_1_519' title='bbox 1260 4168 1655 4226; x_wconf 84' lang='lat' dir='ltr'><strong>interventores</strong></span> <span class='ocrx_word' id='word_1_520' title='bbox 1678 4172 1853 4227; x_wconf 81' lang='lat' dir='ltr'><strong>unita-</strong></span> 
     </span>
    </p>
   </div>
   <div class='ocr_carea' id='block_1_75' title="bbox 260 4252 1856 4325">
    <p class='ocr_par' dir='ltr' id='par_1_75' title="bbox 260 4252 1856 4325">
     <span class='ocr_line' id='line_1_76' title="bbox 260 4252 1856 4325; baseline 0.01 -22"><span class='ocrx_word' id='word_1_521' title='bbox 260 4252 324 4305; x_wconf 88' lang='lat' dir='ltr'><strong>tis</strong></span> <span class='ocrx_word' id='word_1_522' title='bbox 346 4261 537 4307; x_wconf 81' lang='lat' dir='ltr'><strong>vestra</strong></span> <span class='ocrx_word' id='word_1_523' title='bbox 558 4252 718 4309; x_wconf 82' lang='lat' dir='ltr'><strong>sedes</strong></span> <span class='ocrx_word' id='word_1_524' title='bbox 746 4257 1039 4325; x_wconf 80' lang='lat' dir='ltr'><strong>apostolica</strong></span> <span class='ocrx_word' id='word_1_525' title='bbox 1065 4258 1297 4314; x_wconf 84' lang='lat' dir='ltr'><strong>credidit</strong></span> <span class='ocrx_word' id='word_1_526' title='bbox 1323 4258 1705 4318; x_wconf 85' lang='lat' dir='ltr'><strong>destinandos.</strong></span> <span class='ocrx_word' id='word_1_527' title='bbox 1729 4262 1856 4318; x_wconf 86' lang='lat' dir='ltr'><strong>Pro-</strong></span> 
     </span>
    </p>
   </div>
   <div class='ocr_carea' id='block_1_76' title="bbox 260 4341 1853 4422">
    <p class='ocr_par' dir='ltr' id='par_1_76' title="bbox 260 4341 1853 4422">
     <span class='ocr_line' id='line_1_77' title="bbox 260 4341 1853 4422; baseline 0.008 -26"><span class='ocrx_word' id='word_1_528' title='bbox 260 4341 396 4397; x_wconf 70' lang='lat' dir='ltr'><strong>ieao</strong></span> <span class='ocrx_word' id='word_1_529' title='bbox 443 4343 591 4399; x_wconf 81' lang='lat' dir='ltr'><strong>enim</strong></span> <span class='ocrx_word' id='word_1_530' title='bbox 621 4353 873 4417; x_wconf 79' lang='lat' dir='ltr'><strong>tanquam</strong></span> <span class='ocrx_word' id='word_1_531' title='bbox 914 4347 1087 4419; x_wconf 83' lang='lat' dir='ltr'><strong>ipsam</strong></span> <span class='ocrx_word' id='word_1_532' title='bbox 1130 4363 1340 4419; x_wconf 79' lang='lat' dir='ltr'><strong>paceni,</strong></span> <span class='ocrx_word' id='word_1_533' title='bbox 1369 4359 1427 4407; x_wconf 89' lang='lat' dir='ltr'><strong>et</strong></span> <span class='ocrx_word' id='word_1_534' title='bbox 1455 4351 1708 4422; x_wconf 76' lang='lat' dir='ltr'><strong>iucundis</strong></span> <span class='ocrx_word' id='word_1_535' title='bbox 1755 4368 1853 4409; x_wconf 84' lang='lat' dir='ltr'><strong>eos</strong></span> 
     </span>
    </p>
   </div>
   <div class='ocr_carea' id='block_1_77' title="bbox 258 4436 1852 4507">
    <p class='ocr_par' dir='ltr' id='par_1_77' title="bbox 258 4436 1852 4507">
     <span class='ocr_line' id='line_1_78' title="bbox 258 4436 1852 4507; baseline 0.008 -18"><span class='ocrx_word' id='word_1_536' title='bbox 258 4436 428 4491; x_wconf 75' lang='lat' dir='ltr'><strong>oculis</strong></span> <span class='ocrx_word' id='word_1_537' title='bbox 456 4437 793 4507; x_wconf 70' lang='lat' dir='ltr'><strong>aspeximus,</strong></span> <span class='ocrx_word' id='word_1_538' title='bbox 820 4449 878 4496; x_wconf 87' lang='lat' dir='ltr'><strong>et</strong></span> <span class='ocrx_word' id='word_1_539' title='bbox 912 4441 1152 4497; x_wconf 77' lang='lat' dir='ltr'><strong>extensis</strong></span> <span class='ocrx_word' id='word_1_540' title='bbox 1182 4442 1434 4498; x_wconf 83' lang='lat' dir='ltr'><strong>manibus</strong></span> <span class='ocrx_word' id='word_1_541' title='bbox 1460 4444 1710 4500; x_wconf 72' lang='lat' dir='ltr'><strong>duximus</strong></span> <span class='ocrx_word' id='word_1_542' title='bbox 1738 4461 1852 4500; x_wconf 85' lang='lat' dir='ltr'><strong>am-</strong></span> 
     </span>
    </p>
   </div>
   <div class='ocr_carea' id='block_1_78' title="bbox 1958 3231 3544 3309">
    <p class='ocr_par' dir='ltr' id='par_1_78' title="bbox 1958 3231 3544 3309">
     <span class='ocr_line' id='line_1_79' title="bbox 1958 3231 3544 3309; baseline -0.006 -15"><span class='ocrx_word' id='word_1_543' title='bbox 1958 3237 2154 3294; x_wconf 85' lang='lat' dir='ltr'><strong>stasius</strong></span> <span class='ocrx_word' id='word_1_544' title='bbox 2184 3236 2401 3309; x_wconf 84' lang='lat' dir='ltr'><strong>quidem</strong></span> <span class='ocrx_word' id='word_1_545' title='bbox 2441 3235 2862 3307; x_wconf 70' lang='lat' dir='ltr'><strong>religiosissima:</strong></span> <span class='ocrx_word' id='word_1_546' title='bbox 2890 3233 3164 3291; x_wconf 68' lang='lat' dir='ltr'><strong>memoriae</strong></span> <span class='ocrx_word' id='word_1_547' title='bbox 3194 3240 3390 3289; x_wconf 70' lang='lat' dir='ltr'><strong>vestrae</strong></span> <span class='ocrx_word' id='word_1_548' title='bbox 3428 3231 3544 3286; x_wconf 85' lang='lat' dir='ltr'><strong>cui-</strong></span> 
     </span>
    </p>
   </div>
   <div class='ocr_carea' id='block_1_79' title="bbox 1955 3325 3545 3401">
    <p class='ocr_par' dir='ltr' id='par_1_79' title="bbox 1955 3325 3545 3401">
     <span class='ocr_line' id='line_1_80' title="bbox 1955 3325 3545 3401; baseline -0.006 -12"><span class='ocrx_word' id='word_1_549' title='bbox 1955 3348 2078 3389; x_wconf 84' lang='lat' dir='ltr'><strong>mee</strong></span> <span class='ocrx_word' id='word_1_550' title='bbox 2110 3331 2369 3388; x_wconf 63' lang='lat' dir='ltr'><strong>Ecclesia</strong></span> <span class='ocrx_word' id='word_1_551' title='bbox 2408 3330 2584 3401; x_wconf 82' lang='lat' dir='ltr'><strong>palam</strong></span> <span class='ocrx_word' id='word_1_552' title='bbox 2626 3340 2923 3401; x_wconf 85' lang='lat' dir='ltr'><strong>aperteque</strong></span> <span class='ocrx_word' id='word_1_553' title='bbox 2948 3327 3247 3393; x_wconf 86' lang='lat' dir='ltr'><strong>constituit,</strong></span> <span class='ocrx_word' id='word_1_554' title='bbox 3291 3340 3411 3380; x_wconf 88' lang='lat' dir='ltr'><strong>cum</strong></span> <span class='ocrx_word' id='word_1_555' title='bbox 3444 3325 3545 3380; x_wconf 76' lang='lat' dir='ltr'><strong>hoc</strong></span> 
     </span>
    </p>
   </div>
   <div class='ocr_carea' id='block_1_80' title="bbox 1954 3415 3545 3492">
    <p class='ocr_par' dir='ltr' id='par_1_80' title="bbox 1954 3415 3545 3492">
     <span class='ocr_line' id='line_1_81' title="bbox 1954 3415 3545 3492; baseline -0.006 -12"><span class='ocrx_word' id='word_1_556' title='bbox 1954 3425 2097 3481; x_wconf 83' lang='lat' dir='ltr'><strong>idem</strong></span> <span class='ocrx_word' id='word_1_557' title='bbox 2130 3424 2391 3481; x_wconf 87' lang='lat' dir='ltr'><strong>scriberet</strong></span> <span class='ocrx_word' id='word_1_558' title='bbox 2434 3423 2705 3492; x_wconf 85' lang='lat' dir='ltr'><strong>negotium</strong></span> <span class='ocrx_word' id='word_1_559' title='bbox 2747 3419 3131 3492; x_wconf 70' lang='lat' dir='ltr'><strong>prmdeeessori</strong></span> <span class='ocrx_word' id='word_1_560' title='bbox 3172 3425 3379 3481; x_wconf 87' lang='lat' dir='ltr'><strong>nostro,</strong></span> <span class='ocrx_word' id='word_1_561' title='bbox 3412 3415 3545 3471; x_wconf 82' lang='lat' dir='ltr'><strong>satis</strong></span> 
     </span>
    </p>
   </div>
   <div class='ocr_carea' id='block_1_81' title="bbox 1954 3510 3545 3589">
    <p class='ocr_par' dir='ltr' id='par_1_81' title="bbox 1954 3510 3545 3589">
     <span class='ocr_line' id='line_1_82' title="bbox 1954 3510 3545 3589; baseline -0.009 -14"><span class='ocrx_word' id='word_1_562' title='bbox 1954 3534 2076 3575; x_wconf 85' lang='lat' dir='ltr'><strong>esse</strong></span> <span class='ocrx_word' id='word_1_563' title='bbox 2102 3533 2293 3589; x_wconf 83' lang='lat' dir='ltr'><strong>pacem</strong></span> <span class='ocrx_word' id='word_1_564' title='bbox 2338 3517 2731 3581; x_wconf 69' lang='lat' dir='ltr'><strong>aﬂeetantibus,</strong></span> <span class='ocrx_word' id='word_1_565' title='bbox 2774 3517 2820 3570; x_wconf 88' lang='lat' dir='ltr'><strong>si</strong></span> <span class='ocrx_word' id='word_1_566' title='bbox 2852 3528 3048 3570; x_wconf 88' lang='lat' dir='ltr'><strong>nomen</strong></span> <span class='ocrx_word' id='word_1_567' title='bbox 3088 3520 3294 3567; x_wconf 81' lang='lat' dir='ltr'><strong>tantum</strong></span> <span class='ocrx_word' id='word_1_568' title='bbox 3320 3510 3545 3564; x_wconf 81' lang='lat' dir='ltr'><strong>reticea-</strong></span> 
     </span>
    </p>
   </div>
   <div class='ocr_carea' id='block_1_82' title="bbox 1956 3603 3547 3681">
    <p class='ocr_par' dir='ltr' id='par_1_82' title="bbox 1956 3603 3547 3681">
     <span class='ocr_line' id='line_1_83' title="bbox 1956 3603 3547 3681; baseline -0.008 -15"><span class='ocrx_word' id='word_1_569' title='bbox 1956 3620 2045 3666; x_wconf 76' lang='lat' dir='ltr'><strong>tur</strong></span> <span class='ocrx_word' id='word_1_570' title='bbox 2084 3611 2285 3667; x_wconf 82' lang='lat' dir='ltr'><strong>Aeaeii.</strong></span> <span class='ocrx_word' id='word_1_571' title='bbox 2322 3611 2464 3681; x_wconf 81' lang='lat' dir='ltr'><strong>Ergo</strong></span> <span class='ocrx_word' id='word_1_572' title='bbox 2492 3610 2677 3681; x_wconf 86' lang='lat' dir='ltr'><strong>priora</strong></span> <span class='ocrx_word' id='word_1_573' title='bbox 2707 3617 2902 3663; x_wconf 69' lang='lat' dir='ltr'><strong>vestrm</strong></span> <span class='ocrx_word' id='word_1_574' title='bbox 2930 3606 3075 3661; x_wconf 83' lang='lat' dir='ltr'><strong>sedis</strong></span> <span class='ocrx_word' id='word_1_575' title='bbox 3125 3603 3417 3661; x_wconf 79' lang='lat' dir='ltr'><strong>eottstituta</strong></span> <span class='ocrx_word' id='word_1_576' title='bbox 3454 3613 3547 3655; x_wconf 84' lang='lat' dir='ltr'><strong>se-</strong></span> 
     </span>
    </p>
   </div>
   <div class='ocr_carea' id='block_1_83' title="bbox 1956 3695 3547 3777">
    <p class='ocr_par' dir='ltr' id='par_1_83' title="bbox 1956 3695 3547 3777">
     <span class='ocr_line' id='line_1_84' title="bbox 1956 3695 3547 3777; baseline -0.008 -16"><span class='ocrx_word' id='word_1_577' title='bbox 1956 3705 2138 3777; x_wconf 80' lang='lat' dir='ltr'><strong>quitur</strong></span> <span class='ocrx_word' id='word_1_578' title='bbox 2167 3705 2259 3775; x_wconf 83' lang='lat' dir='ltr'><strong>qui</strong></span> <span class='ocrx_word' id='word_1_579' title='bbox 2305 3720 2411 3758; x_wconf 89' lang='lat' dir='ltr'><strong>non</strong></span> <span class='ocrx_word' id='word_1_580' title='bbox 2457 3718 2647 3759; x_wconf 84' lang='lat' dir='ltr'><strong>omnes</strong></span> <span class='ocrx_word' id='word_1_581' title='bbox 2697 3702 2985 3757; x_wconf 82' lang='lat' dir='ltr'><strong>memorias</strong></span> <span class='ocrx_word' id='word_1_582' title='bbox 3031 3708 3364 3754; x_wconf 88' lang='lat' dir='ltr'><strong>mortuorum</strong></span> <span class='ocrx_word' id='word_1_583' title='bbox 3401 3695 3547 3765; x_wconf 82' lang='lat' dir='ltr'><strong>judi-</strong></span> 
     </span>
    </p>
   </div>
   <div class='ocr_carea' id='block_1_84' title="bbox 1958 3790 3547 3864">
    <p class='ocr_par' dir='ltr' id='par_1_84' title="bbox 1958 3790 3547 3864">
     <span class='ocr_line' id='line_1_85' title="bbox 1958 3790 3547 3864; baseline -0.005 -12"><span class='ocrx_word' id='word_1_584' title='bbox 1958 3808 2044 3853; x_wconf 86' lang='lat' dir='ltr'><strong>cat</strong></span> <span class='ocrx_word' id='word_1_585' title='bbox 2080 3796 2525 3861; x_wconf 80' lang='lat' dir='ltr'><strong>contemnendas,</strong></span> <span class='ocrx_word' id='word_1_586' title='bbox 2579 3804 2637 3851; x_wconf 90' lang='lat' dir='ltr'><strong>ut</strong></span> <span class='ocrx_word' id='word_1_587' title='bbox 2666 3794 2943 3864; x_wconf 88' lang='lat' dir='ltr'><strong>indignum</strong></span> <span class='ocrx_word' id='word_1_588' title='bbox 2985 3792 3248 3848; x_wconf 84' lang='lat' dir='ltr'><strong>habeatur</strong></span> <span class='ocrx_word' id='word_1_589' title='bbox 3276 3800 3331 3847; x_wconf 90' lang='lat' dir='ltr'><strong>et</strong></span> <span class='ocrx_word' id='word_1_590' title='bbox 3358 3790 3547 3845; x_wconf 82' lang='lat' dir='ltr'><strong>incon-</strong></span> 
     </span>
    </p>
   </div>
   <div class='ocr_carea' id='block_1_85' title="bbox 1957 3881 3547 3960">
    <p class='ocr_par' dir='ltr' id='par_1_85' title="bbox 1957 3881 3547 3960">
     <span class='ocr_line' id='line_1_86' title="bbox 1957 3881 3547 3960; baseline -0.007 -15"><span class='ocrx_word' id='word_1_591' title='bbox 1957 3904 2169 3960; x_wconf 83' lang='lat' dir='ltr'><strong>gruum,</strong></span> <span class='ocrx_word' id='word_1_592' title='bbox 2211 3889 2257 3944; x_wconf 89' lang='lat' dir='ltr'><strong>si</strong></span> <span class='ocrx_word' id='word_1_593' title='bbox 2297 3903 2405 3944; x_wconf 81' lang='lat' dir='ltr'><strong>non</strong></span> <span class='ocrx_word' id='word_1_594' title='bbox 2437 3886 2698 3958; x_wconf 85' lang='lat' dir='ltr'><strong>placidior</strong></span> <span class='ocrx_word' id='word_1_595' title='bbox 2732 3886 2981 3941; x_wconf 86' lang='lat' dir='ltr'><strong>omnibus</strong></span> <span class='ocrx_word' id='word_1_596' title='bbox 3007 3901 3111 3939; x_wconf 93' lang='lat' dir='ltr'><strong>non</strong></span> <span class='ocrx_word' id='word_1_597' title='bbox 3148 3884 3322 3937; x_wconf 88' lang='lat' dir='ltr'><strong>solum</strong></span> <span class='ocrx_word' id='word_1_598' title='bbox 3356 3881 3547 3936; x_wconf 79' lang='lat' dir='ltr'><strong>defun-</strong></span> 
     </span>
    </p>
   </div>
   <div class='ocr_carea' id='block_1_86' title="bbox 1957 3971 3547 4049">
    <p class='ocr_par' dir='ltr' id='par_1_86' title="bbox 1957 3971 3547 4049">
     <span class='ocr_line' id='line_1_87' title="bbox 1957 3971 3547 4049; baseline -0.006 -13"><span class='ocrx_word' id='word_1_599' title='bbox 1957 3982 2082 4045; x_wconf 84' lang='lat' dir='ltr'><strong>ctis,</strong></span> <span class='ocrx_word' id='word_1_600' title='bbox 2123 3980 2222 4036; x_wconf 86' lang='lat' dir='ltr'><strong>sed</strong></span> <span class='ocrx_word' id='word_1_601' title='bbox 2269 3980 2432 4035; x_wconf 85' lang='lat' dir='ltr'><strong>etiam</strong></span> <span class='ocrx_word' id='word_1_602' title='bbox 2484 3978 2866 4049; x_wconf 84' lang='lat' dir='ltr'><strong>superstitibus</strong></span> <span class='ocrx_word' id='word_1_603' title='bbox 2907 3984 3079 4030; x_wconf 86' lang='lat' dir='ltr'><strong>vestra</strong></span> <span class='ocrx_word' id='word_1_604' title='bbox 3130 3973 3435 4043; x_wconf 86' lang='lat' dir='ltr'><strong>divulgetur</strong></span> <span class='ocrx_word' id='word_1_605' title='bbox 3487 3971 3547 4027; x_wconf 87' lang='lat' dir='ltr'><strong>in</strong></span> 
     </span>
    </p>
   </div>
   <div class='ocr_carea' id='block_1_87' title="bbox 1961 4062 3547 4135">
    <p class='ocr_par' dir='ltr' id='par_1_87' title="bbox 1961 4062 3547 4135">
     <span class='ocr_line' id='line_1_88' title="bbox 1961 4062 3547 4135; baseline -0.008 -7"><span class='ocrx_word' id='word_1_606' title='bbox 1961 4073 2107 4128; x_wconf 84' lang='lat' dir='ltr'><strong>omni</strong></span> <span class='ocrx_word' id='word_1_607' title='bbox 2138 4074 2246 4127; x_wconf 64' lang='lat' dir='ltr'><strong>ﬁne</strong></span> <span class='ocrx_word' id='word_1_608' title='bbox 2266 4081 2534 4127; x_wconf 87' lang='lat' dir='ltr'><strong>terrarum</strong></span> <span class='ocrx_word' id='word_1_609' title='bbox 2568 4071 2780 4126; x_wconf 85' lang='lat' dir='ltr'><strong>lenitas.</strong></span> <span class='ocrx_word' id='word_1_610' title='bbox 2818 4069 2887 4124; x_wconf 78' lang='lat' dir='ltr'><strong>Et</strong></span> <span class='ocrx_word' id='word_1_611' title='bbox 2918 4068 3019 4122; x_wconf 89' lang='lat' dir='ltr'><strong>hoc</strong></span> <span class='ocrx_word' id='word_1_612' title='bbox 3048 4064 3266 4135; x_wconf 84' lang='lat' dir='ltr'><strong>quidem</strong></span> <span class='ocrx_word' id='word_1_613' title='bbox 3304 4078 3411 4118; x_wconf 90' lang='lat' dir='ltr'><strong>non</strong></span> <span class='ocrx_word' id='word_1_614' title='bbox 3441 4062 3547 4116; x_wconf 83' lang='lat' dir='ltr'><strong>du-</strong></span> 
     </span>
    </p>
   </div>
   <div class='ocr_carea' id='block_1_88' title="bbox 1959 4153 3548 4233">
    <p class='ocr_par' dir='ltr' id='par_1_88' title="bbox 1959 4153 3548 4233">
     <span class='ocr_line' id='line_1_89' title="bbox 1959 4153 3548 4233; baseline -0.006 -14"><span class='ocrx_word' id='word_1_615' title='bbox 1959 4164 2310 4220; x_wconf 82' lang='lat' dir='ltr'><strong>bitaverimus</strong></span> <span class='ocrx_word' id='word_1_616' title='bbox 2342 4164 2417 4217; x_wconf 87' lang='lat' dir='ltr'><strong>ita</strong></span> <span class='ocrx_word' id='word_1_617' title='bbox 2440 4162 2735 4233; x_wconf 85' lang='lat' dir='ltr'><strong>gratiosum</strong></span> <span class='ocrx_word' id='word_1_618' title='bbox 2772 4160 2926 4216; x_wconf 86' lang='lat' dir='ltr'><strong>vobis</strong></span> <span class='ocrx_word' id='word_1_619' title='bbox 2954 4160 3209 4221; x_wconf 71' lang='lat' dir='ltr'><strong>futurum,</strong></span> <span class='ocrx_word' id='word_1_620' title='bbox 3241 4164 3299 4210; x_wconf 91' lang='lat' dir='ltr'><strong>ut</strong></span> <span class='ocrx_word' id='word_1_621' title='bbox 3324 4153 3548 4224; x_wconf 74' lang='lat' dir='ltr'><strong>paciﬁca</strong></span> 
     </span>
    </p>
   </div>
   <div class='ocr_carea' id='block_1_89' title="bbox 1961 4245 3549 4325">
    <p class='ocr_par' dir='ltr' id='par_1_89' title="bbox 1961 4245 3549 4325">
     <span class='ocr_line' id='line_1_90' title="bbox 1961 4245 3549 4325; baseline -0.006 -13"><span class='ocrx_word' id='word_1_622' title='bbox 1961 4256 2144 4312; x_wconf 87' lang='lat' dir='ltr'><strong>statim</strong></span> <span class='ocrx_word' id='word_1_623' title='bbox 2189 4268 2455 4325; x_wconf 78' lang='lat' dir='ltr'><strong>responso</strong></span> <span class='ocrx_word' id='word_1_624' title='bbox 2502 4254 2675 4308; x_wconf 84' lang='lat' dir='ltr'><strong>laetior</strong></span> <span class='ocrx_word' id='word_1_625' title='bbox 2720 4251 2950 4307; x_wconf 90' lang='lat' dir='ltr'><strong>mundus</strong></span> <span class='ocrx_word' id='word_1_626' title='bbox 3003 4247 3276 4305; x_wconf 84' lang='lat' dir='ltr'><strong>reddatur.</strong></span> <span class='ocrx_word' id='word_1_627' title='bbox 3332 4245 3549 4303; x_wconf 71' lang='lat' dir='ltr'><strong>Retinet</strong></span> 
     </span>
    </p>
   </div>
   <div class='ocr_carea' id='block_1_90' title="bbox 1958 4339 3550 4416">
    <p class='ocr_par' dir='ltr' id='par_1_90' title="bbox 1958 4339 3550 4416">
     <span class='ocr_line' id='line_1_91' title="bbox 1958 4339 3550 4416; baseline -0.006 -12"><span class='ocrx_word' id='word_1_628' title='bbox 1958 4359 2143 4405; x_wconf 87' lang='lat' dir='ltr'><strong>autem</strong></span> <span class='ocrx_word' id='word_1_629' title='bbox 2168 4358 2347 4404; x_wconf 77' lang='lat' dir='ltr'><strong>vestra</strong></span> <span class='ocrx_word' id='word_1_630' title='bbox 2388 4348 2671 4413; x_wconf 87' lang='lat' dir='ltr'><strong>sanctitas,</strong></span> <span class='ocrx_word' id='word_1_631' title='bbox 2702 4345 2845 4416; x_wconf 90' lang='lat' dir='ltr'><strong>quod</strong></span> <span class='ocrx_word' id='word_1_632' title='bbox 2874 4344 3073 4400; x_wconf 88' lang='lat' dir='ltr'><strong>dudum</strong></span> <span class='ocrx_word' id='word_1_633' title='bbox 3114 4339 3447 4410; x_wconf 82' lang='lat' dir='ltr'><strong>scripsimus,</strong></span> <span class='ocrx_word' id='word_1_634' title='bbox 3478 4351 3550 4395; x_wconf 72' lang='lat' dir='ltr'><strong>ex</strong></span> 
     </span>
    </p>
   </div>
   <div class='ocr_carea' id='block_1_91' title="bbox 1958 4429 3547 4509">
    <p class='ocr_par' dir='ltr' id='par_1_91' title="bbox 1958 4429 3547 4509">
     <span class='ocr_line' id='line_1_92' title="bbox 1958 4429 3547 4509; baseline -0.008 -14"><span class='ocrx_word' id='word_1_635' title='bbox 1958 4440 2183 4496; x_wconf 87' lang='lat' dir='ltr'><strong>Oriente</strong></span> <span class='ocrx_word' id='word_1_636' title='bbox 2212 4439 2633 4509; x_wconf 86' lang='lat' dir='ltr'><strong>supplicationes</strong></span> <span class='ocrx_word' id='word_1_637' title='bbox 2660 4437 2817 4492; x_wconf 83' lang='lat' dir='ltr'><strong>nobis</strong></span> <span class='ocrx_word' id='word_1_638' title='bbox 2856 4450 2979 4493; x_wconf 87' lang='lat' dir='ltr'><strong>esse</strong></span> <span class='ocrx_word' id='word_1_639' title='bbox 3009 4434 3326 4499; x_wconf 82' lang='lat' dir='ltr'><strong>destinatas,</strong></span> <span class='ocrx_word' id='word_1_640' title='bbox 3354 4429 3547 4484; x_wconf 78' lang='lat' dir='ltr'><strong>volun-</strong></span> 
     </span>
    </p>
   </div>
   <div class='ocr_carea' id='block_1_92' title="bbox 258 4512 3550 4605">
    <p class='ocr_par' dir='ltr' id='par_1_92' title="bbox 258 4512 3550 4605">
     <span class='ocr_line' id='line_1_93' title="bbox 258 4512 3550 4605; baseline -0.001 -23"><span class='ocrx_word' id='word_1_641' title='bbox 258 4526 596 4594; x_wconf 81' lang='lat' dir='ltr'><strong>plectendos.</strong></span> <span class='ocrx_word' id='word_1_642' title='bbox 646 4528 791 4597; x_wconf 83' lang='lat' dir='ltr'><strong>Quin</strong></span> <span class='ocrx_word' id='word_1_643' title='bbox 832 4531 999 4587; x_wconf 73' lang='lat' dir='ltr'><strong>etiam</strong></span> <span class='ocrx_word' id='word_1_644' title='bbox 1038 4533 1182 4588; x_wconf 83' lang='lat' dir='ltr'><strong>omni</strong></span> <span class='ocrx_word' id='word_1_645' title='bbox 1230 4534 1529 4592; x_wconf 89' lang='lat' dir='ltr'><strong>intentione</strong></span> <span class='ocrx_word' id='word_1_646' title='bbox 1574 4537 1847 4593; x_wconf 81' lang='lat' dir='ltr'><strong>ordinavi-</strong></span> <span class='ocrx_word' id='word_1_647' title='bbox 1870 4512 1930 4577; x_wconf 69' lang='grc' dir='ltr'><strong><em>Β</em></strong></span> <span class='ocrx_word' id='word_1_648' title='bbox 1962 4544 2125 4591; x_wconf 82' lang='lat' dir='ltr'><strong>tatem</strong></span> <span class='ocrx_word' id='word_1_649' title='bbox 2152 4538 2389 4605; x_wconf 86' lang='lat' dir='ltr'><strong>ipsorum</strong></span> <span class='ocrx_word' id='word_1_650' title='bbox 2413 4533 2759 4590; x_wconf 80' lang='lat' dir='ltr'><strong>continentes</strong></span> <span class='ocrx_word' id='word_1_651' title='bbox 2788 4540 2843 4586; x_wconf 91' lang='lat' dir='ltr'><strong>et</strong></span> <span class='ocrx_word' id='word_1_652' title='bbox 2871 4528 3179 4593; x_wconf 86' lang='lat' dir='ltr'><strong>arbitrium,</strong></span> <span class='ocrx_word' id='word_1_653' title='bbox 3208 4528 3262 4582; x_wconf 91' lang='lat' dir='ltr'><strong>in</strong></span> <span class='ocrx_word' id='word_1_654' title='bbox 3290 4540 3397 4596; x_wconf 88' lang='lat' dir='ltr'><strong>quo</strong></span> <span class='ocrx_word' id='word_1_655' title='bbox 3423 4537 3550 4579; x_wconf 84' lang='lat' dir='ltr'><strong>sese</strong></span> 
     </span>
    </p>
   </div>
   <div class='ocr_carea' id='block_1_93' title="bbox 259 4623 1853 4699">
    <p class='ocr_par' dir='ltr' id='par_1_93' title="bbox 259 4623 1853 4699">
     <span class='ocr_line' id='line_1_94' title="bbox 259 4623 1853 4699; baseline 0.006 -24"><span class='ocrx_word' id='word_1_656' title='bbox 259 4635 397 4681; x_wconf 75' lang='lat' dir='ltr'><strong>tntis.</strong></span> <span class='ocrx_word' id='word_1_657' title='bbox 458 4630 520 4677; x_wconf 78' lang='lat' dir='ltr'><strong>ut</strong></span> <span class='ocrx_word' id='word_1_658' title='bbox 558 4623 884 4679; x_wconf 82' lang='lat' dir='ltr'><strong>venerabilis</strong></span> <span class='ocrx_word' id='word_1_659' title='bbox 938 4625 1180 4685; x_wconf 81' lang='lat' dir='ltr'><strong>Ecclesia</strong></span> <span class='ocrx_word' id='word_1_660' title='bbox 1228 4624 1853 4699; x_wconf 81' lang='lat' dir='ltr'><strong>Constantinopolitana,</strong></span> 
     </span>
    </p>
   </div>
   <div class='ocr_carea' id='block_1_94' title="bbox 257 4715 1854 4792">
    <p class='ocr_par' dir='ltr' id='par_1_94' title="bbox 257 4715 1854 4792">
     <span class='ocr_line' id='line_1_95' title="bbox 257 4715 1854 4792; baseline 0.009 -26"><span class='ocrx_word' id='word_1_661' title='bbox 257 4726 491 4787; x_wconf 60' lang='lat' dir='ltr'><strong>necnon</strong></span> <span class='ocrx_word' id='word_1_662' title='bbox 526 4715 835 4784; x_wconf 75' lang='lat' dir='ltr'><strong>complures</strong></span> <span class='ocrx_word' id='word_1_663' title='bbox 859 4717 983 4773; x_wconf 68' lang='lat' dir='ltr'><strong>alia</strong></span> <span class='ocrx_word' id='word_1_664' title='bbox 1005 4729 1131 4775; x_wconf 79' lang='lat' dir='ltr'><strong>vota</strong></span> <span class='ocrx_word' id='word_1_665' title='bbox 1161 4720 1481 4791; x_wconf 83' lang='lat' dir='ltr'><strong>suscipiant,</strong></span> <span class='ocrx_word' id='word_1_666' title='bbox 1515 4732 1718 4792; x_wconf 78' lang='lat' dir='ltr'><strong>vestra,</strong></span> <span class='ocrx_word' id='word_1_667' title='bbox 1747 4739 1854 4780; x_wconf 87' lang='lat' dir='ltr'><strong>non</strong></span> 
     </span>
    </p>
   </div>
   <div class='ocr_carea' id='block_1_95' title="bbox 254 4805 1856 4875">
    <p class='ocr_par' dir='ltr' id='par_1_95' title="bbox 254 4805 1856 4875">
     <span class='ocr_line' id='line_1_96' title="bbox 254 4805 1856 4875; baseline 0.011 -17"><span class='ocrx_word' id='word_1_668' title='bbox 254 4805 430 4860; x_wconf 80' lang='lat' dir='ltr'><strong>solum</strong></span> <span class='ocrx_word' id='word_1_669' title='bbox 460 4806 520 4861; x_wconf 77' lang='lat' dir='ltr'><strong>in</strong></span> <span class='ocrx_word' id='word_1_670' title='bbox 540 4808 780 4875; x_wconf 62' lang='lat' dir='ltr'><strong>caeteris,</strong></span> <span class='ocrx_word' id='word_1_671' title='bbox 808 4810 906 4867; x_wconf 80' lang='lat' dir='ltr'><strong>sed</strong></span> <span class='ocrx_word' id='word_1_672' title='bbox 927 4811 982 4867; x_wconf 88' lang='lat' dir='ltr'><strong>in</strong></span> <span class='ocrx_word' id='word_1_673' title='bbox 1007 4811 1319 4870; x_wconf 62' lang='lat' dir='ltr'><strong>auter-endis</strong></span> <span class='ocrx_word' id='word_1_674' title='bbox 1348 4816 1511 4871; x_wconf 77' lang='lat' dir='ltr'><strong>etiam</strong></span> <span class='ocrx_word' id='word_1_675' title='bbox 1545 4818 1856 4875; x_wconf 85' lang='lat' dir='ltr'><strong>nominibus</strong></span> 
     </span>
    </p>
   </div>
   <div class='ocr_carea' id='block_1_96' title="bbox 253 4900 1851 4974">
    <p class='ocr_par' dir='ltr' id='par_1_96' title="bbox 253 4900 1851 4974">
     <span class='ocr_line' id='line_1_97' title="bbox 253 4900 1851 4974; baseline 0.009 -24"><span class='ocrx_word' id='word_1_676' title='bbox 253 4912 317 4950; x_wconf 73' lang='lat' dir='ltr'><strong>ea</strong></span> <span class='ocrx_word' id='word_1_677' title='bbox 344 4901 521 4953; x_wconf 78' lang='lat' dir='ltr'><strong>sacris</strong></span> <span class='ocrx_word' id='word_1_678' title='bbox 548 4900 847 4970; x_wconf 77' lang='lat' dir='ltr'><strong>diptyoltis,</strong></span> <span class='ocrx_word' id='word_1_679' title='bbox 890 4918 1011 4972; x_wconf 68' lang='lat' dir='ltr'><strong>quas</strong></span> <span class='ocrx_word' id='word_1_680' title='bbox 1042 4907 1369 4961; x_wconf 65' lang='lat' dir='ltr'><strong>removenda</strong></span> <span class='ocrx_word' id='word_1_681' title='bbox 1398 4908 1636 4963; x_wconf 77' lang='lat' dir='ltr'><strong>maxime</strong></span> <span class='ocrx_word' id='word_1_682' title='bbox 1659 4918 1851 4974; x_wconf 77' lang='lat' dir='ltr'><strong>postn-</strong></span> 
     </span>
    </p>
   </div>
   <div class='ocr_carea' id='block_1_97' title="bbox 1961 4618 3550 4693">
    <p class='ocr_par' dir='ltr' id='par_1_97' title="bbox 1961 4618 3550 4693">
     <span class='ocr_line' id='line_1_98' title="bbox 1961 4618 3550 4693; baseline -0.006 -12"><span class='ocrx_word' id='word_1_683' title='bbox 1961 4630 2251 4684; x_wconf 69' lang='lat' dir='ltr'><strong>tluratnros</strong></span> <span class='ocrx_word' id='word_1_684' title='bbox 2298 4627 2592 4683; x_wconf 84' lang='lat' dir='ltr'><strong>ostendunt</strong></span> <span class='ocrx_word' id='word_1_685' title='bbox 2640 4626 2889 4691; x_wconf 76' lang='lat' dir='ltr'><strong>firmiter,</strong></span> <span class='ocrx_word' id='word_1_686' title='bbox 2937 4634 3121 4693; x_wconf 90' lang='lat' dir='ltr'><strong>etquo</strong></span> <span class='ocrx_word' id='word_1_687' title='bbox 3149 4620 3293 4676; x_wconf 88' lang='lat' dir='ltr'><strong>nulla</strong></span> <span class='ocrx_word' id='word_1_688' title='bbox 3338 4618 3550 4673; x_wconf 83' lang='lat' dir='ltr'><strong>ratione</strong></span> 
     </span>
    </p>
   </div>
   <div class='ocr_carea' id='block_1_98' title="bbox 1960 4712 3549 4788">
    <p class='ocr_par' dir='ltr' id='par_1_98' title="bbox 1960 4712 3549 4788">
     <span class='ocr_line' id='line_1_99' title="bbox 1960 4712 3549 4788; baseline -0.008 -12"><span class='ocrx_word' id='word_1_689' title='bbox 1960 4721 2325 4777; x_wconf 83' lang='lat' dir='ltr'><strong>desistendum</strong></span> <span class='ocrx_word' id='word_1_690' title='bbox 2368 4721 2699 4777; x_wconf 77' lang='lat' dir='ltr'><strong>existimant.</strong></span> <span class='ocrx_word' id='word_1_691' title='bbox 2731 4720 2883 4775; x_wconf 81' lang='lat' dir='ltr'><strong>Hanc</strong></span> <span class='ocrx_word' id='word_1_692' title='bbox 2917 4717 3097 4788; x_wconf 88' lang='lat' dir='ltr'><strong>itaque</strong></span> <span class='ocrx_word' id='word_1_693' title='bbox 3129 4712 3427 4771; x_wconf 79' lang='lat' dir='ltr'><strong>chartulam</strong></span> <span class='ocrx_word' id='word_1_694' title='bbox 3458 4726 3549 4765; x_wconf 88' lang='lat' dir='ltr'><strong>se-</strong></span> 
     </span>
    </p>
   </div>
   <div class='ocr_carea' id='block_1_99' title="bbox 1960 4808 3550 4884">
    <p class='ocr_par' dir='ltr' id='par_1_99' title="bbox 1960 4808 3550 4884">
     <span class='ocr_line' id='line_1_100' title="bbox 1960 4808 3550 4884; baseline -0.006 -14"><span class='ocrx_word' id='word_1_695' title='bbox 1960 4815 2195 4870; x_wconf 85' lang='lat' dir='ltr'><strong>cundum</strong></span> <span class='ocrx_word' id='word_1_696' title='bbox 2238 4824 2423 4869; x_wconf 87' lang='lat' dir='ltr'><strong>nostra</strong></span> <span class='ocrx_word' id='word_1_697' title='bbox 2461 4814 2726 4884; x_wconf 88' lang='lat' dir='ltr'><strong>promissa</strong></span> <span class='ocrx_word' id='word_1_698' title='bbox 2765 4827 2863 4882; x_wconf 89' lang='lat' dir='ltr'><strong>per</strong></span> <span class='ocrx_word' id='word_1_699' title='bbox 2894 4810 3156 4867; x_wconf 84' lang='lat' dir='ltr'><strong>Joannem</strong></span> <span class='ocrx_word' id='word_1_700' title='bbox 3182 4808 3357 4863; x_wconf 88' lang='lat' dir='ltr'><strong>virum</strong></span> <span class='ocrx_word' id='word_1_701' title='bbox 3398 4818 3550 4861; x_wconf 83' lang='lat' dir='ltr'><strong>reve-</strong></span> 
     </span>
    </p>
   </div>
   <div class='ocr_carea' id='block_1_100' title="bbox 1963 4899 3550 4977">
    <p class='ocr_par' dir='ltr' id='par_1_100' title="bbox 1963 4899 3550 4977">
     <span class='ocr_line' id='line_1_101' title="bbox 1963 4899 3550 4977; baseline -0.008 -15"><span class='ocrx_word' id='word_1_702' title='bbox 1963 4908 2344 4964; x_wconf 84' lang='lat' dir='ltr'><strong>rendissimum</strong></span> <span class='ocrx_word' id='word_1_703' title='bbox 2400 4908 2712 4977; x_wconf 68' lang='lat' dir='ltr'><strong>episcopbm</strong></span> <span class='ocrx_word' id='word_1_704' title='bbox 2754 4902 3087 4975; x_wconf 86' lang='lat' dir='ltr'><strong>dirigendam</strong></span> <span class='ocrx_word' id='word_1_705' title='bbox 3128 4900 3280 4956; x_wconf 84' lang='lat' dir='ltr'><strong>vobis</strong></span> <span class='ocrx_word' id='word_1_706' title='bbox 3318 4899 3372 4953; x_wconf 89' lang='lat' dir='ltr'><strong>in</strong></span> <span class='ocrx_word' id='word_1_707' title='bbox 3408 4912 3550 4967; x_wconf 73' lang='lat' dir='ltr'><strong>pra:-</strong></span> 
     </span>
    </p>
   </div>
   <div class='ocr_carea' id='block_1_101' title="bbox 254 4989 3552 5067">
    <p class='ocr_par' dir='ltr' id='par_1_101' title="bbox 254 4989 3552 5067">
     <span class='ocr_line' id='line_1_102' title="bbox 254 4989 3552 5067; baseline 0.001 -26"><span class='ocrx_word' id='word_1_708' title='bbox 254 4989 427 5045; x_wconf 83' lang='lat' dir='ltr'><strong>iastis.</strong></span> <span class='ocrx_word' id='word_1_709' title='bbox 463 4989 663 5046; x_wconf 74' lang='lat' dir='ltr'><strong>Verum</strong></span> <span class='ocrx_word' id='word_1_710' title='bbox 715 4994 994 5048; x_wconf 69' lang='lat' dir='ltr'><strong>nonnullae</strong></span> <span class='ocrx_word' id='word_1_711' title='bbox 1024 4995 1242 5051; x_wconf 80' lang='lat' dir='ltr'><strong>fuerunt</strong></span> <span class='ocrx_word' id='word_1_712' title='bbox 1286 4997 1450 5053; x_wconf 85' lang='lat' dir='ltr'><strong>urbes</strong></span> <span class='ocrx_word' id='word_1_713' title='bbox 1491 5006 1549 5053; x_wconf 89' lang='lat' dir='ltr'><strong>et</strong></span> <span class='ocrx_word' id='word_1_714' title='bbox 1595 4998 1861 5057; x_wconf 65' lang='lat' dir='ltr'><strong>Ecclesia</strong></span> <span class='ocrx_word' id='word_1_715' title='bbox 1965 5000 2104 5055; x_wconf 72' lang='lat' dir='ltr'><strong>senti</strong></span> <span class='ocrx_word' id='word_1_716' title='bbox 2126 5001 2323 5055; x_wconf 83' lang='lat' dir='ltr'><strong>merito</strong></span> <span class='ocrx_word' id='word_1_717' title='bbox 2347 4999 2700 5067; x_wconf 85' lang='lat' dir='ltr'><strong>credidimus,</strong></span> <span class='ocrx_word' id='word_1_718' title='bbox 2725 5006 2840 5053; x_wconf 88' lang='lat' dir='ltr'><strong>uta</strong></span> <span class='ocrx_word' id='word_1_719' title='bbox 2859 5009 3039 5053; x_wconf 82' lang='lat' dir='ltr'><strong>vestra</strong></span> <span class='ocrx_word' id='word_1_720' title='bbox 3064 4993 3192 5051; x_wconf 88' lang='lat' dir='ltr'><strong>sede</strong></span> <span class='ocrx_word' id='word_1_721' title='bbox 3213 4992 3371 5049; x_wconf 87' lang='lat' dir='ltr'><strong>etiam</strong></span> <span class='ocrx_word' id='word_1_722' title='bbox 3396 4998 3552 5045; x_wconf 85' lang='lat' dir='ltr'><strong>tenor</strong></span> 
     </span>
    </p>
   </div>
   <div class='ocr_carea' id='block_1_102' title="bbox 254 5083 1852 5161">
    <p class='ocr_par' dir='ltr' id='par_1_102' title="bbox 254 5083 1852 5161">
     <span class='ocr_line' id='line_1_103' title="bbox 254 5083 1852 5161; baseline 0.008 -25"><span class='ocrx_word' id='word_1_723' title='bbox 254 5091 366 5136; x_wconf 89' lang='lat' dir='ltr'><strong>tum</strong></span> <span class='ocrx_word' id='word_1_724' title='bbox 418 5083 691 5152; x_wconf 66' lang='lat' dir='ltr'><strong>Pontica,</strong></span> <span class='ocrx_word' id='word_1_725' title='bbox 736 5095 847 5141; x_wconf 67' lang='lat' dir='ltr'><strong>tum</strong></span> <span class='ocrx_word' id='word_1_726' title='bbox 896 5090 1132 5157; x_wconf 68' lang='lat' dir='ltr'><strong>Asianus,</strong></span> <span class='ocrx_word' id='word_1_727' title='bbox 1183 5091 1852 5161; x_wconf 67' lang='lat' dir='ltr'><strong>praciptne&#39;Orientales,</strong></span> 
     </span>
    </p>
   </div>
   <div class='ocr_carea' id='block_1_103' title="bbox 252 5177 1851 5255">
    <p class='ocr_par' dir='ltr' id='par_1_103' title="bbox 252 5177 1851 5255">
     <span class='ocr_line' id='line_1_104' title="bbox 252 5177 1851 5255; baseline 0.009 -26"><span class='ocrx_word' id='word_1_728' title='bbox 252 5190 481 5245; x_wconf 79' lang='lat' dir='ltr'><strong>quaram</strong></span> <span class='ocrx_word' id='word_1_729' title='bbox 511 5177 803 5235; x_wconf 60' lang='grc' dir='ltr'><strong>δια-κίκι</strong></span> <span class='ocrx_word' id='word_1_730' title='bbox 845 5183 1022 5251; x_wconf 84' lang='lat' dir='ltr'><strong>populi</strong></span> <span class='ocrx_word' id='word_1_731' title='bbox 1062 5183 1317 5240; x_wconf 85' lang='lat' dir='ltr'><strong>omnibus</strong></span> <span class='ocrx_word' id='word_1_732' title='bbox 1362 5186 1653 5255; x_wconf 83' lang='lat' dir='ltr'><strong>pertentati</strong></span> <span class='ocrx_word' id='word_1_733' title='bbox 1684 5186 1851 5243; x_wconf 79' lang='lat' dir='ltr'><strong>minis</strong></span> 
     </span>
    </p>
   </div>
   <div class='ocr_carea' id='block_1_104' title="bbox 322 5347 1845 5423">
    <p class='ocr_par' dir='ltr' id='par_1_104' title="bbox 322 5347 1845 5423">
     <span class='ocr_line' id='line_1_105' title="bbox 322 5347 1845 5423; baseline 0.006 -19"><span class='ocrx_word' id='word_1_734' title='bbox 322 5350 407 5423; x_wconf 81' lang='grc' dir='ltr'><strong>(α)</strong></span> <span class='ocrx_word' id='word_1_735' title='bbox 436 5349 571 5404; x_wconf 76' lang='lat' dir='ltr'><strong>God.</strong></span> <span class='ocrx_word' id='word_1_736' title='bbox 610 5349 742 5423; x_wconf 79' lang='lat' dir='ltr'><strong>an.</strong></span> <span class='ocrx_word' id='word_1_737' title='bbox 772 5351 896 5423; x_wconf 58' lang='grc' dir='ltr'><strong>ηδ,</strong></span> <span class='ocrx_word' id='word_1_738' title='bbox 928 5347 1288 5423; x_wconf 76' lang='lat' dir='ltr'><strong>Sacratissimo</strong></span> <span class='ocrx_word' id='word_1_739' title='bbox 1324 5370 1386 5408; x_wconf 86' lang='lat' dir='ltr'><strong>ae</strong></span> <span class='ocrx_word' id='word_1_740' title='bbox 1423 5355 1710 5411; x_wconf 76' lang='lat' dir='ltr'><strong>beatissimo</strong></span> <span class='ocrx_word' id='word_1_741' title='bbox 1756 5374 1845 5413; x_wconf 86' lang='lat' dir='ltr'><strong>ar-</strong></span> 
     </span>
    </p>
   </div>
   <div class='ocr_carea' id='block_1_105' title="bbox 249 5421 1848 5496">
    <p class='ocr_par' dir='ltr' id='par_1_105' title="bbox 249 5421 1848 5496">
     <span class='ocr_line' id='line_1_106' title="bbox 249 5421 1848 5496; baseline 0.006 -22"><span class='ocrx_word' id='word_1_742' title='bbox 249 5421 576 5496; x_wconf 57' lang='lat' dir='ltr'><strong>chiepiscopo</strong></span> <span class='ocrx_word' id='word_1_743' title='bbox 613 5422 764 5476; x_wconf 69' lang='lat' dir='ltr'><strong>alma</strong></span> <span class='ocrx_word' id='word_1_744' title='bbox 800 5421 937 5496; x_wconf 79' lang='lat' dir='ltr'><strong>urbis</strong></span> <span class='ocrx_word' id='word_1_745' title='bbox 979 5422 1162 5496; x_wconf 67' lang='lat' dir='ltr'><strong>Roma:</strong></span> <span class='ocrx_word' id='word_1_746' title='bbox 1188 5440 1249 5476; x_wconf 87' lang='lat' dir='ltr'><strong>ac</strong></span> <span class='ocrx_word' id='word_1_747' title='bbox 1273 5426 1586 5496; x_wconf 73' lang='lat' dir='ltr'><strong>patriarchtz</strong></span> <span class='ocrx_word' id='word_1_748' title='bbox 1628 5425 1848 5484; x_wconf 81' lang='lat' dir='ltr'><strong>Hormi-</strong></span> 
     </span>
    </p>
   </div>
   <div class='ocr_carea' id='block_1_106' title="bbox 249 5491 1848 5565">
    <p class='ocr_par' dir='ltr' id='par_1_106' title="bbox 249 5491 1848 5565">
     <span class='ocr_line' id='line_1_107' title="bbox 249 5491 1848 5565; baseline 0.006 -19"><span class='ocrx_word' id='word_1_749' title='bbox 249 5496 381 5547; x_wconf 73' lang='lat' dir='ltr'><strong>sdw.</strong></span> <span class='ocrx_word' id='word_1_750' title='bbox 427 5491 551 5565; x_wconf 64' lang='lat' dir='ltr'><strong>llaec</strong></span> <span class='ocrx_word' id='word_1_751' title='bbox 608 5501 784 5565; x_wconf 75' lang='lat' dir='ltr'><strong>tamen</strong></span> <span class='ocrx_word' id='word_1_752' title='bbox 831 5493 1105 5565; x_wconf 84' lang='lat' dir='ltr'><strong>inscriptio</strong></span> <span class='ocrx_word' id='word_1_753' title='bbox 1156 5491 1397 5565; x_wconf 82' lang='lat' dir='ltr'><strong>apposita</strong></span> <span class='ocrx_word' id='word_1_754' title='bbox 1448 5506 1531 5552; x_wconf 90' lang='lat' dir='ltr'><strong>est</strong></span> <span class='ocrx_word' id='word_1_755' title='bbox 1568 5499 1635 5552; x_wconf 85' lang='lat' dir='ltr'><strong>ab</strong></span> <span class='ocrx_word' id='word_1_756' title='bbox 1675 5499 1848 5559; x_wconf 84' lang='lat' dir='ltr'><strong>altera</strong></span> 
     </span>
    </p>
   </div>
   <div class='ocr_carea' id='block_1_107' title="bbox 246 5561 1851 5689">
    <p class='ocr_par' dir='ltr' id='par_1_107' title="bbox 246 5561 1851 5689">
     <span class='ocr_line' id='line_1_108' title="bbox 246 5561 1851 5689; baseline 0.007 -71"><span class='ocrx_word' id='word_1_757' title='bbox 246 5579 415 5689; x_wconf 44' lang='lat' dir='ltr'><strong>artano</strong></span> <span class='ocrx_word' id='word_1_758' title='bbox 448 5561 567 5685; x_wconf 49' lang='grc' dir='ltr'><strong>ζει-εἰ</strong></span> <span class='ocrx_word' id='word_1_759' title='bbox 591 5561 830 5632; x_wconf 80' lang='lat' dir='ltr'><strong>ejusdem</strong></span> <span class='ocrx_word' id='word_1_760' title='bbox 868 5561 1372 5633; x_wconf 53' lang='lat' dir='ltr'><strong>antiquitatis,&#39;cum</strong></span> <span class='ocrx_word' id='word_1_761' title='bbox 1424 5568 1570 5638; x_wconf 88' lang='lat' dir='ltr'><strong>prius</strong></span> <span class='ocrx_word' id='word_1_762' title='bbox 1598 5581 1743 5628; x_wconf 83' lang='lat' dir='ltr'><strong>esset</strong></span> <span class='ocrx_word' id='word_1_763' title='bbox 1786 5580 1851 5628; x_wconf 82' lang='lat' dir='ltr'><strong>ut</strong></span> 
     </span>
     <span class='ocr_line' id='line_1_109' title="bbox 289 5648 617 5689; baseline -0.015 -1"><span class='ocrx_word' id='word_1_764' title='bbox 289 5651 337 5689; x_wconf 83' lang='lat' dir='ltr'><strong>te</strong></span> <span class='ocrx_word' id='word_1_765' title='bbox 368 5650 419 5688; x_wconf 83' lang='lat' dir='ltr'><strong>tn</strong></span> <span class='ocrx_word' id='word_1_766' title='bbox 474 5648 539 5687; x_wconf 80' lang='lat' dir='ltr'><strong>ex</strong></span> <span class='ocrx_word' id='word_1_767' title='bbox 571 5649 617 5685; x_wconf 79' lang='grc' dir='ltr'><strong>υ.</strong></span> 
     </span>
    </p>
   </div>
   <div class='ocr_carea' id='block_1_108' title="bbox 289 5635 617 5689">
    <p class='ocr_par' dir='ltr' id='par_1_108' title="bbox 289 5635 617 5689">
     <span class='ocr_line' id='line_1_110' title="bbox 289 5635 617 5689; baseline -0.018 0"><span class='ocrx_word' id='word_1_768' title='bbox 289 5637 337 5689; x_wconf 92' lang='lat' dir='ltr'><strong>ic</strong></span> <span class='ocrx_word' id='word_1_769' title='bbox 368 5635 419 5688; x_wconf 90' lang='lat' dir='ltr'><strong>in</strong></span> <span class='ocrx_word' id='word_1_770' title='bbox 451 5640 617 5687; x_wconf 79' lang='lat' dir='ltr'><strong>textu.</strong></span> 
     </span>
    </p>
   </div>
   <div class='ocr_carea' id='block_1_109' title="bbox 348 5702 1179 5773">
    <p class='ocr_par' dir='ltr' id='par_1_109' title="bbox 348 5702 1179 5773">
     <span class='ocr_line' id='line_1_111' title="bbox 348 5702 1179 5773; baseline 0 -16"><span class='ocrx_word' id='word_1_771' title='bbox 348 5705 403 5773; x_wconf 75' lang='grc' dir='ltr'><strong>ὁ)</strong></span> <span class='ocrx_word' id='word_1_772' title='bbox 430 5703 577 5757; x_wconf 86' lang='lat' dir='ltr'><strong>idem</strong></span> <span class='ocrx_word' id='word_1_773' title='bbox 603 5702 746 5767; x_wconf 88' lang='lat' dir='ltr'><strong>cod.,</strong></span> <span class='ocrx_word' id='word_1_774' title='bbox 772 5703 1179 5772; x_wconf 74' lang='lat' dir='ltr'><strong>mpectnbilem.</strong></span> 
     </span>
    </p>
   </div>
   <div class='ocr_carea' id='block_1_110' title="bbox 319 5706 1109 5849">
    <p class='ocr_par' dir='ltr' id='par_1_110' title="bbox 319 5706 1109 5849">
     <span class='ocr_line' id='line_1_112' title="bbox 348 5706 1109 5773; baseline 0 -16"><span class='ocrx_word' id='word_1_775' title='bbox 348 5706 403 5773; x_wconf 76' lang='grc' dir='ltr'><strong>ὁ)</strong></span> <span class='ocrx_word' id='word_1_776' title='bbox 430 5706 577 5757; x_wconf 88' lang='lat' dir='ltr'><strong>idem</strong></span> <span class='ocrx_word' id='word_1_777' title='bbox 603 5706 746 5767; x_wconf 88' lang='lat' dir='ltr'><strong>cod.,</strong></span> <span class='ocrx_word' id='word_1_778' title='bbox 772 5706 1109 5772; x_wconf 75' lang='lat' dir='ltr'><strong>mpectnbile</strong></span> 
     </span>
     <span class='ocr_line' id='line_1_113' title="bbox 319 5706 1109 5849; baseline -0.001 -21"><span class='ocrx_word' id='word_1_779' title='bbox 319 5706 397 5849; x_wconf 47' lang='lat' dir='ltr'><strong>is)</strong></span> <span class='ocrx_word' id='word_1_780' title='bbox 424 5773 571 5829; x_wconf 85' lang='lat' dir='ltr'><strong>Idem</strong></span> <span class='ocrx_word' id='word_1_781' title='bbox 606 5774 753 5840; x_wconf 90' lang='lat' dir='ltr'><strong>cod.,</strong></span> <span class='ocrx_word' id='word_1_782' title='bbox 779 5773 1081 5829; x_wconf 85' lang='lat' dir='ltr'><strong>certantium</strong></span> <span class='ocrx_word' id='word_1_783' title='bbox 1097 5814 1109 5827; x_wconf 91' lang='lat'><strong>.</strong></span> 
     </span>
    </p>
   </div>
   <div class='ocr_carea' id='block_1_111' title="bbox 1963 5089 3551 5172">
    <p class='ocr_par' dir='ltr' id='par_1_111' title="bbox 1963 5089 3551 5172">
     <span class='ocr_line' id='line_1_114' title="bbox 1963 5089 3551 5172; baseline -0.007 -18"><span class='ocrx_word' id='word_1_784' title='bbox 1963 5102 2082 5168; x_wconf 84' lang='lat' dir='ltr'><strong>ejus</strong></span> <span class='ocrx_word' id='word_1_785' title='bbox 2112 5102 2384 5158; x_wconf 88' lang='lat' dir='ltr'><strong>admissus</strong></span> <span class='ocrx_word' id='word_1_786' title='bbox 2414 5102 2479 5156; x_wconf 91' lang='lat' dir='ltr'><strong>ad</strong></span> <span class='ocrx_word' id='word_1_787' title='bbox 2518 5101 2849 5172; x_wconf 89' lang='lat' dir='ltr'><strong>colligendas</strong></span> <span class='ocrx_word' id='word_1_788' title='bbox 2888 5098 3129 5171; x_wconf 78' lang='lat' dir='ltr'><strong>proﬁciat</strong></span> <span class='ocrx_word' id='word_1_789' title='bbox 3160 5105 3213 5152; x_wconf 91' lang='lat' dir='ltr'><strong>et</strong></span> <span class='ocrx_word' id='word_1_790' title='bbox 3239 5089 3551 5150; x_wconf 84' lang='lat' dir='ltr'><strong>adunandas</strong></span> 
     </span>
    </p>
   </div>
   <div class='ocr_carea' id='block_1_112' title="bbox 1971 5194 3548 5271">
    <p class='ocr_par' dir='ltr' id='par_1_112' title="bbox 1971 5194 3548 5271">
     <span class='ocr_line' id='line_1_115' title="bbox 1971 5194 3548 5271; baseline -0.003 -18"><span class='ocrx_word' id='word_1_791' title='bbox 1971 5200 2174 5271; x_wconf 87' lang='lat' dir='ltr'><strong>ubique</strong></span> <span class='ocrx_word' id='word_1_792' title='bbox 2215 5202 2553 5258; x_wconf 88' lang='lat' dir='ltr'><strong>venerabiles</strong></span> <span class='ocrx_word' id='word_1_793' title='bbox 2590 5202 2882 5269; x_wconf 72' lang='lat' dir='ltr'><strong>Ecclesiae,</strong></span> <span class='ocrx_word' id='word_1_794' title='bbox 2926 5210 2979 5257; x_wconf 90' lang='lat' dir='ltr'><strong>et</strong></span> <span class='ocrx_word' id='word_1_795' title='bbox 3012 5194 3548 5267; x_wconf 83' lang='lat' dir='ltr'><strong>Hierosolymitanam</strong></span> 
     </span>
    </p>
   </div>
   <div class='ocr_carea' id='block_1_113' title="bbox 2031 5372 2863 5442">
    <p class='ocr_par' dir='ltr' id='par_1_113' title="bbox 2031 5372 2863 5442">
     <span class='ocr_line' id='line_1_116' title="bbox 2031 5372 2863 5442; baseline 0.004 -17"><span class='ocrx_word' id='word_1_796' title='bbox 2031 5372 2113 5442; x_wconf 77' lang='grc' dir='ltr'><strong>(ά)</strong></span> <span class='ocrx_word' id='word_1_797' title='bbox 2152 5374 2299 5430; x_wconf 86' lang='lat' dir='ltr'><strong>idem</strong></span> <span class='ocrx_word' id='word_1_798' title='bbox 2326 5375 2473 5442; x_wconf 90' lang='lat' dir='ltr'><strong>cod.,</strong></span> <span class='ocrx_word' id='word_1_799' title='bbox 2505 5375 2863 5431; x_wconf 75' lang='lat' dir='ltr'><strong>sanctitadine.</strong></span> 
     </span>
    </p>
   </div>
   <div class='ocr_carea' id='block_1_114' title="bbox 2057 5444 2757 5513">
    <p class='ocr_par' dir='ltr' id='par_1_114' title="bbox 2057 5444 2757 5513">
     <span class='ocr_line' id='line_1_117' title="bbox 2057 5444 2757 5513; baseline 0.003 -15"><span class='ocrx_word' id='word_1_800' title='bbox 2057 5446 2109 5510; x_wconf 79' lang='grc' dir='ltr'><strong>ε)</strong></span> <span class='ocrx_word' id='word_1_801' title='bbox 2141 5444 2285 5500; x_wconf 86' lang='lat' dir='ltr'><strong>idem</strong></span> <span class='ocrx_word' id='word_1_802' title='bbox 2324 5446 2469 5508; x_wconf 84' lang='lat' dir='ltr'><strong>cod.,</strong></span> <span class='ocrx_word' id='word_1_803' title='bbox 2502 5446 2757 5513; x_wconf 76' lang='lat' dir='ltr'><strong>abreptas.</strong></span> 
     </span>
    </p>
   </div>
   <div class='ocr_carea' id='block_1_115' title="bbox 1958 5504 3545 5585">
    <p class='ocr_par' dir='ltr' id='par_1_115' title="bbox 1958 5504 3545 5585">
     <span class='ocr_line' id='line_1_118' title="bbox 1958 5504 3545 5585; baseline -0.01 -12"><span class='ocrx_word' id='word_1_804' title='bbox 1958 5559 1976 5573; x_wconf 92' lang='lat'><strong>.</strong></span> <span class='ocrx_word' id='word_1_805' title='bbox 2138 5515 2194 5569; x_wconf 92' lang='lat' dir='ltr'><strong>In</strong></span> <span class='ocrx_word' id='word_1_806' title='bbox 2223 5517 2414 5574; x_wconf 83' lang='lat' dir='ltr'><strong>eodem</strong></span> <span class='ocrx_word' id='word_1_807' title='bbox 2445 5504 2567 5572; x_wconf 83' lang='lat' dir='ltr'><strong>cod.</strong></span> <span class='ocrx_word' id='word_1_808' title='bbox 2600 5504 2667 5570; x_wconf 76' lang='lat' dir='ltr'><strong>iia</strong></span> <span class='ocrx_word' id='word_1_809' title='bbox 2701 5516 2956 5583; x_wconf 63' lang='lat' dir='ltr'><strong>primaeva</strong></span> <span class='ocrx_word' id='word_1_810' title='bbox 2987 5523 3212 5585; x_wconf 81' lang='lat' dir='ltr'><strong>manus;</strong></span> <span class='ocrx_word' id='word_1_811' title='bbox 3255 5504 3348 5561; x_wconf 83' lang='lat' dir='ltr'><strong>sed</strong></span> <span class='ocrx_word' id='word_1_812' title='bbox 3379 5504 3545 5559; x_wconf 78' lang='lat' dir='ltr'><strong>altera</strong></span> 
     </span>
    </p>
   </div>
   <div class='ocr_carea' id='block_1_116' title="bbox 1961 5580 3545 5656">
    <p class='ocr_par' dir='ltr' id='par_1_116' title="bbox 1961 5580 3545 5656">
     <span class='ocr_line' id='line_1_119' title="bbox 1961 5580 3545 5656; baseline -0.009 -13"><span class='ocrx_word' id='word_1_813' title='bbox 1961 5580 2358 5656; x_wconf 45' lang='lat' dir='ltr'><strong>kre&#39;cjusdem</strong></span> <span class='ocrx_word' id='word_1_814' title='bbox 2407 5580 2739 5655; x_wconf 80' lang='lat' dir='ltr'><strong>antiquitatis</strong></span> <span class='ocrx_word' id='word_1_815' title='bbox 2779 5586 2851 5656; x_wconf 87' lang='lat' dir='ltr'><strong>ita</strong></span> <span class='ocrx_word' id='word_1_816' title='bbox 2898 5580 3189 5656; x_wconf 85' lang='lat' dir='ltr'><strong>emendat:</strong></span> <span class='ocrx_word' id='word_1_817' title='bbox 3222 5587 3416 5644; x_wconf 62' lang='lat' dir='ltr'><strong>utqui!</strong></span> <span class='ocrx_word' id='word_1_818' title='bbox 3443 5592 3545 5630; x_wconf 82' lang='lat' dir='ltr'><strong>non</strong></span> 
     </span>
    </p>
   </div>
   <div class='ocr_carea' id='block_1_117' title="bbox 1958 5652 3224 5734">
    <p class='ocr_par' dir='ltr' id='par_1_117' title="bbox 1958 5652 3224 5734">
     <span class='ocr_line' id='line_1_120' title="bbox 1958 5652 3224 5734; baseline -0.009 -20"><span class='ocrx_word' id='word_1_819' title='bbox 1958 5659 2105 5734; x_wconf 75' lang='lat' dir='ltr'><strong>licuit</strong></span> <span class='ocrx_word' id='word_1_820' title='bbox 2130 5652 2317 5734; x_wconf 66' lang='lat' dir='ltr'><strong>missis,</strong></span> <span class='ocrx_word' id='word_1_821' title='bbox 2341 5652 2551 5734; x_wconf 76' lang='lat' dir='ltr'><strong>majora</strong></span> <span class='ocrx_word' id='word_1_822' title='bbox 2573 5673 2660 5723; x_wconf 80' lang='lat' dir='ltr'><strong>per</strong></span> <span class='ocrx_word' id='word_1_823' title='bbox 2682 5655 2853 5734; x_wconf 82' lang='lat' dir='ltr'><strong>omnia</strong></span> <span class='ocrx_word' id='word_1_824' title='bbox 2877 5652 3089 5734; x_wconf 73' lang='lat' dir='ltr'><strong>saltent,</strong></span> <span class='ocrx_word' id='word_1_825' title='bbox 3116 5660 3224 5706; x_wconf 82' lang='lat' dir='ltr'><strong>etc.</strong></span> 
     </span>
    </p>
   </div>
   <div class='ocr_carea' id='block_1_118' title="bbox 2030 5725 3109 5801">
    <p class='ocr_par' dir='ltr' id='par_1_118' title="bbox 2030 5725 3109 5801">
     <span class='ocr_line' id='line_1_121' title="bbox 2030 5725 3109 5801; baseline -0.009 -17"><span class='ocrx_word' id='word_1_826' title='bbox 2030 5729 2105 5801; x_wconf 79' lang='lat' dir='ltr'><strong>(g)</strong></span> <span class='ocrx_word' id='word_1_827' title='bbox 2134 5729 2277 5786; x_wconf 83' lang='lat' dir='ltr'><strong>idem</strong></span> <span class='ocrx_word' id='word_1_828' title='bbox 2305 5725 2455 5795; x_wconf 55' lang='lat' dir='ltr'><strong>codi,</strong></span> <span class='ocrx_word' id='word_1_829' title='bbox 2484 5744 2562 5781; x_wconf 83' lang='lat' dir='ltr'><strong>res</strong></span> <span class='ocrx_word' id='word_1_830' title='bbox 2591 5734 2727 5780; x_wconf 86' lang='lat' dir='ltr'><strong>caret</strong></span> <span class='ocrx_word' id='word_1_831' title='bbox 2748 5732 2794 5778; x_wconf 84' lang='lat' dir='ltr'><strong>et</strong></span> <span class='ocrx_word' id='word_1_832' title='bbox 2817 5725 2977 5790; x_wconf 84' lang='lat' dir='ltr'><strong>sedis,</strong></span> <span class='ocrx_word' id='word_1_833' title='bbox 3003 5733 3109 5778; x_wconf 88' lang='lat' dir='ltr'><strong>etc.</strong></span> 
     </span>
    </p>
   </div>
  </div>
