3998 6368
486 254 589 313 503

1804 252 2178 311 HOBMISDE
2218 254 2423 313 PAPE

3596 267 3690 325 504

483 372 789 443 pmipue;
844 372 929 427 cui
979 378 1156 425 tamen
1209 382 1398 425 omnes
1449 368 1683 424 favorem
1739 369 2054 439 impendunt
2080 373 2133 432 Α
2160 372 2355 428 tionem
2385 389 2415 427 a
2440 381 2623 429 sancta
2652 371 3074 430 Chalcedonensi
3111 376 3314 448 synodo
3341 381 3692 453 promulgatam

482 466 635 535 quasi
677 464 831 519 matri
869 462 1160 519 Christiani
1190 463 1443 530 nominis,
1477 471 1535 518 ut
1560 477 1719 518 nemo
1757 462 1951 519 audeat
1989 462 2056 519 ab

481 571 541 611 ea
597 570 717 611 sese
767 556 1075 610 discernere
1110 573 1122 607 :
1155 568 1476 611 consensum
1532 556 1711 627 itaque
1765 556 2053 627 propitium

480 654 623 702 tuam
654 645 1061 702 sanctitudinem
1092 646 1368 715 epistolari
1394 662 1604 717 quoque
1635 648 1823 718 pagina
1857 662 2055 703 conve-

477 737 557 792 nit
581 738 884 804 declarare;
913 748 990 805 ut,
1027 738 1246 808 cognito
1290 739 1537 794 omnibus
1565 750 1724 808 atque
1767 739 2049 810 patefacto,

480 843 719 888 tenorem
750 833 993 904 ejusdem
1025 834 1285 890 chartulae
1314 851 1343 890 a
1374 836 1527 893 vobis
1558 838 1718 892 etiam
1742 838 1969 905 laudari,
1998 845 2054 894 et

475 925 735 980 tenaciter
777 927 1039 981 custodiri
1082 927 1258 983 laetior
1300 929 1529 984 mundus
1565 931 1779 985 existat.
1814 931 1941 985 Data
1972 930 2047 1001 (a)

474 1014 651 1069 idibus
704 1017 855 1085 Sept.
902 1018 1272 1088 Chalcedone,
1320 1020 1539 1076 Rustico
1587 1022 1703 1076 viro
1751 1022 2050 1077 clarissimo

470 1108 710 1163 consule.
743 1109 979 1179 Accepta
1001 1112 1176 1179 pridie
1204 1112 1451 1168 calendas
1473 1113 1801 1180 Decembris,
1831 1114 2047 1169 consule

469 1201 836 1271 suprascripto
865 1202 1028 1274 (anno
1051 1204 1260 1258 Domini
1291 1205 1442 1274 5'20).

892 1294 1275 1353 EXEMPLUM
1315 1296 1615 1354 PRECUM.

466 1378 602 1452 Ejus
634 1399 789 1453 opera
826 1386 896 1463 ad
928 1385 1172 1463 It'rclesite
1194 1390 1458 1463 anitatem
1482 1390 1684 1443 admitti
1712 1400 1914 1463 rogant.
1945 1392 2047 1448 Ca-

855 1455 1094 1510 tholicam
1131 1459 1284 1525 ﬁdem
1330 1461 1653 1528 proﬁtentur.

537 1543 646 1598 Deo
674 1545 891 1600 amabili
929 1562 990 1602 ac
1037 1548 1278 1616 piissimo
1324 1549 1637 1620 imperatori
1668 1568 1733 1608 ex
1780 1554 1890 1611 Deo
1932 1559 2041 1612 Au-

462 1644 619 1700 gusto
652 1645 707 1690 et
745 1638 967 1708 principi
999 1640 1208 1696 Justino
1250 1642 1707 1701 Christianissimo
1736 1647 2040 1717 deprecatio

2164 466 2512 536 intelligimus
2558 480 2769 537 quoque
2819 478 2873 523 et
2915 468 3251 540 suscipimus,
3295 471 3601 531 conﬁdentes
3645 486 3691 535 et

2160 558 2463 629 credentes,
2520 558 2642 629 quia
2691 574 2850 615 unam
2902 561 3250 617 substantiam
3296 564 3376 620 vel
3419 582 3693 638 personam,

2159 651 2299 720 quod
2324 650 2463 705 idem
2494 659 2597 716 est,
2628 651 2741 721 ipsa
2784 662 2965 707 sancta
2994 654 3229 724 synodus
3264 654 3315 723 in
3345 656 3535 713 duabus
3560 671 3693 718 natu-

2156 740 2254 807 ris,
2285 740 2336 795 id
2367 741 2524 796 estin
2556 741 2757 797 deitate
2783 750 2837 796 et
2857 743 3182 800 humanitate
3210 746 3433 804 indivise
3455 758 3507 804 et
3532 751 3696 807 incon-

2155 832 2272 887 fuse
2301 833 2609 903 praedicavit
2638 834 2801 891 Deum
2831 835 3085 892 Verbum.
3133 837 3383 895 Dominus
3422 825 3592 896 noster
3620 841 3694 898 Je-

2153 936 2244 978 sus
2280 923 2531 980 Christus
2576 940 2713 981 unus
2752 937 2834 982 est
2877 942 2943 984 ex
2981 935 3162 984 sancta
3192 941 3247 985 et
3287 930 3441 986 unius
3474 933 3695 989 essentite

2155 1018 2450 1085 Trinitate;
2491 1020 2534 1075 si
2566 1022 2707 1076 enim
2751 1036 2912 1077 unum
2943 1022 3107 1077 Deum
3130 1024 3204 1077 ‘in
3231 1022 3396 1078 tribus
3424 1024 3694 1081 subsisten-

2150 1109 2260 1176 tiis,
2292 1111 2433 1165 sicut
2479 1112 2680 1167 dictum
2721 1122 2823 1179 est,
2854 1112 3162 1182 accipimus,
3209 1112 3367 1170 Pater
3411 1123 3577 1170 autem
3602 1132 3695 1172 non

2150 1208 2230 1255 est
2271 1200 2597 1270 incarnatus,
2641 1218 2740 1259 nec
2782 1204 3007 1275 Spiritus
3047 1215 3290 1272 sanctus;
3322 1207 3461 1263 Dens
3485 1208 3694 1266 Verbum

2148 1294 2460 1350 incarnatus
2489 1305 2593 1365 est,
2624 1307 2679 1351 et
2702 1296 2862 1352 homo
2891 1298 3061 1353 factus
3084 1306 3171 1355 est
3196 1314 3331 1355 unus
3359 1314 3425 1356 ex
3452 1309 3620 1357 sancta
3649 1312 3697 1358 et

2145 1384 2304 1439 unius
2344 1386 2596 1441 essentia:
2625 1386 2904 1455 Trinitate,
2946 1389 3235 1443 secundum
3280 1389 3546 1446 Iiliationis
3586 1407 3698 1462 pro-

2144 1479 2451 1546 prietatem.
2490 1478 2581 1534 Sic
2623 1479 2695 1534 ita
2736 1479 3028 1535 secundum
3057 1480 3345 1549 praedictas
3372 1490 3588 1551 quatuor
3612 1497 3694 1555 sy-

2143 1568 2314 1623 nodos
2341 1569 2654 1637 credentes,
2688 1570 2760 1642 (j)
2791 1578 2847 1626 et
2884 1571 3174 1627 secundam
3204 1571 3302 1627 Dei
3331 1571 3490 1627 Verbi
3523 1573 3697 1628 nativi-

2149 1667 2312 1715 tatem
2368 1661 2661 1717 secundu'm
2712 1677 2929 1718 carnem
2976 1663 3218 1719 confiteri
3270 1677 3378 1719 non
3424 1666 3696 1721 renuimus.

461 1735 513 1779 et
555 1729 871 1825 supplicatio
915 1732 982 1787 ab
1022 1732 1542 1807 Hierosolymitanis,
1584 1750 1640 1795 et
1665 1741 2037 1817 Antiochenis,
2070 1736 2118 1797 Β
2148 1748 2301 1806 Unde
2338 1754 2557 1822 proprie
2604 1752 2700 1808 Dei
2740 1752 2814 1825 (k)
2846 1753 2997 1825 virgo
3036 1754 3267 1825 genitrix
3308 1769 3427 1811 esse
3466 1755 3699 1822 creditur,

459 1827 513 1871 et
539 1820 789 1875 secundae
815 1822 987 1894 Syriae
1016 1825 1228 1884 clericis
1256 1838 1311 1885 et
1333 1830 1615 1887 abbatibus
1642 1843 1696 1890 et
1716 1838 2041 1905 possessori-

460 1907 561 1962 bus
583 1909 754 1981 Syria:
785 1916 1095 1982 provinciae.

531 2000 750 2056 Haurile
776 2019 965 2073 aquam
993 2023 1110 2061 cum
1130 2008 1311 2063 lwtitia
1336 2028 1401 2066 ex
1424 2012 1647 2081 fontibus
1678 2015 1859 2072 salutis
1885 2017 2034 2090 (Isai.

455 2091 575 2159 xu),
602 2095 922 2151 vociferator
943 2098 1023 2167 (ὸ)
1057 2099 1221 2155 Isaias
1244 2103 1510 2173 propheta
1544 2106 1831 2177 exclamat,
1860 2108 2034 2167 fontes

454 2185 642 2242 salutis
669 2188 742 2259 (c)
782 2192 1105 2260 evangelica:
1138 2196 1378 2250 veritatis
1422 2197 1831 2266 praedicationes
1862 2205 2035 2259 mani-

452 2277 589 2332 feste
620 2280 933 2347 ostendens,
965 2298 1029 2338 ex
1079 2286 1268 2355 quibus
1300 2286 1443 2343 beati
1480 2291 1727 2359 Apostoli
1756 2302 1810 2348 et
1846 2308 2034 2350 eorum

453 2367 541 2437 qui
572 2385 667 2438 per
707 2372 949 2428 ordinem
980 2374 1192 2430 fuerunt
1222 2377 1469 2448 discipuli
1521 2389 1577 2436 et
1618 2383 1891 2453 sapientes
1932 2386 2034 2444 Ec-

452 2461 628 2516 clesiae
673 2463 943 2532 doctores,
994 2470 1282 2524 salutarem
1325 2487 1517 2541 aquam
1548 2473 1672 2530 ﬁdei
1697 2476 2030 2549 haurientes,

451 2565 663 2607 omnem
695 2565 934 2612 sanctam
965 2558 1060 2614 Dei
1093 2560 1391 2617 Ecclesiam
1430 2565 1806 2639 irrigaverunt,
1830 2586 1949 2640 quas
1978 2574 2031 2629 in

449 2658 602 2716 petra
627 2652 821 2706 summi
850 2653 1214 2722 apostolorum
1241 2657 1471 2713 subnixa
1502 2670 1705 2717 rectam
1739 2672 1793 2719 et
1820 2664 2030 2722 inﬂexi-

449 2736 608 2793 bilem
644 2742 1036 2799 confessionem
1068 2747 1399 2816 custodiens,
1446 2749 1769 2809 fiducialiter
1813 2770 1935 2811 cum
1965 2772 2031 2814 eo

448 2827 514 2880 sd
553 2830 884 2900 unigenitum
927 2833 1122 2890 Filium
1152 2836 1247 2892 Dei
1271 2840 1539 2896 exclamat
1565 2845 1712 2898 omni
1762 2856 2027 2919 tempore,

448 2917 635 2974 dicens
670 2940 680 2973 :
721 2921 796 2976 Tu
823 2940 874 2977 es
915 2923 1148 2980 Christus
1175 2925 1224 2979 F
1227 2930 1347 2984 ilius
1376 2929 1476 2987 Dei
1517 2934 1616 2987 vivi
1644 2934 1862 3007 (Matth.
1896 2917 2026 3010 xvi).

446 3009 595 3066 Hanc
632 3013 923 3072 salutarem
968 3019 1364 3078 confessionem
1391 3024 1469 3094 (ά)
1502 3043 1531 3079 a
1562 3029 1763 3084 sanctis
1799 3009 2028 3100 quatuor

2143 1852 2397 1914 tanquam
2425 1859 2546 1914 quae
2570 1853 2759 1900 natura
2790 1854 2844 1900 et
2870 1847 3097 1902 veritate
3125 1848 3282 1901 unius
3306 1846 3549 1902 essentia
3572 1847 3700 1902 Patri

2142 1936 2334 1992 Filium
2360 1936 2527 1993 Deum
2561 1938 2817 2007 Verbum,
2853 1947 3041 1995 natura
3076 1939 3483 2007 immutabilem,
3513 1954 3574 1995 ex
3601 1940 3701 2010 ipsa

2141 2028 2341 2084 factum
2376 2029 2671 2097 hominem,
2701 2030 2858 2086 enixa
2884 2039 2989 2099 est,
3012 2039 3068 2086 et
3087 2030 3221 2086 duas
3242 2038 3462 2086 naturas
3488 2031 3540 2086 in
3564 2030 3701 2086 Chri-

2140 2131 2225 2176 sto
2255 2136 2351 2191 per
2376 2122 2665 2177 essentiam
2700 2122 2788 2177 vel
2819 2122 3169 2178 subStantiam
3200 2125 3382 2177 unitas
3407 2120 3704 2177 conﬁtentes

2140 2206 2279 2286 sicut
2310 2214 2367 2269 in
2395 2216 2552 2279 unius
2579 2223 2832 2286 persona,
2862 2215 2948 2271 vel
2969 2214 3290 2271 substantia.
3320 2215 3500 2284 Neque
3528 2215 3699 2269 harum

2138 2280 2506 2361 diversitatem
2530 2280 2613 2361 vel
2642 2280 3021 2375 proprietatem
3050 2315 3170 2377 post
3199 2280 3500 2362 unitionem
3522 2305 3703 2361 auferi-

2138 2402 2285 2465 mus,
2327 2414 2425 2455 nec
2473 2413 2566 2456 eas
2596 2401 2835 2457 dividere
2880 2401 2935 2456 in
2980 2401 3186 2456 duabus
3225 2402 3474 2471 personis
3510 2410 3563 2456 et
3589 2399 3702 2456 sub-

2137 2492 2351 2546 stantiis
2398 2506 2496 2562 per
2540 2491 2836 2547 unitionem
2880 2506 3063 2548 sumus
3102 2492 3311 2559 edocti;
3368 2492 3705 2561 eumdemque

2135 2583 2340 2638 scimus
2368 2583 2704 2654 unigenitum
2749 2582 2941 2639 Filium
2983 2576 3098 2650 Dei,
3129 2592 3184 2639 et
3226 2592 3356 2640 ante
3396 2583 3703 2639 incarnatio-

2135 2689 2258 2729 nem
2285 2674 2426 2744 ejus,
2463 2683 2697 2745 etpost:
2728 2674 2975 2730 eumdem
3018 2676 3186 2731 Deum
3220 2675 3443 2746 quidem
3478 2675 3629 2731 simul
3659 2684 3708 2730 et

2134 2766 2439 2831 hominem;
2488 2766 2797 2836 passibilem
2838 2781 3022 2831 carne,
3056 2767 3703 2837 impassibilem‘deitate;

2132 2857 2593 2926 circumscriptum
2637 2872 2887 2927 corpore,
2932 2873 3037 2913 non
3088 2858 3565 2929 circumscriptum
3610 2856 3709 2926 spi-

2130 2950 2262 3017 ritu,
2290 2950 2537 3006 eumdem
2569 2959 2839 3006 terrenum
2870 2958 2924 3005 et
2951 2950 3257 3018 coelestem,
3298 2965 3458 3021 quem
3492 2949 3708 3004 mundus

2134 3052 2192 3096 ut
2213 3042 2481 3097 hominem
2512 3044 2671 3113 cepit,
2704 3052 2757 3097 et
2785 3053 2843 3096 ut
2871 3041 3035 3098 Deum
3065 3043 3353 3098 continere
3379 3057 3488 3097 non
3515 3039 3706 3111 potuit,

448 3106 690 3173 SyllOdiS.
729 3123 849 3177 quae
892 3113 1216 3181 evangelicis
1245 3119 1528 3186 praeceptis
1570 3128 1695 3175 sunt
1724 3120 2024 3192 honoratae,
2056 3110 2103 3176 C
2136 3134 2417 3188 mortalem
2442 3141 2495 3188 et
2516 3106 2895 3201 immortalem,
2921 3148 3183 3203 nusquam
3214 3143 3534 3189 naturarum
3554 3132 3710 3186 diver-

447 3197 824 3266 suscipientes,
856 3216 1126 3270 nunquam
1154 3219 1252 3274 per
1280 3207 1480 3262 Christi
1516 3212 1741 3279 gratiam
1763 3229 1792 3268 a
1817 3217 2027 3273 traditis

448 3286 601 3341 nobis
632 3290 795 3344 rectis
821 3291 1165 3361 dogmatibus
1197 3295 1549 3367 deviavimus,
1580 3304 1719 3359 sicut
1740 3320 1921 3363 rerum
1952 3318 2027 3365 te-

448 3386 621 3432 statur
652 3382 915 3449 probatio,
966 3394 1021 3438 et
1062 3394 1305 3456 tempore
1352 3393 1694 3450 necessitatis
1731 3396 1856 3453 ﬁdei
1894 3414 2029 3456 con-

450 3471 646 3523 stantia
690 3471 1044 3529 demonstrat.
1091 3477 1149 3531 Si
1179 3479 1341 3549 igitur
1392 3490 1453 3536 ut
1472 3482 1759 3543 Christiani
1805 3492 2027 3550 rationis

450 3557 573 3613 ﬁdei
604 3575 789 3617 sumus
818 3566 1126 3637 participes,
1157 3569 1373 3629 domine
1400 3574 1659 3645 piissime,
1691 3587 1745 3635 et
1769 3582 1837 3637 ad
1871 3598 2019 3639 com-

450 3663 663 3706 munem
706 3668 891 3722 pacem
918 3666 974 3713 et
1016 3660 1275 3717 unitatem
1317 3664 1654 3736 festinamus,
1694 3680 1930 3729 nostram
1965 3676 2029 3730 fi-

450 3741 592 3809 dem,
633 3758 791 3814 quam
832 3749 899 3802 ab
926 3750 1077 3806 initio
1120 3756 1473 3825 suscepimus,
1511 3774 1609 3829 per
1638 3762 1777 3819 hanc
1823 3754 2028 3823 satisfa-

450 3833 679 3889 ctionem
710 3849 952 3896 nostram
975 3846 1314 3901 manifestam
1338 3858 1534 3905 vestrae
1561 3851 1786 3910 facimus
1807 3857 2023 3927 pietati;

448 3933 503 3978 ut
536 3936 721 3993 notum
765 3932 832 3985 sit
859 3933 981 4000 quia
1024 3945 1078 3991 et
1107 3940 1221 4005 paci
1262 3943 1656 4013 concurrimus,
1708 3956 1763 4002 et
1802 3964 1831 4003 a
1878 3961 2026 4008 recta

448 4032 565 4073 cum
597 4020 692 4076 Dei
716 4023 989 4092 juvamine
1028 4044 1133 4084 non
1169 4032 1484 4090 diveitimus
1511 4036 1635 4101 fide,
1678 4040 1772 4097 sed
1814 4058 2025 4100 omnem

447 4124 511 4166 ex
544 4125 701 4182 aequo
729 4117 976 4172 haeresim
1007 4135 1371 4193 exsecramur,
1402 4125 1509 4183 nun
1543 4130 1714 4186 solum
1740 4133 2028 4206 Eutychia-

448 4206 615 4261 nistas
636 4216 692 4263 et
713 4210 1037 4281 Acephalos,
1068 4217 1163 4271 sed
1192 4224 1246 4273 et
1272 4219 1637 4290 Nestorianos,
1668 4234 1725 4280 et
1754 4226 2022 4285 hominem

447 4295 685 4355 colentes
734 4309 844 4357 toto
872 4306 1050 4361 animo
1075 4308 1145 4377 (ε)
1189 4310 1449 4367 audentes
1487 4315 2021 4375 anathematizamus.

447 4385 558 4444 Nos
595 4398 794 4460 autem,
835 4394 1052 4452 domine
1082 4400 1150 4470 (ι’)
1201 4403 1475 4460 carissime
1530 4407 1843 4479 imperator,
1888 4412 2027 4466 sicut

2133 3223 2295 3278 sitate
2334 3223 2449 3292 ejus
2486 3224 2683 3291 ablata,
2731 3239 2903 3294 neque
2931 3222 3236 3279 dividentes
3279 3239 3379 3294 per
3433 3222 3709 3279 essentiam

2132 3314 2408 3368 unionem.
2457 3312 2568 3367 Hoc
2596 3314 2739 3368 enim
2777 3328 2917 3368 verte
2957 3328 3207 3383 magnum
3256 3313 3475 3383 pietatis
3524 3320 3710 3382 myste.

2131 3404 2294 3472 rium,
2338 3405 2462 3475 quia
2490 3420 2626 3459 unus
2653 3420 2719 3460 ex
2755 3416 2938 3460 sancta
2979 3404 3138 3460 unius
3169 3406 3415 3461 essentia
3443 3404 3710 3461 Trinitatis

2130 3497 2459 3563 incarnatus,
2495 3505 2551 3552 et
2578 3496 2738 3551 homo
2776 3495 2947 3551 factus
2974 3496 3113 3552 Deus
3144 3496 3387 3554 Verbum
3420 3499 3475 3553 in
3502 3507 3713 3565 utraque

2134 3603 2323 3646 natura
2354 3592 2571 3646 deitatis
2610 3600 2665 3646 et
2698 3591 3041 3647 humanitatis
3086 3592 3324 3649 indivise
3366 3604 3423 3649 et
3453 3590 3716 3648 inconiuse

2131 3684 2474 3753 cognoscitur
2503 3693 2556 3739 et
2582 3684 2855 3750 adorator,
2900 3700 3006 3740 non
3048 3687 3470 3743 conversionem
3502 3685 3585 3741 vel
3610 3700 3717 3740 mu-

2136 3776 2391 3831 tationem
2423 3777 2715 3842 sustinens,
2762 3776 2857 3831 sed
2897 3778 3283 3848 proprietatem
3326 3780 3606 3850 utriusque
3632 3793 3718 3832 na-

2133 3877 2267 3924 turae
2307 3868 2361 3923 in
2408 3884 2509 3924 una
2539 3880 2768 3939 persona
2816 3869 2868 3922 in
2918 3873 3208 3941 semetipso
3248 3886 3612 3929 conservans.
3648 3869 3721 3925 Ob

2136 3961 2272 4016 hanc
2312 3961 2476 4032 igitur
2516 3960 2677 4016 ﬁdem
2706 3961 2987 4030 praedictas
3030 3972 3247 4020 sanctas
3289 3965 3536 4036 synodos
3563 3962 3720 4019 susci-

2138 4054 2349 4122 pientes
2394 4063 2448 4109 et
2476 4055 2840 4110 custodientes
2865 4056 3393 4115 anathematizamus
3429 4074 3618 4114 omnes
3642 4056 3722 4127 qui

2134 4143 2397 4199 adversus
2435 4158 2527 4199 eas
2557 4160 2874 4217 quocunque
2923 4156 3164 4216 tempore
3191 4152 3279 4204 vel
3320 4150 3490 4205 modo
3530 4146 3724 4219 aliquid

2131 4240 2585 4307 conscripserunt,
2644 4239 2912 4308 praecipue
2957 4239 3217 4295 Joannem
3273 4240 3594 4312 Egeotam,
3641 4238 3726 4309 qui

2131 4329 2389 4386 adversus
2426 4342 2774 4387 memoratam
2817 4344 3055 4390 sanctam
3086 4334 3606 4393 Chalcedonensem
3644 4348 3725 4405 sy-

2132 4421 2332 4476 nodum
2371 4423 2564 4477 multas
2595 4434 2653 4478 ut
2680 4424 3029 4482 Nestorianus
3060 4426 3440 4497 blasphemias
3465 4427 3727 4490 evomuit;

446 4491 610 4548 supra
638 4481 837 4589 dictum
877 4497 983 4554 est,
1026 4490 1078 4544 in
1124 4491 1335 4549 Patrem
1361 4504 1415 4550 et
1447 4496 1640 4554 Filium
1681 4512 1737 4555 et
1763 4501 2019 4571 Spiritum
2051 4500 2105 4562 D
2130 4510 2379 4569 similiter
2405 4522 2461 4568 et
2486 4514 2909 4571 condemnantes
2935 4481 3304 4589 Timothehm,
3350 4517 3611 4574 IElurum
3639 4529 3728 4570 co-

445 4579 711 4640 sanctum,
739 4575 806 4630 ab
847 4577 1001 4634 initio
1027 4581 1275 4651 haptizati
1304 4601 1515 4658 quoque
1544 4598 1598 4646 et
1636 4593 1917 4651 credentes
1947 4596 2023 4667 (g)

445 4662 734 4719 essentiam
766 4666 859 4723 Dei
891 4670 941 4724 in
974 4672 1140 4727 tribus
1166 4675 1247 4745 (It)
1286 4678 1664 4747 subsistentiis,
1699 4662 1988 4742 adoramus
2004 4662 2025 4741 ἐ

445 4755 740 4845 secundum
780 4772 1085 4819 sanctorum
1138 4768 1352 4825 Patrum
1403 4774 1704 4845 symbolum
1748 4780 2027 4838 credentes

443 4840 497 4898 in
532 4859 695 4900 unum
728 4848 894 4905 Deum
939 4852 1151 4912 Patrem
1201 4863 1643 4933 omnipotentem,
1691 4879 1745 4924 et
1777 4871 1827 4925 in
1859 4889 2021 4930 unum

443 4934 730 5041 Dominum
774 4956 1013 5003 nostrum
1052 4950 1235 5009 Jesnm
1278 4954 1551 5015 Christum
1578 4963 1923 5035 junigenitum
1957 4971 2020 5041 (i)

442 5025 617 5083 Deum
645 5032 900 5108 Verbum,
933 5040 1186 5099 similiter
1232 5056 1287 5102 et
1316 5047 1370 5103 in
1403 5025 1862 5124 unum-Spiritum
1891 5025 2019 5115 san;

443 5130 619 5189 ctum;
651 5137 705 5181 et
730 5132 1021 5188 secundum
1051 5134 1153 5191 hoc
1194 5138 1431 5196 divinum
1460 5151 1473 5165 '
1509 5148 1798 5215 mathema,
1830 5150 2022 5208 deﬁni-

510 5288 587 5361 (a)
620 5289 766 5361 Idem
792 5292 941 5359 cod.,
964 5296 1138 5361 quinto
1164 5299 1364 5358 iduum.

510 5359 585 5499 (bi
616 5359 760 5415 Idem
791 5364 935 5427 cod.,
968 5359 1127 5421 Isaia:
1150 5371 1429 5439 prophetae.

513 5432 564 5499 (ε
619 5430 760 5485 idem
792 5434 937 5499 cod.,
970 5442 1283 5499 eranqelicas
1311 5448 1429 5497 verit

619 5430 760 5510 l_d_em
792 5434 937 5510 cod.,
970 5430 1283 5510 erangélicds
1311 5448 1560 5501 veritates.

511 5503 591 5586 (Id)
621 5501 765 5586 Idem
796 5504 944 5586 cod.,
977 5501 1164 5586 inserit
1189 5516 1476 5571 custodiens
1506 5518 1837 5586 ﬁducialiter.

515 5568 584 5635 (c)
620 5568 762 5626 Idem
785 5568 939 5638 cod.,
965 5580 1207 5639 odjentes.

514 5642 585 5713 (1)
626 5640 767 5713 [dum
793 5648 935 5713 cod.,
967 5650 1404 5712 christianissime.

518 5706 595 5779 (gi
624 5709 765 5769 Idem
803 5706 947 5786 cod.,,
978 5736 1133 5776 unam
1167 5706 1453 5784 essentiam.

2134 4605 2519 4674 gnominatum,
2565 4606 2704 4661 sicut
2756 4606 3243 4678 Eutychianistam,
3300 4612 3574 4667 adversus
3618 4624 3729 4665 eam

2134 4709 2256 4749 cum
2285 4696 2398 4751 suis
2428 4698 2710 4753 latrantem
2741 4700 3083 4769 sequacibus.
3112 4701 3186 4756 Ita
3210 4717 3355 4772 ergo
3384 4718 3512 4759 cum
3543 4703 3637 4758 Dei
3654 4700 3730 4772 ju-

2134 4787 2349 4843 vamine
2389 4801 2603 4858 semper
2645 4791 2936 4859 sensimus,
2984 4801 3040 4847 et
3082 4793 3194 4862 jam
3249 4810 3405 4851 nunc
3455 4796 3733 4852 sentimus.

2133 4880 2474 4951 Quapropter
2525 4884 2665 4937 hanc
2711 4885 3133 4941 satisfactionem
3174 4895 3389 4942 vostrae
3445 4886 3735 4943 obtulimus

2135 4974 2322 5044 pietati
2356 4993 2368 5027 :
2400 4986 2455 5030 et
2492 4984 2551 5031 ut
2576 4976 2767 5047 jubere
2805 4976 3017 5048 dignata
3044 4988 3144 5045 est,
3191 4994 3304 5034 nos
3339 4981 3629 5052 proprium
3659 4979 3737 5033 in-

2133 5066 2430 5134 tellectum,
2465 5076 2520 5123 et
2555 5069 3001 5137 quemadmodum
3032 5070 3101 5127 de
3138 5086 3277 5127 sana
3325 5073 3443 5129 ﬁde
3482 5072 3737 5129 sentimus

2132 5172 2402 5230 exponere
2434 5177 2447 5213 :
2480 5160 2604 5230 quia
2630 5160 2843 5231 quidam
2886 5160 3143 5230 heretici,
3169 5162 3310 5219 dum
3342 5178 3509 5221 suam
3550 5162 3740 5220 malam

2196 5318 2279 5400 (In)
2306 5319 2360 5374 In
2384 5318 2573 5400 eodem
2603 5320 2724 5400 cod.
2757 5320 3106 5400 itaemendat
3126 5338 3330 5384 manus
3356 5328 3618 5400 antiqua;
3652 5324 3739 5381 sed

2124 5390 2273 5461 prior
2296 5399 2557 5461 posuerat
2579 5392 2893 5450 substantiis.

2202 5458 2264 5531 (i)
2293 5460 2434 5515 Idem
2459 5462 2608 5525 cod.,
2642 5465 2757 5518 Dei.

2198 5534 2273 5601 (j)
2311 5531 2365 5585 In
2392 5532 2578 5587 eodem
2603 5534 2723 5587 cod.
2750 5534 2902 5590 deest
2930 5544 2975 5589 et
3006 5536 3322 5593 secundum.

2200 5601 2452 5677 (1‘)]de
2481 5604 2626 5667 cod.,
2657 5607 2875 5674 genitrix
2906 5616 3082 5659 sancta
3112 5606 3300 5677 Virgo,
3333 5617 3453 5665 etc.

2200 5673 2232 5708 ³
2261 5673 2374 5727 IIoc
2410 5682 2493 5728 est
2522 5673 2849 5746 symbolum,
2882 5680 2965 5732 vel
2996 5673 3331 5735 doctrinam.
3372 5680 3560 5737 Hann.
