3998 6368
216 357 312 411 505

1408 334 1763 394 EPISTOLE
1805 333 1892 389 ΕΤ
1932 333 2273 390 DECRETA.

3367 331 3469 381 506

211 469 364 523 fidem
392 461 672 520 occultare
705 457 982 522 festinant,
1024 460 1260 509 nostram
1298 450 1352 505 in
1381 449 1599 504 Christo
1629 449 1788 504 liber-
1818 449 1868 510 Α
1972 446 2339 501 Benedicimus
2376 444 2655 498 Dominum
2705 441 2952 498 fraternae
2992 439 3227 495 caritatis
3261 437 3471 507 affectu,

209 568 370 615 tatem
399 567 456 613 et
486 559 692 612 rectam
733 551 891 607 fidem
931 549 1229 603 detrectare
1270 553 1550 599 conantur.
1578 542 1791 611 Suppli-

211 669 390 711 camus
444 651 607 719 igitur
662 655 899 702 vestram
950 638 1323 699 clementiam,
1378 635 1790 690 sollicitudinem

210 744 505 817 perfectam
540 742 595 795 in
620 737 980 792 Ecclesiarum
1010 729 1249 786 unitione
1269 736 1572 782 sanctarum
1595 724 1792 779 habere

211 837 448 899 debere;
477 842 537 888 ut
567 831 746 886 unitas
775 843 891 898 quae
918 841 1038 881 cum
1072 824 1164 878 Dei
1197 821 1660 890 fueritjuvamine,
1693 833 1792 872 nec

211 927 319 986 ullo
350 925 610 992 deinceps
653 917 958 974 rationabili
999 924 1090 970 aut
1117 911 1464 970 irrationabili
1497 909 1794 966 occasionis

212 1016 397 1072 fomite
445 1014 733 1084 inquietari
779 1026 881 1082 pax
927 1008 1117 1078 possit.
1161 1007 1298 1061 Deus
1341 1014 1520 1060 autem
1557 1002 1791 1059 omnium

212 1125 450 1169 vestrum
493 1111 644 1181 pium
681 1105 971 1176 adimpleat
1008 1101 1338 1159 desiderium
1369 1087 1424 1154 iri
1461 1097 1684 1169 gloriam
1712 1092 1793 1151 sui

214 1217 266 1264 et
289 1204 600 1276 reipublicae
628 1199 989 1268 disciplinam.

707 1289 1037 1348 EPISTOLA
1086 1284 1295 1342 LXXV.

477 1405 545 1442 AD
574 1401 811 1442 SY‘NODUH
843 1391 1524 1438 CONSTANTINOPOLITANAM.

372 1479 679 1535 Gratulatur
704 1474 1054 1547 Epiphaniam
1079 1469 1371 1542 pontiﬁcem
1399 1467 1632 1521 electum.

287 1569 573 1626 Bormisda
610 1567 818 1640 synodo
851 1561 1474 1631 Constantinopolitana.

288 1663 538 1717 Fratrem
594 1670 649 1715 et
699 1658 1075 1727 coepiscopum
1128 1664 1368 1709 nostrum
1419 1647 1795 1720 Epiphanium,

220 1753 360 1823 apud
385 1752 751 1808 felicissimam
775 1749 909 1822 (Deo
931 1745 1166 1817 favente)
1188 1739 1708 1812 Constantinopolim
1732 1739 1796 1792 ad

1895 537 2019 608 quia
2051 552 2156 591 non
2184 536 2356 590 solum
2388 534 2637 605 synodica
2666 535 2921 590 relatione
2951 531 3015 586 ad
3046 529 3399 587 sacerdotium
3425 539 3476 584 te

1896 629 2054 697 digne
2080 628 2387 697 pervenisse
2418 627 2790 696 cognovimus,
2824 624 2915 679 sed
2948 623 3097 678 factis
3123 627 3279 692 atque
3309 621 3476 675 mori-

1897 721 1999 776 bus
2028 719 2438 789 comprobamus
2461 736 2471 770 :
2497 727 2549 772 et
2577 720 2646 772 ita
2675 732 2735 773 se
2763 717 2935 771 meriti
2962 716 3033 769 lui
3057 713 3249 783 gradus
3279 711 3476 780 patefe-

1897 815 1972 869 cit
2001 814 2299 877 afTectibus,
2340 821 2392 865 ut
2423 821 2544 865 ante
2570 810 2795 866 fratrum
2834 819 2887 863 et
2921 808 3355 876 coepiscOporum
3383 819 3477 858 no-

1896 915 2128 960 strorum
2161 904 2523 959 testimonium
2553 910 2744 956 cuncta
2773 900 3131 954 crederemus.
3157 895 3306 962 Quod
3335 895 3476 949 enim

1899 999 1974 1053 illi
2013 1008 2066 1052 te
2104 999 2417 1068 promittunt
2463 1009 2620 1064 posse
2659 993 2836 1047 omnia
2882 1007 3059 1062 agere,
3101 1005 3198 1044 nos
3239 987 3478 1042 videmus

1900 1090 2182 1158 implesse;
2226 1098 2278 1143 et
2323 1097 2572 1157 tanquam
2609 1085 2734 1139 fidei
2773 1093 2876 1137 tuze
2911 1090 3119 1137 servata
3152 1078 3297 1148 pacis
3326 1077 3479 1132 fuerit
3555 1135 3559 1140 ν

1898 1184 2086 1251 gratia,
2121 1182 2197 1236 sic
2246 1180 2463 1235 unitatis
2501 1179 2759 1233 hactenus
2788 1176 2950 1230 dilata
2982 1182 3105 1227 sunt
3130 1180 3250 1225 vota
3279 1170 3477 1224 divina.
3556 1177 3561 1202 '-

1901 1273 2098 1328 Eorum
2137 1270 2588 1341 prmdestinationi
2619 1268 2855 1323 caritatis
2893 1278 2996 1319 tute
3031 1263 3348 1317 vocabulum
3377 1275 3479 1331 quo

1901 1365 2226 1433 nuncuparis
2261 1361 2507 1424 accessit,
2539 1361 2638 1415 sub
2665 1373 2769 1428 quo
2806 1357 2997 1428 spiritu
3026 1363 3315 1425 apparente
3349 1367 3478 1406 con-

1901 1453 2106 1517 cordia,
2138 1452 2332 1506 factum
2367 1464 2450 1505 est
2478 1459 2533 1504 ut
2558 1450 2800 1503 dicamus
2835 1465 2847 1499 :
2877 1446 3008 1499 Ecce
3045 1461 3197 1512 quam
3227 1446 3410 1496 bonum
3437 1450 3482 1495 et

1901 1560 2055 1614 quam
2071 1544 2362 1614 jucundum
2390 1541 2618 1594 habitare
2641 1545 2821 1610 fratres
2845 1538 2895 1591 in
2916 1553 3070 1590 unum
3092 1532 3260 1605 (Psal.
3282 1530 3481 1602 cum).

1903 1632 2240 1702 Quapropter
2270 1633 2320 1686 in
2345 1631 2558 1686 Christo
2587 1631 2812 1684 Domino
2844 1638 3025 1683 nostro
3060 1625 3344 1680 redilentes
3369 1621 3483 1678 offi-

1905 1723 1986 1777 cia
2015 1722 2371 1785 salutationis,
2403 1721 2675 1774 hortamur
2705 1729 2761 1773 ut
2788 1719 2910 1773 boni
2942 1717 3119 1786 operis
3144 1716 3352 1768 initium
3380 1713 3483 1768 Iau-

221 1805 462 1899 οἶηοίυω
492 1843 729 1898 muneris
756 1805 1107 1895 s‘acerdomns
1136 1805 1472 1904 έεευηιριυιη
1494 1831 1802 1901 pervenisse
1831 1819 1879 1880 B
1904 1812 2079 1867 dabile
2099 1813 2371 1866 continuet
2393 1809 2716 1874 institutum,
2740 1807 3028 1862 secundum
3052 1814 3288 1859 sanctum
3315 1805 3482 1857 Evan-

221 1936 289 1991 ad
313 1951 436 2001 nos,
466 1933 799 1990 fraternitate
822 1939 994 1986 vestra
1024 1927 1315 1993 referente,
1341 1925 1653 1995 gaudemus,
1679 1922 1800 1990 quia

217 2030 428 2098 gratius
473 2024 869 2096 quodammodo
915 2020 1275 2088 suscipiuntur
1315 2016 1532 2077 indicia,
1579 2029 1696 2082 quae
1730 2012 1803 2065 si-

219 2119 558 2190 gnificaverit
577 2126 752 2172 amata
777 2128 1024 2184 persona,
1053 2122 1106 2167 et
1129 2120 1274 2164 lauto
1302 2109 1473 2178 majus
1494 2121 1591 2176 pro
1621 2113 1804 2160 aucto-

218 2210 383 2265 ritate
415 2209 586 2262 nuntii
626 2206 864 2260 nascitur
885 2203 1158 2273 gaudium,
1191 2209 1391 2270 quanto
1422 2213 1528 2251 non
1559 2205 1636 2252 est
1662 2195 1802 2266 quod

216 2301 287 2356 de
311 2301 619 2356 testimonio
653 2298 973 2367 disputetur.
1004 2294 1094 2349 Sic
1122 2301 1240 2347 erat
1286 2304 1601 2358 congruum,
1642 2290 1806 2341 caris-

216 2392 347 2448 simi
376 2391 553 2455 uobis,
594 2389 670 2444 sic
699 2404 758 2443 se
802 2388 944 2442 circa
977 2385 1280 2456 proximum
1313 2380 1616 2452 patefacere
1646 2378 1806 2433 dece-

216 2489 310 2543 bat
345 2485 615 2548 affectum,
651 2492 706 2536 ut
753 2497 847 2551 per
873 2495 967 2533 vos
1009 2478 1124 2533 sedi
1170 2475 1476 2546 apostolicae
1508 2475 1807 2528 innotescat

215 2576 367 2650 quod
391 2575 632 2630 moribus
654 2581 707 2628 et
728 2570 1012 2627 sanctitate
1036 2568 1294 2637 fulgeret;
1319 2565 1458 2636 quod
1484 2579 1651 2633 usque
1672 2562 1806 2618 adeo

213 2684 276 2725 se
304 2665 546 2722 omnium
574 2664 730 2718 bonis
763 2664 923 2731 (sicut
955 2670 1008 2716 et
1037 2675 1131 2715 vos
1153 2656 1415 2727 asseritis)
1441 2655 1628 2710 imbuit
1655 2655 1807 2708 insti-

213 2761 378 2826 tutis,
421 2768 482 2814 ut
516 2772 620 2812 non
649 2756 720 2810 sit
750 2754 939 2808 fortius
987 2753 1192 2808 meritis
1223 2749 1610 2816 testimonium,
1647 2762 1805 2818 quam

211 2853 271 2907 in
298 2850 564 2904 honorem
591 2844 884 2901 sacerdotis
911 2843 1194 2899 adscitum.
1226 2841 1366 2910 Quid
1390 2850 1472 2896 est
1501 2842 1641 2896 enim
1665 2838 1804 2909 quod

213 2945 282 2998 de
306 2953 382 2997 eo
411 2941 675 2994 habeatur
699 2936 1026 3006 ambiguum,
1072 2937 1122 2988 in
1153 2949 1258 3005 quo
1283 2935 1350 2989 de
1383 2932 1539 2988 bonis
1570 2932 1808 2986 moribus

215 3036 323 3092 sub
381 3031 699 3104 probatione
734 3029 886 3083 factae
941 3026 1239 3083 concordiae
1287 3031 1650 3096 praesuscepta
1685 3031 1810 3076 sunt

215 3126 426 3182 divina.
473 3125 811 3193 Quapropter
856 3121 1030 3176 facitis
1075 3127 1284 3187 sancte,
1314 3118 1487 3173 facitis
1531 3115 1805 3186 religiose,

1903 1905 2120 1974 gelium,
2150 1918 2253 1971 quo
2283 1917 2562 1957 monemur
2590 1918 2603 1954 :
2633 1902 2731 1967 Qui
2756 1899 3142 1970 perseveraverit
3172 1898 3223 1949 in
3255 1897 3374 1964 ﬁne,
3404 1895 3483 1949 hic

1901 1997 2069 2051 salvus
2110 1997 2202 2048 erit
2251 1993 2464 2065 (Matth.
2508 1992 2585 2060 x).
2633 1988 3001 2044 Adhortamini
3036 1987 3194 2058 igitur
3229 1985 3480 2054 reliquos,

1903 2086 2124 2140 iuvitate
2157 2085 2395 2147 monitis,
2430 2079 2664 2150 colligite
2697 2077 3072 2134 blandimentis
3105 2093 3119 2129 :
3151 2076 3272 2145 quia
3302 2075 3481 2128 talenti

1903 2179 2092 2233 crediti
2130 2175 2472 2245 multiplicata
2508 2173 2822 2244 compendia
2849 2171 3105 2226 sacrificia
3138 2179 3260 2225 sunt
3284 2169 3482 2224 divina.

1906 2269 2171 2323 Prazterea
2195 2266 2501 2336 gratissime
2528 2263 2746 2318 tulimus
2770 2262 2909 2333 quod
2933 2262 3120 2316 Joanni
3150 2260 3297 2315 fratri
3317 2269 3371 2315 et
3397 2272 3489 2314 co-

1906 2363 2157 2430 episcopo
2180 2366 2384 2419 nostro,
2410 2371 2613 2412 necnon
2637 2355 2956 2411 Heracliano
2979 2352 3311 2422 presbytero,
3329 2359 3490 2418 atque

1906 2452 2254 2508 Constantino
2303 2449 2424 2503 filiis
2473 2448 2672 2503 nostris
2716 2445 3055 2502 internuntiis
3096 2442 3486 2513 promotionem

1906 2543 2144 2599 caritatis
2165 2551 2265 2595 tua:
2286 2541 2653 2610 cognovimus,
2677 2555 2780 2608 qua
2804 2552 2924 2594 esse
2945 2536 3142 2606 aliquid
3159 2535 3366 2589 dulcius
3384 2547 3490 2587 non

1907 2642 2174 2705 putamus.
2206 2632 2275 2685 Et
2295 2646 2414 2686 cum
2448 2640 2499 2685 te
2542 2629 2776 2699 praedicti
2811 2628 2934 2694 viri,
2977 2629 3076 2681 etsi
3108 2640 3206 2695 pro
3236 2622 3490 2694 obsequio

1908 2733 2157 2794 suscepto
2176 2723 2431 2787 facerent,
2454 2735 2559 2776 non
2586 2731 2788 2775 tantum
2816 2721 3020 2774 ratione
3037 2718 3332 2784 laudarent,
3351 2715 3490 2772 beati

1909 2819 2146 2873 omnium
2180 2830 2388 2877 sumus,
2418 2813 2559 2884 quod
2598 2815 2770 2884 dignae
2813 2813 2890 2867 rei
2938 2813 3152 2867 nuntius
3188 2811 3386 2866 relator
3412 2808 3490 2863 di-

1907 2924 2044 2980 gnus
2090 2907 2362 2972 exstabat,
2405 2916 2460 2958 ut
2504 2905 2596 2959 tibi
2647 2905 3043 2960 absolutissime
3087 2902 3154 2956 de
3198 2903 3491 2971 legatorum

1910 3002 2115 3057 meritis
2142 3001 2383 3071 probatio
2411 2999 2730 3054 sithonoris.
2761 2996 2921 3051 Manu
2944 3012 3090 3068 papa:
3112 3013 3128 3048 :
3150 2995 3490 3064 Suscepimus

1908 3093 2130 3149 calicem
2159 3107 2378 3147 aureum
2422 3101 2766 3159 geminatum,
2801 3098 3044 3157 patenam
3081 3095 3409 3156 argenteam,
3438 3096 3491 3144 et

215 3218 400 3273 facitis
451 3217 557 3285 pie,
594 3178 738 3284 quod
780 3213 991 3267 veritati
1024 3211 1388 3266 testimonium
1431 3178 1662 3263 libenter
1706 3178 1804 3261 im;
1831 3188 1879 3252 Ο
1910 3186 2074 3285 δξίξηη
2104 3185 2332 3285 Calig":
2354 3190 2773 3285 πβεηῑθυπητξί
2801 3181 2918 3285 “ila
2949 3179 3054 3234 δυο
3083 3179 3377 3282 πηίηίεξετίο
3403 3178 3492 3234 ba“

216 3309 480 3380 penditis,
513 3305 658 3375 quod
699 3304 972 3374 premium
1011 3303 1150 3358 bene
1195 3302 1402 3356 meritis
1435 3315 1541 3354 non
1578 3300 1802 3368 negatis.

217 3401 356 3469 Quia
383 3399 527 3453 idem
557 3411 712 3450 error
739 3405 823 3451 est
866 3405 1044 3450 tacere
1080 3393 1387 3457 veritatem,
1430 3392 1519 3462 qui
1551 3399 1633 3445 est
1663 3387 1809 3443 falsis

217 3492 518 3554 assistere;
558 3499 613 3544 et
643 3488 831 3543 eadem
863 3488 1119 3557 injustitia
1161 3495 1246 3542 est
1287 3486 1332 3540 si
1380 3492 1602 3554 negetur
1638 3481 1811 3536 honor

220 3583 471 3639 moribus
515 3581 750 3650 placitis,
797 3595 916 3649 qua:
956 3590 1038 3635 est
1089 3580 1134 3633 si
1180 3577 1509 3633 concedatur
1554 3575 1805 3645 indignis.

218 3674 437 3731 Certum
486 3683 589 3737 est,
633 3671 1006 3736 amantissimi,
1060 3669 1368 3740 participari
1413 3682 1510 3722 vos
1551 3682 1671 3721 cum
1723 3680 1810 3719 sa-

218 3765 461 3821 cerdotis
508 3762 756 3817 laudibus
789 3760 1068 3824 intimatis,
1114 3762 1239 3830 quia
1270 3759 1416 3812 omni
1458 3754 1808 3812 fraternitatis

219 3867 414 3914 vestrae
459 3855 638 3910 ordini
686 3854 1084 3917 transcribitur,
1127 3851 1267 3922 quod
1300 3852 1351 3905 in
1383 3866 1510 3914 uno,
1554 3864 1710 3918 quem
1741 3863 1808 3903 ex

218 3949 372 4003 vobis
399 3946 666 4015 elegistis,
689 3959 809 3999 esse
841 3943 1109 3998 laudatur.
1137 3943 1282 3996 Deus
1305 3943 1648 4010 omnipotens
1680 3937 1806 3993 fidei

219 4053 328 4094 suae
371 4053 565 4108 pacem
596 4039 696 4092 sub
725 4037 1077 4106 perpetuitate
1120 4049 1447 4090 conservans
1490 4034 1805 4088 electionem

219 4132 725 4200 ordinationemque
773 4138 1027 4193 vestram,
1067 4143 1225 4197 quam
1267 4126 1641 4181 insinuandam
1690 4123 1807 4179 sedi

223 4223 544 4291 apostolicae
603 4235 697 4290 per
745 4219 1006 4274 Joannem
1058 4218 1273 4271 fratrem
1323 4226 1377 4272 et
1433 4218 1835 4286 coepiscopum-

219 4325 497 4381 nostrum,
533 4327 632 4368 nec
663 4327 766 4366 non
797 4321 853 4365 et
893 4310 1268 4364 Heraclianum
1297 4309 1693 4379 presbyterum,
1726 4317 1809 4362 at-

221 4422 327 4475 que
355 4405 778 4461 Constantinum
816 4402 1102 4457 diaconum
1136 4402 1274 4456 filios
1312 4410 1528 4455 nostros
1557 4399 1811 4468 religiose

218 4500 557 4563 credidistis,
593 4505 736 4551 tanta
771 4495 1022 4550 firmitate
1062 4496 1351 4560 confortet,
1387 4495 1460 4547 ita
1489 4501 1544 4547 et
1568 4493 1807 4546 omnium

216 4591 649 4648 discordantium
697 4589 986 4644 luctamina
1021 4587 1276 4656 disjiciat,
1318 4588 1389 4640 ita
1430 4585 1799 4641 dissidentium

215 4683 380 4737 corda
431 4691 776 4750 compescat;
827 4691 882 4735 et
919 4679 1366 4749 quemadmodum
1415 4677 1515 4731 sub
1545 4677 1708 4731 fratre
1749 4685 1803 4732 et

215 4774 543 4843 coepiscopo
603 4782 790 4826 nostro
840 4771 1136 4840 Epiphanio
1186 4767 1568 4838 pacificationis
1620 4769 1804 4823 datum

216 4882 298 4925 est
331 4870 616 4935 indicium,
650 4866 978 4936 gratulemur
1005 4865 1274 4920 effectum.
1305 4865 1432 4918 Data
1461 4879 1530 4916 vit
1554 4862 1805 4918 calendas

214 4962 444 5030 Aprilis,
480 4959 699 5013 Valerio
739 4958 856 5012 viro
895 4957 1196 5012 clarissimo
1235 4954 1454 5010 consule
1497 4955 1661 5023 (anno
1694 4953 1804 5008 Do-

211 5054 351 5109 mini
377 5053 526 5121 511).

289 5145 450 5199 Gesta
474 5145 526 5197 in
553 5157 713 5198 causa
737 5141 1061 5197 Abundanlii
1087 5138 1323 5210 episcopi
1351 5137 1807 5209 Trajanopolitani

214 5238 268 5290 in
299 5236 502 5292 scrinio
530 5234 807 5288 habemus.

715 5345 1044 5402 EPISTULA
1085 5345 1319 5400 LXXVI.

300 5460 367 5497 AI
393 5456 715 5497 EPIPBANIUII
749 5455 1032 5494 EPISCOPUH
1058 5453 1734 5494 CONSTANTINOPOLITANUII.

223 5556 378 5623 Quod
415 5553 733 5626 quaﬁdecuit
779 5552 858 5605 via
904 5552 973 5604 ad
1014 5551 1351 5626 sacerdotith
1383 5552 1697 5626 pervenerit.
1743 5549 1808 5605 In

290 5622 480 5749 111159;“!
514 5625 754 5679 Ecclesia:
792 5625 1232 5693 perseverandum.
1261 5622 1327 5675 Et
1357 5624 1420 5676 de
1447 5623 1663 5694 acceptis
1692 5640 1808 5677 mu-

291 5715 402 5749 neri
439 5715 517 5749 us.

291 5715 517 5751 nerwus.

291 5789 579 5846 Hormisda
606 5787 904 5857 Epiphanio
925 5787 1178 5857 episcOpo
1202 5786 1806 5860 Constantinopolitano.

1911 3278 2075 3332 silicae
2113 3276 2252 3330 beati
2299 3275 2440 3330 Petri
2480 3272 2706 3343 apostoli
2748 3271 3045 3341 profutura,
3089 3283 3118 3324 a
3157 3269 3378 3324 caritate
3407 3277 3492 3326 tua

1910 3371 2136 3425 directa.
2173 3369 2301 3422 Data
2335 3373 2426 3422 viti
2459 3366 2709 3422 calendas
2736 3364 2956 3435 Aprilis,
2990 3363 3203 3421 Valerio
3229 3364 3348 3419 viro
3380 3363 3491 3418 cla-

1910 3465 2125 3519 rissimo
2150 3463 2370 3518 consule
2396 3461 2560 3531 (anno
2590 3460 2800 3515 Domini
2833 3457 2984 3531 521).

2541 3566 2876 3631 EPISTOLA

2346 3665 2609 3721 triten/tim
2648 3683 2713 3721 an
2750 3674 3071 3719 HOBIISDAI.

1913 3759 1985 3811 Ab
2016 3758 2356 3812 Orientalibus
2397 3758 2715 3838 imperatori.
2741 3773 2909 3824 preces
2955 3755 3149 3810 oblatas
3186 3772 3238 3811 se
3277 3757 3344 3810 ad
3383 3773 3494 3811 eum

2601 3843 2815 3880 ""81886.

1986 3940 2210 3994 Domino
2226 3953 2346 3997 meo
2364 3953 2458 4006 per
2478 3939 2656 3992 omnia
2681 3937 2895 3990 amabili
2922 3936 3032 3991 Deo
3053 3936 3495 4005 sanctissimeque

1912 4031 2059 4087 fratri
2090 4040 2145 4086 et
2171 4031 2645 4086 comministratori
2685 4029 2982 4085 Hormisdae
3027 4027 3354 4098 Epiphanius
3380 4028 3495 4098 epi-

1912 4139 2108 4193 sc0pus
2141 4123 2192 4177 in
2225 4123 2454 4177 Domino
2479 4122 2725 4177 salutem.

1985 4218 2248 4284 Quantam
2291 4216 2622 4270 alacritatem
2662 4224 2752 4269 aut
2785 4214 2943 4284 quale
2972 4213 3294 4269 desiderium
3324 4213 3494 4282 piissi-

1914 4323 2031 4361 mus
2061 4316 2116 4361 et
2141 4305 2631 4360 Christianissimus
2670 4307 2961 4374 imperator
2989 4320 3164 4359 caram
3208 4305 3495 4374 perfectam

1915 4402 2163 4456 unionem
2195 4400 2562 4453 universarum
2609 4398 2968 4453 Ecclesiarum
3015 4397 3227 4461 habeat,
3270 4411 3373 4449 non
3405 4411 3497 4449 vo-

1916 4493 2118 4545 luntate
2168 4499 2391 4556 tantum,
2439 4489 2530 4545 sed
2571 4490 2822 4557 Operibus
2861 4488 2990 4557 ipsis
3033 4487 3412 4555 habitantibus,
3444 4487 3496 4542 in

1915 4585 2015 4639 hac
2046 4582 2187 4652 regia
2219 4583 2370 4648 urbe,
2412 4593 2467 4636 et
2504 4592 2785 4650 antequam
2828 4580 2892 4634 ad
2935 4595 3156 4648 regnum
3188 4594 3217 4632 a
3250 4580 3358 4634 Deo
3397 4581 3495 4635 sibi

1913 4677 2093 4731 datum
2124 4675 2447 4744 perveniret,
2486 4673 2740 4728 ostendit.
2779 4672 3052 4728 Sanctitati
3093 4682 3269 4726 autem
3305 4682 3498 4729 vestrae

1914 4785 1976 4824 ex
2008 4769 2266 4824 correctis
2294 4767 2360 4821 ab
2385 4768 2535 4821 initio
2560 4767 2708 4836 regni
2738 4765 2876 4834 ejus,
2901 4774 2954 4821 et
2982 4780 3148 4836 usque
3185 4782 3325 4822 nunc
3354 4768 3499 4823 labo-

1913 4867 2060 4921 ribus
2087 4865 2316 4919 maxime
2347 4862 2722 4926 manifestavit,
2749 4877 2843 4931 per
2867 4876 3000 4930 quos
3021 4862 3199 4914 omnia
3222 4863 3498 4916 catholicae

1915 4956 2171 5012 Ecclesia:
2197 4955 2435 5010 membra
2467 4955 2515 5007 in
2548 4969 2707 5006 unum
2751 4952 2962 5007 Domini
2989 4962 3044 5006 et
3071 4953 3361 5008 Salvatoris
3396 4968 3494 5006 no-

1914 5050 2008 5103 stri
2039 5047 2165 5102 Jesu
2195 5045 2393 5101 Christi
2439 5059 2631 5114 corpus
2662 5059 2780 5098 cum
2819 5054 3066 5114 prompto
3105 5045 3290 5098 nititur
3318 5044 3498 5097 animo

1914 5138 2240 5208 conjungere
2271 5153 2284 5190 :
2311 5146 2363 5190 et
2389 5134 2514 5204 quid
2549 5150 2682 5203 opus
2707 5142 2790 5189 est
2817 5133 2998 5188 verbis
3029 5135 3105 5188 uti
3140 5134 3378 5202 prolixis,
3408 5133 3495 5200 qui

1914 5230 2076 5285 rebus
2107 5228 2253 5296 ipsis.
2287 5241 2594 5296 quanquam
2626 5241 2724 5279 nos
2759 5227 2870 5280 veri
2911 5235 3093 5286 testes.
3139 5227 3369 5279 existere
3411 5239 3498 5275 va-

1915 5322 2138 5376 leamus.
2184 5319 2353 5372 liabet
2386 5328 2559 5372 tamen
2592 5327 2645 5372 et
2674 5327 2846 5372 vestra
2879 5319 3132 5370 sanctitas
3160 5317 3494 5384 experimen-

1919 5424 2028 5468 tum
2059 5413 2198 5483 quod
2231 5420 2284 5466 et
2314 5427 2406 5479 per
2437 5413 2631 5480 scripta
2662 5411 2912 5481 cognovit
2938 5427 2950 5464 :
2973 5410 3252 5464 confirmat
3282 5405 3494 5475 quidem

1919 5506 2034 5561 hinc
2063 5505 2204 5576 quod
2237 5520 2379 5560 nunc
2408 5504 2636 5559 additur.
2667 5503 2796 5557 Nam
2827 5501 3039 5571 quidam
3071 5501 3156 5568 qui
3187 5498 3288 5553 sub
3311 5493 3514 5564 potenl

1917 5602 2122 5656 tissima
2154 5599 2268 5669 ejus
2299 5614 2458 5653 manu
2499 5609 2644 5661 sunt,
2691 5591 3205 5663 religiosissimorum
3248 5591 3512 5670 sacerdo-n

1920 5705 2029 5750 tum
2064 5711 2126 5748 ex
2159 5692 2507 5749 Orientalium
2540 5689 2764 5758 partium
2799 5683 3122 5754 regionibus,
3155 5698 3339 5753 preces
3369 5698 3490 5753 pur-

1922 5794 2197 5856 rexerunt,
2232 5785 2487 5842 docentes
2514 5782 2581 5837 de
2616 5781 2700 5836 his
2735 5793 2854 5851 qua:
2895 5776 3197 5833 voluerunt.
3245 5776 3357 5834 Nec
3399 5776 3500 5836 hoc
