3998 6368
454 626 468 683 l

493 365 594 420 507

1799 318 2199 424 sonuisse
2235 360 2441 445 eam

3659 366 3756 423 508

493 482 662 542 latere
687 493 918 542 vestram
957 483 1148 542 volens
1191 483 1550 549 sanctitatem,
1580 484 1717 542 bene
1755 483 2082 545 deliberavit
2104 482 2159 550 Α
2185 477 2326 533 filius
2349 485 2526 534 vester
2552 478 2812 550 regnavit,
2835 478 3180 553 cognoscitis.
3201 477 3262 534 In
3283 480 3535 549 praesenti
3555 495 3756 554 quoque

493 585 546 630 ut
578 575 714 646 quod
737 576 850 647 jam
878 575 1075 632 factum
1104 585 1188 634 est
1217 577 1270 631 in
1301 578 1552 647 praesenti
1588 577 1857 633 nuntiaret
1881 586 2077 634 vestrm

492 671 782 728 sanctitati.
809 669 974 725 Paulo
1007 678 1128 740 post
1153 670 1222 726 de
1247 686 1309 726 ea
1342 671 1424 728 bis
1450 672 1780 728 manifestius
1810 671 2076 742 signitice-

491 778 583 828 re;
618 773 694 831 ut,
726 764 996 819 communi
1031 765 1262 820 concilio
1307 766 1643 835 praecedente
1674 764 1936 830 omnium,
1969 763 2079 818 Do-

491 856 638 914 miuo
679 863 733 910 et
779 855 1050 914 Salvatori
1100 865 1282 912 nostro
1329 856 1458 914 Jesu
1501 857 1714 913 Christo
1752 871 1816 912 ea
1857 871 1975 926 qua:
2011 855 2080 912 ad

492 948 774 1004 utilitate
821 962 1158 1006 communem
1206 950 1554 1016 conveniunt,
1587 961 1640 1005 et
1677 949 1910 1021 undique
1954 960 2080 1006 sunt

491 1035 1010 1108 irreprehensibilia,
1035 1041 1316 1098 catholica:
1345 1042 1469 1099 fidei
1495 1043 1944 1111 correctionihus,
1967 1042 2080 1098 cla-

491 1143 727 1190 rescant.
764 1134 1077 1204 Opportune
1121 1137 1282 1207 igitur
1310 1137 1678 1194 existimantes
1707 1136 1958 1192 fraternis
1989 1137 2079 1194 lit-

493 1225 623 1280 teris
653 1235 886 1284 vestram
922 1229 1260 1286 sanctitatem
1297 1238 1354 1284 et
1381 1229 1674 1286 carissimis
1716 1229 1964 1300 alloquiis
1994 1246 2085 1286 roc-

494 1333 681 1389 gamus
723 1331 780 1376 ut
821 1322 998 1394 majus
1036 1332 1092 1377 et
1130 1323 1414 1379 instantius
1448 1339 1545 1392 pro
1572 1323 1815 1392 piissimo
1845 1324 2083 1392 principe

496 1424 682 1469 nostro
728 1415 968 1472 omnium
1019 1415 1301 1474 Dominum
1352 1418 1516 1473 Deum
1564 1433 1720 1473 orare
1763 1417 2080 1487 dignemini.

497 1505 722 1564 Omnem
755 1509 808 1564 in
833 1508 1046 1565 Christo
1082 1509 1470 1568 fraternitatem
1495 1527 1618 1582 qua:
1645 1527 1766 1567 cum
1797 1518 1971 1567 vestra
1999 1519 2084 1569 est

496 1602 779 1658 sanctitate
817 1617 918 1671 ego
945 1618 1156 1673 quoque
1185 1614 1239 1659 et
1283 1604 1386 1659 mei
1435 1604 1719 1673 plurimum
1765 1604 2081 1658 salutamus.

496 1690 617 1746 Atia
644 1710 818 1748 manu.
842 1694 1128 1750 Incolumis
1151 1697 1201 1750 in
1231 1695 1459 1752 Domino
1485 1711 1580 1752 ora
1611 1710 1707 1767 pro
1735 1697 1910 1765 nobis,
1935 1710 2082 1753 ama-

497 1782 622 1840 bilis
641 1786 752 1842 Deo
772 1795 826 1842 et
847 1788 1186 1844 sanctissime
1215 1798 1384 1856 pater.

1141 1884 1439 1940 RELATIO

689 1990 957 2031 IHPHAIII
986 1991 1217 2033 EPISCOPI
1247 1993 1883 2036 CONITANTINOPOIJ'I‘ANI.

859 2065 1072 2122 Paulini
1099 2070 1496 2125 sollicitudinem
1528 2072 1723 2125 laudat.

574 2156 804 2212 Domino
829 2175 950 2215 meo
983 2177 1077 2230 per
1103 2163 1281 2217 omnia
1324 2164 1539 2219 amabili
1572 2165 1682 2218 Deo
1719 2163 2086 2220 sanctissimo-

499 2261 605 2316 qnc
647 2247 796 2304 fratri
825 2262 876 2305 et
909 2253 1381 2310 comministratori
1412 2255 1708 2312 Hormisda
1752 2256 2086 2327 Epiphanius

498 2338 554 2394 in
586 2339 812 2396 Domino
839 2344 1088 2402 salutem.

574 2430 827 2489 Paulinus
853 2444 1046 2491 vestrm
1077 2438 1221 2493 sedis
1249 2439 1522 2509 defensor,
1556 2441 1643 2512 qui
1672 2449 1905 2497 vestram
1935 2451 2086 2497 retu-

501 2522 563 2578 lit
604 2525 910 2594 epistolam,
961 2537 1256 2600 vestraque
1297 2533 1596 2589 sanctitatis
1632 2534 1880 2590 virtutem
1926 2535 1980 2590 in
2027 2548 2088 2590 sc

501 2616 811 2684 ostendens,
844 2633 965 2674 cum
1003 2621 1198 2691 gaudio
1228 2622 1503 2680 nobiscum
1533 2634 1902 2690 conversatus,
1933 2639 2086 2680 suam

501 2705 918 2764 sollicitudinem
944 2713 1318 2769 communibus
1347 2716 1592 2772 consiliis
1615 2717 1930 2790 actibusque
1957 2735 2088 2775 con-

501 2794 642 2852 tulit.
674 2797 780 2854 Sed
810 2803 1063 2871 quoniam
1091 2805 1158 2860 ad
1191 2821 1285 2861 vos
1313 2807 1652 2865 festinantem
1679 2826 1785 2865 non
1807 2811 2089 2880 oportebat

500 2904 622 2944 eum
655 2892 944 2961 prolixiore
970 2905 1208 2967 tempore
1233 2903 1512 2968 remorari,
1541 2902 1770 2972 ideoque
1798 2905 2087 2974 reciprocis

501 2982 835 3055 alloquentes
873 2999 1106 3046 vestram
1155 2995 1514 3061 sanctitatem,
1556 2997 1761 3067 protegi
1805 2997 2084 3066 prmfatum

498 3075 671 3130 virum
707 3085 764 3132 et
801 3081 967 3135 nostri
995 3081 1214 3152 dignum
1243 3086 1441 3140 amoris
1473 3084 1684 3141 fidelem
1719 3103 1930 3142 servum
1959 3088 2087 3144 sub-

498 3166 776 3280 sistentem
820 3174 1278 3230 commendamus.
1330 3177 1444 3232 Erit
1481 3186 1662 3235 autem
1698 3179 1765 3234 de
1796 3180 1879 3235 his
1906 3196 2024 3250 quae
2054 3196 2084 3235 a
2111 3215 2158 3280 Ο

500 3260 654 3316 nobis
695 3270 845 3333 gesta
890 3274 1013 3320 sunt
1045 3282 1144 3336 pro
1171 3278 1352 3325 vestro
1381 3272 1583 3339 animo,
1615 3283 1668 3328 et
1697 3274 1838 3329 circa
1871 3285 2082 3330 sanctas

499 3351 771 3411 Ecclesiae
790 3357 1200 3417 sollicitudinem
1222 3379 1379 3428 quam
1405 3366 1662 3436 gerimus,
1684 3366 1906 3437 vigilare
1927 3366 2081 3423 nobis

500 3443 692 3514 dignus
724 3446 828 3503 fide
855 3460 1156 3508 enarrator.
1201 3454 1333 3510 Nam
1377 3471 1475 3512 nos
1512 3458 1844 3514 orationibus
1889 3468 2083 3516 vestra:

500 3536 817 3603 sanctitatis,
862 3548 923 3594 ut
965 3546 1263 3604 naturalem
1293 3547 1584 3607 bonitatem
1617 3550 1773 3619 hujus
1801 3551 1878 3606 rei
1909 3553 2081 3622 respi-

500 3627 735 3695 cientes,
765 3630 1231 3702 vigilantissimutu
1276 3640 1560 3699 habentem
1590 3644 1824 3699 studium
1843 3686 1857 3708 ,
1889 3653 1944 3701 et
1975 3645 2082 3700 Deo

501 3731 826 3788 cooperante
851 3723 904 3780 in
928 3725 1174 3794 plurimis
1201 3731 1422 3787 verbum
1449 3735 1633 3804 gratis
1655 3734 1947 3791 decurrens
1968 3736 2085 3791 sine

500 3805 673 3878 aliqua
716 3811 1030 3870 obsistentia
1060 3818 1127 3872 ad
1166 3819 1416 3877 eﬂ'cctum
1464 3834 1703 3880 nostrum
1742 3826 1889 3883 ducit
1920 3835 1974 3882 et
2002 3827 2084 3880 in-

502 3899 813 3958 tentionem.
844 3904 952 3964 Sed
973 3909 1100 3976 quia
1126 3909 1472 3970 difﬁcultates
1500 3917 1692 3987 aliquae
1717 3926 2080 3984 accesserunt,

498 3989 882 4060 subernatioue
908 4001 1094 4070 utique
1119 4010 1176 4059 et
1205 4004 1357 4062 inniti
1386 4005 1740 4077 dispositione
1767 4024 1831 4064 ea
1857 4025 1975 4080 quae
1999 4011 2088 4066 hic

499 4094 745 4139 movetur
775 4099 1005 4157 oportet,
1036 4102 1086 4147 et
1111 4107 1482 4166 competenter
1509 4102 1726 4171 exponi,
1757 4103 1896 4158 sicut
1917 4111 1973 4157 et
1997 4119 2088 4159 ve-

500 4183 612 4230 stra
636 4183 914 4248 cognoscit
946 4198 1113 4254 super
1139 4191 1321 4246 omnia
1348 4195 1622 4250 sanctitas.
1650 4197 1714 4251 Et
1740 4198 2089 4266 quemadmo-

501 4268 630 4326 dum
654 4282 869 4343 oportet
897 4292 992 4334 eos
1019 4281 1110 4350 qui
1140 4283 1234 4339 Dei
1263 4301 1454 4357 greges
1489 4304 1710 4357 pascere
1751 4292 1925 4347 sortiti
1963 4302 2089 4347 sunt

502 4361 746 4452 universa
794 4367 861 4422 ad
909 4368 1133 4438 gloriam
1185 4373 1280 4432 Dei
1319 4385 1373 4432 et
1418 4392 1576 4448 agere
1616 4389 1669 4435 et
1706 4382 1904 4449 moliri,
1935 4398 2085 4452 spem

502 4448 687 4508 salutis
724 4453 779 4510 in
806 4471 929 4513 eum
963 4461 1224 4522 habentes
1256 4483 1270 4520 :
1301 4477 1357 4524 et
1383 4470 1520 4524 sicut
1547 4473 1805 4542 scriptum
1836 4448 1919 4528 est
1949 4448 2089 4529 {Di-

503 4542 770 4638 ligentius
815 4550 977 4608 Deum
1018 4559 1192 4613 omnia
1234 4574 1576 4631 cooperantur
1609 4567 1662 4619 in
1690 4567 1876 4622 bonum
1904 4569 2083 4638 (Rom.

503 4634 647 4730 vin).
681 4637 754 4692 Ea
783 4643 927 4698 enim
955 4661 1076 4716 qua
1104 4649 1254 4707 vobis
1285 4644 1566 4723 placeant,"
1585 4657 1723 4713 sicut
1750 4634 1952 4716 dictum
1981 4671 2085 4730 est,

505 4727 707 4783 sentire
725 4746 943 4805 quoque
961 4749 1017 4795 et
1041 4756 1200 4812 agere
1221 4745 1461 4817 nitimur,
1480 4751 1837 4809 sanctissime.
1859 4727 2084 4812 Omnem

506 4818 558 4874 in
589 4818 804 4880 Christo
834 4827 1244 4903 fraternitatem,
1273 4855 1395 4909 quae
1418 4856 1539 4898 cum
1570 4854 1745 4900 vestra
1779 4855 1865 4903 est
1891 4849 2088 4904 sancti.

505 4919 635 4984 tate,
664 4930 766 4988 ego
787 4935 1000 4992 quoque
1024 4936 1079 4980 et
1106 4929 1212 4984 mei
1251 4932 1535 5000 plurimum
1565 4938 1874 4995 salutamus.

898 5013 1276 5079 EXEMPLUM
1331 5024 1686 5084 EPISTOLE

691 5115 983 5162 JUI’I‘INMNI
1013 5124 1119 5165 VIII
1146 5126 1442 5170 CLAIISIII
1470 5135 1536 5171 AD
1567 5135 1890 5177 ηοιιιιηοη.

508 5187 641 5246 Prtit
672 5202 728 5249 ut
763 5213 857 5266 pro
886 5197 1230 5280 Ecclesiaruut
1258 5210 1447 5264 unione
1472 5212 1687 5280 laboret,
1716 5225 1765 5269 et
1793 5218 1887 5270 sibi
1919 5219 1991 5271 ad
2025 5233 2088 5272 ca

746 5271 1048 5338 responth
1065 5292 1182 5346 qua:
1206 5295 1298 5348 per
1325 5283 1517 5353 legatos
1545 5271 1838 5354 scripserat.

576 5353 808 5415 Domino
839 5361 1147 5424 beatissimo
1175 5379 1333 5442 atque
1357 5376 1656 5444 apostolico
1681 5379 1816 5448 patri
1844 5380 2087 5440 Hormia-

509 5444 588 5501 ἁτε
626 5465 776 5521 papa:
811 5455 956 5511 urbis
988 5457 1173 5517 Romae
1202 5463 1560 5524 luetinianus.

575 5537 781 5606 Quanta
826 5553 1127 5608 reverentia
1169 5564 1400 5612 vestram
1446 5559 1828 5618 beatitudinem
1867 5578 2094 5621 venere-

511 5639 647 5692 mur,
677 5636 857 5692 multis
883 5641 1147 5710 epistolis,
1174 5659 1238 5702 ex
1272 5663 1378 5719 quo
1401 5651 1781 5709 serenissimus
1801 5654 2094 5725 imperator
2155 5654 2160 5658 “

675 5743 1042 5885 ᾗάίιὴὲῗωη
1069 5761 1493 5818 uenerandarum.

2179 573 2359 628 debito
2387 570 2590 640 pudore
2619 574 2915 629 salutantes
2947 580 3086 632 tuam
3126 571 3486 638 sanctitatem,
3527 575 3757 645 postula-

2180 682 2300 724 mus
2342 667 2552 724 enisius
2599 677 2656 726 ut
2693 666 2924 726 assiduis
2956 667 3205 739 precibus
3236 674 3291 721 et
3319 666 3757 736 frequentissimis

2181 760 2517 816 orationibus
2565 775 2660 830 pro
2703 759 2990 816 concordia
3022 759 3272 814 Iaborctis
3301 759 3660 816 Ecclesiarum
3690 763 3758 833 (a)

2181 862 2506 922 vestrarum,
2535 853 2794 924 uobisque
2822 853 2984 926 (sicut
3020 867 3114 922 per
3145 853 3347 923 legatos
3375 853 3533 907 etiam
3563 865 3760 912 vestros

2183 956 2303 1015 post
2324 944 2502 1003 omnia
2531 942 2866 1015 scripsimus)
2897 953 3002 999 tam
3041 943 3108 999 de
3137 958 3386 1000 sermone
3417 944 3484 1000 de
3509 960 3615 1015 quo
3647 960 3760 1000 ver-

2185 1037 2312 1093 titur
2339 1036 2728 1103 controversia,
2762 1050 2919 1106 quam
2949 1036 3016 1089 de
3056 1035 3358 1093 nominibus
3396 1037 3761 1106 episcoporum

2182 1131 2282 1184 sub
2316 1130 2512 1186 Acacio
2538 1128 2935 1191 defunctorum,
2971 1144 3064 1197 per
3095 1128 3375 1198 Eulogium
3408 1129 3578 1182 virum
3607 1129 3762 1184 subli-

2183 1238 2324 1278 mem
2353 1222 2624 1277 tribunum
2659 1232 2712 1276 et
2750 1221 3015 1277 notarium
3045 1221 3291 1292 dignetur
3330 1221 3654 1289 apostolatus
3683 1237 3763 1276 ve-

2182 1326 2293 1370 ster
2332 1317 2595 1386 integrum
2632 1315 3096 1383 indubitatumqtte
3123 1314 3392 1368 destinare
3422 1328 3762 1382 responsum;

2183 1411 2431 1465 omnibus
2482 1410 2736 1466 videlicet
2780 1425 2899 1481 qua:
2947 1408 3298 1477 praesentibus
3353 1407 3536 1479 legatis
3579 1408 3764 1462 vestris

2182 1505 2423 1558 ordinata
2468 1512 2593 1558 sunt
2638 1504 2690 1558 in
2750 1512 3007 1575 perpetuo
3061 1501 3288 1556 firmiter
3337 1499 3628 1553 duraturis.
3683 1499 3764 1554 Vir

2183 1610 2413 1663 namque
2441 1594 2724 1666 religiosus
2768 1592 3004 1647 Joannes
3049 1593 3349 1660 episcopus,
3383 1588 3474 1658 qui
3515 1598 3765 1672 ventur-us

2183 1697 2266 1743 est
2310 1687 2573 1750 Romam,
2619 1684 2891 1740 detinetur
2935 1680 3247 1752 aegritudine
3293 1678 3555 1748 corporali
3594 1696 3607 1731 :
3641 1677 3765 1734 nihil

2180 1780 2326 1834 enim
2375 1775 2625 1847 prohibet
2667 1785 2791 1829 ante
2831 1773 2950 1844 ejus
2979 1787 3190 1843 quoque
3223 1771 3508 1825 adventum
3550 1779 3768 1828 concor:

2107 1846 2329 1924 Bdiam
2374 1846 2691 1938 pratvenire,
2739 1865 2944 1922 sublata
2997 1864 3331 1920 dubitatione
3381 1864 3681 1935 religionis,
3720 1874 3768 1922 et

2189 1976 2312 2016 eum
2345 1971 2522 2016 tamen
2566 1975 2688 2014 mox
2733 1957 3062 2012 dimittemus
3091 1955 3302 2010 favente
3327 1954 3624 2019 divinitate,
3651 1955 3770 2022 quia

2181 2049 2291 2119 jam
2333 2049 2525 2104 melius
2570 2047 2730 2101 habet
2762 2043 3055 2116 :‘quoniam
3100 2060 3199 2099 nec
3237 2043 3473 2098 difficilia
3505 2051 3631 2097 sunt
3659 2057 3770 2111 qua:

2186 2139 2491 2198 ceciderunt
2526 2140 2576 2192 in
2608 2137 3043 2208 ambiguitatem;
3075 2151 3170 2190 nec
3194 2135 3628 2204 expeditdiutius
3651 2150 3772 2188 cau-

2186 2243 2300 2284 sam
2331 2229 2453 2283 vitm
2483 2227 2720 2299 protrahi
2752 2227 3116 2294 sempiternae,
3147 2241 3213 2278 ne
3246 2223 3422 2278 dilatis
3446 2225 3771 2294 temporibus

2187 2320 2384 2392 aliquid
2409 2331 2656 2376 nascatur
2684 2319 2959 2374 incertius.
2984 2316 3318 2373 Etcrnitatis
3348 2318 3508 2388 igitur
3527 2333 3773 2387 superna:

2189 2411 2560 2480 tremendique
2597 2409 2785 2481 judicii
2819 2424 2926 2462 non
2960 2409 3242 2463 immemor
3285 2409 3539 2462 sanctitas
3575 2419 3771 2475 vestra,

2187 2517 2304 2572 quae
2336 2501 2438 2556 sibi
2475 2501 2760 2556 commissa
2797 2507 2920 2554 sunt
2967 2499 3220 2555 efficacia:
3260 2499 3395 2553 tradi
3431 2499 3773 2570 deproperet,

2189 2604 2245 2647 ut
2276 2593 2577 2664 intelligant
2613 2592 2786 2647 cuncti
2835 2602 2977 2646 reete
3011 2607 3107 2646 vos
3146 2590 3451 2661 apostolicae
3481 2592 3632 2650 sedis
3662 2606 3776 2649 esse

2189 2685 2474 2752 primatum
2497 2682 2738 2739 sortitos.
2755 2681 2878 2736 Haec
2899 2682 3056 2752 igitur
3077 2697 3194 2752 qua:
3222 2682 3527 2738 scribuntur
3542 2699 3571 2738 a
3591 2684 3670 2756 (ὁ)
3688 2699 3776 2740 non

2189 2776 2269 2830 bis
2290 2775 2482 2830 affectu
2506 2782 2728 2844 paterno
2745 2774 2927 2844 jubete
2943 2773 3260 2844 quantocius
3288 2773 3587 2844 adimpleri.
3618 2775 3777 2830 Scitis

2189 2881 2416 2937 namque
2444 2880 2601 2935 quam
2632 2865 2702 2921 sit
2743 2864 3071 2919 admirabilis
3101 2864 3281 2934 gloria:
3319 2874 3585 2920 tantorum
3631 2880 3777 2922 erro-

2188 2976 2275 3016 res
2322 2973 2584 3014 annorum
2634 2957 2797 3012 vestri
2853 2955 3191 3030 pontificatus
3245 2965 3486 3028 tempore
3533 2957 3778 3028 stirpitus

2189 3052 2407 3108 aboleri.

2598 3138 2972 3195 EXEMPLUM
3013 3137 3371 3196 EPISTOLA‘I

2539 3248 2824 3288 JUSTINIANI
2854 3246 2965 3286 C08.
3001 3248 3066 3286 AD
3098 3246 3415 3285 IlORIfISDAIf.

2190 3325 2499 3395 Conﬁtentur
2520 3323 2776 3378 Christum
2807 3321 3076 3395 Dominum
3101 3336 3231 3395 recte
3263 3337 3418 3374 unum
3445 3324 3495 3395 in
3524 3321 3778 3375 Trinitate

2259 3388 2381 3462 dici,
2411 3413 2550 3449 serus
2577 3411 2733 3448 unum
2765 3411 2826 3448 ea:
2853 3388 3122 3446 Trinitatr.
3157 3391 3223 3445 1η
3254 3393 3541 3445 nominibus
3581 3395 3780 3462 episco-

2257 3483 2440 3538 porum
2467 3466 2774 3520 damnandis
2796 3481 2897 3518 non
2926 3468 2997 3517 ita
3019 3479 3187 3518 severe
3214 3464 3487 3534 agendum.

2260 3561 2488 3616 Domino
2518 3560 2637 3614 viro
2667 3558 2975 3612 beatissimo
3006 3565 3295 3625 sanctoque
3317 3557 3450 3624 patri
3474 3554 3783 3612 Hormisda

2188 3653 2334 3707 urbis
2370 3653 2552 3706 Romae
2584 3649 2820 3718 pontifici
2849 3647 3182 3703 Justinianus
3206 3647 3354 3701 'cos.

2264 3743 2531 3810 Quantam
2556 3740 2952 3794 venerationem
2976 3737 3245 3806 religionis
3266 3736 3580 3804 habeamus,
3603 3751 3787 3807 quam-

2190 3846 2294 3902 que
2323 3830 2539 3885 solliciti
2581 3844 2793 3898 semper
2829 3828 3083 3883 fuerimus
3116 3835 3329 3896 propter
3359 3826 3627 3883 uniendas
3661 3842 3786 3884 san-

2189 3935 2305 3978 ctas
2351 3923 2637 3988 Ecclesias,
2680 3922 2834 3976 testis
2876 3930 2962 3975 est
3003 3934 3216 3989 quoque
3255 3927 3432 3974 vestra
3481 3918 3785 3975 beatitudo.

2190 4015 2479 4085 Postquam
2535 4013 2775 4084 regnavit
2826 4014 2968 4067 enim
3015 4011 3266 4066 dominus
3317 4018 3502 4065 noster
3545 4009 3792 4081 inclytus

2190 4107 2507 4176 imperator,
2536 4121 2631 4175 per
2651 4118 2841 4159 omnes
2864 4104 2933 4158 ad
2959 4103 3160 4158 Italiam
3184 4103 3457 4158 venientes
3485 4102 3794 4158 direximus

2191 4199 2421 4264 litteras,
2459 4197 2818 4267 apostolatum
2867 4204 3016 4250 tuum
3061 4204 3316 4264 rogantes
3355 4195 3491 4250 sicut
3531 4193 3790 4250 decebat.

2191 4295 2342 4349 Nunc
2373 4298 2533 4349 etiam
2580 4308 2648 4348 ne
2677 4293 2805 4362 quid
2835 4306 3023 4346 eorum
3053 4305 3174 4358 quae
3203 4289 3318 4344 ﬁeri
3363 4289 3622 4343 convenit
3659 4303 3796 4357 prae

2195 4387 2557 4452 termittatur,
2603 4384 2834 4440 Joannes
2878 4387 2958 4437 vir
3003 4381 3482 4438 reverendissimus
3525 4382 3793 4446 antistes,

2194 4480 2474 4536 Heraclian
2485 4493 2545 4532 us
2568 4478 2869 4549 presbyter,
2891 4486 2946 4533 et
2963 4476 3306 4530 Constantius
3326 4475 3589 4529 diaconus
3611 4490 3797 4530 sacro-

2193 4579 2392 4624 sanctae
2421 4570 2678 4624 Ecclesia
2710 4568 2870 4639 hujus
2895 4569 3103 4639 inclyta
3129 4568 3357 4624 civitatis
3384 4569 3644 4624 destinati
3669 4576 3798 4624 sunt

2195 4661 2260 4714 ad
2305 4660 2490 4716 urbem
2536 4658 2788 4723 feliciter,
2826 4668 2883 4712 ut
2923 4673 3087 4727 super
3124 4658 3371 4715 omnibus
3411 4675 3530 4728 qua
3571 4658 3802 4726 scripsit

2197 4756 2338 4810 ﬁlius
2356 4762 2534 4810 vester
2547 4754 2923 4810 serenissimus
2951 4755 3239 4822 imperator
3266 4753 3528 4823 integrum
3553 4768 3794 4820 respon-

2195 4861 2312 4899 sum
2344 4843 2629 4913 accipiant.
2660 4843 2918 4912 Dignatur
2952 4857 3081 4908 ergo
3116 4842 3370 4897 sanctitas
3401 4851 3487 4897 tua
3512 4845 3804 4912 suscipere

2194 4942 2519 4990 memoratos
2561 4935 2708 4988 viros
2746 4933 3180 4998 religiosissimos
3216 4935 3461 4998 libenter,
3502 4943 3556 4988 et
3597 4936 3804 4989 habitis

2197 5024 2553 5090 orationibus,
2593 5025 2903 5092 placataque
2934 5023 3239 5088 Divinitate,
3275 5024 3352 5078 sic
3384 5025 3564 5078 omnia
3597 5025 3806 5080 debeat

2197 5115 2452 5170 ordinare
2499 5113 2900 5177 venerabiliter,
2946 5123 3003 5168 ut
3049 5113 3176 5168 nihil
3231 5115 3369 5168 ultra
3415 5129 3704 5171 remaneat
3751 5117 3804 5170 in

2197 5206 2532 5275 ambiguum.
2565 5205 2729 5260 Nobis
2758 5205 2953 5260 etenim
2985 5206 3196 5260 videtur
3217 5208 3464 5270 quoniam
3496 5209 3674 5266 Filius
3710 5210 3809 5265 Dei

2198 5297 2301 5349 vivi
2335 5295 2595 5351 Dominus
2628 5305 2810 5352 unster
2839 5296 2995 5351 Jesus
3021 5295 3261 5352 Christus
3290 5315 3356 5355 ex
3395 5303 3606 5369 virgine
3638 5303 3806 5355 Maria

2201 5400 2384 5453 natus,
2435 5403 2592 5457 quem
2636 5387 2886 5456 praedicat
2931 5403 3169 5445 summus
3218 5391 3580 5459 apostolorum
3639 5409 3810 5448 carne

2203 5493 2441 5546 passum,
2467 5488 2612 5533 recte
2634 5479 2827 5534 dicitur
2847 5495 2981 5534 unus
3005 5481 3054 5533 in
3080 5480 3337 5537 Trinitate
3357 5498 3476 5536 cum
3506 5484 3673 5538 Patre
3696 5485 3810 5554 Spi-

2202 5569 2418 5639 rituque
2447 5578 2632 5625 sancto
2656 5585 2902 5638 regnare,
2932 5571 3328 5641 majestatisque
3358 5571 3473 5642 ejus
3503 5589 3812 5642 personam

2204 5661 2256 5715 in
2289 5661 2572 5725 Trinitate,
2603 5673 2657 5716 et
2685 5677 2748 5716 ex
2777 5662 3034 5717 Trinitate
3060 5680 3162 5717 nun
3189 5665 3471 5719 infideliter
3498 5667 3811 5723 credimus.

2277 5771 2407 5846 fita
2451 5775 2643 5846 legitur
2691 5777 2741 5829 in
2789 5777 2997 5832 collect.
3042 5774 3329 5846 £vellana,
3367 5796 3491 5836 cum
3536 5792 3717 5839 antea
3760 5787 3816 5844 in

2205 5842 2364 5901 editis
2393 5842 2701 5915 haberetur,
2733 5848 2807 5905 vir
2835 5849 3164 5908 clarissimus.
