3998 6368
265 374 365 441 541i)

1460 367 1815 431 EPISTOLE
1854 366 1944 427 ΕΤ
1986 365 2326 425 DECRETA.

3414 369 3514 419 MU

264 497 336 549 De
369 492 676 549 nominibus
705 498 880 546 autem
923 484 1291 545 deTunctorum
1332 483 1704 555 episcoporum
1730 482 1836 536 cle-
1865 481 1920 540 Α
1945 491 2062 532 mus
2093 478 2349 533 brevitate
2386 477 2651 545 suiﬂcere,
2685 477 2893 545 plenius
2917 476 3226 532 disserenda
3272 490 3389 529 cum
3421 475 3515 528 ιιο.

260 590 489 647 menter,
518 588 573 635 et
600 586 657 633 ut
683 577 836 634 decet
864 576 1139 649 paciﬁcum
1164 580 1367 645 patrem
1393 571 1693 642 disponite:
1714 571 1837 639 quia

258 682 433 727 vester
472 683 687 740 quoque
727 666 1091 737 praedecessor
1134 664 1304 719 beata:
1347 660 1733 717 recordationis
1772 659 1839 714 ad

257 761 537 820 memoria!
556 757 861 830 principalis
884 757 1222 812 Anastasium
1242 753 1476 825 scripsit,
1499 762 1557 807 ut
1576 752 1625 806 si
1644 765 1836 807 nomen

256 853 439 909 Acacii
467 850 838 907 tantummodo
866 848 1159 914 tolleretur,
1188 861 1293 902 nna
1332 846 1486 901 nobis
1520 854 1665 901 esset
1693 857 1840 898 com-

255 944 461 1001 munio.
504 943 693 997 Nonne
734 942 894 1012 igitur
930 939 1101 995 suasit
1129 948 1303 994 vestra
1329 937 1506 1002 sedes,
1537 948 1593 991 ut
1621 941 1842 1005 praestet

256 1035 458 1093 imitari
488 1035 859 1091 beatissimum
888 1042 942 1087 et
968 1031 1358 1087 sanctissimum
1382 1029 1615 1085 Leonem
1645 1027 1844 1083 Roma-

257 1144 382 1184 num
411 1126 741 1198 pontiﬁcem,
772 1139 835 1180 ac
859 1125 993 1179 sicut
1019 1124 1109 1178 ille
1136 1120 1347 1189 scripsit
1372 1119 1554 1183 Leoni,
1580 1119 1653 1173 ita
1670 1126 1725 1174 et
1745 1131 1842 1173 vos

257 1220 510 1276 omnibus
530 1217 817 1289 amputatis
840 1214 1255 1271 dubitatiouibus
1282 1211 1545 1280 perfectas
1566 1208 1844 1279 paciﬁcas-

255 1327 359 1383 que
396 1311 624 1382 paginas
672 1309 737 1364 ad
778 1305 1184 1363 invictissimum
1224 1302 1517 1373 principem
1548 1301 1713 1356 ﬁlium
1751 1312 1842 1355 vc-

256 1414 427 1460 strum
467 1401 769 1457 rescribere
812 1397 1089 1461 Ecclesiae,
1120 1405 1179 1451 ut
1214 1403 1337 1450 ante
1368 1394 1601 1450 tribunal
1630 1391 1843 1448 venturi

256 1492 448 1565 indicia
477 1492 767 1563 participes
788 1504 975 1554 eorum
1001 1488 1119 1543 sitis
1145 1500 1369 1557 quorum
1405 1485 1584 1539 sedem
1611 1484 1732 1551 jure
1756 1496 1846 1535 sa-

258 1582 523 1641 cerdotali
549 1582 764 1637 tenetis.
786 1578 1045 1637 Ostendat
1062 1591 1191 1648 ergo
1212 1586 1333 1631 tuus
1354 1576 1681 1643 apostolatus
1700 1573 1841 1643 quod

257 1676 421 1733 Petro
445 1674 714 1731 successit
742 1673 1013 1744 apostolo;
1056 1670 1307 1743 quoniam
1346 1668 1602 1724 Dominus
1631 1683 1661 1722 a
1691 1667 1844 1722 vobis

259 1776 442 1839 utpote
467 1768 697 1823 mis
723 1765 1031 1836 pastoribus
1050 1773 1336 1819 exacturus
1362 1769 1445 1816 est
1473 1761 1839 1815 universorum

1929 577 2091 628 ,rente
2124 567 2350 637 imperio
2374 566 2774 623 clementissimi
2813 565 3085 636 principis,
3127 565 3170 619 si
3200 558 3515 634 promissnin

1939 657 2256 726 legationem
2290 668 2343 713 et
2382 672 2480 711 nos
2516 658 2795 727 Suscipere
2833 657 2941 710 Deo
2984 657 3304 728 propitiante
3344 656 3518 710 conti-

1938 748 2100 820 gerit,
2142 755 2199 805 et
2240 747 2466 817 cognitis
2488 747 2736 803 omnibus
2769 763 2889 802 cum
2914 747 3179 816 adjutorio
3208 747 3300 800 Dei
3348 735 3519 801 nostri

1938 855 2202 911 responso
2231 841 2444 898 reddito
2481 855 2580 912 pro
2624 841 2986 897 universitatis
3023 841 3399 897 informatione
3436 855 3517 893 re-

1939 933 2172 990 mittere.

2564 1001 2898 1060 EPISTULA

2159 1106 2447 1150 ωιτιιιωςι
2475 1108 2583 1149 VIII
2609 1107 2877 1149 ιιιυετιιιι
2894 1110 2963 1148 ΔΙ)
2982 1107 3303 1148 ιιοιιιιιιιιιι.

1940 1187 2081 1246 Petit
2112 1199 2167 1244 ut
2190 1192 2386 1261 lagatos
2416 1189 2567 1245 rebus
2601 1189 2737 1312 bene‘
2942 1189 3111 1243 redire
3143 1186 3519 1258 quamprimum

2597 1275 2716 1315 cure
2784 1275 2815 1313 u
2843 1298 2861 1312 .

2597 1267 2737 1315 curet
2762 1267 2861 1315 tu).

2012 1378 2309 1448 Diligenter
2337 1376 2670 1448 apostolatus
2692 1386 2874 1431 vester
2892 1374 3141 1446 cognovit
3165 1381 3364 1444 quanto
3389 1371 3497 1427 ﬁde

1941 1472 2126 1527 calore
2168 1472 2313 1526 titius
2356 1480 2533 1527 vester
2566 1470 2947 1525 serenissimus
2989 1470 3279 1537 imperator
3313 1461 3516 1534 nesqu‘e

1941 1564 2143 1619 fuimus
2191 1566 2260 1619 ab
2300 1564 2472 1618 initio.
2517 1563 2795 1633 Nunquam
2835 1562 3166 1617 cessavimus
3207 1572 3367 1629 agere
3400 1571 3520 1626 qua

1943 1656 2286 1727 pertinebant
2330 1656 2397 1711 ad
2442 1656 2836 1710 ﬁrmamentum
2863 1654 3136 1723 religionis
3170 1652 3387 1707 divinae.
3418 1650 3523 1703 Pro

1943 1763 2044 1818 q
2071 1762 2131 1803 re
2164 1762 2336 1815 nuper
2366 1747 2526 1801 etiam
2568 1745 3049 1800 reverendissimos
3078 1743 3385 1797 sacerdotes
3413 1732 3522 1794 Bo-

259 1831 512 1919 niuaam,
551 1859 647 1929 qui
683 1831 933 1927 poterunt
963 1868 1086 1911 esse
1121 1854 1257 1909 salvi
1287 1854 1493 1907 ﬁrmata
1530 1850 1838 1906 concordia,
1872 1845 1921 1909 Β
1944 1853 2084 1893 mam
2123 1836 2435 1898 direximus.
2466 1845 2524 1890 ut
2551 1836 2812 1905 integrum
2839 1844 3249 1904 componeretur
3278 1832 3344 1886 de
3372 1831 3520 1899 capi-

260 1950 364 2009 llos
392 1951 600 2007 etenim
626 1950 791 2005 ﬁnitis
816 1948 1085 2019 capitulis,
1114 1948 1182 2003 de
1210 1946 1399 2017 quibus
1432 1946 1633 2015 scripta
1663 1959 1843 1999 susce-

260 2040 431 2109 pistis,
460 2041 605 2095 ultra
632 2054 739 2094 nou
766 2038 1032 2109 patiemur
1064 2053 1094 2091 a
1123 2051 1390 2107 quoquam
1418 2036 1840 2090 controversiam

263 2134 535 2205 religionis
576 2135 633 2188 in
678 2132 952 2202 republica
995 2141 1179 2186 nostra
1216 2129 1438 2194 moveri,
1469 2142 1569 2184 nec
1609 2138 1840 2184 vestram

262 2227 601 2283 sanctitatem
630 2225 881 2281 convenit
910 2224 1096 2278 audire
1121 2222 1390 2291 superﬂua
1411 2230 1803 2276 concertantes.

728 2336 1055 2394 EPISTULA
1106 2332 1361 2391 LXXVII.

823 2449 889 2486 AD
926 2445 1281 2486 JUSTINIANUI.

266 2523 600 2582 Commendat
641 2522 992 2578 Iustinianum
1039 2523 1102 2577 de
1144 2522 1423 2576 reverentia
1463 2521 1558 2575 sibi
1599 2521 1841 2577 exhibita.

338 2593 659 2666 Promissam
698 2594 1094 2666 legationem,“
1135 2603 1443 2663 aspectare.
1496 2592 1846 2649 Smtissima:

339 2665 609 2722 Trinitatis
640 2664 879 2736 mysteria
898 2664 1139 2732 explicat.

338 2778 627 2835 linrmisda
660 2777 966 2834 Iustiniano
994 2777 1110 2833 viro
1134 2778 1350 2833 illustri.

336 2871 491 2939 Quod
516 2870 778 2926 celsitudo
802 2878 980 2925 vestra
1017 2870 1180 2923 animi
1208 2870 1349 2924 circa
1380 2883 1467 2925 me
1496 2868 1577 2923 sui
1615 2868 1847 2925 benevo-

268 2965 486 3021 lentiam
514 2964 763 3035 dignatur
781 2962 1086 3028 ostendere,
1110 2961 1281 3019 facitis
1304 2976 1415 3017 rem
1445 2962 1553 3017 Deo
1573 2963 1843 3033 placitam,

269 3067 326 3114 et
365 3068 529 3113 recta!
568 3056 913 3112 conscientia
941 3064 1360 3125 congruentem;
1406 3055 1501 3109 sed
1533 3070 1634 3109 non
1683 3069 1847 3123 parva

267 3164 392 3209 sunt
416 3153 574 3208 nobis
606 3152 762 3222 hujus
786 3150 1147 3206 emolumenta
1177 3149 1455 3219 propositi.
1482 3148 1647 3217 Major
1670 3149 1722 3203 in
1751 3164 1847 3203 nos

268 3244 477 3297 fructus
510 3244 580 3297 de
609 3240 705 3295 tali
736 3242 972 3295 bonitate
992 3241 1299 3303 revertitur,
1329 3254 1499 3308 neque
1522 3240 1662 3294 enim
1686 3255 1847 3293 vacua

268 3332 686 3389 honoriﬁcentia
710 3341 933 3402 estquae
954 3332 1192 3385 defertur
1226 3331 1471 3385 antistiti.
1498 3330 1851 3385 indubitatum

269 3424 541 3495 siquidem
576 3432 660 3477 est
684 3422 805 3492 quia
850 3422 1021 3476 honor
1052 3422 1279 3475 ministri
1308 3422 1485 3476 cultus
1512 3431 1598 3475 est
1625 3422 1852 3489 domini,

260 3526 327 3573 et
353 3519 447 3587 qui
493 3529 778 3584 personam
811 3515 1108 3569 sacerdotis
1147 3515 1321 3584 magni
1365 3514 1544 3579 habet,
1592 3516 1850 3586 majorem

271 3609 763 3665 ranuncrationem
792 3607 861 3663 ab
887 3622 953 3662 eo
976 3608 1062 3662 cui
1111 3608 1365 3663 sacerdos
1407 3607 1691 3664 famulatur
1712 3612 1852 3665 acci-

270 3703 401 3771 piet,
436 3700 651 3756 dicente
678 3699 907 3755 Domino
933 3700 1060 3755 Jesu
1102 3700 1166 3755 iis
1194 3700 1284 3770 qui
1333 3700 1619 3770 pr0phetas
1661 3703 1712 3757 in
1754 3707 1848 3759 ho-

271 3809 405 3850 nore
446 3794 770 3863 suscipiunt,
817 3806 968 3847 suam
1002 3796 1301 3848 mercedem
1330 3809 1450 3849 esse
1488 3795 1853 3851 reddendam:

273 3895 326 3941 et
347 3885 494 3953 apud
526 3900 613 3940 me
631 3883 846 3955 quidem
878 3884 1057 3953 magni
1078 3892 1161 3939 est
1184 3886 1351 3954 gratia
1376 3895 1548 3940 vestra
1574 3890 1852 3952 momenti,

274 3989 341 4031 eo
398 3986 583 4031 tamen
640 3976 951 4045 pretiosior,
1002 3977 1124 4046 quia
1180 3977 1436 4046 quidquid
1484 3977 1613 4032 mihi
1671 3979 1855 4050 gratia:

274 4066 564 4136 dignanter
613 4066 961 4136 impenditis,
1012 4068 1062 4120 in
1127 4068 1482 4123 Ecclesiarum
1543 4070 1855 4126 defensione

274 4157 611 4212 monstratis.
637 4157 741 4213 Sed
772 4168 828 4212 nt
857 4160 922 4212 ad
954 4158 1006 4212 id
1038 4160 1178 4229 quod
1216 4160 1476 4216 celsitudo
1507 4172 1682 4217 vestra
1709 4162 1857 4217 dcsi-

274 4248 429 4302 derat
457 4256 643 4305 noster
667 4263 843 4304 sermo
862 4250 1139 4320 dirigatur,
1172 4267 1476 4323 quanquam
1523 4263 1576 4309 et
1612 4254 1854 4309 clemen-

277 4341 521 4395 tissimis
568 4342 877 4410 imperator,
922 4351 977 4395 et
1028 4357 1120 4397 vos
1163 4345 1488 4412 promittntis
1535 4344 1855 4414 iegatiwem

275 4445 399 4485 esse
427 4440 729 4499 venturam,
751 4444 809 4488 et
838 4434 888 4488 id
918 4448 1037 4489 cum
1083 4435 1292 4491 ratione
1317 4438 1649 4506 convenerit,
1682 4448 1739 4494 ut
1767 4452 1859 4493 eo-

277 4536 395 4577 rum
423 4524 521 4593 qui
556 4523 819 4594 dirigendi
851 4536 973 4581 sunt
1011 4541 1174 4595 super
1196 4529 1446 4585 omnibus
1478 4546 1576 4587 nos
1616 4531 1859 4588 decuerit

277 4625 593 4683 exspectare
636 4617 1002 4687 prtbsentiam;
1054 4626 1233 4674 tamen
1280 4623 1404 4692 quia
1449 4631 1655 4691 gratum
1702 4624 1855 4679 nobis

276 4712 360 4758 est
379 4705 620 4760 mdium
649 4708 788 4776 quod
813 4708 953 4763 circa
984 4710 1300 4781 religionem
1332 4726 1425 4765 vos
1452 4711 1648 4769 habere
1673 4714 1853 4770 decla~

276 4797 461 4861 rastis,
492 4811 598 4851 non
626 4810 813 4869 gravat
854 4801 1158 4870 praelibare,
1204 4802 1432 4858 dicendo
1474 4820 1579 4859 non
1618 4821 1751 4876 opus
1802 4817 1859 4861 ut

275 4887 624 4943 ειεώιιιιαιθιιι
681 4889 803 4944 ﬁdei
854 4902 1049 4946 vestra:
1098 4894 1410 4950 intentionis
1450 4897 1851 4969 (contentionis)

278 4979 456 5043 potius
484 4993 646 5047 qnam
674 4981 896 5035 rationis
928 4998 1184 5053 sequaces
1205 4989 1415 5054 procaci
1445 4988 1731 5045 verborum
1763 5006 1858 5046 no-

275 5072 442 5126 vitate
464 5074 810 5131 confundant.
847 5078 1041 5131 Sancta
1080 5078 1313 5134 Trinitas
1358 5081 1535 5147 Pater,
1564 5093 1617 5138 et
1667 5084 1855 5154 Filius,

275 5177 330 5217 ei
363 5163 593 5232 Spiritus
621 5176 835 5223 sanctus
857 5184 996 5223 unus
1018 5179 1102 5224 est
1129 5170 1297 5237 Deus;
1328 5172 1462 5228 hanc
1490 5176 1644 5231 Israel
1678 5179 1859 5247 jussus

275 5257 528 5324 adorare,
557 5258 711 5329 cujus
741 5263 1112 5331 inseparabilis
1144 5274 1199 5318 et
1231 5265 1519 5321 indiscreta
1562 5270 1856 5327 subetantia

276 5364 391 5404 non
434 5360 611 5419 pateat
636 5350 823 5420 dividi,
854 5369 961 5408 non
1004 5364 1179 5423 potest
1224 5358 1481 5429 sacrilega
1509 5359 1856 5419 distinctione

275 5443 547 5509 separari,
594 5452 800 5499 servata
846 5452 1021 5501 tamen
1069 5448 1392 5517 proprietate
1436 5466 1533 5506 sua
1574 5456 1860 5526 unicuique

275 5548 549 5605 personae.
590 5535 714 5592 Haec
752 5538 961 5593 interim
1002 5541 1428 5596 commendanda
1474 5544 1595 5601 ﬁdei
1640 5557 1853 5614 vestra,

276 5627 590 5697 epistolaris
620 5629 743 5701 styli
768 5628 1049 5684 terminum
1072 5632 1393 5702 cogitantes,
1425 5649 1659 5706 migrua
1682 5642 1858 5697 credi-

357 5764 437 5836 (a)
465 5764 576 5847 Hoc
604 5766 842 5847 epistola:
865 5777 1235 5847 argumentum
1263 5785 1330 5826 ex
1358 5772 1589 5829 editione
1613 5775 1853 5833 Romana

278 5834 653 5909 chumptum'
692 5835 866 5894 eidem
908 5834 1150 5912 epistolae
1180 5840 1344 5915 plane
1370 5857 1479 5903 non
1529 5847 1854 5917 respondet;

1946 1928 2096 1993 tulis,
2126 1926 2323 1995 quibus
2340 1926 2407 1981 ad
2434 1942 2495 1981 ea
2525 1926 2772 1982 dubietas
2801 1927 3127 1983 vertebatur.
3156 1924 3260 1980 Sed
3304 1924 3519 1991 ignora-

1945 2037 2064 2077 mus
2084 2036 2202 2089 qua:
2232 2019 2526 2075 difﬁcultas
2553 2020 2859 2089 provenerit
2887 2028 2945 2074 ut
2970 2019 3189 2075 minime
3215 2017 3523 2086 sopirentur

1945 2116 2206 2171 hactenus
2228 2130 2289 2170 ea
2316 2129 2437 2184 qua
2469 2113 2716 2168 videntur
2745 2128 2867 2169 esse
2892 2111 3179 2167 levissima.
3217 2110 3521 2165 Salutantes

1944 2221 2073 2276 ergo
2094 2217 2326 2261 vestram
2354 2205 2707 2260 reverentiam
2740 2204 2968 2272 petimus
2990 2200 3207 2257 utnulla
3224 2197 3522 2267 praebeatur

1944 2300 2180 2360 occasio,
2211 2313 2315 2367 qua
2342 2298 2410 2353 de
2432 2307 2517 2351 tua
2538 2298 2819 2365 quisquam
2850 2294 3016 2363 possit
3040 2292 3313 2361 ambigere
3338 2290 3523 2343 volun-

1945 2400 2084 2455 tate;
2127 2388 2222 2445 sed
2268 2388 2529 2443 habentes
2572 2402 2683 2456 pm
2721 2385 2894 2440 oculis
2927 2382 3185 2453 judicium
3228 2380 3525 2451 maiestatis

1946 2497 2221 2551 supernae,
2253 2479 2429 2537 modis
2446 2478 2697 2533 omnibus
2727 2477 2984 2532 festinare
3006 2474 3322 2545 dignemini.

2427 2569 2758 2625 EPISTOLA
2799 2567 3078 2623 LXXVIII.

2300 2681 2378 2719 ΔΙ)
2418 2677 2748 2718 ιιιςτιιιυιι
2785 2675 3157 2714 Αυουετυιι.

1947 2760 2027 2813 Ad
2051 2756 2340 2812 evitandum
2377 2753 2688 2807 discordiam
2720 2751 2848 2803 nihil
2879 2750 3258 2803 innovandum:
3288 2755 3335 2800 et
3358 2745 3421 2799 de
3452 2744 3529 2799 his

2017 2830 2115 2899 qui
2150 2828 2218 2879 ad
2263 2823 2665 2879 communionem
2710 2819 2913 2874 admitti
2965 2828 3175 2891 possunt
3229 2815 3524 2888 Epiphanio

2019 2898 2283 2967 scriptum.

2021 2986 2302 3043 linrmisda
2334 2983 2545 3039 Justiuo
2567 2984 2825 3050 Angusto.

2024 3079 2149 3136 Scio
2185 3074 2427 3147 quidem,
2467 3069 2787 3127 venerabilis
2835 3068 3146 3137 imperator,
3190 3062 3524 3118 clementiam

1955 3180 2100 3226 tuam
2157 3166 2482 3222 conscientia
2524 3162 2649 3216 boni
2684 3158 2862 3230 operis
2897 3158 3100 3211 tantum
3142 3168 3261 3209 esse
3307 3161 3529 3208 conten-

1959 3273 2095 3326 tum;
2126 3274 2223 3314 nec
2262 3257 2316 3311 in
2348 3255 2431 3310 his
2454 3269 2573 3324 qua:
2603 3267 2698 3321 pro
2728 3249 3007 3304 catholica:
3043 3246 3293 3302 Ecclesia:
3325 3243 3531 3298 unitate

1954 3352 2259 3424 disponitis,
2295 3348 2541 3403 humanis
2573 3343 2817 3399 laudibus
2847 3341 3104 3411 indigere,
3138 3348 3190 3395 et
3218 3336 3331 3409 (ne)
3355 3336 3529 3407 magni

1954 3444 2112 3502 studii
2174 3442 2341 3514 gloria
2400 3454 2506 3494 non
2572 3437 2729 3507 digna
2795 3434 3229 3490 remuneratione
3285 3430 3526 3484 vilescat.

1954 3537 2161 3605 QIIJIIIa
2187 3542 2269 3589 est
2293 3532 2436 3587 enim
2464 3530 2603 3584 circa
2631 3543 2749 3581 cum
2776 3524 2991 3580 humani
3020 3536 3225 3577 summa
3254 3519 3528 3591 praeconii,

1954 3628 2039 3684 cui
2065 3625 2289 3694 contigit
2314 3630 2576 3676 terrarum
2604 3630 2763 3686 regna
2794 3611 3089 3670 coinmitti?
3112 3612 3246 3667 Cum
3275 3623 3342 3665 eo
3374 3608 3531 3663 noxia

1955 3721 2061 3772 sint
2104 3715 2464 3771 blandimenta
2500 3707 2821 3763 adulationis
2867 3703 3180 3774 suspicioni,
3210 3716 3328 3771 quae
3357 3701 3532 3754 humi-

1956 3812 2077 3865 litas
2102 3806 2354 3861 detulerit
2388 3801 2694 3870 imperanti.
2732 3797 2802 3852 Et
2825 3796 2958 3850 alias
2984 3793 3275 3849 secundum
3306 3805 3533 3859 evange-

1955 3899 2111 3954 licam
2135 3894 2477 3951 traditionem
2509 3904 2731 3944 necesse
2758 3897 2839 3942 est
2868 3899 2922 3940 ut
2954 3886 3129 3938 fructu
3169 3897 3413 3951 superna
3450 3896 3535 3935 re-

1958 3985 2351 4046 munerationis
2395 3992 2598 4047 careat,
2652 3979 2740 4051 qui
2785 3974 3149 4033 retributionis
3187 3971 3397 4027 laudem
3441 3986 3534 4026 ex-

1958 4092 2185 4151 spectat.
2209 4078 2345 4133 Hinc
2373 4072 2835 4130 mansuetudinem
2858 4078 3087 4124 vestram
3114 4066 3257 4120 omni
3283 4062 3534 4119 bonitatis

1958 4172 2285 4245 perfectione
2321 4168 2631 4237 pollentem,
2682 4165 2746 4217 ad
2791 4163 2955 4217 Deum
2985 4160 3231 4214 universa
3274 4170 3393 4227 quae
3421 4169 3533 4209 mc-

1962 4265 2294 4323 morabiliter
2332 4260 2504 4315 facitis
2546 4257 2749 4313 referre
2792 4271 2899 4308 non
2936 4253 3169 4321 ambigo,
3204 4264 3303 4305 nec
3332 4248 3533 4304 caduca

1960 4364 2277 4431 cogitantes,
2306 4356 2373 4409 ab
2402 4355 2497 4407 illo
2523 4350 2845 4418 exspectatis
2873 4362 2968 4417 pro
2987 4357 3199 4400 actuum
3228 4354 3534 4399 vestrorum

1962 4449 2313 4509 retributione
2338 4443 2661 4500 mercedem.
2685 4454 2842 4510 quem
2866 4438 3126 4492 bonorum
3150 4436 3387 4490 omnium
3409 4450 3538 4490 con-

1888 4570 1937 4630 ο
1963 4553 2069 4601 stat
2114 4550 2408 4594 auctorem.
2455 4535 2517 4587 Et
2550 4544 2728 4587 tamen
2766 4544 2866 4600 ego
2907 4528 3122 4595 divinis,
3156 4526 3347 4599 quibus
3378 4526 3537 4582 obsed

1961 4632 2157 4697 condo,
2189 4624 2451 4684 convenio
2480 4620 2756 4685 institutis,
2785 4634 2853 4673 ne
2891 4616 3155 4686 religiosae
3197 4616 3539 4671 conscientia:

1960 4736 2156 4783 vestra:
2182 4722 2441 4779 beneﬁcia
2468 4716 2711 4773 conferta
2736 4712 3087 4777 dissimulem,
3116 4725 3183 4765 ne
3206 4709 3538 4764 taciturnitas

1965 4834 2105 4885 mea,
2140 4830 2258 4886 quae
2279 4813 2431 4867 vobis
2456 4808 2647 4863 crescit
2670 4806 2734 4860 ad
2766 4804 3013 4875 gloriam,
3042 4802 3193 4871 mihi,
3215 4801 3353 4872 quod
3376 4800 3534 4865 absit,

1962 4916 2206 4965 vertatur
2229 4909 2278 4959 in
2306 4905 2536 4973 culpam.
2570 4900 2699 4954 Novi
2728 4900 2869 4953 enim
2900 4896 2968 4951 de
2994 4895 3099 4950 illis
3119 4896 3303 4949 decem
3328 4893 3538 4947 Domini

1963 5011 2018 5058 et
2044 4998 2345 5057 Salvatoris
2372 4996 2537 5050 nostri
2569 4994 2763 5062 pietate
2800 4990 3088 5055 mundatis,
3114 4988 3237 5056 quia
3267 4998 3319 5040 et
3347 5002 3536 5040 novem

1966 5099 2093 5145 sunt
2118 5098 2242 5143 nota
2274 5084 2673 5156 ingratitutlinis
2704 5079 3003 5150 improbati.
3036 5086 3089 5132 et
3124 5091 3263 5131 unus
3293 5075 3536 5130 testimo-

1967 5186 2111 5239 nium
2142 5181 2265 5236 ﬁdei
2296 5188 2351 5233 et
2393 5178 2583 5232 merita
2615 5184 2843 5243 receptae
2866 5173 3054 5227 salutis
3083 5171 3282 5233 retulit,
3310 5168 3398 5238 qui
3421 5182 3539 5236 gra-

1966 5274 2157 5329 tiarum
2184 5269 2449 5325 actionem
2471 5278 2690 5321 sanatus
2710 5264 2961 5319 exsolvit.
2994 5261 3270 5331 Exsequor
3294 5256 3538 5323 exempla

1965 5381 2084 5435 qua
2120 5362 2303 5427 didici,
2332 5371 2387 5415 et
2416 5357 2556 5428 quod
2583 5372 2676 5426 per
2695 5354 2857 5410 ofticii
2888 5352 3017 5407 mihi
3044 5349 3231 5405 crediti
3258 5345 3534 5402 materiam

1967 5455 2224 5529 praedico.
2256 5451 2359 5505 sub
2391 5450 2673 5505 occasione
2710 5445 2950 5500 litterarii
2991 5442 3253 5496 sermonis
3285 5436 3537 5492 exhibeo.

1964 5550 2079 5619 Ago
2100 5549 2296 5618 gratias
2316 5555 2517 5614 quanto
2544 5544 2622 5615 (α)
2646 5539 2875 5606 amplius
2897 5548 3134 5603 possum,
3162 5540 3216 5586 et
3241 5530 3285 5585 si
3314 5538 3539 5600 quantas

1964 5641 2133 5697 debeo
2160 5653 2266 5691 non
2308 5649 2525 5703 possum
2553 5645 2569 5685 :
2598 5628 2691 5683 sed
2731 5624 2979 5679 solatium
3027 5622 3156 5676 mihi
3184 5631 3265 5676 est
3295 5621 3436 5693 quod
3466 5620 3537 5676 de

1959 5793 2059 5846 ego
2086 5776 2221 5830 istud
2244 5773 2653 5827 substituerem:
2683 5764 2833 5846 Quod
2856 5763 3094 5846 capitulis
3118 5761 3392 5846 propositis
3412 5775 3543 5815 nou-

1962 5834 2087 5908 dimt
2107 5860 2330 5913 congruo
2356 5853 2595 5911 responso
2620 5834 2943 5905 satisfecerit,
2973 5835 3197 5892 modeste
3215 5834 3465 5906 queritur.
