3998 6368
431 413 526 467 5“
1756 404 2126 463 ΗΟΒΜΙΞΒᾹΞ
2168 406 2365 463 ΡΑΡᾸΕ

3584 408 3689 463 5η

432 530 705 590 beneﬁciis
735 542 941 584 mecum
977 526 1172 583 vestris
1220 524 1450 580 mundus
1490 522 1739 586 exsultat,
1776 533 1829 578 et
1864 524 2006 579 lace-
2032 529 2085 585 Α
2113 526 2212 580 Ιιοο
2244 526 2417 595 possit
2437 524 2749 591 admittere,
2780 534 2839 581 ut
2863 526 2929 583 ad
2956 527 3049 583 illa
3074 515 3173 600 per
3192 543 3376 601 pacem
3404 530 3688 587 credemur

430 636 561 683 rata:
590 625 847 678 hactenus
873 619 1124 676 Ecclesiae
1152 618 1394 674 membra
1420 617 1485 671 ad
1512 630 1825 686 compagem
1852 629 2005 670 suam

428 727 677 777 revocata
705 717 1020 789 gloriantur.
1050 713 1327 770 Reduxisti
1370 711 1578 782 populis
1608 713 1789 775 ﬁdem,
1822 725 2006 781 perse-

428 820 579 866 cutus
606 823 875 874 errorem;
901 808 1148 863 inclinata
1173 817 1254 863 est
1280 807 1528 873 superbia
1553 806 1886 861 inimicorum
1907 804 2008 859 Ec-

427 903 602 957 clesia:
630 900 746 967 Dei,
772 912 819 956 et
863 900 1134 954 humilitas
1161 909 1339 955 erecta
1394 899 1654 955 fidelium.
1702 897 1885 968 Magna
1919 911 2007 953 res

429 994 521 1049 tibi
554 994 797 1063 contigit,
842 992 1174 1061 imperator:
1213 1008 1403 1063 magna
1452 994 1502 1047 in
1548 1001 1600 1048 te
1647 992 2007 1047 emolumenta

425 1099 545 1140 cum
577 1093 838 1154 potestate
867 1087 1138 1151 coierunt,
1169 1102 1285 1154 quae
1312 1087 1569 1141 merearis
1600 1086 1853 1156 intellige.
1890 1086 2005 1142 Non

425 1178 671 1248 exiguam
696 1178 748 1231 in
780 1186 831 1231 te
853 1186 1057 1246 partem
1088 1178 1210 1232 boni
1247 1180 1424 1243 operis
1467 1178 1609 1232 illius
1637 1179 1776 1248 quod
1808 1179 2007 1235 vadens

425 1269 491 1324 ad
530 1270 698 1326 eteius
751 1271 1005 1325 Dominus
1049 1279 1235 1325 noster
1273 1270 1430 1326 Jesus
1479 1271 1725 1327 Christus
1780 1271 2006 1327 contulit

425 1363 779 1417 transtulisti:
816 1378 935 1416 nam
986 1377 1168 1430 pacem
1206 1378 1367 1433 quam
1410 1364 1498 1419 ille
1538 1362 1819 1432 discipulis
1857 1363 2006 1419 dedit

427 1471 525 1525 per
573 1465 623 1510 te
662 1455 890 1509 mundus
934 1456 1179 1510 invenit:
1226 1470 1331 1509 non
1382 1455 1605 1511 dubium
1644 1458 2003 1527 congratulari

427 1549 521 1602 tibi
549 1549 766 1617 angelos
792 1548 945 1604 cceli:
979 1563 1100 1602 nam
1132 1548 1174 1602 si
1202 1548 1348 1616 juxta
1381 1550 1735 1604 assertionem
1770 1564 2001 1619 evange-

426 1639 583 1695 licam
636 1640 818 1695 lmtitia
854 1649 934 1696 est
973 1641 1050 1695 eis
1099 1656 1259 1708 super
1298 1656 1405 1695 uno
1444 1652 1726 1719 peccatore
1774 1643 1999 1709 salvato,

425 1747 542 1802 quae
593 1742 770 1802 potest
819 1748 940 1788 esse
977 1732 1206 1802 populo?
1240 1732 1400 1787 Salve
1435 1734 1689 1789 Ezechias
1720 1737 2003 1803 praesentis

423 1824 616 1878 artatis.
646 1823 775 1878 Nam
804 1825 904 1879 etsi
930 1824 1145 1879 fuerunt
1172 1834 1295 1880 ante
1322 1840 1443 1880 eum
1469 1842 1622 1897 reges
1646 1828 1779 1883 Juda
1810 1830 1885 1900 (ὁ)
1908 1829 2003 1884 bo-

2109 616 2320 681 adduci,
2346 617 2412 672 ad
2448 632 2567 688 qua:
2598 633 2704 673 non
2748 618 3018 689 potuimus
3054 620 3338 679 discordia:
3368 624 3689 683 necessitate

2110 712 2397 781 compelli?
2419 712 2487 767 Et
2507 721 2719 781 putetur
2738 728 2973 783 aequum,
2998 724 3058 770 ut
3082 724 3268 772 contra
3292 718 3520 774 salutem
3542 719 3688 787 prin-

2109 818 2236 871 ceps
2263 805 2622 872 subiectorum
2648 806 2974 863 voluntatem
2994 816 3265 879 sequatur,
3292 825 3449 881 quam
3469 826 3568 883 pro
3589 826 3687 867 sua

2108 895 2277 951 salute
2316 897 2566 967 subjecti,
2612 898 2866 968 principis
2904 915 3009 955 non
3059 900 3384 957 famulentur
3425 902 3686 972 imperio?

2109 991 2279 1060 Ipsam
2313 992 2405 1046 tibi
2443 1008 2670 1057 mecum,
2704 995 3026 1051 venerabilis
3056 995 3151 1061 fili,
3183 996 3351 1052 crede
3386 997 3688 1053 Ecclesiam

2108 1081 2202 1138 Dei
2230 1084 2555 1153 supplicare,
2590 1095 2648 1139 ut
2667 1100 2784 1140 eam
2808 1087 2925 1141 sine
2944 1088 3147 1143 macula
3164 1098 3219 1144 et
3242 1103 3390 1159 ruga,
3423 1090 3560 1145 sicut
3580 1090 3689 1145 scis

2109 1174 2336 1229 Domino
2386 1177 2619 1245 placere,
2665 1178 2970 1245 custodias;
3004 1195 3103 1236 nec
3132 1182 3183 1236 in
3214 1197 3331 1237 eam
3366 1182 3556 1238 oculus
3596 1183 3690 1239 ille

2107 1267 2197 1335 qui
2227 1269 2503 1337 pervigilat
2527 1284 2735 1324 naevum
2767 1270 2997 1340 aliquem
3032 1287 3190 1343 quem
3224 1285 3503 1330 aversetur
3542 1276 3688 1346 aspi~

2106 1359 2231 1416 ciat.
2269 1363 2402 1416 Ama
2428 1363 2568 1431 quod
2600 1377 2628 1416 a
2666 1363 2777 1418 Deo
2808 1376 3157 1435 compunctus
3188 1367 3417 1438 elegisti,
3448 1376 3504 1425 et
3540 1368 3687 1424 inte-

2107 1466 2367 1509 meratum
2398 1469 2549 1509 serva
2588 1456 2719 1510 illud
2750 1458 2901 1526 cujus
2932 1473 3058 1528 pars
3088 1474 3209 1515 esse
3234 1461 3470 1516 voluisti.
3503 1458 3688 1520 Fuerit

2106 1555 2232 1600 ante
2262 1546 2568 1603 sollicitudo
2596 1558 2798 1605 tantum
2831 1566 2971 1615 mea,
2998 1568 3139 1607 nunc
3164 1569 3322 1609 unam
3363 1552 3520 1611 nobis
3556 1571 3687 1612 caua

2105 1651 2218 1693 sam
2250 1646 2336 1692 tua
2384 1638 2511 1694 fecit
2554 1654 2675 1695 esse
2713 1641 3017 1698 clementia.
3058 1643 3167 1700 Nec
3199 1647 3551 1702 austeriorem
3598 1659 3687 1704 me

2105 1731 2382 1799 quisquam
2411 1732 2556 1786 dicat
2585 1747 2705 1789 esse
2735 1734 3024 1803 prioribus,
3057 1752 3157 1792 nec
3184 1737 3487 1794 adhortatio
3514 1730 3688 1796 alicul-

2103 1824 2188 1893 jus
2216 1839 2312 1894 pro
2340 1826 2619 1880 sententia:
2645 1828 2960 1884 auctoritate
2988 1839 3254 1886 teneatur.
3282 1831 3686 1903 Diligentiorem

423 1934 548 1973 num
599 1920 688 1988 qui
738 1920 995 1987 facerent,
1042 1921 1222 1975 nullus
1271 1930 1450 1975 tamen
1497 1936 1682 1975 eorum
1724 1922 2001 1991 dissipavit
2036 1910 2077 1969 Β
2107 1934 2191 1973 me
2223 1934 2328 1973 ηοη
2362 1919 2671 1988 Feminae“!
2701 1922 2959 1989 ειυάῖιιπιν
2992 1923 3086 1980 Sed
3118 1924 3368 1981 scandala
3399 1935 3584 1984 secula
3614 1928 3699 1984 θ’θ’»

421 2011 667 2076 excelsa;
701 2020 755 2066 tu
782 2026 991 2083 quoque
1017 2012 1366 2068 schismatum
1396 2023 1448 2067 et
1478 2012 1746 2079 superbia:
1776 2014 2003 2084 dissipa-

422 2115 523 2171 tor,
555 2116 607 2162 et
631 2109 806 2164 cultus
832 2112 1029 2165 veteris
1060 2113 1359 2179 restitutor,
1390 2129 1654 2183 prtesume
1684 2114 1776 2169 tibi
1809 2116 2000 2171 simili-

424 2198 606 2254 tudine
632 2200 772 2255 illius
800 2216 1061 2257 annorum
1086 2206 1325 2274 augenda
1354 2207 1640 2269 curricula,
1667 2210 1755 2278 qui
1778 2224 1997 2278 operum

422 2287 538 2356 ejus
585 2288 812 2345 imitaris
851 2292 1116 2360 exempla.
1160 2294 1288 2348 Hac
1326 2296 1527 2360 omnia,
1560 2311 1675 2365 qua:
1714 2298 1780 2351 ad
1828 2300 1999 2367 majus

420 2380 605 2449 gloria:
627 2391 731 2437 tute
756 2393 1000 2453 spectant
1020 2395 1386 2452 augmentum,
1420 2402 1524 2441 non
1555 2391 1771 2444 stimulo
1800 2390 1997 2445 adhor—

422 2473 638 2527 tationis
662 2473 869 2539 alienae,
899 2490 1003 2530 non
1036 2475 1159 2532 ullis
1182 2478 1428 2544 precibus
1454 2484 1717 2537 excitatus
1745 2485 1999 2553 aggrede-

422 2562 534 2617 ris:
569 2565 718 2619 solus
749 2566 842 2621 tibi
874 2569 924 2621 in
957 2569 1184 2624 consilio
1234 2571 1371 2624 Deus
1409 2588 1422 2623 :
1467 2588 1571 2626 non
1598 2585 1681 2629 est
1716 2575 1805 2645 qui
1844 2591 1903 2630 se
1932 2577 1998 2631 ad

420 2657 884 2727 participationem
919 2661 1049 2715 tanti
1080 2663 1259 2732 operis
1288 2672 1456 2719 tentet
1482 2664 1753 2722 inserere:
1781 2669 1875 2723 tibi
1906 2670 2001 2725 de-

421 2747 514 2802 bes
538 2751 763 2804 actionis
794 2752 949 2819 hujus
980 2756 1236 2821 studium,
1280 2756 1373 2811 tibi
1408 2758 1560 2813 bonae
1603 2763 1830 2816 actionis
1869 2763 1998 2819 effe-

417 2847 581 2894 ctum.
614 2842 693 2897 Tu
737 2859 841 2909 me,
872 2848 1199 2903 venerabilis
1250 2850 1559 2919 imperator.
1595 2853 1852 2910 Ecclesiae
1884 2858 1999 2912 vnl-

419 2944 543 2985 nera
576 2940 682 2987 tam
713 2934 864 3005 longa
890 2948 1203 2994 mmrentem
1235 2940 1301 2993 ad
1328 2957 1476 3010 spem
1508 2945 1792 3001 reddenda:
1813 2949 1997 3005 salutis

415 3022 678 3077 animasti.
721 3024 800 3079 Tu
841 3042 929 3083 me
970 3038 1089 3096 post
1134 3038 1240 3085 tam
1284 3037 1566 3091 continuos
1601 3038 1840 3093 turhines
1884 3040 1993 3107 jam

415 3127 552 3181 pene
579 3115 953 3183 desperatione
985 3132 1280 3177 cessantem
1317 3125 1383 3179 ad
1412 3140 1600 3180 novam
1643 3131 1997 3199 tranquillita-

415 3213 520 3259 tem
553 3206 772 3262 directis
812 3209 953 3263 ultro
983 3211 1079 3277 piis
1111 3213 1301 3267 litteris
1329 3216 1575 3271 excitasti
1600 3234 1614 3272 :
1643 3218 1743 3272 hoc
1783 3237 1992 3287 quoque

415 3298 598 3364 procul
624 3298 785 3354 dubio
812 3300 986 3355 divina
1015 3301 1363 3371 intelligentia
1405 3308 1733 3377 conferente,
1769 3322 1824 3366 ut
1854 3315 1992 3369 inter

416 3386 528 3456 ipsa
563 3390 636 3442 tui
670 3391 994 3459 principatus
1034 3395 1252 3449 exordia
1294 3397 1415 3451 fidei
1448 3399 1562 3467 ejus
1590 3400 1798 3458 dicares
1838 3405 1995 3460 obse-

412 3481 616 3547 quium,
640 3483 737 3557 Ioui
776 3494 1051 3552 acceptum
1093 3486 1321 3542 debebas
1352 3490 1652 3557 imperium,
1697 3495 1789 3550 sed
1822 3497 1907 3564 qui
1942 3506 1993 3552 te

412 3572 477 3623 ad
511 3572 809 3638 incipienda
834 3576 947 3628 haec
974 3592 1074 3631 non
1102 3580 1244 3645 potui
1278 3581 1482 3648 primus
1514 3584 1816 3653 impellere;
1853 3604 1991 3645 nunc

410 3662 615 3729 majore
638 3663 827 3719 fiducia
857 3670 1015 3722 tantis
1047 3670 1319 3727 beneficiis
1352 3677 1646 3741 compellor
1676 3694 1990 3745 provocatus

409 3767 585 3819 orare,
617 3771 683 3809 ne
708 3757 924 3823 patiaris
952 3761 1002 3813 in
1024 3776 1080 3815 re
1098 3769 1203 3815 tam
1230 3764 1350 3818 lioni
1367 3768 1543 3834 operis
1560 3784 1679 3825 esse
1691 3770 1985 3841 defectum;

408 3856 476 3895 ne
506 3858 714 3913 manus,
747 3862 881 3916 quas
902 3850 966 3903 ad
1002 3851 1165 3907 Deum
1207 3854 1386 3924 erigis,
1416 3862 1621 3929 accepti
1664 3866 1841 3931 operis
1871 3884 1989 3935 per-

408 3930 638 3990 fectione
668 3942 984 4008 suspendas.
1014 3942 1221 4013 Negare
1260 3963 1366 4001 non
1400 3965 1611 4017 possum
1658 3930 1754 4021 pro
1785 3930 1985 4012 domini

408 4028 573 4083 nostri
626 4028 741 4084 haec
787 4048 871 4087 me
900 4033 1091 4089 affectu
1147 4047 1202 4092 et
1247 4042 1465 4096 unitatis
1509 4060 1803 4114 exposcere
1839 4068 1852 4103 :
1892 4051 1985 4104 sed

406 4116 577 4171 fateor
618 4128 673 4174 et
709 4123 872 4175 saluti
914 4133 1016 4178 tua:
1047 4141 1143 4195 pro
1187 4138 1328 4183 tanta
1363 4138 1787 4191 mansuetudinis
1816 4145 1984 4208 gratia

406 4208 520 4263 hmo
549 4211 722 4265 studia
772 4229 855 4269 me
902 4215 1117 4272 debere.
1155 4220 1418 4292 Scriptum
1454 4235 1535 4279 est
1564 4233 1704 4282 enim
1744 4232 1864 4295 quia
1900 4236 1986 4300 qui

406 4307 796 4369 perseveraverit
827 4323 985 4373 usque
1026 4312 1096 4363 ad
1124 4312 1277 4379 ﬁnem
1310 4316 1479 4370 salvus
1525 4320 1619 4372 erit
1657 4320 1867 4386 (Matth.
1903 4326 1979 4395 κ).

405 4390 512 4448 Nec
557 4412 651 4452 vos
701 4399 998 4469 aliquorum
1046 4405 1336 4464 obstinatio
1384 4412 1569 4465 reddat
1626 4430 1653 4467 a
1713 4390 1984 4486 proposito

404 4486 685 4555 pigriores.
720 4492 916 4555 Durum
939 4506 1043 4563 est,
1072 4507 1131 4551 ut
1157 4500 1421 4555 efficacior
1443 4505 1511 4557 sit
1531 4520 1714 4560 eorum
1748 4512 1982 4576 pertina-

405 4577 487 4629 cia
519 4580 605 4647 qui
638 4581 883 4638 dividunt
926 4602 1132 4656 pacem,
1163 4607 1319 4658 quam
1365 4608 1549 4649 eomm
1600 4599 1688 4665 qui
1730 4612 1979 4656 asserunt

2102 2019 2312 2065 cerunt.
2348 2011 2506 2066 Forte
2536 2011 2677 2066 inter
2702 2012 2853 2067 initia
2893 2014 3045 2069 locus
3069 2024 3191 2072 esse
3221 2018 3394 2086 potuit
3435 2018 3641 2074 lenitati
3668 2038 3683 2072 :

2102 2102 2242 2158 male
2276 2104 2433 2173 (sicut
2474 2114 2659 2160 notum
2700 2106 2804 2175 est)
2843 2121 2939 2176 per
2974 2115 3223 2164 accessus
3263 2111 3684 2179 praecedentium

2100 2203 2401 2263 temporum
2432 2210 2674 2251 errorum
2711 2209 2992 2267 augmenta
3020 2210 3325 2258 creverunt.
3368 2202 3485 2259 Non
3528 2206 3684 2275 parvi

2102 2289 2320 2355 habeas.
2372 2290 2442 2345 fili
2483 2293 2844 2359 sanctissime,
2892 2294 3035 2364 quod
3084 2298 3309 2362 curasti,
3355 2297 3445 2353 ubi
3496 2307 3685 2355 sancta

2100 2381 2552 2437 Chalcedonensis
2586 2385 2843 2454 synodus,
2879 2394 2931 2440 et
2960 2386 3098 2442 inter
3142 2397 3355 2444 sanctos
3386 2390 3684 2446 ‘venerandi

2099 2487 2249 2541 papae
2278 2473 2473 2527 Leonis
2503 2473 2901 2544 religiosissima
2930 2476 3216 2531 constituta
3248 2479 3421 2534 locum
3452 2480 3686 2551 alicujus

2100 2564 2318 2618 honoris
2367 2564 2707 2619 habuerunt?
2744 2566 2843 2621 Ubi
2889 2581 2994 2621 non
3041 2568 3322 2625 adversum
3362 2580 3505 2625 tanta
3554 2572 3681 2627 fidei

2101 2652 2442 2709 fundamenta
2472 2656 2620 2723 quasi
2647 2655 2875 2723 quodam
2912 2657 3161 2712 bellicum
3194 2658 3424 2714 hostium
3458 2659 3552 2716 Dei
3598 2661 3685 2716 ina

2099 2746 2278 2799 sonuit
2314 2745 2876 2811 eseteitus?”0uanto
2918 2749 3215 2803 acrioribus
3272 2750 3385 2806 haec
3439 2752 3684 2822 impetita

2097 2844 2222 2889 sunt
2245 2836 2458 2903 jaculis,
2494 2845 2642 2891 tanto
2670 2837 3018 2892 validioribus
3045 2850 3167 2894 sunt
3197 2843 3481 2899 munienda
3503 2845 3685 2900 subsi-

2097 2926 2219 2981 diis.
2260 2926 2428 2997 Rogo,
2472 2928 2889 2985 clementissime
2932 2931 3241 3000 imperator,
3272 2948 3339 2988 ne
3372 2950 3457 2990 me
3489 2945 3582 2993 aut
3609 2940 3681 2994 ad

2098 3016 2317 3072 delenda
2343 3017 2488 3089 (Edit
2519 3019 2670 3075 Rom.
2696 3020 3019 3093 deserenda)
3055 3024 3169 3079 hcec
3202 3040 3321 3094 qua
3349 3026 3549 3084 dudum
3578 3030 3691 3085 be.

2099 3110 2360 3177 neplacita
2389 3120 2534 3169 sunt.
2552 3121 2643 3164 aut
2671 3113 2919 3168 mutanda
2944 3116 3254 3180 compellas.
3279 3118 3397 3173 Vox
3413 3122 3557 3176 enim
3585 3123 3680 3178 illa

2098 3199 2316 3255 auribus
2344 3201 2477 3255 meis
2519 3201 2885 3257 indesinenter
2914 3205 3320 3263 immurmurat:
3347 3210 3481 3277 Quia
3530 3230 3681 3269 nemo

2097 3307 2300 3343 manum
2322 3294 2390 3345 ad
2414 3303 2642 3346 aratrum
2671 3294 2892 3360 mittens,
2924 3304 2969 3349 et
3000 3307 3117 3364 post
3140 3315 3194 3353 se
3221 3302 3496 3369 respiciens
3523 3312 3681 3375 aptus

2095 3394 2171 3436 est
2196 3400 2350 3455 regno
2378 3382 2474 3438 Dei
2509 3384 2661 3453 (Luc.
2690 3387 2788 3455 ιχ),
2815 3403 2932 3442 cum
2958 3390 3008 3443 in
3036 3390 3267 3446 evidenti
3297 3393 3383 3456 sit,
3413 3394 3537 3464 quia
3560 3412 3694 3465 ρωο.

2096 3475 2319 3528 nitentia
2368 3475 2633 3530 malorum
2689 3488 2771 3531 est
2814 3494 3061 3548 operum,
3109 3496 3215 3537 non
3255 3484 3537 3540 bonorum.
3573 3487 3681 3544 Sed

2094 3580 2397 3635 quanquam
2423 3566 2507 3621 his
2525 3583 2775 3637 urgemur
2789 3571 3065 3639 angustiis,
3092 3581 3269 3628 tamen
3294 3586 3513 3645 propter
3534 3592 3681 3632 man-

2092 3658 2393 3713 suetudinis
2425 3669 2529 3713 tuae
2557 3659 3065 3727 considerationem,
3097 3674 3149 3718 et
3173 3667 3556 3723 venerabilium
3601 3669 3682 3725 le-

2091 3758 2336 3817 gatorum
2378 3750 2597 3806 Joannis
2631 3754 2868 3823 episcopi
2920 3756 3218 3813 Heracliani
3262 3761 3583 3832 presbyteri,
3624 3772 3679 3818 et

2091 3839 2429 3898 Constantini
2457 3844 2666 3900 diaconi
2697 3848 2947 3918 allegatio
2978 3865 3075 3905 nos
3098 3866 3203 3907 non
3232 3854 3523 3908 inhumana
3555 3869 3679 3923 per-

2091 3935 2275 3998 movit,
2315 3936 2402 4003 qui
2450 3936 2823 3993 innocentibus
2861 3949 2954 3994 aut
2984 3942 3181 4011 ignaris
3218 3957 3395 3999 causae
3437 3946 3687 4002 remedia

2091 4024 2317 4079 credidit
2348 4040 2469 4081 esse
2500 4029 2766 4096 poscenda
2797 4047 2808 4081 :
2843 4030 2910 4085 ad
2954 4032 3171 4088 fratrem
3211 4047 3264 4089 et
3294 4036 3675 4105 coepiscopum

2091 4125 2330 4170 nostrum
2353 4117 2708 4188 Epiphanium
2731 4121 2927 4190 scripta
2946 4126 3362 4190 transmisimus,
3387 4135 3446 4181 nt
3466 4143 3677 4183 memor

2090 4207 2235 4274 fidei,
2268 4224 2473 4265 memor
2501 4211 2796 4281 religionis,
2821 4222 2955 4283 quos"
2979 4215 3169 4285 dignos
3190 4219 3535 4287 susceptione
3556 4234 3676 4275 esse

2089 4302 2395 4367 crediderit,
2413 4313 2465 4358 et
2492 4304 2696 4361 alienos
2713 4321 2742 4359 a
2761 4310 3142 4364 communione
3164 4325 3322 4380 quam
3341 4312 3671 4379 respuimns,

2087 4396 2225 4449 sicut
2273 4396 2553 4461 asseritur,
2602 4397 2916 4455 innocentes
2955 4414 3049 4455 eos
3091 4402 3158 4456 ad
3195 4403 3511 4457 societatem
3565 4419 3675 4459 suae

2088 4488 2479 4542 communionis
2530 4488 2795 4554 admittat,
2827 4490 2990 4546 libelli
3029 4501 3204 4547 tamen
3230 4492 3320 4561 qui
3349 4509 3379 4548 a
3412 4494 3571 4549 nobis
3601 4494 3674 4549 iu-

2087 4579 2374 4647 terpositus
2402 4589 2485 4634 est
2513 4590 2696 4638 tenore
2716 4578 2947 4639 servato.
2981 4584 3167 4638 Melius
3196 4593 3278 4639 est
3307 4586 3453 4640 enim
3479 4595 3535 4641 et
3555 4602 3673 4641 ma-

404 4668 685 4725 unitatem.
732 4674 991 4732 Amentur
1020 4681 1239 4736 vulnera
1290 4700 1411 4740 cum
1448 4662 1840 4756 .provideantur
1888 4711 1985 4763 pro
2011 4662 2065 4723 D
2091 4670 2171 4763 Sis
2212 4670 2322 4726 Deo
2349 4674 2622 4740 plnum":
2655 4677 2697 4729 Si
2731 4677 2877 4731 sal"
2914 4676 3017 4731 “de
3045 4678 3411 4734 eCCleSiaStico
3456 4682 3671 4750 corpori

403 4757 574 4812 salute
604 4764 859 4826 remedia,
886 4775 940 4821 et
962 4774 1396 4841 praeoptahile....
1428 4786 1645 4845 putetur
1665 4796 1813 4836 se....
1839 4757 1983 4841 mor-

404 4850 507 4904 tuis
532 4865 690 4921 quam
724 4856 985 4914 inhmrere
1013 4878 1132 4916 cum
1164 4866 1318 4921 vivis.
1365 4872 1443 4923 An
1496 4888 1600 4927 non
1633 4889 1844 4943 mquam
1874 4890 1977 4951 est,

402 4949 458 4994 ut
479 4944 710 5013 religiosi
742 4949 999 5020 principis
1029 4956 1326 5013 subdantur
1354 4962 1577 5032 imperio
1612 4969 1699 5038 qui
1732 4987 1835 5041 uon
1866 4944 1981 5029 mo;

400 5044 588 5090 ventur
616 5043 899 5111 exemplo?
929 5044 1047 5100 Non
1079 5052 1255 5105 omnis
1291 5068 1433 5123 tuger
1462 5062 1712 5116 remediis
1748 5065 1979 5121 salubri-

398 5123 823 5225 bus-acquiescit,
850 5143 902 5188 et
928 5136 1175 5195 medendi
1200 5144 1430 5200 studium
1456 5162 1598 5218 saepe
1631 5152 1758 5217 ipsis
1784 5142 1977 5225 quibus

396 5217 675 5281 adhibetur
701 5222 964 5291 ingratum
989 5241 1103 5285 est:
1134 5243 1187 5288 et
1214 5244 1389 5293 tamen
1413 5251 1559 5308 grata
1586 5254 1667 5299 est
1690 5261 1784 5315 pro
1801 5217 1977 5306 salute

394 5314 700 5381 necessitas,
737 5331 837 5373 nec
867 5319 967 5388 ipsi
997 5336 1116 5391 post
1154 5330 1556 5397 respirationem
1601 5352 1706 5392 non
1728 5350 1853 5396 sunt
1880 5342 1973 5399 he-

392 5403 591 5458 ncﬁciis
620 5406 837 5463 obnoxii
858 5412 946 5481 qui
978 5427 1232 5473 curantur
1260 5420 1431 5476 inviti.
1459 5425 1701 5482 Cavenda
1730 5441 1813 5485 est
1844 5436 1972 5488 sub-

581 5513 764 5568 inagna
791 5504 1271 5576 cireumSpectione
1292 5514 1574 5585 calliditas,
1598 5521 1688 5589 qui
1720 5521 1972 5593 ingerunt

392 5580 643 5653 lillicilia,
665 5590 790 5645 dum
816 5594 1057 5653 nituntur
1081 5599 1401 5661 labefactare
1424 5580 1739 5679 composita.
1760 5580 1830 5669 [Et
1852 5616 1969 5684 quis

453 5715 534 5861 $3
564 5719 647 5772 Al.
682 5723 945 5782 humilius.

556 5789 639 5844 Al.
673 5792 823 5850 deest
846 5796 941 5853 bon

556 5789 639 5844 Al.
673 5792 823 5850 deest
846 5796 1049 5856 bonum.

2083 4762 2377 4831 iungantur
2405 4765 2649 4833 abscissi,
2678 4782 2833 4837 quam
2870 4769 2923 4823 in
2961 4768 3229 4824 abscissos
3256 4780 3552 4839 transeant,
3580 4772 3671 4842 qui

2084 4852 2136 4904 in
2172 4850 2310 4905 beati
2355 4852 2497 4909 Petri
2540 4856 2875 4911 immaculata
2906 4859 3288 4914 communione
3332 4875 3665 4917 manserunt.

2085 4939 2213 4993 Data
2241 4943 2469 5011 septimo
2499 4945 2758 5001 calendas
2802 4947 3000 5015 Aprilis
3026 4989 3041 5012 ,
3078 4948 3290 5005 Valerio
3321 4953 3441 5008 viro
3482 4952 3669 5008 claris.

2083 5028 2220 5083 simo
2244 5033 2467 5088 consule
2491 5034 2655 5104 (anno
2687 5036 2895 5091 Domini
2925 5036 3074 5107 52f).

2570 5146 2905 5204 EPISTOLA
2945 5150 3182 5206 LXXIX.

2534 5256 2600 5294 AD
2629 5255 2884 5297 JUSTINUM
2914 5259 3195 5300 Αυοοετωι
3205 5287 3215 5301 .

2166 5327 2463 5385 Divinitatis
2493 5341 2540 5385 et
2566 5334 2935 5391 incarnationis
2962 5340 3262 5408 mysterium
3289 5344 3580 5414 exponitur.

2153 5444 2225 5513 (r)
2260 5445 2543 5502 llormisda
2573 5447 2782 5508 Justino
2815 5453 3073 5522 Augusto.

2153 5534 2297 5592 lnter
2345 5554 2406 5593 ea
2462 5555 2581 5609 qua:
2625 5541 2690 5597 ad
2741 5543 2997 5600 unitatem
3044 5546 3297 5603 Ecclesia
3346 5550 3656 5619 pertinentia

2082 5623 2419 5697 (pertinenti,
2475 5640 2694 5702 propter
2736 5650 2893 5705 quam
2938 5636 3075 5693 Deus
3119 5637 3421 5698 clementia:
3473 5655 3655 5699 vestra:

2159 5756 2236 5827 (c)
2254 5756 2408 5842 ‘C-od;
2443 5759 2571 5842 Luc.
2615 5761 2739 5842 1‘25,
2772 5764 3150 5825 Gloriosissimo
3190 5780 3341 5842 atque
3376 5774 3651 5832 elementis-

2081 5827 2213 5883 sima
2239 5829 2350 5897 filio
2376 5829 2585 5889 Justino
2614 5833 2860 5906 Augusto.
