  <div class='ocr_page' id='page_1' title='image "/cluster/home/n/w/nwhite01/storage/ocr_20150623/63/hvd.32044015469307/260.png"; bbox 0 0 3998 6368; ppageno 0'>
   <div class='ocr_carea' id='block_1_1' title="bbox 242 328 338 386">
    <p class='ocr_par' dir='ltr' id='par_1_1' title="bbox 242 328 338 386">
     <span class='ocr_line' id='line_1_1' title="bbox 242 328 338 386; baseline -0.052 0"><span class='ocrx_word' id='word_1_1' title='bbox 242 328 338 386; x_wconf 72' lang='grc'><strong>513</strong></span> 
     </span>
    </p>
   </div>
   <div class='ocr_carea' id='block_1_2' title="bbox 1432 317 2300 377">
    <p class='ocr_par' dir='ltr' id='par_1_2' title="bbox 1432 317 2300 377">
     <span class='ocr_line' id='line_1_2' title="bbox 1432 317 2300 377; baseline -0.005 0"><span class='ocrx_word' id='word_1_2' title='bbox 1432 317 1792 377; x_wconf 65' lang='lat' dir='ltr'><strong>EPISTOLE</strong></span> <span class='ocrx_word' id='word_1_3' title='bbox 1829 318 1920 375; x_wconf 84' lang='lat' dir='ltr'><strong>ET</strong></span> <span class='ocrx_word' id='word_1_4' title='bbox 1960 318 2300 376; x_wconf 80' lang='lat' dir='ltr'><strong>DECRETA.</strong></span> 
     </span>
    </p>
   </div>
   <div class='ocr_carea' id='block_1_3' title="bbox 3410 312 3514 366">
    <p class='ocr_par' dir='ltr' id='par_1_3' title="bbox 3410 312 3514 366">
     <span class='ocr_line' id='line_1_3' title="bbox 3410 312 3514 366; baseline -0.01 0"><span class='ocrx_word' id='word_1_5' title='bbox 3410 312 3514 366; x_wconf 77' lang='lat' dir='ltr'><strong>5M</strong></span> 
     </span>
    </p>
   </div>
   <div class='ocr_carea' id='block_1_4' title="bbox 240 431 3518 518">
    <p class='ocr_par' dir='ltr' id='par_1_4' title="bbox 240 431 3518 518">
     <span class='ocr_line' id='line_1_4' title="bbox 240 431 3518 518; baseline -0.004 -17"><span class='ocrx_word' id='word_1_6' title='bbox 240 446 395 518; x_wconf 78' lang='lat' dir='ltr'><strong>elegit</strong></span> <span class='ocrx_word' id='word_1_7' title='bbox 421 442 732 515; x_wconf 89' lang='lat' dir='ltr'><strong>imperium,</strong></span> <span class='ocrx_word' id='word_1_8' title='bbox 764 441 819 499; x_wconf 92' lang='lat' dir='ltr'><strong>in</strong></span> <span class='ocrx_word' id='word_1_9' title='bbox 841 440 1050 498; x_wconf 85' lang='lat' dir='ltr'><strong>litteras</strong></span> <span class='ocrx_word' id='word_1_10' title='bbox 1072 438 1409 497; x_wconf 73' lang='lat' dir='ltr'><strong>contulistis:</strong></span> <span class='ocrx_word' id='word_1_11' title='bbox 1442 437 1558 493; x_wconf 66' lang='lat' dir='ltr'><strong>haec</strong></span> <span class='ocrx_word' id='word_1_12' title='bbox 1585 451 1822 509; x_wconf 89' lang='lat' dir='ltr'><strong>quoque,</strong></span> <span class='ocrx_word' id='word_1_13' title='bbox 1856 445 1911 509; x_wconf 72' lang='grc' dir='ltr'><strong>Δ</strong></span> <span class='ocrx_word' id='word_1_14' title='bbox 1931 438 2113 503; x_wconf 87' lang='lat' dir='ltr'><strong>habet,</strong></span> <span class='ocrx_word' id='word_1_15' title='bbox 2148 453 2369 495; x_wconf 90' lang='lat' dir='ltr'><strong>necesse</strong></span> <span class='ocrx_word' id='word_1_16' title='bbox 2396 446 2478 495; x_wconf 90' lang='lat' dir='ltr'><strong>est</strong></span> <span class='ocrx_word' id='word_1_17' title='bbox 2506 447 2598 496; x_wconf 89' lang='lat' dir='ltr'><strong>aut</strong></span> <span class='ocrx_word' id='word_1_18' title='bbox 2625 438 2957 495; x_wconf 77' lang='lat' dir='ltr'><strong>divinitatem</strong></span> <span class='ocrx_word' id='word_1_19' title='bbox 2986 437 3043 493; x_wconf 91' lang='lat' dir='ltr'><strong>in</strong></span> <span class='ocrx_word' id='word_1_20' title='bbox 3081 434 3242 492; x_wconf 88' lang='lat' dir='ltr'><strong>multa</strong></span> <span class='ocrx_word' id='word_1_21' title='bbox 3269 431 3518 487; x_wconf 87' lang='lat' dir='ltr'><strong>dividens</strong></span> 
     </span>
    </p>
   </div>
   <div class='ocr_carea' id='block_1_5' title="bbox 240 530 1832 606">
    <p class='ocr_par' dir='ltr' id='par_1_5' title="bbox 240 530 1832 606">
     <span class='ocr_line' id='line_1_5' title="bbox 240 530 1832 606; baseline -0.006 -11"><span class='ocrx_word' id='word_1_22' title='bbox 240 538 558 597; x_wconf 77' lang='lat' dir='ltr'><strong>venerabilis</strong></span> <span class='ocrx_word' id='word_1_23' title='bbox 580 536 898 606; x_wconf 83' lang='lat' dir='ltr'><strong>imperator,</strong></span> <span class='ocrx_word' id='word_1_24' title='bbox 920 549 1047 591; x_wconf 90' lang='lat' dir='ltr'><strong>cura</strong></span> <span class='ocrx_word' id='word_1_25' title='bbox 1075 533 1219 596; x_wconf 88' lang='lat' dir='ltr'><strong>fidei,</strong></span> <span class='ocrx_word' id='word_1_26' title='bbox 1244 532 1329 588; x_wconf 91' lang='lat' dir='ltr'><strong>cui</strong></span> <span class='ocrx_word' id='word_1_27' title='bbox 1352 530 1715 600; x_wconf 87' lang='lat' dir='ltr'><strong>multipliciter</strong></span> <span class='ocrx_word' id='word_1_28' title='bbox 1735 544 1832 585; x_wconf 87' lang='lat' dir='ltr'><strong>vos</strong></span> 
     </span>
    </p>
   </div>
   <div class='ocr_carea' id='block_1_6' title="bbox 240 625 1833 696">
    <p class='ocr_par' dir='ltr' id='par_1_6' title="bbox 240 625 1833 696">
     <span class='ocr_line' id='line_1_6' title="bbox 240 625 1833 696; baseline -0.008 -9"><span class='ocrx_word' id='word_1_29' title='bbox 240 631 454 688; x_wconf 82' lang='lat' dir='ltr'><strong>studere</strong></span> <span class='ocrx_word' id='word_1_30' title='bbox 473 627 794 693; x_wconf 87' lang='lat' dir='ltr'><strong>declaratis,</strong></span> <span class='ocrx_word' id='word_1_31' title='bbox 822 627 1043 696; x_wconf 89' lang='lat' dir='ltr'><strong>adjecit,</strong></span> <span class='ocrx_word' id='word_1_32' title='bbox 1078 636 1135 680; x_wconf 92' lang='lat' dir='ltr'><strong>ut</strong></span> <span class='ocrx_word' id='word_1_33' title='bbox 1164 625 1465 695; x_wconf 87' lang='lat' dir='ltr'><strong>aliquorum</strong></span> <span class='ocrx_word' id='word_1_34' title='bbox 1489 636 1678 692; x_wconf 79' lang='lat' dir='ltr'><strong>preces</strong></span> <span class='ocrx_word' id='word_1_35' title='bbox 1707 636 1833 693; x_wconf 89' lang='lat' dir='ltr'><strong>per-</strong></span> 
     </span>
    </p>
   </div>
   <div class='ocr_carea' id='block_1_7' title="bbox 240 713 1834 787">
    <p class='ocr_par' dir='ltr' id='par_1_7' title="bbox 240 713 1834 787">
     <span class='ocr_line' id='line_1_7' title="bbox 240 713 1834 787; baseline -0.008 -9"><span class='ocrx_word' id='word_1_36' title='bbox 240 722 474 779; x_wconf 70' lang='lat' dir='ltr'><strong>ferenda</strong></span> <span class='ocrx_word' id='word_1_37' title='bbox 504 718 570 774; x_wconf 87' lang='lat' dir='ltr'><strong>ad</strong></span> <span class='ocrx_word' id='word_1_38' title='bbox 598 716 921 773; x_wconf 88' lang='lat' dir='ltr'><strong>humilitatis</strong></span> <span class='ocrx_word' id='word_1_39' title='bbox 942 714 1021 787; x_wconf 89' lang='lat' dir='ltr'><strong>(a)</strong></span> <span class='ocrx_word' id='word_1_40' title='bbox 1046 715 1289 771; x_wconf 81' lang='lat' dir='ltr'><strong>notitiam</strong></span> <span class='ocrx_word' id='word_1_41' title='bbox 1316 713 1691 785; x_wconf 89' lang='lat' dir='ltr'><strong>iungerentur,</strong></span> <span class='ocrx_word' id='word_1_42' title='bbox 1715 713 1834 782; x_wconf 90' lang='lat' dir='ltr'><strong>qui-</strong></span> 
     </span>
    </p>
   </div>
   <div class='ocr_carea' id='block_1_8' title="bbox 241 802 1835 883">
    <p class='ocr_par' dir='ltr' id='par_1_8' title="bbox 241 802 1835 883">
     <span class='ocr_line' id='line_1_8' title="bbox 241 802 1835 883; baseline -0.008 -12"><span class='ocrx_word' id='word_1_43' title='bbox 241 817 338 871; x_wconf 87' lang='lat' dir='ltr'><strong>bus</strong></span> <span class='ocrx_word' id='word_1_44' title='bbox 361 813 449 869; x_wconf 89' lang='lat' dir='ltr'><strong>vel</strong></span> <span class='ocrx_word' id='word_1_45' title='bbox 479 811 607 883; x_wconf 90' lang='lat' dir='ltr'><strong>quid</strong></span> <span class='ocrx_word' id='word_1_46' title='bbox 636 809 957 882; x_wconf 68' lang='lat' dir='ltr'><strong>quaestionis</strong></span> <span class='ocrx_word' id='word_1_47' title='bbox 980 810 1217 862; x_wconf 89' lang='lat' dir='ltr'><strong>oriretur</strong></span> <span class='ocrx_word' id='word_1_48' title='bbox 1244 819 1628 876; x_wconf 81' lang='lat' dir='ltr'><strong>agnoscerem;</strong></span> <span class='ocrx_word' id='word_1_49' title='bbox 1655 805 1739 858; x_wconf 86' lang='lat' dir='ltr'><strong>vel</strong></span> <span class='ocrx_word' id='word_1_50' title='bbox 1765 802 1835 858; x_wconf 91' lang='lat' dir='ltr'><strong>ad</strong></span> 
     </span>
    </p>
   </div>
   <div class='ocr_carea' id='block_1_9' title="bbox 240 896 1834 973">
    <p class='ocr_par' dir='ltr' id='par_1_9' title="bbox 240 896 1834 973">
     <span class='ocr_line' id='line_1_9' title="bbox 240 896 1834 973; baseline -0.008 -11"><span class='ocrx_word' id='word_1_51' title='bbox 240 904 669 964; x_wconf 82' lang='lat' dir='ltr'><strong>submovendum</strong></span> <span class='ocrx_word' id='word_1_52' title='bbox 722 901 1016 973; x_wconf 66' lang='lat' dir='ltr'><strong>proposita:</strong></span> <span class='ocrx_word' id='word_1_53' title='bbox 1057 897 1471 955; x_wconf 82' lang='lat' dir='ltr'><strong>consultationis</strong></span> <span class='ocrx_word' id='word_1_54' title='bbox 1524 896 1834 967; x_wconf 86' lang='lat' dir='ltr'><strong>ambiguum</strong></span> 
     </span>
    </p>
   </div>
   <div class='ocr_carea' id='block_1_10' title="bbox 242 996 1837 1076">
    <p class='ocr_par' dir='ltr' id='par_1_10' title="bbox 242 996 1837 1076">
     <span class='ocr_line' id='line_1_10' title="bbox 242 996 1837 1076; baseline -0.007 -13"><span class='ocrx_word' id='word_1_55' title='bbox 242 1020 562 1076; x_wconf 85' lang='lat' dir='ltr'><strong>responsum</strong></span> <span class='ocrx_word' id='word_1_56' title='bbox 597 1019 626 1059; x_wconf 84' lang='lat' dir='ltr'><strong>a</strong></span> <span class='ocrx_word' id='word_1_57' title='bbox 664 1018 752 1059; x_wconf 91' lang='lat' dir='ltr'><strong>me</strong></span> <span class='ocrx_word' id='word_1_58' title='bbox 790 1002 1057 1072; x_wconf 68' lang='lat' dir='ltr'><strong>religiosas</strong></span> <span class='ocrx_word' id='word_1_59' title='bbox 1094 1001 1172 1071; x_wconf 89' lang='lat' dir='ltr'><strong>(b)</strong></span> <span class='ocrx_word' id='word_1_60' title='bbox 1224 999 1466 1054; x_wconf 71' lang='lat' dir='ltr'><strong>scientia:</strong></span> <span class='ocrx_word' id='word_1_61' title='bbox 1510 996 1837 1053; x_wconf 82' lang='lat' dir='ltr'><strong>conveniens</strong></span> 
     </span>
    </p>
   </div>
   <div class='ocr_carea' id='block_1_11' title="bbox 243 1090 1836 1168">
    <p class='ocr_par' dir='ltr' id='par_1_11' title="bbox 243 1090 1836 1168">
     <span class='ocr_line' id='line_1_11' title="bbox 243 1090 1836 1168; baseline -0.007 -13"><span class='ocrx_word' id='word_1_62' title='bbox 243 1100 584 1156; x_wconf 87' lang='lat' dir='ltr'><strong>redderetur.</strong></span> <span class='ocrx_word' id='word_1_63' title='bbox 630 1098 758 1168; x_wconf 90' lang='lat' dir='ltr'><strong>Legi</strong></span> <span class='ocrx_word' id='word_1_64' title='bbox 799 1096 981 1153; x_wconf 88' lang='lat' dir='ltr'><strong>omnia</strong></span> <span class='ocrx_word' id='word_1_65' title='bbox 1027 1092 1388 1150; x_wconf 84' lang='lat' dir='ltr'><strong>sollicitudine</strong></span> <span class='ocrx_word' id='word_1_66' title='bbox 1425 1106 1529 1162; x_wconf 86' lang='lat' dir='ltr'><strong>qua</strong></span> <span class='ocrx_word' id='word_1_67' title='bbox 1569 1090 1836 1156; x_wconf 91' lang='lat' dir='ltr'><strong>decebat;</strong></span> 
     </span>
    </p>
   </div>
   <div class='ocr_carea' id='block_1_12' title="bbox 244 1180 1835 1258">
    <p class='ocr_par' dir='ltr' id='par_1_12' title="bbox 244 1180 1835 1258">
     <span class='ocr_line' id='line_1_12' title="bbox 244 1180 1835 1258; baseline -0.008 -11"><span class='ocrx_word' id='word_1_68' title='bbox 244 1200 296 1246; x_wconf 88' lang='lat' dir='ltr'><strong>et</strong></span> <span class='ocrx_word' id='word_1_69' title='bbox 325 1191 455 1246; x_wconf 90' lang='lat' dir='ltr'><strong>licet</strong></span> <span class='ocrx_word' id='word_1_70' title='bbox 472 1190 541 1245; x_wconf 87' lang='lat' dir='ltr'><strong>ad</strong></span> <span class='ocrx_word' id='word_1_71' title='bbox 565 1188 810 1258; x_wconf 85' lang='lat' dir='ltr'><strong>responsi</strong></span> <span class='ocrx_word' id='word_1_72' title='bbox 839 1184 1228 1257; x_wconf 86' lang='lat' dir='ltr'><strong>plenitudinem</strong></span> <span class='ocrx_word' id='word_1_73' title='bbox 1260 1181 1513 1237; x_wconf 89' lang='lat' dir='ltr'><strong>sufficere</strong></span> <span class='ocrx_word' id='word_1_74' title='bbox 1553 1180 1835 1249; x_wconf 90' lang='lat' dir='ltr'><strong>potuisset,</strong></span> 
     </span>
    </p>
   </div>
   <div class='ocr_carea' id='block_1_13' title="bbox 244 1273 1843 1350">
    <p class='ocr_par' dir='ltr' id='par_1_13' title="bbox 244 1273 1843 1350">
     <span class='ocr_line' id='line_1_13' title="bbox 244 1273 1843 1350; baseline -0.008 -11"><span class='ocrx_word' id='word_1_75' title='bbox 244 1283 289 1339; x_wconf 85' lang='lat' dir='ltr'><strong>si</strong></span> <span class='ocrx_word' id='word_1_76' title='bbox 321 1283 413 1337; x_wconf 92' lang='lat' dir='ltr'><strong>illa</strong></span> <span class='ocrx_word' id='word_1_77' title='bbox 444 1290 651 1337; x_wconf 88' lang='lat' dir='ltr'><strong>tantum</strong></span> <span class='ocrx_word' id='word_1_78' title='bbox 698 1294 819 1350; x_wconf 71' lang='lat' dir='ltr'><strong>qua:</strong></span> <span class='ocrx_word' id='word_1_79' title='bbox 858 1294 889 1334; x_wconf 85' lang='lat' dir='ltr'><strong>a</strong></span> <span class='ocrx_word' id='word_1_80' title='bbox 924 1276 1199 1334; x_wconf 82' lang='lat' dir='ltr'><strong>veteribus</strong></span> <span class='ocrx_word' id='word_1_81' title='bbox 1224 1275 1317 1346; x_wconf 89' lang='lat' dir='ltr'><strong>(ab</strong></span> <span class='ocrx_word' id='word_1_82' title='bbox 1358 1273 1687 1343; x_wconf 86' lang='lat' dir='ltr'><strong>auctoribus)</strong></span> <span class='ocrx_word' id='word_1_83' title='bbox 1714 1280 1843 1327; x_wconf 90' lang='lat' dir='ltr'><strong>sunt</strong></span> 
     </span>
    </p>
   </div>
   <div class='ocr_carea' id='block_1_14' title="bbox 244 1372 1842 1447">
    <p class='ocr_par' dir='ltr' id='par_1_14' title="bbox 244 1372 1842 1447">
     <span class='ocr_line' id='line_1_14' title="bbox 244 1372 1842 1447; baseline -0.008 -7"><span class='ocrx_word' id='word_1_84' title='bbox 244 1383 475 1440; x_wconf 88' lang='lat' dir='ltr'><strong>diffinita</strong></span> <span class='ocrx_word' id='word_1_85' title='bbox 533 1381 909 1447; x_wconf 88' lang='lat' dir='ltr'><strong>rescriberem,</strong></span> <span class='ocrx_word' id='word_1_86' title='bbox 964 1387 1145 1433; x_wconf 90' lang='lat' dir='ltr'><strong>tamen</strong></span> <span class='ocrx_word' id='word_1_87' title='bbox 1195 1385 1255 1432; x_wconf 88' lang='lat' dir='ltr'><strong>ut</strong></span> <span class='ocrx_word' id='word_1_88' title='bbox 1297 1375 1535 1447; x_wconf 88' lang='lat' dir='ltr'><strong>religiosi</strong></span> <span class='ocrx_word' id='word_1_89' title='bbox 1583 1372 1842 1445; x_wconf 87' lang='lat' dir='ltr'><strong>propositi</strong></span> 
     </span>
    </p>
   </div>
   <div class='ocr_carea' id='block_1_15' title="bbox 244 1464 1840 1533">
    <p class='ocr_par' dir='ltr' id='par_1_15' title="bbox 244 1464 1840 1533">
     <span class='ocr_line' id='line_1_15' title="bbox 244 1464 1840 1533; baseline -0.009 -1"><span class='ocrx_word' id='word_1_90' title='bbox 244 1477 412 1533; x_wconf 84' lang='lat' dir='ltr'><strong>vestri</strong></span> <span class='ocrx_word' id='word_1_91' title='bbox 463 1487 872 1530; x_wconf 86' lang='lat' dir='ltr'><strong>remunerarem</strong></span> <span class='ocrx_word' id='word_1_92' title='bbox 929 1469 1214 1533; x_wconf 76' lang='lat' dir='ltr'><strong>affectum,</strong></span> <span class='ocrx_word' id='word_1_93' title='bbox 1262 1482 1369 1521; x_wconf 92' lang='lat' dir='ltr'><strong>non</strong></span> <span class='ocrx_word' id='word_1_94' title='bbox 1418 1464 1840 1521; x_wconf 87' lang='lat' dir='ltr'><strong>subtrahendum</strong></span> 
     </span>
    </p>
   </div>
   <div class='ocr_carea' id='block_1_16' title="bbox 245 1556 1843 1635">
    <p class='ocr_par' dir='ltr' id='par_1_16' title="bbox 245 1556 1843 1635">
     <span class='ocr_line' id='line_1_16' title="bbox 245 1556 1843 1635; baseline -0.008 -11"><span class='ocrx_word' id='word_1_95' title='bbox 245 1566 451 1625; x_wconf 86' lang='lat' dir='ltr'><strong>credidi</strong></span> <span class='ocrx_word' id='word_1_96' title='bbox 478 1566 585 1622; x_wconf 90' lang='lat' dir='ltr'><strong>mei</strong></span> <span class='ocrx_word' id='word_1_97' title='bbox 608 1579 820 1635; x_wconf 84' lang='lat' dir='ltr'><strong>quoque</strong></span> <span class='ocrx_word' id='word_1_98' title='bbox 845 1562 1112 1619; x_wconf 84' lang='lat' dir='ltr'><strong>sermonis</strong></span> <span class='ocrx_word' id='word_1_99' title='bbox 1149 1560 1490 1629; x_wconf 79' lang='lat' dir='ltr'><strong>obsequium.</strong></span> <span class='ocrx_word' id='word_1_100' title='bbox 1521 1556 1662 1625; x_wconf 85' lang='lat' dir='ltr'><strong>Quid</strong></span> <span class='ocrx_word' id='word_1_101' title='bbox 1699 1558 1843 1612; x_wconf 91' lang='lat' dir='ltr'><strong>enim</strong></span> 
     </span>
    </p>
   </div>
   <div class='ocr_carea' id='block_1_17' title="bbox 247 1646 1845 1727">
    <p class='ocr_par' dir='ltr' id='par_1_17' title="bbox 247 1646 1845 1727">
     <span class='ocr_line' id='line_1_17' title="bbox 247 1646 1845 1727; baseline -0.007 -15"><span class='ocrx_word' id='word_1_102' title='bbox 247 1666 328 1713; x_wconf 89' lang='lat' dir='ltr'><strong>est</strong></span> <span class='ocrx_word' id='word_1_103' title='bbox 355 1655 503 1727; x_wconf 86' lang='lat' dir='ltr'><strong>quod</strong></span> <span class='ocrx_word' id='word_1_104' title='bbox 530 1654 929 1725; x_wconf 84' lang='lat' dir='ltr'><strong>emergentibus</strong></span> <span class='ocrx_word' id='word_1_105' title='bbox 948 1651 1181 1708; x_wconf 80' lang='lat' dir='ltr'><strong>Nestorii</strong></span> <span class='ocrx_word' id='word_1_106' title='bbox 1205 1660 1257 1707; x_wconf 91' lang='lat' dir='ltr'><strong>et</strong></span> <span class='ocrx_word' id='word_1_107' title='bbox 1285 1646 1597 1721; x_wconf 83' lang='lat' dir='ltr'><strong>Eutychetis</strong></span> <span class='ocrx_word' id='word_1_108' title='bbox 1620 1647 1845 1702; x_wconf 89' lang='lat' dir='ltr'><strong>venenis</strong></span> 
     </span>
    </p>
   </div>
   <div class='ocr_carea' id='block_1_18' title="bbox 248 1743 1840 1820">
    <p class='ocr_par' dir='ltr' id='par_1_18' title="bbox 248 1743 1840 1820">
     <span class='ocr_line' id='line_1_18' title="bbox 248 1743 1840 1820; baseline -0.004 -17"><span class='ocrx_word' id='word_1_109' title='bbox 248 1762 471 1820; x_wconf 87' lang='lat' dir='ltr'><strong>paterna</strong></span> <span class='ocrx_word' id='word_1_110' title='bbox 514 1748 699 1804; x_wconf 90' lang='lat' dir='ltr'><strong>omisit</strong></span> <span class='ocrx_word' id='word_1_111' title='bbox 734 1748 1050 1803; x_wconf 83' lang='lat' dir='ltr'><strong>instructio?</strong></span> <span class='ocrx_word' id='word_1_112' title='bbox 1100 1746 1246 1800; x_wconf 84' lang='lat' dir='ltr'><strong>Pene</strong></span> <span class='ocrx_word' id='word_1_113' title='bbox 1292 1758 1482 1799; x_wconf 90' lang='lat' dir='ltr'><strong>omnes</strong></span> <span class='ocrx_word' id='word_1_114' title='bbox 1538 1743 1840 1812; x_wconf 88' lang='lat' dir='ltr'><strong>impietates</strong></span> 
     </span>
    </p>
   </div>
   <div class='ocr_carea' id='block_1_19' title="bbox 248 1845 1846 1915">
    <p class='ocr_par' dir='ltr' id='par_1_19' title="bbox 248 1845 1846 1915">
     <span class='ocr_line' id='line_1_19' title="bbox 248 1845 1846 1915; baseline -0.006 -10"><span class='ocrx_word' id='word_1_115' title='bbox 248 1865 368 1905; x_wconf 88' lang='lat' dir='ltr'><strong>eum</strong></span> <span class='ocrx_word' id='word_1_116' title='bbox 397 1848 774 1905; x_wconf 82' lang='lat' dir='ltr'><strong>inventoribus</strong></span> <span class='ocrx_word' id='word_1_117' title='bbox 803 1856 909 1903; x_wconf 89' lang='lat' dir='ltr'><strong>tam</strong></span> <span class='ocrx_word' id='word_1_118' title='bbox 938 1846 1293 1902; x_wconf 84' lang='lat' dir='ltr'><strong>nefandorum</strong></span> <span class='ocrx_word' id='word_1_119' title='bbox 1315 1845 1625 1915; x_wconf 85' lang='lat' dir='ltr'><strong>dogmatum</strong></span> <span class='ocrx_word' id='word_1_120' title='bbox 1649 1858 1846 1899; x_wconf 88' lang='lat' dir='ltr'><strong>conve-</strong></span> 
     </span>
    </p>
   </div>
   <div class='ocr_carea' id='block_1_20' title="bbox 249 1934 1848 2010">
    <p class='ocr_par' dir='ltr' id='par_1_20' title="bbox 249 1934 1848 2010">
     <span class='ocr_line' id='line_1_20' title="bbox 249 1934 1848 2010; baseline -0.004 -13"><span class='ocrx_word' id='word_1_121' title='bbox 249 1940 457 1998; x_wconf 87' lang='lat' dir='ltr'><strong>nientia</strong></span> <span class='ocrx_word' id='word_1_122' title='bbox 503 1941 557 1996; x_wconf 93' lang='lat' dir='ltr'><strong>in</strong></span> <span class='ocrx_word' id='word_1_123' title='bbox 585 1955 751 1996; x_wconf 89' lang='lat' dir='ltr'><strong>unum</strong></span> <span class='ocrx_word' id='word_1_124' title='bbox 791 1934 1302 2010; x_wconf 68' lang='lat' dir='ltr'><strong>synodica&#39;decreta</strong></span> <span class='ocrx_word' id='word_1_125' title='bbox 1334 1946 1647 2006; x_wconf 89' lang='lat' dir='ltr'><strong>presserunt</strong></span> <span class='ocrx_word' id='word_1_126' title='bbox 1688 1952 1702 1988; x_wconf 91' lang='lat'><strong>:</strong></span> <span class='ocrx_word' id='word_1_127' title='bbox 1750 1949 1848 1990; x_wconf 90' lang='lat' dir='ltr'><strong>nec</strong></span> 
     </span>
    </p>
   </div>
   <div class='ocr_carea' id='block_1_21' title="bbox 251 2026 1852 2097">
    <p class='ocr_par' dir='ltr' id='par_1_21' title="bbox 251 2026 1852 2097">
     <span class='ocr_line' id='line_1_21' title="bbox 251 2026 1852 2097; baseline -0.006 -7"><span class='ocrx_word' id='word_1_128' title='bbox 251 2033 479 2090; x_wconf 86' lang='lat' dir='ltr'><strong>ulterius</strong></span> <span class='ocrx_word' id='word_1_129' title='bbox 503 2031 765 2088; x_wconf 89' lang='lat' dir='ltr'><strong>remansit</strong></span> <span class='ocrx_word' id='word_1_130' title='bbox 789 2031 937 2086; x_wconf 89' lang='lat' dir='ltr'><strong>locus</strong></span> <span class='ocrx_word' id='word_1_131' title='bbox 965 2029 1103 2084; x_wconf 91' lang='lat' dir='ltr'><strong>ullus</strong></span> <span class='ocrx_word' id='word_1_132' title='bbox 1126 2037 1234 2083; x_wconf 89' lang='lat' dir='ltr'><strong>tam</strong></span> <span class='ocrx_word' id='word_1_133' title='bbox 1257 2027 1388 2082; x_wconf 86' lang='lat' dir='ltr'><strong>diris</strong></span> <span class='ocrx_word' id='word_1_134' title='bbox 1419 2026 1658 2097; x_wconf 64' lang='lat' dir='ltr'><strong>perfidia:</strong></span> <span class='ocrx_word' id='word_1_135' title='bbox 1686 2026 1852 2081; x_wconf 88' lang='lat' dir='ltr'><strong>semi-</strong></span> 
     </span>
    </p>
   </div>
   <div class='ocr_carea' id='block_1_22' title="bbox 251 2118 1849 2193">
    <p class='ocr_par' dir='ltr' id='par_1_22' title="bbox 251 2118 1849 2193">
     <span class='ocr_line' id='line_1_22' title="bbox 251 2118 1849 2193; baseline -0.005 -14"><span class='ocrx_word' id='word_1_136' title='bbox 251 2123 412 2179; x_wconf 87' lang='lat' dir='ltr'><strong>nibus</strong></span> <span class='ocrx_word' id='word_1_137' title='bbox 458 2122 771 2193; x_wconf 80' lang='lat' dir='ltr'><strong>amputatis,</strong></span> <span class='ocrx_word' id='word_1_138' title='bbox 815 2129 905 2175; x_wconf 90' lang='lat' dir='ltr'><strong>aut</strong></span> <span class='ocrx_word' id='word_1_139' title='bbox 948 2119 1222 2175; x_wconf 84' lang='lat' dir='ltr'><strong>Christum</strong></span> <span class='ocrx_word' id='word_1_140' title='bbox 1270 2118 1556 2173; x_wconf 91' lang='lat' dir='ltr'><strong>Dominum</strong></span> <span class='ocrx_word' id='word_1_141' title='bbox 1603 2126 1849 2173; x_wconf 90' lang='lat' dir='ltr'><strong>nostrum</strong></span> 
     </span>
    </p>
   </div>
   <div class='ocr_carea' id='block_1_23' title="bbox 254 2207 1851 2276">
    <p class='ocr_par' dir='ltr' id='par_1_23' title="bbox 254 2207 1851 2276">
     <span class='ocr_line' id='line_1_23' title="bbox 254 2207 1851 2276; baseline -0.008 -3"><span class='ocrx_word' id='word_1_142' title='bbox 254 2215 481 2273; x_wconf 84' lang='lat' dir='ltr'><strong>credere</strong></span> <span class='ocrx_word' id='word_1_143' title='bbox 515 2216 634 2269; x_wconf 89' lang='lat' dir='ltr'><strong>sine</strong></span> <span class='ocrx_word' id='word_1_144' title='bbox 663 2212 841 2269; x_wconf 87' lang='lat' dir='ltr'><strong>carnis</strong></span> <span class='ocrx_word' id='word_1_145' title='bbox 872 2212 1039 2267; x_wconf 91' lang='lat' dir='ltr'><strong>fuisse</strong></span> <span class='ocrx_word' id='word_1_146' title='bbox 1066 2211 1315 2276; x_wconf 87' lang='lat' dir='ltr'><strong>veritate,</strong></span> <span class='ocrx_word' id='word_1_147' title='bbox 1350 2219 1442 2264; x_wconf 90' lang='lat' dir='ltr'><strong>aut</strong></span> <span class='ocrx_word' id='word_1_148' title='bbox 1468 2207 1714 2265; x_wconf 91' lang='lat' dir='ltr'><strong>eumdem</strong></span> <span class='ocrx_word' id='word_1_149' title='bbox 1746 2222 1851 2262; x_wconf 91' lang='lat' dir='ltr'><strong>non</strong></span> 
     </span>
    </p>
   </div>
   <div class='ocr_carea' id='block_1_24' title="bbox 253 2311 1854 2377">
    <p class='ocr_par' dir='ltr' id='par_1_24' title="bbox 253 2311 1854 2377">
     <span class='ocr_line' id='line_1_24' title="bbox 253 2311 1854 2377; baseline -0.008 0"><span class='ocrx_word' id='word_1_150' title='bbox 253 2322 425 2377; x_wconf 84' lang='lat' dir='ltr'><strong>Deum</strong></span> <span class='ocrx_word' id='word_1_151' title='bbox 455 2328 511 2375; x_wconf 90' lang='lat' dir='ltr'><strong>et</strong></span> <span class='ocrx_word' id='word_1_152' title='bbox 531 2318 804 2374; x_wconf 87' lang='lat' dir='ltr'><strong>hominem</strong></span> <span class='ocrx_word' id='word_1_153' title='bbox 826 2316 894 2372; x_wconf 87' lang='lat' dir='ltr'><strong>de</strong></span> <span class='ocrx_word' id='word_1_154' title='bbox 919 2316 1147 2371; x_wconf 87' lang='lat' dir='ltr'><strong>materni</strong></span> <span class='ocrx_word' id='word_1_155' title='bbox 1173 2317 1311 2370; x_wconf 90' lang='lat' dir='ltr'><strong>uteri</strong></span> <span class='ocrx_word' id='word_1_156' title='bbox 1336 2314 1650 2368; x_wconf 88' lang='lat' dir='ltr'><strong>intemerata</strong></span> <span class='ocrx_word' id='word_1_157' title='bbox 1673 2311 1854 2367; x_wconf 87' lang='lat' dir='ltr'><strong>fecun-</strong></span> 
     </span>
    </p>
   </div>
   <div class='ocr_carea' id='block_1_25' title="bbox 253 2402 1853 2481">
    <p class='ocr_par' dir='ltr' id='par_1_25' title="bbox 253 2402 1853 2481">
     <span class='ocr_line' id='line_1_25' title="bbox 253 2402 1853 2481; baseline -0.009 -12"><span class='ocrx_word' id='word_1_158' title='bbox 253 2414 424 2470; x_wconf 87' lang='lat' dir='ltr'><strong>ditate</strong></span> <span class='ocrx_word' id='word_1_159' title='bbox 468 2409 766 2481; x_wconf 89' lang='lat' dir='ltr'><strong>prodiisse,</strong></span> <span class='ocrx_word' id='word_1_160' title='bbox 799 2422 919 2464; x_wconf 86' lang='lat' dir='ltr'><strong>cum</strong></span> <span class='ocrx_word' id='word_1_161' title='bbox 965 2407 1102 2461; x_wconf 88' lang='lat' dir='ltr'><strong>alter</strong></span> <span class='ocrx_word' id='word_1_162' title='bbox 1137 2420 1325 2462; x_wconf 91' lang='lat' dir='ltr'><strong>eorum</strong></span> <span class='ocrx_word' id='word_1_163' title='bbox 1373 2402 1853 2474; x_wconf 86' lang='lat' dir='ltr'><strong>dispensationem,</strong></span> 
     </span>
    </p>
   </div>
   <div class='ocr_carea' id='block_1_26' title="bbox 252 2492 1859 2575">
    <p class='ocr_par' dir='ltr' id='par_1_26' title="bbox 252 2492 1859 2575">
     <span class='ocr_line' id='line_1_26' title="bbox 252 2492 1859 2575; baseline -0.007 -17"><span class='ocrx_word' id='word_1_164' title='bbox 252 2518 363 2575; x_wconf 85' lang='lat' dir='ltr'><strong>qua</strong></span> <span class='ocrx_word' id='word_1_165' title='bbox 385 2501 580 2558; x_wconf 87' lang='lat' dir='ltr'><strong>salvati</strong></span> <span class='ocrx_word' id='word_1_166' title='bbox 620 2512 809 2556; x_wconf 89' lang='lat' dir='ltr'><strong>sumus</strong></span> <span class='ocrx_word' id='word_1_167' title='bbox 837 2498 1102 2568; x_wconf 90' lang='lat' dir='ltr'><strong>negando,</strong></span> <span class='ocrx_word' id='word_1_168' title='bbox 1133 2506 1391 2567; x_wconf 89' lang='lat' dir='ltr'><strong>quantum</strong></span> <span class='ocrx_word' id='word_1_169' title='bbox 1427 2497 1477 2549; x_wconf 93' lang='lat' dir='ltr'><strong>in</strong></span> <span class='ocrx_word' id='word_1_170' title='bbox 1514 2510 1572 2549; x_wconf 93' lang='lat' dir='ltr'><strong>se</strong></span> <span class='ocrx_word' id='word_1_171' title='bbox 1600 2502 1704 2559; x_wconf 88' lang='lat' dir='ltr'><strong>est,</strong></span> <span class='ocrx_word' id='word_1_172' title='bbox 1732 2492 1859 2549; x_wconf 89' lang='lat' dir='ltr'><strong>irri-</strong></span> 
     </span>
    </p>
   </div>
   <div class='ocr_carea' id='block_1_27' title="bbox 253 2586 1859 2662">
    <p class='ocr_par' dir='ltr' id='par_1_27' title="bbox 253 2586 1859 2662">
     <span class='ocr_line' id='line_1_27' title="bbox 253 2586 1859 2662; baseline -0.007 -11"><span class='ocrx_word' id='word_1_173' title='bbox 253 2605 369 2652; x_wconf 89' lang='lat' dir='ltr'><strong>tam</strong></span> <span class='ocrx_word' id='word_1_174' title='bbox 400 2594 637 2659; x_wconf 88' lang='lat' dir='ltr'><strong>faceret;</strong></span> <span class='ocrx_word' id='word_1_175' title='bbox 669 2592 810 2647; x_wconf 90' lang='lat' dir='ltr'><strong>alter</strong></span> <span class='ocrx_word' id='word_1_176' title='bbox 838 2591 1094 2662; x_wconf 91' lang='lat' dir='ltr'><strong>opinione</strong></span> <span class='ocrx_word' id='word_1_177' title='bbox 1122 2590 1415 2654; x_wconf 88' lang='lat' dir='ltr'><strong>contraria,</strong></span> <span class='ocrx_word' id='word_1_178' title='bbox 1447 2587 1541 2643; x_wconf 91' lang='lat' dir='ltr'><strong>sed</strong></span> <span class='ocrx_word' id='word_1_179' title='bbox 1583 2586 1859 2656; x_wconf 89' lang='lat' dir='ltr'><strong>impietate</strong></span> 
     </span>
    </p>
   </div>
   <div class='ocr_carea' id='block_1_28' title="bbox 253 2677 1857 2750">
    <p class='ocr_par' dir='ltr' id='par_1_28' title="bbox 253 2677 1857 2750">
     <span class='ocr_line' id='line_1_28' title="bbox 253 2677 1857 2750; baseline -0.007 -5"><span class='ocrx_word' id='word_1_180' title='bbox 253 2686 556 2750; x_wconf 87' lang='lat' dir='ltr'><strong>consimili,</strong></span> <span class='ocrx_word' id='word_1_181' title='bbox 586 2684 641 2742; x_wconf 90' lang='lat' dir='ltr'><strong>in</strong></span> <span class='ocrx_word' id='word_1_182' title='bbox 664 2685 855 2741; x_wconf 91' lang='lat' dir='ltr'><strong>eodem</strong></span> <span class='ocrx_word' id='word_1_183' title='bbox 884 2684 1112 2739; x_wconf 91' lang='lat' dir='ltr'><strong>Domino</strong></span> <span class='ocrx_word' id='word_1_184' title='bbox 1145 2692 1326 2737; x_wconf 89' lang='lat' dir='ltr'><strong>nostro</strong></span> <span class='ocrx_word' id='word_1_185' title='bbox 1351 2678 1477 2735; x_wconf 83' lang='lat' dir='ltr'><strong>Jesu</strong></span> <span class='ocrx_word' id='word_1_186' title='bbox 1509 2677 1728 2733; x_wconf 88' lang='lat' dir='ltr'><strong>Christo</strong></span> <span class='ocrx_word' id='word_1_187' title='bbox 1760 2692 1857 2747; x_wconf 91' lang='lat' dir='ltr'><strong>po-</strong></span> 
     </span>
    </p>
   </div>
   <div class='ocr_carea' id='block_1_29' title="bbox 253 2772 1859 2841">
    <p class='ocr_par' dir='ltr' id='par_1_29' title="bbox 253 2772 1859 2841">
     <span class='ocr_line' id='line_1_29' title="bbox 253 2772 1859 2841; baseline -0.008 -1"><span class='ocrx_word' id='word_1_188' title='bbox 253 2790 511 2841; x_wconf 85' lang='lat' dir='ltr'><strong>testatem</strong></span> <span class='ocrx_word' id='word_1_189' title='bbox 535 2780 771 2836; x_wconf 89' lang='lat' dir='ltr'><strong>divinam</strong></span> <span class='ocrx_word' id='word_1_190' title='bbox 817 2795 849 2833; x_wconf 90' lang='lat' dir='ltr'><strong>a</strong></span> <span class='ocrx_word' id='word_1_191' title='bbox 876 2792 1002 2834; x_wconf 88' lang='lat' dir='ltr'><strong>vera</strong></span> <span class='ocrx_word' id='word_1_192' title='bbox 1029 2777 1361 2832; x_wconf 84' lang='lat' dir='ltr'><strong>immanitate</strong></span> <span class='ocrx_word' id='word_1_193' title='bbox 1398 2772 1730 2839; x_wconf 89' lang='lat' dir='ltr'><strong>secluderet;</strong></span> <span class='ocrx_word' id='word_1_194' title='bbox 1763 2785 1859 2827; x_wconf 90' lang='lat' dir='ltr'><strong>ne-</strong></span> 
     </span>
    </p>
   </div>
   <div class='ocr_carea' id='block_1_30' title="bbox 254 2868 1860 2948">
    <p class='ocr_par' dir='ltr' id='par_1_30' title="bbox 254 2868 1860 2948">
     <span class='ocr_line' id='line_1_30' title="bbox 254 2868 1860 2948; baseline -0.01 -16"><span class='ocrx_word' id='word_1_195' title='bbox 254 2890 369 2948; x_wconf 88' lang='lat' dir='ltr'><strong>que</strong></span> <span class='ocrx_word' id='word_1_196' title='bbox 415 2873 510 2929; x_wconf 90' lang='lat' dir='ltr'><strong>ille</strong></span> <span class='ocrx_word' id='word_1_197' title='bbox 550 2871 865 2927; x_wconf 85' lang='lat' dir='ltr'><strong>recordatus</strong></span> <span class='ocrx_word' id='word_1_198' title='bbox 910 2871 1035 2940; x_wconf 85' lang='lat' dir='ltr'><strong>quia</strong></span> <span class='ocrx_word' id='word_1_199' title='bbox 1084 2868 1403 2938; x_wconf 85' lang='lat' dir='ltr'><strong>palpandam</strong></span> <span class='ocrx_word' id='word_1_200' title='bbox 1454 2880 1669 2920; x_wconf 86' lang='lat' dir='ltr'><strong>carnem</strong></span> <span class='ocrx_word' id='word_1_201' title='bbox 1710 2877 1860 2917; x_wconf 85' lang='lat' dir='ltr'><strong>suam</strong></span> 
     </span>
    </p>
   </div>
   <div class='ocr_carea' id='block_1_31' title="bbox 254 2954 1861 3027">
    <p class='ocr_par' dir='ltr' id='par_1_31' title="bbox 254 2954 1861 3027">
     <span class='ocr_line' id='line_1_31' title="bbox 254 2954 1861 3027; baseline -0.009 -6"><span class='ocrx_word' id='word_1_202' title='bbox 254 2963 521 3021; x_wconf 87' lang='lat' dir='ltr'><strong>Christus</strong></span> <span class='ocrx_word' id='word_1_203' title='bbox 545 2960 806 3027; x_wconf 83' lang='lat' dir='ltr'><strong>ostendit,</strong></span> <span class='ocrx_word' id='word_1_204' title='bbox 830 2976 931 3017; x_wconf 88' lang='lat' dir='ltr'><strong>nec</strong></span> <span class='ocrx_word' id='word_1_205' title='bbox 964 2959 1055 3014; x_wconf 92' lang='lat' dir='ltr'><strong>ille</strong></span> <span class='ocrx_word' id='word_1_206' title='bbox 1084 2957 1363 3027; x_wconf 87' lang='lat' dir='ltr'><strong>Evangelii</strong></span> <span class='ocrx_word' id='word_1_207' title='bbox 1394 2971 1600 3011; x_wconf 90' lang='lat' dir='ltr'><strong>memor</strong></span> <span class='ocrx_word' id='word_1_208' title='bbox 1626 2954 1861 3009; x_wconf 84' lang='lat' dir='ltr'><strong>Verbum</strong></span> 
     </span>
    </p>
   </div>
   <div class='ocr_carea' id='block_1_32' title="bbox 255 3055 1865 3132">
    <p class='ocr_par' dir='ltr' id='par_1_32' title="bbox 255 3055 1865 3132">
     <span class='ocr_line' id='line_1_32' title="bbox 255 3055 1865 3132; baseline -0.011 -5"><span class='ocrx_word' id='word_1_209' title='bbox 255 3081 484 3126; x_wconf 88' lang='lat' dir='ltr'><strong>carnem</strong></span> <span class='ocrx_word' id='word_1_210' title='bbox 510 3065 708 3119; x_wconf 84' lang='lat' dir='ltr'><strong>factum</strong></span> <span class='ocrx_word' id='word_1_211' title='bbox 734 3077 859 3118; x_wconf 89' lang='lat' dir='ltr'><strong>esse</strong></span> <span class='ocrx_word' id='word_1_212' title='bbox 875 3059 1104 3117; x_wconf 89' lang='lat' dir='ltr'><strong>dicentis</strong></span> <span class='ocrx_word' id='word_1_213' title='bbox 1131 3060 1310 3132; x_wconf 83' lang='lat' dir='ltr'><strong>(Joau.</strong></span> <span class='ocrx_word' id='word_1_214' title='bbox 1336 3058 1399 3130; x_wconf 84' lang='grc' dir='ltr'><strong>ι),</strong></span> <span class='ocrx_word' id='word_1_215' title='bbox 1424 3074 1508 3113; x_wconf 90' lang='lat' dir='ltr'><strong>cut</strong></span> <span class='ocrx_word' id='word_1_216' title='bbox 1526 3071 1627 3112; x_wconf 81' lang='lat' dir='ltr'><strong>vox</strong></span> <span class='ocrx_word' id='word_1_217' title='bbox 1653 3055 1865 3110; x_wconf 88' lang='lat' dir='ltr'><strong>Domini</strong></span> 
     </span>
    </p>
   </div>
   <div class='ocr_carea' id='block_1_33' title="bbox 254 3145 1861 3219">
    <p class='ocr_par' dir='ltr' id='par_1_33' title="bbox 254 3145 1861 3219">
     <span class='ocr_line' id='line_1_33' title="bbox 254 3145 1861 3219; baseline -0.01 -4"><span class='ocrx_word' id='word_1_218' title='bbox 254 3156 646 3215; x_wconf 74' lang='lat' dir='ltr'><strong>indeﬁcienter</strong></span> <span class='ocrx_word' id='word_1_219' title='bbox 665 3152 918 3207; x_wconf 85' lang='lat' dir='ltr'><strong>insonare</strong></span> <span class='ocrx_word' id='word_1_220' title='bbox 948 3151 1227 3217; x_wconf 89' lang='lat' dir='ltr'><strong>debuerat,</strong></span> <span class='ocrx_word' id='word_1_221' title='bbox 1260 3145 1528 3219; x_wconf 58' lang='lat' dir='ltr'><strong>qua‘ditit</strong></span> <span class='ocrx_word' id='word_1_222' title='bbox 1572 3156 1625 3203; x_wconf 91' lang='lat' dir='ltr'><strong>et</strong></span> <span class='ocrx_word' id='word_1_223' title='bbox 1652 3146 1861 3202; x_wconf 88' lang='lat' dir='ltr'><strong>docuit:</strong></span> 
     </span>
    </p>
   </div>
   <div class='ocr_carea' id='block_1_34' title="bbox 255 3245 1873 3316">
    <p class='ocr_par' dir='ltr' id='par_1_34' title="bbox 255 3245 1873 3316">
     <span class='ocr_line' id='line_1_34' title="bbox 255 3245 1873 3316; baseline -0.01 -2"><span class='ocrx_word' id='word_1_224' title='bbox 255 3257 451 3315; x_wconf 83' lang='lat' dir='ltr'><strong>Nemo</strong></span> <span class='ocrx_word' id='word_1_225' title='bbox 491 3253 721 3309; x_wconf 80' lang='lat' dir='ltr'><strong>ascendit</strong></span> <span class='ocrx_word' id='word_1_226' title='bbox 764 3253 817 3305; x_wconf 87' lang='lat' dir='ltr'><strong>in</strong></span> <span class='ocrx_word' id='word_1_227' title='bbox 856 3252 1057 3314; x_wconf 67' lang='lat' dir='ltr'><strong>coelum,</strong></span> <span class='ocrx_word' id='word_1_228' title='bbox 1101 3249 1199 3303; x_wconf 88' lang='lat' dir='ltr'><strong>nisi</strong></span> <span class='ocrx_word' id='word_1_229' title='bbox 1226 3248 1315 3316; x_wconf 88' lang='lat' dir='ltr'><strong>qui</strong></span> <span class='ocrx_word' id='word_1_230' title='bbox 1354 3247 1417 3301; x_wconf 85' lang='lat' dir='ltr'><strong>de</strong></span> <span class='ocrx_word' id='word_1_231' title='bbox 1446 3246 1575 3301; x_wconf 71' lang='lat' dir='ltr'><strong>caelo</strong></span> <span class='ocrx_word' id='word_1_232' title='bbox 1618 3245 1873 3301; x_wconf 79' lang='lat' dir='ltr'><strong>descendit</strong></span> 
     </span>
    </p>
   </div>
   <div class='ocr_carea' id='block_1_35' title="bbox 256 3336 1869 3413">
    <p class='ocr_par' dir='ltr' id='par_1_35' title="bbox 256 3336 1869 3413">
     <span class='ocr_line' id='line_1_35' title="bbox 256 3336 1869 3413; baseline -0.007 -12"><span class='ocrx_word' id='word_1_233' title='bbox 256 3346 315 3401; x_wconf 86' lang='lat' dir='ltr'><strong><em>F</em></strong></span> <span class='ocrx_word' id='word_1_234' title='bbox 316 3348 448 3403; x_wconf 88' lang='lat' dir='ltr'><strong>ilius</strong></span> <span class='ocrx_word' id='word_1_235' title='bbox 472 3344 695 3399; x_wconf 80' lang='lat' dir='ltr'><strong>hominis</strong></span> <span class='ocrx_word' id='word_1_236' title='bbox 717 3342 803 3413; x_wconf 88' lang='lat' dir='ltr'><strong>qui</strong></span> <span class='ocrx_word' id='word_1_237' title='bbox 826 3351 897 3396; x_wconf 84' lang='lat' dir='ltr'><strong>est</strong></span> <span class='ocrx_word' id='word_1_238' title='bbox 925 3341 978 3393; x_wconf 89' lang='lat' dir='ltr'><strong>in</strong></span> <span class='ocrx_word' id='word_1_239' title='bbox 1004 3340 1129 3394; x_wconf 74' lang='lat' dir='ltr'><strong>cazlo</strong></span> <span class='ocrx_word' id='word_1_240' title='bbox 1154 3336 1333 3409; x_wconf 83' lang='lat' dir='ltr'><strong>(Joan.</strong></span> <span class='ocrx_word' id='word_1_241' title='bbox 1366 3337 1468 3408; x_wconf 87' lang='lat' dir='ltr'><strong>tu).</strong></span> <span class='ocrx_word' id='word_1_242' title='bbox 1498 3336 1654 3408; x_wconf 68' lang='lat' dir='ltr'><strong>Saepe</strong></span> <span class='ocrx_word' id='word_1_243' title='bbox 1680 3337 1797 3391; x_wconf 64' lang='lat' dir='ltr'><strong>haec</strong></span> <span class='ocrx_word' id='word_1_244' title='bbox 1816 3345 1869 3391; x_wconf 91' lang='lat' dir='ltr'><strong>et</strong></span> 
     </span>
    </p>
   </div>
   <div class='ocr_carea' id='block_1_36' title="bbox 256 3436 1862 3516">
    <p class='ocr_par' dir='ltr' id='par_1_36' title="bbox 256 3436 1862 3516">
     <span class='ocr_line' id='line_1_36' title="bbox 256 3436 1862 3516; baseline -0.008 -13"><span class='ocrx_word' id='word_1_245' title='bbox 256 3445 459 3503; x_wconf 87' lang='lat' dir='ltr'><strong>multis</strong></span> <span class='ocrx_word' id='word_1_246' title='bbox 487 3440 905 3516; x_wconf 63' lang='lat' dir='ltr'><strong>prmeedentium</strong></span> <span class='ocrx_word' id='word_1_247' title='bbox 956 3448 1082 3495; x_wconf 91' lang='lat' dir='ltr'><strong>sunt</strong></span> <span class='ocrx_word' id='word_1_248' title='bbox 1119 3437 1507 3507; x_wconf 88' lang='lat' dir='ltr'><strong>comprehensa</strong></span> <span class='ocrx_word' id='word_1_249' title='bbox 1551 3436 1862 3501; x_wconf 85' lang='lat' dir='ltr'><strong>sententiis;</strong></span> 
     </span>
    </p>
   </div>
   <div class='ocr_carea' id='block_1_37' title="bbox 256 3528 1870 3600">
    <p class='ocr_par' dir='ltr' id='par_1_37' title="bbox 256 3528 1870 3600">
     <span class='ocr_line' id='line_1_37' title="bbox 256 3528 1870 3600; baseline -0.009 -5"><span class='ocrx_word' id='word_1_250' title='bbox 256 3537 363 3594; x_wconf 86' lang='lat' dir='ltr'><strong>sed</strong></span> <span class='ocrx_word' id='word_1_251' title='bbox 404 3550 511 3592; x_wconf 90' lang='lat' dir='ltr'><strong>nec</strong></span> <span class='ocrx_word' id='word_1_252' title='bbox 538 3533 823 3589; x_wconf 89' lang='lat' dir='ltr'><strong>clementia</strong></span> <span class='ocrx_word' id='word_1_253' title='bbox 849 3538 1032 3587; x_wconf 88' lang='lat' dir='ltr'><strong>vestra</strong></span> <span class='ocrx_word' id='word_1_254' title='bbox 1070 3531 1195 3587; x_wconf 89' lang='lat' dir='ltr'><strong>licet</strong></span> <span class='ocrx_word' id='word_1_255' title='bbox 1237 3530 1347 3600; x_wconf 87' lang='lat' dir='ltr'><strong>iam</strong></span> <span class='ocrx_word' id='word_1_256' title='bbox 1379 3530 1519 3585; x_wconf 92' lang='lat' dir='ltr'><strong>dicta</strong></span> <span class='ocrx_word' id='word_1_257' title='bbox 1550 3530 1680 3594; x_wconf 89' lang='lat' dir='ltr'><strong>sint,</strong></span> <span class='ocrx_word' id='word_1_258' title='bbox 1724 3528 1870 3584; x_wconf 80' lang='lat' dir='ltr'><strong>fasti-</strong></span> 
     </span>
    </p>
   </div>
   <div class='ocr_carea' id='block_1_38' title="bbox 257 3619 1875 3695">
    <p class='ocr_par' dir='ltr' id='par_1_38' title="bbox 257 3619 1875 3695">
     <span class='ocr_line' id='line_1_38' title="bbox 257 3619 1875 3695; baseline -0.007 -11"><span class='ocrx_word' id='word_1_259' title='bbox 257 3627 424 3684; x_wconf 85' lang='lat' dir='ltr'><strong>diose</strong></span> <span class='ocrx_word' id='word_1_260' title='bbox 461 3623 660 3695; x_wconf 90' lang='lat' dir='ltr'><strong>poterit</strong></span> <span class='ocrx_word' id='word_1_261' title='bbox 697 3622 922 3692; x_wconf 84' lang='lat' dir='ltr'><strong>repetita</strong></span> <span class='ocrx_word' id='word_1_262' title='bbox 964 3636 1331 3692; x_wconf 84' lang='lat' dir='ltr'><strong>cognoscere:</strong></span> <span class='ocrx_word' id='word_1_263' title='bbox 1366 3637 1465 3677; x_wconf 91' lang='lat' dir='ltr'><strong>nec</strong></span> <span class='ocrx_word' id='word_1_264' title='bbox 1507 3621 1662 3676; x_wconf 89' lang='lat' dir='ltr'><strong>nobis</strong></span> <span class='ocrx_word' id='word_1_265' title='bbox 1703 3619 1875 3691; x_wconf 86' lang='lat' dir='ltr'><strong>pudor</strong></span> 
     </span>
    </p>
   </div>
   <div class='ocr_carea' id='block_1_39' title="bbox 257 3711 1874 3786">
    <p class='ocr_par' dir='ltr' id='par_1_39' title="bbox 257 3711 1874 3786">
     <span class='ocr_line' id='line_1_39' title="bbox 257 3711 1874 3786; baseline -0.004 -13"><span class='ocrx_word' id='word_1_266' title='bbox 257 3726 356 3773; x_wconf 85' lang='lat' dir='ltr'><strong>est</strong></span> <span class='ocrx_word' id='word_1_267' title='bbox 384 3731 451 3772; x_wconf 83' lang='lat' dir='ltr'><strong>ea</strong></span> <span class='ocrx_word' id='word_1_268' title='bbox 472 3730 597 3786; x_wconf 83' lang='lat' dir='ltr'><strong>quae</strong></span> <span class='ocrx_word' id='word_1_269' title='bbox 613 3722 739 3769; x_wconf 89' lang='lat' dir='ltr'><strong>sunt</strong></span> <span class='ocrx_word' id='word_1_270' title='bbox 763 3727 795 3767; x_wconf 90' lang='lat' dir='ltr'><strong>a</strong></span> <span class='ocrx_word' id='word_1_271' title='bbox 820 3712 1197 3769; x_wconf 86' lang='lat' dir='ltr'><strong>decessoribus</strong></span> <span class='ocrx_word' id='word_1_272' title='bbox 1218 3712 1415 3767; x_wconf 90' lang='lat' dir='ltr'><strong>nostris</strong></span> <span class='ocrx_word' id='word_1_273' title='bbox 1438 3711 1686 3780; x_wconf 68' lang='lat' dir='ltr'><strong>praedicta</strong></span> <span class='ocrx_word' id='word_1_274' title='bbox 1716 3711 1874 3781; x_wconf 63' lang='lat' dir='ltr'><strong>(pre-</strong></span> 
     </span>
    </p>
   </div>
   <div class='ocr_carea' id='block_1_40' title="bbox 258 3803 1877 3876">
    <p class='ocr_par' dir='ltr' id='par_1_40' title="bbox 258 3803 1877 3876">
     <span class='ocr_line' id='line_1_40' title="bbox 258 3803 1877 3876; baseline -0.003 -13"><span class='ocrx_word' id='word_1_275' title='bbox 258 3805 477 3876; x_wconf 86' lang='lat' dir='ltr'><strong>dicata)</strong></span> <span class='ocrx_word' id='word_1_276' title='bbox 513 3804 819 3861; x_wconf 84' lang='lat' dir='ltr'><strong>revolvere.</strong></span> <span class='ocrx_word' id='word_1_277' title='bbox 874 3803 1058 3875; x_wconf 82' lang='lat' dir='ltr'><strong>Neque</strong></span> <span class='ocrx_word' id='word_1_278' title='bbox 1086 3806 1228 3858; x_wconf 82' lang='lat' dir='ltr'><strong>enim</strong></span> <span class='ocrx_word' id='word_1_279' title='bbox 1275 3803 1530 3874; x_wconf 86' lang='lat' dir='ltr'><strong>possibile</strong></span> <span class='ocrx_word' id='word_1_280' title='bbox 1575 3813 1660 3859; x_wconf 90' lang='lat' dir='ltr'><strong>est</strong></span> <span class='ocrx_word' id='word_1_281' title='bbox 1710 3814 1761 3857; x_wconf 92' lang='lat' dir='ltr'><strong>ut</strong></span> <span class='ocrx_word' id='word_1_282' title='bbox 1809 3805 1877 3859; x_wconf 90' lang='lat' dir='ltr'><strong>sit</strong></span> 
     </span>
    </p>
   </div>
   <div class='ocr_carea' id='block_1_41' title="bbox 257 3893 1876 3965">
    <p class='ocr_par' dir='ltr' id='par_1_41' title="bbox 257 3893 1876 3965">
     <span class='ocr_line' id='line_1_41' title="bbox 257 3893 1876 3965; baseline -0.001 -12"><span class='ocrx_word' id='word_1_283' title='bbox 257 3895 570 3953; x_wconf 84' lang='lat' dir='ltr'><strong>diversitas</strong></span> <span class='ocrx_word' id='word_1_284' title='bbox 600 3894 1020 3965; x_wconf 72' lang='lat' dir='ltr'><strong>praedicationis,</strong></span> <span class='ocrx_word' id='word_1_285' title='bbox 1056 3894 1143 3949; x_wconf 88' lang='lat' dir='ltr'><strong>ubi</strong></span> <span class='ocrx_word' id='word_1_286' title='bbox 1168 3908 1274 3949; x_wconf 91' lang='lat' dir='ltr'><strong>una</strong></span> <span class='ocrx_word' id='word_1_287' title='bbox 1304 3904 1388 3949; x_wconf 92' lang='lat' dir='ltr'><strong>est</strong></span> <span class='ocrx_word' id='word_1_288' title='bbox 1416 3893 1586 3949; x_wconf 90' lang='lat' dir='ltr'><strong>forma</strong></span> <span class='ocrx_word' id='word_1_289' title='bbox 1615 3896 1876 3961; x_wconf 73' lang='lat' dir='ltr'><strong>veritatis;</strong></span> 
     </span>
    </p>
   </div>
   <div class='ocr_carea' id='block_1_42' title="bbox 258 3993 1867 4064">
    <p class='ocr_par' dir='ltr' id='par_1_42' title="bbox 258 3993 1867 4064">
     <span class='ocr_line' id='line_1_42' title="bbox 258 3993 1867 4064; baseline -0.004 -10"><span class='ocrx_word' id='word_1_290' title='bbox 258 4013 378 4054; x_wconf 85' lang='lat' dir='ltr'><strong>nec</strong></span> <span class='ocrx_word' id='word_1_291' title='bbox 406 4000 477 4052; x_wconf 88' lang='lat' dir='ltr'><strong>ab</strong></span> <span class='ocrx_word' id='word_1_292' title='bbox 511 4010 572 4051; x_wconf 90' lang='lat' dir='ltr'><strong>re</strong></span> <span class='ocrx_word' id='word_1_293' title='bbox 595 3993 926 4064; x_wconf 90' lang='lat' dir='ltr'><strong>iudicabitur</strong></span> <span class='ocrx_word' id='word_1_294' title='bbox 954 3993 1206 4057; x_wconf 89' lang='lat' dir='ltr'><strong>alienum,</strong></span> <span class='ocrx_word' id='word_1_295' title='bbox 1241 3993 1285 4047; x_wconf 90' lang='lat' dir='ltr'><strong>si</strong></span> <span class='ocrx_word' id='word_1_296' title='bbox 1315 4008 1437 4047; x_wconf 92' lang='lat' dir='ltr'><strong>cum</strong></span> <span class='ocrx_word' id='word_1_297' title='bbox 1468 3994 1574 4059; x_wconf 88' lang='lat' dir='ltr'><strong>his,</strong></span> <span class='ocrx_word' id='word_1_298' title='bbox 1605 4009 1725 4049; x_wconf 85' lang='lat' dir='ltr'><strong>cum</strong></span> <span class='ocrx_word' id='word_1_299' title='bbox 1749 3995 1867 4064; x_wconf 84' lang='lat' dir='ltr'><strong>qui-</strong></span> 
     </span>
    </p>
   </div>
   <div class='ocr_carea' id='block_1_43' title="bbox 260 4083 1883 4153">
    <p class='ocr_par' dir='ltr' id='par_1_43' title="bbox 260 4083 1883 4153">
     <span class='ocr_line' id='line_1_43' title="bbox 260 4083 1883 4153; baseline -0.004 -11"><span class='ocrx_word' id='word_1_300' title='bbox 260 4088 382 4142; x_wconf 82' lang='lat' dir='ltr'><strong>bus</strong></span> <span class='ocrx_word' id='word_1_301' title='bbox 410 4084 803 4142; x_wconf 90' lang='lat' dir='ltr'><strong>conveniemus</strong></span> <span class='ocrx_word' id='word_1_302' title='bbox 847 4084 973 4150; x_wconf 90' lang='lat' dir='ltr'><strong>fide,</strong></span> <span class='ocrx_word' id='word_1_303' title='bbox 1011 4098 1371 4153; x_wconf 88' lang='lat' dir='ltr'><strong>congruamus</strong></span> <span class='ocrx_word' id='word_1_304' title='bbox 1395 4091 1448 4138; x_wconf 91' lang='lat' dir='ltr'><strong>et</strong></span> <span class='ocrx_word' id='word_1_305' title='bbox 1476 4083 1742 4153; x_wconf 80' lang='lat' dir='ltr'><strong>dogmate.</strong></span> <span class='ocrx_word' id='word_1_306' title='bbox 1778 4085 1883 4138; x_wconf 79' lang='lat' dir='ltr'><strong>Rc-</strong></span> 
     </span>
    </p>
   </div>
   <div class='ocr_carea' id='block_1_44' title="bbox 257 4170 1880 4255">
    <p class='ocr_par' dir='ltr' id='par_1_44' title="bbox 257 4170 1880 4255">
     <span class='ocr_line' id='line_1_44' title="bbox 257 4170 1880 4255; baseline -0.004 -12"><span class='ocrx_word' id='word_1_307' title='bbox 257 4188 572 4244; x_wconf 84' lang='lat' dir='ltr'><strong>volvantur</strong></span> <span class='ocrx_word' id='word_1_308' title='bbox 602 4184 705 4255; x_wconf 90' lang='lat' dir='ltr'><strong>piis</strong></span> <span class='ocrx_word' id='word_1_309' title='bbox 736 4182 1162 4238; x_wconf 89' lang='lat' dir='ltr'><strong>mansuetudinis</strong></span> <span class='ocrx_word' id='word_1_310' title='bbox 1192 4170 1385 4237; x_wconf 82' lang='lat' dir='ltr'><strong>vestrae</strong></span> <span class='ocrx_word' id='word_1_311' title='bbox 1422 4183 1643 4237; x_wconf 88' lang='lat' dir='ltr'><strong>auribus</strong></span> <span class='ocrx_word' id='word_1_312' title='bbox 1668 4184 1880 4239; x_wconf 84' lang='lat' dir='ltr'><strong>decreta</strong></span> 
     </span>
    </p>
   </div>
   <div class='ocr_carea' id='block_1_45' title="bbox 257 4273 1882 4349">
    <p class='ocr_par' dir='ltr' id='par_1_45' title="bbox 257 4273 1882 4349">
     <span class='ocr_line' id='line_1_45' title="bbox 257 4273 1882 4349; baseline -0.003 -15"><span class='ocrx_word' id='word_1_313' title='bbox 257 4275 566 4349; x_wconf 81' lang='lat' dir='ltr'><strong>synodica,</strong></span> <span class='ocrx_word' id='word_1_314' title='bbox 598 4285 654 4330; x_wconf 91' lang='lat' dir='ltr'><strong>et</strong></span> <span class='ocrx_word' id='word_1_315' title='bbox 695 4274 836 4329; x_wconf 85' lang='lat' dir='ltr'><strong>beati</strong></span> <span class='ocrx_word' id='word_1_316' title='bbox 886 4289 1038 4344; x_wconf 66' lang='lat' dir='ltr'><strong>papae</strong></span> <span class='ocrx_word' id='word_1_317' title='bbox 1076 4273 1269 4328; x_wconf 90' lang='lat' dir='ltr'><strong>Leonis</strong></span> <span class='ocrx_word' id='word_1_318' title='bbox 1305 4274 1676 4329; x_wconf 84' lang='lat' dir='ltr'><strong>convenientia</strong></span> <span class='ocrx_word' id='word_1_319' title='bbox 1715 4289 1882 4330; x_wconf 78' lang='lat' dir='ltr'><strong>sacra:</strong></span> 
     </span>
    </p>
   </div>
   <div class='ocr_carea' id='block_1_46' title="bbox 258 4364 1883 4436">
    <p class='ocr_par' dir='ltr' id='par_1_46' title="bbox 258 4364 1883 4436">
     <span class='ocr_line' id='line_1_46' title="bbox 258 4364 1883 4436; baseline -0.002 -13"><span class='ocrx_word' id='word_1_320' title='bbox 258 4368 409 4423; x_wconf 81' lang='lat' dir='ltr'><strong>ﬁdei</strong></span> <span class='ocrx_word' id='word_1_321' title='bbox 433 4364 727 4422; x_wconf 88' lang='lat' dir='ltr'><strong>constituta</strong></span> <span class='ocrx_word' id='word_1_322' title='bbox 752 4381 767 4424; x_wconf 87' lang='lat'><strong>:</strong></span> <span class='ocrx_word' id='word_1_323' title='bbox 800 4364 988 4420; x_wconf 88' lang='lat' dir='ltr'><strong>eadem</strong></span> <span class='ocrx_word' id='word_1_324' title='bbox 1017 4364 1300 4420; x_wconf 88' lang='lat' dir='ltr'><strong>invenietis</strong></span> <span class='ocrx_word' id='word_1_325' title='bbox 1330 4365 1383 4420; x_wconf 93' lang='lat' dir='ltr'><strong>in</strong></span> <span class='ocrx_word' id='word_1_326' title='bbox 1414 4365 1522 4420; x_wconf 91' lang='lat' dir='ltr'><strong>illis</strong></span> <span class='ocrx_word' id='word_1_327' title='bbox 1552 4382 1670 4436; x_wconf 79' lang='lat' dir='ltr'><strong>quae</strong></span> <span class='ocrx_word' id='word_1_328' title='bbox 1693 4381 1883 4422; x_wconf 88' lang='lat' dir='ltr'><strong>recen-</strong></span> 
     </span>
    </p>
   </div>
   <div class='ocr_carea' id='block_1_47' title="bbox 254 4457 1886 4529">
    <p class='ocr_par' dir='ltr' id='par_1_47' title="bbox 254 4457 1886 4529">
     <span class='ocr_line' id='line_1_47' title="bbox 254 4457 1886 4529; baseline -0.001 -13"><span class='ocrx_word' id='word_1_329' title='bbox 254 4460 503 4516; x_wconf 77' lang='lat' dir='ltr'><strong>sueritis</strong></span> <span class='ocrx_word' id='word_1_330' title='bbox 537 4459 905 4529; x_wconf 88' lang='lat' dir='ltr'><strong>(inveneritis)</strong></span> <span class='ocrx_word' id='word_1_331' title='bbox 939 4458 990 4511; x_wconf 93' lang='lat' dir='ltr'><strong>in</strong></span> <span class='ocrx_word' id='word_1_332' title='bbox 1038 4457 1256 4512; x_wconf 90' lang='lat' dir='ltr'><strong>nostris.</strong></span> <span class='ocrx_word' id='word_1_333' title='bbox 1297 4458 1431 4527; x_wconf 85' lang='lat' dir='ltr'><strong>Quid</strong></span> <span class='ocrx_word' id='word_1_334' title='bbox 1477 4474 1607 4529; x_wconf 91' lang='lat' dir='ltr'><strong>ergo</strong></span> <span class='ocrx_word' id='word_1_335' title='bbox 1644 4468 1726 4514; x_wconf 90' lang='lat' dir='ltr'><strong>est</strong></span> <span class='ocrx_word' id='word_1_336' title='bbox 1765 4468 1886 4529; x_wconf 86' lang='lat' dir='ltr'><strong>post</strong></span> 
     </span>
    </p>
   </div>
   <div class='ocr_carea' id='block_1_48' title="bbox 256 4546 1886 4619">
    <p class='ocr_par' dir='ltr' id='par_1_48' title="bbox 256 4546 1886 4619">
     <span class='ocr_line' id='line_1_48' title="bbox 256 4546 1886 4619; baseline -0.003 -12"><span class='ocrx_word' id='word_1_337' title='bbox 256 4550 437 4607; x_wconf 83' lang='lat' dir='ltr'><strong>illum</strong></span> <span class='ocrx_word' id='word_1_338' title='bbox 482 4547 685 4604; x_wconf 85' lang='lat' dir='ltr'><strong>fontem</strong></span> <span class='ocrx_word' id='word_1_339' title='bbox 728 4546 968 4602; x_wconf 86' lang='lat' dir='ltr'><strong>fidelium</strong></span> <span class='ocrx_word' id='word_1_340' title='bbox 1013 4555 1331 4603; x_wconf 88' lang='lat' dir='ltr'><strong>statutorutn</strong></span> <span class='ocrx_word' id='word_1_341' title='bbox 1373 4547 1718 4619; x_wconf 87' lang='lat' dir='ltr'><strong>(statutum)?</strong></span> <span class='ocrx_word' id='word_1_342' title='bbox 1762 4550 1886 4619; x_wconf 92' lang='lat' dir='ltr'><strong>quid</strong></span> 
     </span>
    </p>
   </div>
   <div class='ocr_carea' id='block_1_49' title="bbox 1936 528 3518 609">
    <p class='ocr_par' dir='ltr' id='par_1_49' title="bbox 1936 528 3518 609">
     <span class='ocr_line' id='line_1_49' title="bbox 1936 528 3518 609; baseline -0.006 -18"><span class='ocrx_word' id='word_1_343' title='bbox 1936 536 2203 609; x_wconf 86' lang='lat' dir='ltr'><strong>(dividat),</strong></span> <span class='ocrx_word' id='word_1_344' title='bbox 2222 544 2314 591; x_wconf 87' lang='lat' dir='ltr'><strong>aut</strong></span> <span class='ocrx_word' id='word_1_345' title='bbox 2341 537 2649 605; x_wconf 86' lang='lat' dir='ltr'><strong>specialiter</strong></span> <span class='ocrx_word' id='word_1_346' title='bbox 2673 537 2975 606; x_wconf 88' lang='lat' dir='ltr'><strong>passionem</strong></span> <span class='ocrx_word' id='word_1_347' title='bbox 3003 533 3104 604; x_wconf 88' lang='lat' dir='ltr'><strong>ipsi</strong></span> <span class='ocrx_word' id='word_1_348' title='bbox 3126 529 3374 588; x_wconf 77' lang='lat' dir='ltr'><strong>essentize</strong></span> <span class='ocrx_word' id='word_1_349' title='bbox 3396 528 3518 583; x_wconf 86' lang='lat' dir='ltr'><strong>Tri-</strong></span> 
     </span>
    </p>
   </div>
   <div class='ocr_carea' id='block_1_50' title="bbox 1934 623 3517 701">
    <p class='ocr_par' dir='ltr' id='par_1_50' title="bbox 1934 623 3517 701">
     <span class='ocr_line' id='line_1_50' title="bbox 1934 623 3517 701; baseline -0.005 -16"><span class='ocrx_word' id='word_1_350' title='bbox 1934 631 2118 685; x_wconf 85' lang='lat' dir='ltr'><strong>nitatis</strong></span> <span class='ocrx_word' id='word_1_351' title='bbox 2141 630 2419 701; x_wconf 86' lang='lat' dir='ltr'><strong>impingat,</strong></span> <span class='ocrx_word' id='word_1_352' title='bbox 2446 640 2499 685; x_wconf 89' lang='lat' dir='ltr'><strong>et</strong></span> <span class='ocrx_word' id='word_1_353' title='bbox 2529 630 2694 701; x_wconf 89' lang='lat' dir='ltr'><strong>(quod</strong></span> <span class='ocrx_word' id='word_1_354' title='bbox 2720 630 2863 686; x_wconf 86' lang='lat' dir='ltr'><strong>absit</strong></span> <span class='ocrx_word' id='word_1_355' title='bbox 2890 644 2920 683; x_wconf 86' lang='lat' dir='ltr'><strong>a</strong></span> <span class='ocrx_word' id='word_1_356' title='bbox 2955 628 3193 683; x_wconf 90' lang='lat' dir='ltr'><strong>fidelium</strong></span> <span class='ocrx_word' id='word_1_357' title='bbox 3226 623 3517 691; x_wconf 88' lang='lat' dir='ltr'><strong>mentibus)</strong></span> 
     </span>
    </p>
   </div>
   <div class='ocr_carea' id='block_1_51' title="bbox 1936 715 3518 793">
    <p class='ocr_par' dir='ltr' id='par_1_51' title="bbox 1936 715 3518 793">
     <span class='ocr_line' id='line_1_51' title="bbox 1936 715 3518 793; baseline -0.005 -18"><span class='ocrx_word' id='word_1_358' title='bbox 1936 724 2038 777; x_wconf 89' lang='lat' dir='ltr'><strong>hoc</strong></span> <span class='ocrx_word' id='word_1_359' title='bbox 2066 731 2171 789; x_wconf 91' lang='lat' dir='ltr'><strong>est,</strong></span> <span class='ocrx_word' id='word_1_360' title='bbox 2203 731 2296 776; x_wconf 88' lang='lat' dir='ltr'><strong>aut</strong></span> <span class='ocrx_word' id='word_1_361' title='bbox 2325 724 2505 793; x_wconf 83' lang='lat' dir='ltr'><strong>plures</strong></span> <span class='ocrx_word' id='word_1_362' title='bbox 2529 723 2659 778; x_wconf 91' lang='lat' dir='ltr'><strong>deos</strong></span> <span class='ocrx_word' id='word_1_363' title='bbox 2687 738 2836 777; x_wconf 92' lang='lat' dir='ltr'><strong>more</strong></span> <span class='ocrx_word' id='word_1_364' title='bbox 2858 720 3083 793; x_wconf 83' lang='lat' dir='ltr'><strong>profano</strong></span> <span class='ocrx_word' id='word_1_365' title='bbox 3102 715 3420 791; x_wconf 89' lang='lat' dir='ltr'><strong>gentilitatis</strong></span> <span class='ocrx_word' id='word_1_366' title='bbox 3442 715 3518 768; x_wconf 87' lang='lat' dir='ltr'><strong>in-</strong></span> 
     </span>
    </p>
   </div>
   <div class='ocr_carea' id='block_1_52' title="bbox 1938 810 3521 881">
    <p class='ocr_par' dir='ltr' id='par_1_52' title="bbox 1938 810 3521 881">
     <span class='ocr_line' id='line_1_52' title="bbox 1938 810 3521 881; baseline -0.004 -16"><span class='ocrx_word' id='word_1_367' title='bbox 1938 811 2152 873; x_wconf 88' lang='lat' dir='ltr'><strong>ducere,</strong></span> <span class='ocrx_word' id='word_1_368' title='bbox 2183 821 2275 866; x_wconf 90' lang='lat' dir='ltr'><strong>aut</strong></span> <span class='ocrx_word' id='word_1_369' title='bbox 2308 812 2619 867; x_wconf 83' lang='lat' dir='ltr'><strong>sensibilem</strong></span> <span class='ocrx_word' id='word_1_370' title='bbox 2651 827 2861 881; x_wconf 66' lang='lat' dir='ltr'><strong>pinnam</strong></span> <span class='ocrx_word' id='word_1_371' title='bbox 2893 810 2960 866; x_wconf 86' lang='lat' dir='ltr'><strong>ad</strong></span> <span class='ocrx_word' id='word_1_372' title='bbox 2988 826 3106 866; x_wconf 89' lang='lat' dir='ltr'><strong>eam</strong></span> <span class='ocrx_word' id='word_1_373' title='bbox 3137 816 3379 864; x_wconf 87' lang='lat' dir='ltr'><strong>naturam</strong></span> <span class='ocrx_word' id='word_1_374' title='bbox 3402 820 3521 873; x_wconf 68' lang='lat' dir='ltr'><strong>qua:</strong></span> 
     </span>
    </p>
   </div>
   <div class='ocr_carea' id='block_1_53' title="bbox 1939 898 3518 974">
    <p class='ocr_par' dir='ltr' id='par_1_53' title="bbox 1939 898 3518 974">
     <span class='ocr_line' id='line_1_53' title="bbox 1939 898 3518 974; baseline -0.002 -19"><span class='ocrx_word' id='word_1_375' title='bbox 1939 900 2111 955; x_wconf 87' lang='lat' dir='ltr'><strong>aliena</strong></span> <span class='ocrx_word' id='word_1_376' title='bbox 2142 912 2227 956; x_wconf 88' lang='lat' dir='ltr'><strong>est</strong></span> <span class='ocrx_word' id='word_1_377' title='bbox 2266 902 2333 957; x_wconf 93' lang='lat' dir='ltr'><strong>ab</strong></span> <span class='ocrx_word' id='word_1_378' title='bbox 2371 903 2517 957; x_wconf 89' lang='lat' dir='ltr'><strong>omni</strong></span> <span class='ocrx_word' id='word_1_379' title='bbox 2566 904 2816 974; x_wconf 89' lang='lat' dir='ltr'><strong>passione</strong></span> <span class='ocrx_word' id='word_1_380' title='bbox 2860 901 3169 958; x_wconf 81' lang='lat' dir='ltr'><strong>transferre.</strong></span> <span class='ocrx_word' id='word_1_381' title='bbox 3207 898 3383 956; x_wconf 88' lang='lat' dir='ltr'><strong>Unum</strong></span> <span class='ocrx_word' id='word_1_382' title='bbox 3413 906 3518 965; x_wconf 89' lang='lat' dir='ltr'><strong>est,</strong></span> 
     </span>
    </p>
   </div>
   <div class='ocr_carea' id='block_1_54' title="bbox 1938 991 3522 1065">
    <p class='ocr_par' dir='ltr' id='par_1_54' title="bbox 1938 991 3522 1065">
     <span class='ocr_line' id='line_1_54' title="bbox 1938 991 3522 1065; baseline 0.001 -19"><span class='ocrx_word' id='word_1_383' title='bbox 1938 1000 2123 1047; x_wconf 87' lang='lat' dir='ltr'><strong>sancta</strong></span> <span class='ocrx_word' id='word_1_384' title='bbox 2148 991 2381 1049; x_wconf 80' lang='lat' dir='ltr'><strong>Trinitas</strong></span> <span class='ocrx_word' id='word_1_385' title='bbox 2412 1009 2518 1051; x_wconf 90' lang='lat' dir='ltr'><strong>non</strong></span> <span class='ocrx_word' id='word_1_386' title='bbox 2559 994 2946 1065; x_wconf 87' lang='lat' dir='ltr'><strong>multiplicatur</strong></span> <span class='ocrx_word' id='word_1_387' title='bbox 2985 1008 3233 1061; x_wconf 87' lang='lat' dir='ltr'><strong>numero,</strong></span> <span class='ocrx_word' id='word_1_388' title='bbox 3264 1007 3369 1048; x_wconf 91' lang='lat' dir='ltr'><strong>non</strong></span> <span class='ocrx_word' id='word_1_389' title='bbox 3399 1006 3522 1048; x_wconf 90' lang='lat' dir='ltr'><strong>cre-</strong></span> 
     </span>
    </p>
   </div>
   <div class='ocr_carea' id='block_1_55' title="bbox 1939 1082 3526 1154">
    <p class='ocr_par' dir='ltr' id='par_1_55' title="bbox 1939 1082 3526 1154">
     <span class='ocr_line' id='line_1_55' title="bbox 1939 1082 3526 1154; baseline 0 -17"><span class='ocrx_word' id='word_1_390' title='bbox 1939 1082 2041 1137; x_wconf 88' lang='lat' dir='ltr'><strong>scit</strong></span> <span class='ocrx_word' id='word_1_391' title='bbox 2069 1093 2381 1153; x_wconf 87' lang='lat' dir='ltr'><strong>augmento;</strong></span> <span class='ocrx_word' id='word_1_392' title='bbox 2415 1100 2516 1140; x_wconf 90' lang='lat' dir='ltr'><strong>nec</strong></span> <span class='ocrx_word' id='word_1_393' title='bbox 2556 1093 2733 1154; x_wconf 88' lang='lat' dir='ltr'><strong>potest</strong></span> <span class='ocrx_word' id='word_1_394' title='bbox 2770 1094 2860 1139; x_wconf 90' lang='lat' dir='ltr'><strong>aut</strong></span> <span class='ocrx_word' id='word_1_395' title='bbox 2900 1083 3247 1153; x_wconf 86' lang='lat' dir='ltr'><strong>intelligentia</strong></span> <span class='ocrx_word' id='word_1_396' title='bbox 3278 1096 3526 1151; x_wconf 87' lang='lat' dir='ltr'><strong>compre-</strong></span> 
     </span>
    </p>
   </div>
   <div class='ocr_carea' id='block_1_56' title="bbox 1942 1172 3518 1248">
    <p class='ocr_par' dir='ltr' id='par_1_56' title="bbox 1942 1172 3518 1248">
     <span class='ocr_line' id='line_1_56' title="bbox 1942 1172 3518 1248; baseline -0.001 -20"><span class='ocrx_word' id='word_1_397' title='bbox 1942 1174 2127 1242; x_wconf 90' lang='lat' dir='ltr'><strong>bendi,</strong></span> <span class='ocrx_word' id='word_1_398' title='bbox 2174 1186 2268 1231; x_wconf 89' lang='lat' dir='ltr'><strong>aut</strong></span> <span class='ocrx_word' id='word_1_399' title='bbox 2308 1175 2411 1232; x_wconf 92' lang='lat' dir='ltr'><strong>hoc</strong></span> <span class='ocrx_word' id='word_1_400' title='bbox 2454 1176 2595 1248; x_wconf 88' lang='lat' dir='ltr'><strong>quod</strong></span> <span class='ocrx_word' id='word_1_401' title='bbox 2640 1178 2780 1233; x_wconf 91' lang='lat' dir='ltr'><strong>Deus</strong></span> <span class='ocrx_word' id='word_1_402' title='bbox 2806 1185 2888 1232; x_wconf 90' lang='lat' dir='ltr'><strong>est</strong></span> <span class='ocrx_word' id='word_1_403' title='bbox 2929 1176 3254 1230; x_wconf 89' lang='lat' dir='ltr'><strong>discretione</strong></span> <span class='ocrx_word' id='word_1_404' title='bbox 3290 1172 3518 1243; x_wconf 88' lang='lat' dir='ltr'><strong>seiungi.</strong></span> 
     </span>
    </p>
   </div>
   <div class='ocr_carea' id='block_1_57' title="bbox 1941 1261 3529 1339">
    <p class='ocr_par' dir='ltr' id='par_1_57' title="bbox 1941 1261 3529 1339">
     <span class='ocr_line' id='line_1_57' title="bbox 1941 1261 3529 1339; baseline -0.004 -17"><span class='ocrx_word' id='word_1_405' title='bbox 1941 1266 2073 1334; x_wconf 85' lang='lat' dir='ltr'><strong>Quis</strong></span> <span class='ocrx_word' id='word_1_406' title='bbox 2101 1282 2229 1339; x_wconf 84' lang='lat' dir='ltr'><strong>ergo</strong></span> <span class='ocrx_word' id='word_1_407' title='bbox 2258 1267 2335 1323; x_wconf 91' lang='lat' dir='ltr'><strong>illi</strong></span> <span class='ocrx_word' id='word_1_408' title='bbox 2366 1278 2577 1325; x_wconf 89' lang='lat' dir='ltr'><strong>secreto</strong></span> <span class='ocrx_word' id='word_1_409' title='bbox 2606 1278 2824 1325; x_wconf 67' lang='lat' dir='ltr'><strong>aeterna:</strong></span> <span class='ocrx_word' id='word_1_410' title='bbox 2854 1263 3381 1336; x_wconf 83' lang='lat' dir='ltr'><strong>impenetrabilisque</strong></span> <span class='ocrx_word' id='word_1_411' title='bbox 3402 1261 3529 1316; x_wconf 61' lang='lat' dir='ltr'><strong>sub.</strong></span> 
     </span>
    </p>
   </div>
   <div class='ocr_carea' id='block_1_58' title="bbox 1946 1353 3529 1429">
    <p class='ocr_par' dir='ltr' id='par_1_58' title="bbox 1946 1353 3529 1429">
     <span class='ocr_line' id='line_1_58' title="bbox 1946 1353 3529 1429; baseline -0.003 -18"><span class='ocrx_word' id='word_1_412' title='bbox 1946 1358 2182 1421; x_wconf 60' lang='lat' dir='ltr'><strong>stantia,</strong></span> <span class='ocrx_word' id='word_1_413' title='bbox 2209 1356 2351 1428; x_wconf 88' lang='lat' dir='ltr'><strong>quod</strong></span> <span class='ocrx_word' id='word_1_414' title='bbox 2393 1359 2539 1414; x_wconf 89' lang='lat' dir='ltr'><strong>nulla</strong></span> <span class='ocrx_word' id='word_1_415' title='bbox 2574 1360 2660 1415; x_wconf 89' lang='lat' dir='ltr'><strong>vel</strong></span> <span class='ocrx_word' id='word_1_416' title='bbox 2703 1359 2900 1429; x_wconf 89' lang='lat' dir='ltr'><strong>(neque</strong></span> <span class='ocrx_word' id='word_1_417' title='bbox 2926 1358 3034 1412; x_wconf 90' lang='lat' dir='ltr'><strong>ulla</strong></span> <span class='ocrx_word' id='word_1_418' title='bbox 3067 1354 3376 1420; x_wconf 88' lang='lat' dir='ltr'><strong>visibilium,</strong></span> <span class='ocrx_word' id='word_1_419' title='bbox 3420 1353 3529 1425; x_wconf 89' lang='lat' dir='ltr'><strong>vel)</strong></span> 
     </span>
    </p>
   </div>
   <div class='ocr_carea' id='block_1_59' title="bbox 1945 1444 3531 1517">
    <p class='ocr_par' dir='ltr' id='par_1_59' title="bbox 1945 1444 3531 1517">
     <span class='ocr_line' id='line_1_59' title="bbox 1945 1444 3531 1517; baseline 0 -19"><span class='ocrx_word' id='word_1_420' title='bbox 1945 1444 2292 1501; x_wconf 87' lang='lat' dir='ltr'><strong>invisibilium</strong></span> <span class='ocrx_word' id='word_1_421' title='bbox 2346 1456 2661 1503; x_wconf 87' lang='lat' dir='ltr'><strong>naturarum</strong></span> <span class='ocrx_word' id='word_1_422' title='bbox 2712 1447 2885 1517; x_wconf 89' lang='lat' dir='ltr'><strong>potuit</strong></span> <span class='ocrx_word' id='word_1_423' title='bbox 2926 1446 3251 1516; x_wconf 87' lang='lat' dir='ltr'><strong>investigare</strong></span> <span class='ocrx_word' id='word_1_424' title='bbox 3302 1452 3488 1499; x_wconf 89' lang='lat' dir='ltr'><strong>natura</strong></span> <span class='ocrx_word' id='word_1_425' title='bbox 3515 1484 3531 1510; x_wconf 96' lang='lat'><strong>,</strong></span> 
     </span>
    </p>
   </div>
   <div class='ocr_carea' id='block_1_60' title="bbox 1946 1534 3532 1609">
    <p class='ocr_par' dir='ltr' id='par_1_60' title="bbox 1946 1534 3532 1609">
     <span class='ocr_line' id='line_1_60' title="bbox 1946 1534 3532 1609; baseline 0.001 -21"><span class='ocrx_word' id='word_1_426' title='bbox 1946 1534 2223 1605; x_wconf 82' lang='lat' dir='ltr'><strong>profanam</strong></span> <span class='ocrx_word' id='word_1_427' title='bbox 2246 1535 2565 1593; x_wconf 89' lang='lat' dir='ltr'><strong>divisionem</strong></span> <span class='ocrx_word' id='word_1_428' title='bbox 2590 1547 2761 1593; x_wconf 90' lang='lat' dir='ltr'><strong>tentet</strong></span> <span class='ocrx_word' id='word_1_429' title='bbox 2790 1538 3057 1609; x_wconf 88' lang='lat' dir='ltr'><strong>ingerere,</strong></span> <span class='ocrx_word' id='word_1_430' title='bbox 3084 1535 3318 1592; x_wconf 85' lang='lat' dir='ltr'><strong>etdivini</strong></span> <span class='ocrx_word' id='word_1_431' title='bbox 3339 1548 3532 1590; x_wconf 84' lang='lat' dir='ltr'><strong>arcana</strong></span> 
     </span>
    </p>
   </div>
   <div class='ocr_carea' id='block_1_61' title="bbox 1947 1625 3533 1699">
    <p class='ocr_par' dir='ltr' id='par_1_61' title="bbox 1947 1625 3533 1699">
     <span class='ocr_line' id='line_1_61' title="bbox 1947 1625 3533 1699; baseline 0.001 -21"><span class='ocrx_word' id='word_1_432' title='bbox 1947 1626 2187 1695; x_wconf 85' lang='lat' dir='ltr'><strong>mysterii</strong></span> <span class='ocrx_word' id='word_1_433' title='bbox 2222 1626 2423 1696; x_wconf 87' lang='lat' dir='ltr'><strong>(arcani</strong></span> <span class='ocrx_word' id='word_1_434' title='bbox 2451 1628 2832 1699; x_wconf 90' lang='lat' dir='ltr'><strong>ministerium)</strong></span> <span class='ocrx_word' id='word_1_435' title='bbox 2869 1641 3126 1683; x_wconf 87' lang='lat' dir='ltr'><strong>revocare</strong></span> <span class='ocrx_word' id='word_1_436' title='bbox 3172 1626 3238 1681; x_wconf 88' lang='lat' dir='ltr'><strong>ad</strong></span> <span class='ocrx_word' id='word_1_437' title='bbox 3271 1625 3533 1681; x_wconf 89' lang='lat' dir='ltr'><strong>calculum</strong></span> 
     </span>
    </p>
   </div>
   <div class='ocr_carea' id='block_1_62' title="bbox 1948 1713 3534 1785">
    <p class='ocr_par' dir='ltr' id='par_1_62' title="bbox 1948 1713 3534 1785">
     <span class='ocr_line' id='line_1_62' title="bbox 1948 1713 3534 1785; baseline 0.001 -19"><span class='ocrx_word' id='word_1_438' title='bbox 1948 1713 2114 1769; x_wconf 89' lang='lat' dir='ltr'><strong>moris</strong></span> <span class='ocrx_word' id='word_1_439' title='bbox 2142 1713 2399 1769; x_wconf 80' lang='lat' dir='ltr'><strong>humani?</strong></span> <span class='ocrx_word' id='word_1_440' title='bbox 2428 1717 2728 1772; x_wconf 83' lang='lat' dir='ltr'><strong>Adoremus</strong></span> <span class='ocrx_word' id='word_1_441' title='bbox 2747 1717 2983 1784; x_wconf 86' lang='lat' dir='ltr'><strong>Patrem,</strong></span> <span class='ocrx_word' id='word_1_442' title='bbox 3011 1725 3065 1771; x_wconf 89' lang='lat' dir='ltr'><strong>et</strong></span> <span class='ocrx_word' id='word_1_443' title='bbox 3095 1715 3308 1781; x_wconf 82' lang='lat' dir='ltr'><strong>Filium,</strong></span> <span class='ocrx_word' id='word_1_444' title='bbox 3330 1724 3385 1770; x_wconf 90' lang='lat' dir='ltr'><strong>et</strong></span> <span class='ocrx_word' id='word_1_445' title='bbox 3411 1714 3534 1785; x_wconf 90' lang='lat' dir='ltr'><strong>Spi-</strong></span> 
     </span>
    </p>
   </div>
   <div class='ocr_carea' id='block_1_63' title="bbox 1879 1802 3533 1887">
    <p class='ocr_par' dir='ltr' id='par_1_63' title="bbox 1879 1802 3533 1887">
     <span class='ocr_line' id='line_1_63' title="bbox 1879 1802 3533 1887; baseline 0.002 -31"><span class='ocrx_word' id='word_1_446' title='bbox 1879 1826 1925 1887; x_wconf 71' lang='grc' dir='ltr'><strong><em>Β</em></strong></span> <span class='ocrx_word' id='word_1_447' title='bbox 1954 1802 2112 1857; x_wconf 91' lang='lat' dir='ltr'><strong>ritum</strong></span> <span class='ocrx_word' id='word_1_448' title='bbox 2168 1816 2437 1873; x_wconf 88' lang='lat' dir='ltr'><strong>sanctum,</strong></span> <span class='ocrx_word' id='word_1_449' title='bbox 2498 1806 2861 1862; x_wconf 88' lang='lat' dir='ltr'><strong>iudistinctam</strong></span> <span class='ocrx_word' id='word_1_450' title='bbox 2908 1805 3241 1879; x_wconf 89' lang='lat' dir='ltr'><strong>(indivisam)</strong></span> <span class='ocrx_word' id='word_1_451' title='bbox 3281 1805 3533 1860; x_wconf 84' lang='lat' dir='ltr'><strong>distincte</strong></span> 
     </span>
    </p>
   </div>
   <div class='ocr_carea' id='block_1_64' title="bbox 1952 1892 3539 1967">
    <p class='ocr_par' dir='ltr' id='par_1_64' title="bbox 1952 1892 3539 1967">
     <span class='ocr_line' id='line_1_64' title="bbox 1952 1892 3539 1967; baseline 0.004 -20"><span class='ocrx_word' id='word_1_452' title='bbox 1952 1892 2199 1965; x_wconf 85' lang='lat' dir='ltr'><strong>(Dionys.</strong></span> <span class='ocrx_word' id='word_1_453' title='bbox 2232 1896 2553 1951; x_wconf 82' lang='lat' dir='ltr'><strong>indistincta.</strong></span> <span class='ocrx_word' id='word_1_454' title='bbox 2586 1898 2808 1966; x_wconf 75' lang='lat' dir='ltr'><strong>HABD.),</strong></span> <span class='ocrx_word' id='word_1_455' title='bbox 2843 1896 3446 1967; x_wconf 89' lang='lat' dir='ltr'><strong>incomprehensibilem</strong></span> <span class='ocrx_word' id='word_1_456' title='bbox 3485 1909 3539 1953; x_wconf 86' lang='lat' dir='ltr'><strong>et</strong></span> 
     </span>
    </p>
   </div>
   <div class='ocr_carea' id='block_1_65' title="bbox 1952 1984 3540 2053">
    <p class='ocr_par' dir='ltr' id='par_1_65' title="bbox 1952 1984 3540 2053">
     <span class='ocr_line' id='line_1_65' title="bbox 1952 1984 3540 2053; baseline 0.002 -14"><span class='ocrx_word' id='word_1_457' title='bbox 1952 1984 2368 2043; x_wconf 88' lang='lat' dir='ltr'><strong>inenarrabilem</strong></span> <span class='ocrx_word' id='word_1_458' title='bbox 2390 1989 2745 2044; x_wconf 83' lang='lat' dir='ltr'><strong>substantiam</strong></span> <span class='ocrx_word' id='word_1_459' title='bbox 2760 1988 3058 2053; x_wconf 80' lang='lat' dir='ltr'><strong>Trinitatis,</strong></span> <span class='ocrx_word' id='word_1_460' title='bbox 3079 1989 3167 2043; x_wconf 89' lang='lat' dir='ltr'><strong>ubi</strong></span> <span class='ocrx_word' id='word_1_461' title='bbox 3183 1988 3283 2043; x_wconf 87' lang='lat' dir='ltr'><strong>etsi</strong></span> <span class='ocrx_word' id='word_1_462' title='bbox 3305 1987 3540 2043; x_wconf 88' lang='lat' dir='ltr'><strong>admittit</strong></span> 
     </span>
    </p>
   </div>
   <div class='ocr_carea' id='block_1_66' title="bbox 1956 2079 3543 2150">
    <p class='ocr_par' dir='ltr' id='par_1_66' title="bbox 1956 2079 3543 2150">
     <span class='ocr_line' id='line_1_66' title="bbox 1956 2079 3543 2150; baseline 0.002 -19"><span class='ocrx_word' id='word_1_463' title='bbox 1956 2091 2238 2133; x_wconf 89' lang='lat' dir='ltr'><strong>numerum</strong></span> <span class='ocrx_word' id='word_1_464' title='bbox 2268 2080 2408 2135; x_wconf 91' lang='lat' dir='ltr'><strong>ratio</strong></span> <span class='ocrx_word' id='word_1_465' title='bbox 2449 2094 2818 2150; x_wconf 88' lang='lat' dir='ltr'><strong>personarum,</strong></span> <span class='ocrx_word' id='word_1_466' title='bbox 2869 2081 3045 2136; x_wconf 88' lang='lat' dir='ltr'><strong>unitas</strong></span> <span class='ocrx_word' id='word_1_467' title='bbox 3089 2089 3263 2136; x_wconf 85' lang='lat' dir='ltr'><strong>tamen</strong></span> <span class='ocrx_word' id='word_1_468' title='bbox 3311 2095 3416 2135; x_wconf 92' lang='lat' dir='ltr'><strong>non</strong></span> <span class='ocrx_word' id='word_1_469' title='bbox 3448 2079 3543 2134; x_wconf 86' lang='lat' dir='ltr'><strong>ad-</strong></span> 
     </span>
    </p>
   </div>
   <div class='ocr_carea' id='block_1_67' title="bbox 1954 2168 3546 2239">
    <p class='ocr_par' dir='ltr' id='par_1_67' title="bbox 1954 2168 3546 2239">
     <span class='ocr_line' id='line_1_67' title="bbox 1954 2168 3546 2239; baseline 0.003 -17"><span class='ocrx_word' id='word_1_470' title='bbox 1954 2168 2119 2222; x_wconf 89' lang='lat' dir='ltr'><strong>mittit</strong></span> <span class='ocrx_word' id='word_1_471' title='bbox 2142 2170 2393 2225; x_wconf 70' lang='lat' dir='ltr'><strong>essentiae</strong></span> <span class='ocrx_word' id='word_1_472' title='bbox 2424 2172 2843 2239; x_wconf 88' lang='lat' dir='ltr'><strong>separatiouem,</strong></span> <span class='ocrx_word' id='word_1_473' title='bbox 2877 2172 2948 2226; x_wconf 87' lang='lat' dir='ltr'><strong>ita</strong></span> <span class='ocrx_word' id='word_1_474' title='bbox 2976 2181 3153 2228; x_wconf 89' lang='lat' dir='ltr'><strong>tamen</strong></span> <span class='ocrx_word' id='word_1_475' title='bbox 3182 2182 3240 2227; x_wconf 92' lang='lat' dir='ltr'><strong>ut</strong></span> <span class='ocrx_word' id='word_1_476' title='bbox 3269 2184 3546 2229; x_wconf 84' lang='lat' dir='ltr'><strong>servemus</strong></span> 
     </span>
    </p>
   </div>
   <div class='ocr_carea' id='block_1_68' title="bbox 1956 2256 3547 2334">
    <p class='ocr_par' dir='ltr' id='par_1_68' title="bbox 1956 2256 3547 2334">
     <span class='ocr_line' id='line_1_68' title="bbox 1956 2256 3547 2334; baseline 0.006 -23"><span class='ocrx_word' id='word_1_477' title='bbox 1956 2256 2154 2313; x_wconf 73' lang='lat' dir='ltr'><strong>divinai</strong></span> <span class='ocrx_word' id='word_1_478' title='bbox 2179 2264 2394 2330; x_wconf 89' lang='lat' dir='ltr'><strong>propria</strong></span> <span class='ocrx_word' id='word_1_479' title='bbox 2426 2270 2652 2329; x_wconf 65' lang='lat' dir='ltr'><strong>naturae,</strong></span> <span class='ocrx_word' id='word_1_480' title='bbox 2690 2276 2972 2319; x_wconf 88' lang='lat' dir='ltr'><strong>servemus</strong></span> <span class='ocrx_word' id='word_1_481' title='bbox 3014 2263 3228 2333; x_wconf 90' lang='lat' dir='ltr'><strong>propria</strong></span> <span class='ocrx_word' id='word_1_482' title='bbox 3260 2263 3547 2334; x_wconf 83' lang='lat' dir='ltr'><strong>unicuique</strong></span> 
     </span>
    </p>
   </div>
   <div class='ocr_carea' id='block_1_69' title="bbox 1958 2352 3549 2424">
    <p class='ocr_par' dir='ltr' id='par_1_69' title="bbox 1958 2352 3549 2424">
     <span class='ocr_line' id='line_1_69' title="bbox 1958 2352 3549 2424; baseline 0.003 -21"><span class='ocrx_word' id='word_1_483' title='bbox 1958 2362 2223 2417; x_wconf 65' lang='lat' dir='ltr'><strong>personas,</strong></span> <span class='ocrx_word' id='word_1_484' title='bbox 2269 2365 2370 2406; x_wconf 92' lang='lat' dir='ltr'><strong>nec</strong></span> <span class='ocrx_word' id='word_1_485' title='bbox 2404 2353 2650 2421; x_wconf 90' lang='lat' dir='ltr'><strong>personis</strong></span> <span class='ocrx_word' id='word_1_486' title='bbox 2696 2352 2992 2407; x_wconf 86' lang='lat' dir='ltr'><strong>divinitatis</strong></span> <span class='ocrx_word' id='word_1_487' title='bbox 3026 2353 3365 2424; x_wconf 86' lang='lat' dir='ltr'><strong>singularitas</strong></span> <span class='ocrx_word' id='word_1_488' title='bbox 3393 2352 3549 2407; x_wconf 89' lang='lat' dir='ltr'><strong>dene-</strong></span> 
     </span>
    </p>
   </div>
   <div class='ocr_carea' id='block_1_70' title="bbox 1957 2439 3550 2513">
    <p class='ocr_par' dir='ltr' id='par_1_70' title="bbox 1957 2439 3550 2513">
     <span class='ocr_line' id='line_1_70' title="bbox 1957 2439 3550 2513; baseline 0.006 -25"><span class='ocrx_word' id='word_1_489' title='bbox 1957 2447 2133 2506; x_wconf 59' lang='lat' dir='ltr'><strong>gatur,</strong></span> <span class='ocrx_word' id='word_1_490' title='bbox 2165 2452 2261 2493; x_wconf 91' lang='lat' dir='ltr'><strong>nec</strong></span> <span class='ocrx_word' id='word_1_491' title='bbox 2288 2439 2352 2492; x_wconf 90' lang='lat' dir='ltr'><strong>ad</strong></span> <span class='ocrx_word' id='word_1_492' title='bbox 2384 2440 2677 2496; x_wconf 89' lang='lat' dir='ltr'><strong>essentiam</strong></span> <span class='ocrx_word' id='word_1_493' title='bbox 2717 2441 2821 2497; x_wconf 90' lang='lat' dir='ltr'><strong>hoc</strong></span> <span class='ocrx_word' id='word_1_494' title='bbox 2850 2440 2991 2513; x_wconf 89' lang='lat' dir='ltr'><strong>quod</strong></span> <span class='ocrx_word' id='word_1_495' title='bbox 3021 2451 3103 2499; x_wconf 88' lang='lat' dir='ltr'><strong>est</strong></span> <span class='ocrx_word' id='word_1_496' title='bbox 3147 2441 3416 2513; x_wconf 89' lang='lat' dir='ltr'><strong>proprium</strong></span> <span class='ocrx_word' id='word_1_497' title='bbox 3448 2457 3550 2497; x_wconf 82' lang='lat' dir='ltr'><strong>no-</strong></span> 
     </span>
    </p>
   </div>
   <div class='ocr_carea' id='block_1_71' title="bbox 1960 2526 3553 2600">
    <p class='ocr_par' dir='ltr' id='par_1_71' title="bbox 1960 2526 3553 2600">
     <span class='ocr_line' id='line_1_71' title="bbox 1960 2526 3553 2600; baseline 0.004 -20"><span class='ocrx_word' id='word_1_498' title='bbox 1960 2526 2164 2581; x_wconf 89' lang='lat' dir='ltr'><strong>minum</strong></span> <span class='ocrx_word' id='word_1_499' title='bbox 2207 2527 2589 2585; x_wconf 80' lang='lat' dir='ltr'><strong>transferatur.</strong></span> <span class='ocrx_word' id='word_1_500' title='bbox 2629 2530 2876 2600; x_wconf 77' lang='lat' dir='ltr'><strong>Magnum</strong></span> <span class='ocrx_word' id='word_1_501' title='bbox 2905 2540 2989 2587; x_wconf 88' lang='lat' dir='ltr'><strong>est</strong></span> <span class='ocrx_word' id='word_1_502' title='bbox 3027 2540 3227 2587; x_wconf 80' lang='lat' dir='ltr'><strong>saneta:</strong></span> <span class='ocrx_word' id='word_1_503' title='bbox 3257 2541 3311 2587; x_wconf 93' lang='lat' dir='ltr'><strong>et</strong></span> <span class='ocrx_word' id='word_1_504' title='bbox 3350 2532 3553 2587; x_wconf 87' lang='lat' dir='ltr'><strong>incom-</strong></span> 
     </span>
    </p>
   </div>
   <div class='ocr_carea' id='block_1_72' title="bbox 1962 2619 3554 2691">
    <p class='ocr_par' dir='ltr' id='par_1_72' title="bbox 1962 2619 3554 2691">
     <span class='ocr_line' id='line_1_72' title="bbox 1962 2619 3554 2691; baseline 0.003 -18"><span class='ocrx_word' id='word_1_505' title='bbox 1962 2619 2325 2688; x_wconf 89' lang='lat' dir='ltr'><strong>prehensibile</strong></span> <span class='ocrx_word' id='word_1_506' title='bbox 2358 2621 2675 2691; x_wconf 85' lang='lat' dir='ltr'><strong>mysterium</strong></span> <span class='ocrx_word' id='word_1_507' title='bbox 2700 2621 3003 2687; x_wconf 82' lang='lat' dir='ltr'><strong>Trinitatis,</strong></span> <span class='ocrx_word' id='word_1_508' title='bbox 3035 2622 3177 2677; x_wconf 90' lang='lat' dir='ltr'><strong>Deus</strong></span> <span class='ocrx_word' id='word_1_509' title='bbox 3209 2621 3388 2689; x_wconf 89' lang='lat' dir='ltr'><strong>Pater,</strong></span> <span class='ocrx_word' id='word_1_510' title='bbox 3412 2622 3554 2678; x_wconf 90' lang='lat' dir='ltr'><strong>Deus</strong></span> 
     </span>
    </p>
   </div>
   <div class='ocr_carea' id='block_1_73' title="bbox 1962 2708 3555 2781">
    <p class='ocr_par' dir='ltr' id='par_1_73' title="bbox 1962 2708 3555 2781">
     <span class='ocr_line' id='line_1_73' title="bbox 1962 2708 3555 2781; baseline 0.005 -17"><span class='ocrx_word' id='word_1_511' title='bbox 1962 2708 2152 2776; x_wconf 87' lang='lat' dir='ltr'><strong>Filius,</strong></span> <span class='ocrx_word' id='word_1_512' title='bbox 2186 2710 2327 2765; x_wconf 92' lang='lat' dir='ltr'><strong>Deus</strong></span> <span class='ocrx_word' id='word_1_513' title='bbox 2365 2711 2597 2781; x_wconf 88' lang='lat' dir='ltr'><strong>Spiritus</strong></span> <span class='ocrx_word' id='word_1_514' title='bbox 2636 2722 2877 2781; x_wconf 87' lang='lat' dir='ltr'><strong>sanctus,</strong></span> <span class='ocrx_word' id='word_1_515' title='bbox 2917 2713 3153 2769; x_wconf 88' lang='lat' dir='ltr'><strong>Trinitas</strong></span> <span class='ocrx_word' id='word_1_516' title='bbox 3182 2713 3411 2771; x_wconf 88' lang='lat' dir='ltr'><strong>indivisa</strong></span> <span class='ocrx_word' id='word_1_517' title='bbox 3448 2733 3460 2766; x_wconf 91' lang='lat'><strong>:</strong></span> <span class='ocrx_word' id='word_1_518' title='bbox 3500 2723 3555 2771; x_wconf 88' lang='lat' dir='ltr'><strong>et</strong></span> 
     </span>
    </p>
   </div>
   <div class='ocr_carea' id='block_1_74' title="bbox 1963 2802 3556 2875">
    <p class='ocr_par' dir='ltr' id='par_1_74' title="bbox 1963 2802 3556 2875">
     <span class='ocr_line' id='line_1_74' title="bbox 1963 2802 3556 2875; baseline 0.004 -22"><span class='ocrx_word' id='word_1_519' title='bbox 1963 2808 2140 2853; x_wconf 88' lang='lat' dir='ltr'><strong>tamen</strong></span> <span class='ocrx_word' id='word_1_520' title='bbox 2181 2808 2365 2855; x_wconf 86' lang='lat' dir='ltr'><strong>notum</strong></span> <span class='ocrx_word' id='word_1_521' title='bbox 2393 2810 2477 2856; x_wconf 91' lang='lat' dir='ltr'><strong>est</strong></span> <span class='ocrx_word' id='word_1_522' title='bbox 2522 2802 2644 2871; x_wconf 89' lang='lat' dir='ltr'><strong>quia</strong></span> <span class='ocrx_word' id='word_1_523' title='bbox 2686 2802 2959 2873; x_wconf 89' lang='lat' dir='ltr'><strong>proprium</strong></span> <span class='ocrx_word' id='word_1_524' title='bbox 2989 2814 3071 2858; x_wconf 89' lang='lat' dir='ltr'><strong>est</strong></span> <span class='ocrx_word' id='word_1_525' title='bbox 3117 2804 3288 2871; x_wconf 83' lang='lat' dir='ltr'><strong>Patris</strong></span> <span class='ocrx_word' id='word_1_526' title='bbox 3322 2813 3380 2860; x_wconf 90' lang='lat' dir='ltr'><strong>ut</strong></span> <span class='ocrx_word' id='word_1_527' title='bbox 3404 2820 3556 2875; x_wconf 87' lang='lat' dir='ltr'><strong>gene-</strong></span> 
     </span>
    </p>
   </div>
   <div class='ocr_carea' id='block_1_75' title="bbox 1965 2888 3555 2960">
    <p class='ocr_par' dir='ltr' id='par_1_75' title="bbox 1965 2888 3555 2960">
     <span class='ocr_line' id='line_1_75' title="bbox 1965 2888 3555 2960; baseline 0.003 -16"><span class='ocrx_word' id='word_1_528' title='bbox 1965 2898 2109 2945; x_wconf 86' lang='lat' dir='ltr'><strong>raret</strong></span> <span class='ocrx_word' id='word_1_529' title='bbox 2149 2888 2363 2956; x_wconf 88' lang='lat' dir='ltr'><strong>Filium,</strong></span> <span class='ocrx_word' id='word_1_530' title='bbox 2418 2892 2691 2960; x_wconf 88' lang='lat' dir='ltr'><strong>preprium</strong></span> <span class='ocrx_word' id='word_1_531' title='bbox 2734 2892 2851 2947; x_wconf 84' lang='lat' dir='ltr'><strong>Filii</strong></span> <span class='ocrx_word' id='word_1_532' title='bbox 2885 2892 2978 2947; x_wconf 90' lang='lat' dir='ltr'><strong>Dei</strong></span> <span class='ocrx_word' id='word_1_533' title='bbox 3009 2902 3066 2948; x_wconf 90' lang='lat' dir='ltr'><strong>ut</strong></span> <span class='ocrx_word' id='word_1_534' title='bbox 3094 2907 3161 2948; x_wconf 77' lang='lat' dir='ltr'><strong>ex</strong></span> <span class='ocrx_word' id='word_1_535' title='bbox 3207 2893 3366 2949; x_wconf 82' lang='lat' dir='ltr'><strong>Patre</strong></span> <span class='ocrx_word' id='word_1_536' title='bbox 3412 2893 3555 2949; x_wconf 83' lang='lat' dir='ltr'><strong>Patri</strong></span> 
     </span>
    </p>
   </div>
   <div class='ocr_carea' id='block_1_76' title="bbox 1967 2982 3559 3055">
    <p class='ocr_par' dir='ltr' id='par_1_76' title="bbox 1967 2982 3559 3055">
     <span class='ocr_line' id='line_1_76' title="bbox 1967 2982 3559 3055; baseline 0.006 -22"><span class='ocrx_word' id='word_1_537' title='bbox 1967 2990 2283 3035; x_wconf 88' lang='lat' dir='ltr'><strong>nasceretur</strong></span> <span class='ocrx_word' id='word_1_538' title='bbox 2300 2982 2543 3051; x_wconf 66' lang='lat' dir='ltr'><strong>aequalis,</strong></span> <span class='ocrx_word' id='word_1_539' title='bbox 2576 2983 2658 3053; x_wconf 86' lang='lat' dir='ltr'><strong>(d)</strong></span> <span class='ocrx_word' id='word_1_540' title='bbox 2701 2984 2977 3054; x_wconf 89' lang='lat' dir='ltr'><strong>proprium</strong></span> <span class='ocrx_word' id='word_1_541' title='bbox 3010 2986 3243 3055; x_wconf 85' lang='lat' dir='ltr'><strong>Spiritus</strong></span> <span class='ocrx_word' id='word_1_542' title='bbox 3288 2987 3459 3041; x_wconf 90' lang='lat' dir='ltr'><strong>sancti</strong></span> <span class='ocrx_word' id='word_1_543' title='bbox 3501 2995 3559 3043; x_wconf 88' lang='lat' dir='ltr'><strong>ut</strong></span> 
     </span>
    </p>
   </div>
   <div class='ocr_carea' id='block_1_77' title="bbox 1970 3069 3560 3139">
    <p class='ocr_par' dir='ltr' id='par_1_77' title="bbox 1970 3069 3560 3139">
     <span class='ocr_line' id='line_1_77' title="bbox 1970 3069 3560 3139; baseline 0.006 -15"><span class='ocrx_word' id='word_1_544' title='bbox 1970 3069 2037 3125; x_wconf 89' lang='lat' dir='ltr'><strong>de</strong></span> <span class='ocrx_word' id='word_1_545' title='bbox 2067 3070 2223 3126; x_wconf 85' lang='lat' dir='ltr'><strong>Patre</strong></span> <span class='ocrx_word' id='word_1_546' title='bbox 2246 3079 2302 3125; x_wconf 88' lang='lat' dir='ltr'><strong>et</strong></span> <span class='ocrx_word' id='word_1_547' title='bbox 2333 3070 2470 3126; x_wconf 84' lang='lat' dir='ltr'><strong>Filio</strong></span> <span class='ocrx_word' id='word_1_548' title='bbox 2494 3072 2813 3139; x_wconf 77' lang='lat' dir='ltr'><strong>procederet</strong></span> <span class='ocrx_word' id='word_1_549' title='bbox 2845 3074 2946 3129; x_wconf 88' lang='lat' dir='ltr'><strong>sub</strong></span> <span class='ocrx_word' id='word_1_550' title='bbox 2977 3090 3080 3130; x_wconf 88' lang='lat' dir='ltr'><strong>uua</strong></span> <span class='ocrx_word' id='word_1_551' title='bbox 3102 3076 3401 3131; x_wconf 87' lang='lat' dir='ltr'><strong>substantia</strong></span> <span class='ocrx_word' id='word_1_552' title='bbox 3439 3077 3560 3133; x_wconf 88' lang='lat' dir='ltr'><strong>Dei-</strong></span> 
     </span>
    </p>
   </div>
   <div class='ocr_carea' id='block_1_78' title="bbox 1975 3162 3561 3237">
    <p class='ocr_par' dir='ltr' id='par_1_78' title="bbox 1975 3162 3561 3237">
     <span class='ocr_line' id='line_1_78' title="bbox 1975 3162 3561 3237; baseline 0.003 -20"><span class='ocrx_word' id='word_1_553' title='bbox 1975 3162 2116 3217; x_wconf 85' lang='lat' dir='ltr'><strong>tatis.</strong></span> <span class='ocrx_word' id='word_1_554' title='bbox 2160 3162 2443 3232; x_wconf 86' lang='lat' dir='ltr'><strong>Proprium</strong></span> <span class='ocrx_word' id='word_1_555' title='bbox 2480 3178 2692 3233; x_wconf 90' lang='lat' dir='ltr'><strong>quoque</strong></span> <span class='ocrx_word' id='word_1_556' title='bbox 2736 3163 2858 3219; x_wconf 90' lang='lat' dir='ltr'><strong>Filii</strong></span> <span class='ocrx_word' id='word_1_557' title='bbox 2900 3165 3015 3231; x_wconf 90' lang='lat' dir='ltr'><strong>Dei,</strong></span> <span class='ocrx_word' id='word_1_558' title='bbox 3059 3176 3114 3220; x_wconf 93' lang='lat' dir='ltr'><strong>ut</strong></span> <span class='ocrx_word' id='word_1_559' title='bbox 3133 3166 3280 3236; x_wconf 79' lang='lat' dir='ltr'><strong>iuxta</strong></span> <span class='ocrx_word' id='word_1_560' title='bbox 3326 3166 3379 3221; x_wconf 92' lang='lat' dir='ltr'><strong>id</strong></span> <span class='ocrx_word' id='word_1_561' title='bbox 3418 3166 3561 3237; x_wconf 86' lang='lat' dir='ltr'><strong>quod</strong></span> 
     </span>
    </p>
   </div>
   <div class='ocr_carea' id='block_1_79' title="bbox 1977 3253 3562 3328">
    <p class='ocr_par' dir='ltr' id='par_1_79' title="bbox 1977 3253 3562 3328">
     <span class='ocr_line' id='line_1_79' title="bbox 1977 3253 3562 3328; baseline 0.005 -22"><span class='ocrx_word' id='word_1_562' title='bbox 1977 3254 2234 3324; x_wconf 87' lang='lat' dir='ltr'><strong>scriptum</strong></span> <span class='ocrx_word' id='word_1_563' title='bbox 2261 3263 2382 3309; x_wconf 88' lang='lat' dir='ltr'><strong>est:</strong></span> <span class='ocrx_word' id='word_1_564' title='bbox 2418 3253 2482 3308; x_wconf 88' lang='lat' dir='ltr'><strong>lu</strong></span> <span class='ocrx_word' id='word_1_565' title='bbox 2517 3256 2803 3311; x_wconf 73' lang='lat' dir='ltr'><strong>novissimis</strong></span> <span class='ocrx_word' id='word_1_566' title='bbox 2836 3258 3145 3328; x_wconf 81' lang='lat' dir='ltr'><strong>teniporibus</strong></span> <span class='ocrx_word' id='word_1_567' title='bbox 3184 3258 3403 3313; x_wconf 83' lang='lat' dir='ltr'><strong>Verbum</strong></span> <span class='ocrx_word' id='word_1_568' title='bbox 3441 3275 3562 3315; x_wconf 83' lang='lat' dir='ltr'><strong>caro</strong></span> 
     </span>
    </p>
   </div>
   <div class='ocr_carea' id='block_1_80' title="bbox 1973 3345 3561 3419">
    <p class='ocr_par' dir='ltr' id='par_1_80' title="bbox 1973 3345 3561 3419">
     <span class='ocr_line' id='line_1_80' title="bbox 1973 3345 3561 3419; baseline 0.003 -19"><span class='ocrx_word' id='word_1_569' title='bbox 1973 3345 2139 3414; x_wconf 77' lang='lat' dir='ltr'><strong>fieret,</strong></span> <span class='ocrx_word' id='word_1_570' title='bbox 2171 3356 2219 3400; x_wconf 87' lang='lat' dir='ltr'><strong>et</strong></span> <span class='ocrx_word' id='word_1_571' title='bbox 2244 3345 2496 3401; x_wconf 81' lang='lat' dir='ltr'><strong>habitaret</strong></span> <span class='ocrx_word' id='word_1_572' title='bbox 2524 3348 2576 3401; x_wconf 88' lang='lat' dir='ltr'><strong>in</strong></span> <span class='ocrx_word' id='word_1_573' title='bbox 2598 3348 2743 3402; x_wconf 83' lang='lat' dir='ltr'><strong>nobis</strong></span> <span class='ocrx_word' id='word_1_574' title='bbox 2770 3346 2948 3418; x_wconf 80' lang='lat' dir='ltr'><strong>(Joau.</strong></span> <span class='ocrx_word' id='word_1_575' title='bbox 2984 3348 3022 3419; x_wconf 90' lang='grc' dir='ltr'>ι)</span> <span class='ocrx_word' id='word_1_576' title='bbox 3046 3366 3060 3403; x_wconf 89' lang='lat'><strong>:</strong></span> <span class='ocrx_word' id='word_1_577' title='bbox 3084 3350 3154 3405; x_wconf 86' lang='lat' dir='ltr'><strong>ita</strong></span> <span class='ocrx_word' id='word_1_578' title='bbox 3187 3350 3328 3405; x_wconf 89' lang='lat' dir='ltr'><strong>intra</strong></span> <span class='ocrx_word' id='word_1_579' title='bbox 3351 3351 3561 3405; x_wconf 85' lang='lat' dir='ltr'><strong>viscera</strong></span> 
     </span>
    </p>
   </div>
   <div class='ocr_carea' id='block_1_81' title="bbox 1972 3436 3565 3511">
    <p class='ocr_par' dir='ltr' id='par_1_81' title="bbox 1972 3436 3565 3511">
     <span class='ocr_line' id='line_1_81' title="bbox 1972 3436 3565 3511; baseline 0.003 -19"><span class='ocrx_word' id='word_1_580' title='bbox 1972 3446 2173 3492; x_wconf 68' lang='lat' dir='ltr'><strong>sancta:</strong></span> <span class='ocrx_word' id='word_1_581' title='bbox 2202 3436 2381 3493; x_wconf 77' lang='lat' dir='ltr'><strong>Mariae</strong></span> <span class='ocrx_word' id='word_1_582' title='bbox 2408 3437 2645 3508; x_wconf 85' lang='lat' dir='ltr'><strong>Virginis</strong></span> <span class='ocrx_word' id='word_1_583' title='bbox 2672 3439 2948 3510; x_wconf 87' lang='lat' dir='ltr'><strong>genitricis</strong></span> <span class='ocrx_word' id='word_1_584' title='bbox 2972 3439 3065 3494; x_wconf 91' lang='lat' dir='ltr'><strong>Dei</strong></span> <span class='ocrx_word' id='word_1_585' title='bbox 3096 3439 3257 3495; x_wconf 90' lang='lat' dir='ltr'><strong>unitis</strong></span> <span class='ocrx_word' id='word_1_586' title='bbox 3287 3440 3565 3511; x_wconf 83' lang='lat' dir='ltr'><strong>utriusque</strong></span> 
     </span>
    </p>
   </div>
   <div class='ocr_carea' id='block_1_82' title="bbox 1974 3527 3567 3599">
    <p class='ocr_par' dir='ltr' id='par_1_82' title="bbox 1974 3527 3567 3599">
     <span class='ocr_line' id='line_1_82' title="bbox 1974 3527 3567 3599; baseline 0.003 -18"><span class='ocrx_word' id='word_1_587' title='bbox 1974 3528 2090 3582; x_wconf 90' lang='lat' dir='ltr'><strong>sine</strong></span> <span class='ocrx_word' id='word_1_588' title='bbox 2124 3527 2303 3598; x_wconf 88' lang='lat' dir='ltr'><strong>aliqua</strong></span> <span class='ocrx_word' id='word_1_589' title='bbox 2331 3528 2649 3583; x_wconf 86' lang='lat' dir='ltr'><strong>confusione</strong></span> <span class='ocrx_word' id='word_1_590' title='bbox 2684 3530 2913 3595; x_wconf 91' lang='lat' dir='ltr'><strong>naturis,</strong></span> <span class='ocrx_word' id='word_1_591' title='bbox 2955 3538 3011 3583; x_wconf 92' lang='lat' dir='ltr'><strong>ut</strong></span> <span class='ocrx_word' id='word_1_592' title='bbox 3036 3531 3125 3599; x_wconf 91' lang='lat' dir='ltr'><strong>qui</strong></span> <span class='ocrx_word' id='word_1_593' title='bbox 3163 3538 3287 3585; x_wconf 91' lang='lat' dir='ltr'><strong>ante</strong></span> <span class='ocrx_word' id='word_1_594' title='bbox 3329 3538 3567 3598; x_wconf 81' lang='lat' dir='ltr'><strong>tempora</strong></span> 
     </span>
    </p>
   </div>
   <div class='ocr_carea' id='block_1_83' title="bbox 1974 3619 3568 3688">
    <p class='ocr_par' dir='ltr' id='par_1_83' title="bbox 1974 3619 3568 3688">
     <span class='ocr_line' id='line_1_83' title="bbox 1974 3619 3568 3688; baseline 0.003 -14"><span class='ocrx_word' id='word_1_595' title='bbox 1974 3631 2089 3674; x_wconf 89' lang='lat' dir='ltr'><strong>erat</strong></span> <span class='ocrx_word' id='word_1_596' title='bbox 2118 3619 2284 3675; x_wconf 88' lang='lat' dir='ltr'><strong>Filius</strong></span> <span class='ocrx_word' id='word_1_597' title='bbox 2312 3621 2427 3688; x_wconf 89' lang='lat' dir='ltr'><strong>Dei,</strong></span> <span class='ocrx_word' id='word_1_598' title='bbox 2463 3621 2616 3676; x_wconf 89' lang='lat' dir='ltr'><strong>fieret</strong></span> <span class='ocrx_word' id='word_1_599' title='bbox 2644 3620 2783 3675; x_wconf 91' lang='lat' dir='ltr'><strong>filius</strong></span> <span class='ocrx_word' id='word_1_600' title='bbox 2838 3621 3101 3686; x_wconf 90' lang='lat' dir='ltr'><strong>hominis;</strong></span> <span class='ocrx_word' id='word_1_601' title='bbox 3160 3630 3215 3676; x_wconf 90' lang='lat' dir='ltr'><strong>et</strong></span> <span class='ocrx_word' id='word_1_602' title='bbox 3256 3632 3568 3678; x_wconf 87' lang='lat' dir='ltr'><strong>nasceretur</strong></span> 
     </span>
    </p>
   </div>
   <div class='ocr_carea' id='block_1_84' title="bbox 1977 3710 3571 3783">
    <p class='ocr_par' dir='ltr' id='par_1_84' title="bbox 1977 3710 3571 3783">
     <span class='ocr_line' id='line_1_84' title="bbox 1977 3710 3571 3783; baseline 0.002 -16"><span class='ocrx_word' id='word_1_603' title='bbox 1977 3726 2043 3767; x_wconf 83' lang='lat' dir='ltr'><strong>ex</strong></span> <span class='ocrx_word' id='word_1_604' title='bbox 2074 3710 2174 3783; x_wconf 90' lang='lat' dir='ltr'><strong>(in)</strong></span> <span class='ocrx_word' id='word_1_605' title='bbox 2206 3722 2445 3782; x_wconf 87' lang='lat' dir='ltr'><strong>tempore</strong></span> <span class='ocrx_word' id='word_1_606' title='bbox 2476 3713 2709 3767; x_wconf 91' lang='lat' dir='ltr'><strong>hominis</strong></span> <span class='ocrx_word' id='word_1_607' title='bbox 2741 3728 2913 3778; x_wconf 91' lang='lat' dir='ltr'><strong>more,</strong></span> <span class='ocrx_word' id='word_1_608' title='bbox 2949 3715 3136 3768; x_wconf 89' lang='lat' dir='ltr'><strong>matris</strong></span> <span class='ocrx_word' id='word_1_609' title='bbox 3166 3714 3383 3769; x_wconf 89' lang='lat' dir='ltr'><strong>vulvam</strong></span> <span class='ocrx_word' id='word_1_610' title='bbox 3414 3725 3571 3771; x_wconf 87' lang='lat' dir='ltr'><strong>natus</strong></span> 
     </span>
    </p>
   </div>
   <div class='ocr_carea' id='block_1_85' title="bbox 1978 3805 3570 3876">
    <p class='ocr_par' dir='ltr' id='par_1_85' title="bbox 1978 3805 3570 3876">
     <span class='ocr_line' id='line_1_85' title="bbox 1978 3805 3570 3876; baseline 0.001 -15"><span class='ocrx_word' id='word_1_611' title='bbox 1978 3821 2088 3861; x_wconf 90' lang='lat' dir='ltr'><strong>non</strong></span> <span class='ocrx_word' id='word_1_612' title='bbox 2116 3806 2388 3876; x_wconf 86' lang='lat' dir='ltr'><strong>aperiens.</strong></span> <span class='ocrx_word' id='word_1_613' title='bbox 2419 3813 2475 3861; x_wconf 90' lang='lat' dir='ltr'><strong>et</strong></span> <span class='ocrx_word' id='word_1_614' title='bbox 2505 3805 2868 3875; x_wconf 86' lang='lat' dir='ltr'><strong>virginitatem</strong></span> <span class='ocrx_word' id='word_1_615' title='bbox 2900 3807 3089 3860; x_wconf 87' lang='lat' dir='ltr'><strong>matris</strong></span> <span class='ocrx_word' id='word_1_616' title='bbox 3132 3806 3347 3861; x_wconf 89' lang='lat' dir='ltr'><strong>deitatis</strong></span> <span class='ocrx_word' id='word_1_617' title='bbox 3376 3808 3570 3862; x_wconf 88' lang='lat' dir='ltr'><strong>virtute</strong></span> 
     </span>
    </p>
   </div>
   <div class='ocr_carea' id='block_1_86' title="bbox 1981 3897 3568 3968">
    <p class='ocr_par' dir='ltr' id='par_1_86' title="bbox 1981 3897 3568 3968">
     <span class='ocr_line' id='line_1_86' title="bbox 1981 3897 3568 3968; baseline 0 -16"><span class='ocrx_word' id='word_1_618' title='bbox 1981 3912 2084 3952; x_wconf 87' lang='lat' dir='ltr'><strong>lt0u</strong></span> <span class='ocrx_word' id='word_1_619' title='bbox 2118 3897 2354 3952; x_wconf 86' lang='lat' dir='ltr'><strong>solvens.</strong></span> <span class='ocrx_word' id='word_1_620' title='bbox 2383 3897 2609 3966; x_wconf 86' lang='lat' dir='ltr'><strong>Dignum</strong></span> <span class='ocrx_word' id='word_1_621' title='bbox 2636 3898 2796 3967; x_wconf 88' lang='lat' dir='ltr'><strong>plane</strong></span> <span class='ocrx_word' id='word_1_622' title='bbox 2817 3897 2927 3951; x_wconf 91' lang='lat' dir='ltr'><strong>Deo</strong></span> <span class='ocrx_word' id='word_1_623' title='bbox 2954 3906 3209 3953; x_wconf 88' lang='lat' dir='ltr'><strong>nascente</strong></span> <span class='ocrx_word' id='word_1_624' title='bbox 3232 3898 3568 3968; x_wconf 84' lang='lat' dir='ltr'><strong>mysterium,</strong></span> 
     </span>
    </p>
   </div>
   <div class='ocr_carea' id='block_1_87' title="bbox 1982 3988 3571 4059">
    <p class='ocr_par' dir='ltr' id='par_1_87' title="bbox 1982 3988 3571 4059">
     <span class='ocr_line' id='line_1_87' title="bbox 1982 3988 3571 4059; baseline -0.001 -14"><span class='ocrx_word' id='word_1_625' title='bbox 1982 3998 2039 4045; x_wconf 94' lang='lat' dir='ltr'><strong>ut</strong></span> <span class='ocrx_word' id='word_1_626' title='bbox 2068 3998 2313 4045; x_wconf 83' lang='lat' dir='ltr'><strong>servaret</strong></span> <span class='ocrx_word' id='word_1_627' title='bbox 2338 3998 2546 4059; x_wconf 90' lang='lat' dir='ltr'><strong>partum</strong></span> <span class='ocrx_word' id='word_1_628' title='bbox 2578 3989 2697 4045; x_wconf 82' lang='lat' dir='ltr'><strong>sine</strong></span> <span class='ocrx_word' id='word_1_629' title='bbox 2728 3990 3101 4059; x_wconf 83' lang='lat' dir='ltr'><strong>cerruptione,</strong></span> <span class='ocrx_word' id='word_1_630' title='bbox 3133 3988 3225 4058; x_wconf 88' lang='lat' dir='ltr'><strong>qui</strong></span> <span class='ocrx_word' id='word_1_631' title='bbox 3253 3998 3571 4058; x_wconf 89' lang='lat' dir='ltr'><strong>conceptum</strong></span> 
     </span>
    </p>
   </div>
   <div class='ocr_carea' id='block_1_88' title="bbox 1987 4084 3575 4155">
    <p class='ocr_par' dir='ltr' id='par_1_88' title="bbox 1987 4084 3575 4155">
     <span class='ocr_line' id='line_1_88' title="bbox 1987 4084 3575 4155; baseline -0.001 -16"><span class='ocrx_word' id='word_1_632' title='bbox 1987 4085 2112 4141; x_wconf 84' lang='lat' dir='ltr'><strong>fecit</strong></span> <span class='ocrx_word' id='word_1_633' title='bbox 2143 4100 2262 4141; x_wconf 88' lang='lat' dir='ltr'><strong>esse</strong></span> <span class='ocrx_word' id='word_1_634' title='bbox 2296 4086 2411 4141; x_wconf 89' lang='lat' dir='ltr'><strong>sine</strong></span> <span class='ocrx_word' id='word_1_635' title='bbox 2442 4084 2665 4151; x_wconf 89' lang='lat' dir='ltr'><strong>semine,</strong></span> <span class='ocrx_word' id='word_1_636' title='bbox 2725 4100 2948 4141; x_wconf 88' lang='lat' dir='ltr'><strong>servans</strong></span> <span class='ocrx_word' id='word_1_637' title='bbox 2982 4084 3123 4155; x_wconf 88' lang='lat' dir='ltr'><strong>quod</strong></span> <span class='ocrx_word' id='word_1_638' title='bbox 3154 4100 3217 4141; x_wconf 84' lang='lat' dir='ltr'><strong>es</strong></span> <span class='ocrx_word' id='word_1_639' title='bbox 3251 4084 3407 4139; x_wconf 84' lang='lat' dir='ltr'><strong>Patre</strong></span> <span class='ocrx_word' id='word_1_640' title='bbox 3436 4093 3575 4149; x_wconf 89' lang='lat' dir='ltr'><strong>erat,</strong></span> 
     </span>
    </p>
   </div>
   <div class='ocr_carea' id='block_1_89' title="bbox 1984 4175 3579 4248">
    <p class='ocr_par' dir='ltr' id='par_1_89' title="bbox 1984 4175 3579 4248">
     <span class='ocr_line' id='line_1_89' title="bbox 1984 4175 3579 4248; baseline -0.001 -16"><span class='ocrx_word' id='word_1_641' title='bbox 1984 4185 2040 4232; x_wconf 90' lang='lat' dir='ltr'><strong>et</strong></span> <span class='ocrx_word' id='word_1_642' title='bbox 2072 4186 2471 4246; x_wconf 72' lang='lat' dir='ltr'><strong>repraesentans</strong></span> <span class='ocrx_word' id='word_1_643' title='bbox 2495 4176 2637 4248; x_wconf 90' lang='lat' dir='ltr'><strong>quod</strong></span> <span class='ocrx_word' id='word_1_644' title='bbox 2665 4192 2735 4233; x_wconf 80' lang='lat' dir='ltr'><strong>ex</strong></span> <span class='ocrx_word' id='word_1_645' title='bbox 2765 4184 2937 4233; x_wconf 87' lang='lat' dir='ltr'><strong>matre</strong></span> <span class='ocrx_word' id='word_1_646' title='bbox 2954 4176 3207 4246; x_wconf 88' lang='lat' dir='ltr'><strong>suscepit.</strong></span> <span class='ocrx_word' id='word_1_647' title='bbox 3234 4175 3365 4231; x_wconf 87' lang='lat' dir='ltr'><strong>Nam</strong></span> <span class='ocrx_word' id='word_1_648' title='bbox 3390 4176 3579 4246; x_wconf 88' lang='lat' dir='ltr'><strong>iacens</strong></span> 
     </span>
    </p>
   </div>
   <div class='ocr_carea' id='block_1_90' title="bbox 1987 4268 3581 4339">
    <p class='ocr_par' dir='ltr' id='par_1_90' title="bbox 1987 4268 3581 4339">
     <span class='ocr_line' id='line_1_90' title="bbox 1987 4268 3581 4339; baseline 0.001 -17"><span class='ocrx_word' id='word_1_649' title='bbox 1987 4270 2038 4323; x_wconf 90' lang='lat' dir='ltr'><strong>in</strong></span> <span class='ocrx_word' id='word_1_650' title='bbox 2074 4269 2335 4339; x_wconf 68' lang='lat' dir='ltr'><strong>praesepio</strong></span> <span class='ocrx_word' id='word_1_651' title='bbox 2366 4269 2646 4324; x_wconf 87' lang='lat' dir='ltr'><strong>videbatur</strong></span> <span class='ocrx_word' id='word_1_652' title='bbox 2664 4270 2719 4324; x_wconf 89' lang='lat' dir='ltr'><strong>in</strong></span> <span class='ocrx_word' id='word_1_653' title='bbox 2746 4270 2904 4336; x_wconf 71' lang='lat' dir='ltr'><strong>coelo,</strong></span> <span class='ocrx_word' id='word_1_654' title='bbox 2940 4268 3211 4324; x_wconf 85' lang='lat' dir='ltr'><strong>involutus</strong></span> <span class='ocrx_word' id='word_1_655' title='bbox 3236 4269 3427 4336; x_wconf 89' lang='lat' dir='ltr'><strong>pannis</strong></span> <span class='ocrx_word' id='word_1_656' title='bbox 3451 4268 3581 4324; x_wconf 88' lang='lat' dir='ltr'><strong>ado-</strong></span> 
     </span>
    </p>
   </div>
   <div class='ocr_carea' id='block_1_91' title="bbox 1988 4361 3583 4433">
    <p class='ocr_par' dir='ltr' id='par_1_91' title="bbox 1988 4361 3583 4433">
     <span class='ocr_line' id='line_1_91' title="bbox 1988 4361 3583 4433; baseline -0.001 -14"><span class='ocrx_word' id='word_1_657' title='bbox 1988 4365 2204 4419; x_wconf 88' lang='lat' dir='ltr'><strong>rabatur</strong></span> <span class='ocrx_word' id='word_1_658' title='bbox 2250 4379 2279 4417; x_wconf 91' lang='lat' dir='ltr'><strong>a</strong></span> <span class='ocrx_word' id='word_1_659' title='bbox 2321 4365 2511 4433; x_wconf 83' lang='lat' dir='ltr'><strong>magis,</strong></span> <span class='ocrx_word' id='word_1_660' title='bbox 2563 4365 2702 4419; x_wconf 89' lang='lat' dir='ltr'><strong>inter</strong></span> <span class='ocrx_word' id='word_1_661' title='bbox 2751 4363 3003 4418; x_wconf 87' lang='lat' dir='ltr'><strong>animalia</strong></span> <span class='ocrx_word' id='word_1_662' title='bbox 3048 4362 3227 4418; x_wconf 87' lang='lat' dir='ltr'><strong>editus</strong></span> <span class='ocrx_word' id='word_1_663' title='bbox 3284 4361 3352 4417; x_wconf 91' lang='lat' dir='ltr'><strong>ab</strong></span> <span class='ocrx_word' id='word_1_664' title='bbox 3376 4362 3583 4431; x_wconf 87' lang='lat' dir='ltr'><strong>angelis</strong></span> 
     </span>
    </p>
   </div>
   <div class='ocr_carea' id='block_1_92' title="bbox 1993 4456 3584 4529">
    <p class='ocr_par' dir='ltr' id='par_1_92' title="bbox 1993 4456 3584 4529">
     <span class='ocr_line' id='line_1_92' title="bbox 1993 4456 3584 4529; baseline -0.001 -16"><span class='ocrx_word' id='word_1_665' title='bbox 1993 4457 2065 4529; x_wconf 71' lang='grc' dir='ltr'><strong>(ρ)</strong></span> <span class='ocrx_word' id='word_1_666' title='bbox 2094 4457 2460 4523; x_wconf 86' lang='lat' dir='ltr'><strong>nuntiabatur,</strong></span> <span class='ocrx_word' id='word_1_667' title='bbox 2487 4458 2574 4511; x_wconf 82' lang='lat' dir='ltr'><strong>vix</strong></span> <span class='ocrx_word' id='word_1_668' title='bbox 2596 4472 2845 4527; x_wconf 88' lang='lat' dir='ltr'><strong>egressus</strong></span> <span class='ocrx_word' id='word_1_669' title='bbox 2872 4456 3172 4521; x_wconf 80' lang='lat' dir='ltr'><strong>infantiam,</strong></span> <span class='ocrx_word' id='word_1_670' title='bbox 3193 4457 3584 4512; x_wconf 87' lang='lat' dir='ltr'><strong>etannuntiaus</strong></span> 
     </span>
    </p>
   </div>
   <div class='ocr_carea' id='block_1_93' title="bbox 1992 4549 3584 4624">
    <p class='ocr_par' dir='ltr' id='par_1_93' title="bbox 1992 4549 3584 4624">
     <span class='ocr_line' id='line_1_93' title="bbox 1992 4549 3584 4624; baseline -0.003 -16"><span class='ocrx_word' id='word_1_671' title='bbox 1992 4552 2274 4624; x_wconf 88' lang='lat' dir='ltr'><strong>mysticam</strong></span> <span class='ocrx_word' id='word_1_672' title='bbox 2307 4552 2425 4606; x_wconf 82' lang='lat' dir='ltr'><strong>sine</strong></span> <span class='ocrx_word' id='word_1_673' title='bbox 2450 4551 2762 4606; x_wconf 80' lang='lat' dir='ltr'><strong>instituente</strong></span> <span class='ocrx_word' id='word_1_674' title='bbox 2778 4550 3101 4617; x_wconf 87' lang='lat' dir='ltr'><strong>doctrinam,</strong></span> <span class='ocrx_word' id='word_1_675' title='bbox 3129 4550 3269 4604; x_wconf 90' lang='lat' dir='ltr'><strong>inter</strong></span> <span class='ocrx_word' id='word_1_676' title='bbox 3284 4549 3584 4604; x_wconf 86' lang='lat' dir='ltr'><strong>rudimenta</strong></span> 
     </span>
    </p>
   </div>
   <div class='ocr_carea' id='block_1_94' title="bbox 255 4630 3587 4721">
    <p class='ocr_par' dir='ltr' id='par_1_94' title="bbox 255 4630 3587 4721">
     <span class='ocr_line' id='line_1_94' title="bbox 255 4630 3587 4721; baseline -0.003 -15"><span class='ocrx_word' id='word_1_677' title='bbox 255 4650 521 4720; x_wconf 84' lang='lat' dir='ltr'><strong>amplius</strong></span> <span class='ocrx_word' id='word_1_678' title='bbox 555 4649 621 4717; x_wconf 90' lang='lat' dir='ltr'><strong>(si</strong></span> <span class='ocrx_word' id='word_1_679' title='bbox 651 4658 827 4703; x_wconf 89' lang='lat' dir='ltr'><strong>tamen</strong></span> <span class='ocrx_word' id='word_1_680' title='bbox 872 4649 993 4705; x_wconf 86' lang='lat' dir='ltr'><strong>fidei</strong></span> <span class='ocrx_word' id='word_1_681' title='bbox 1039 4662 1323 4705; x_wconf 82' lang='lat' dir='ltr'><strong>terminum</strong></span> <span class='ocrx_word' id='word_1_682' title='bbox 1354 4653 1556 4721; x_wconf 90' lang='lat' dir='ltr'><strong>servat)</strong></span> <span class='ocrx_word' id='word_1_683' title='bbox 1588 4651 1889 4721; x_wconf 85' lang='lat' dir='ltr'><strong>quamlibet</strong></span> <span class='ocrx_word' id='word_1_684' title='bbox 1916 4630 1969 4690; x_wconf 77' lang='grc' dir='ltr'><strong>Ῑ)</strong></span> <span class='ocrx_word' id='word_1_685' title='bbox 1994 4663 2257 4703; x_wconf 89' lang='lat' dir='ltr'><strong>annorum</strong></span> <span class='ocrx_word' id='word_1_686' title='bbox 2288 4646 2574 4715; x_wconf 88' lang='lat' dir='ltr'><strong>puerilium</strong></span> <span class='ocrx_word' id='word_1_687' title='bbox 2606 4644 2774 4700; x_wconf 92' lang='lat' dir='ltr'><strong>edens</strong></span> <span class='ocrx_word' id='word_1_688' title='bbox 2805 4643 3047 4698; x_wconf 61' lang='lat' dir='ltr'><strong>caelestia</strong></span> <span class='ocrx_word' id='word_1_689' title='bbox 3105 4642 3256 4713; x_wconf 90' lang='lat' dir='ltr'><strong>signa</strong></span> <span class='ocrx_word' id='word_1_690' title='bbox 3304 4642 3587 4697; x_wconf 89' lang='lat' dir='ltr'><strong>virtutum.</strong></span> 
     </span>
    </p>
   </div>
   <div class='ocr_carea' id='block_1_95' title="bbox 257 4734 3591 4814">
    <p class='ocr_par' dir='ltr' id='par_1_95' title="bbox 257 4734 3591 4814">
     <span class='ocr_line' id='line_1_95' title="bbox 257 4734 3591 4814; baseline -0.004 -15"><span class='ocrx_word' id='word_1_691' title='bbox 257 4744 536 4799; x_wconf 86' lang='lat' dir='ltr'><strong>curiosus</strong></span> <span class='ocrx_word' id='word_1_692' title='bbox 556 4749 827 4796; x_wconf 88' lang='lat' dir='ltr'><strong>scrutator</strong></span> <span class='ocrx_word' id='word_1_693' title='bbox 855 4742 1112 4813; x_wconf 89' lang='lat' dir='ltr'><strong>inquirat,</strong></span> <span class='ocrx_word' id='word_1_694' title='bbox 1144 4744 1220 4813; x_wconf 90' lang='lat' dir='ltr'><strong>(c)</strong></span> <span class='ocrx_word' id='word_1_695' title='bbox 1248 4753 1524 4814; x_wconf 89' lang='lat' dir='ltr'><strong>autopere</strong></span> <span class='ocrx_word' id='word_1_696' title='bbox 1556 4744 1885 4800; x_wconf 85' lang='lat' dir='ltr'><strong>autinstitu-</strong></span> <span class='ocrx_word' id='word_1_697' title='bbox 1994 4740 2137 4796; x_wconf 85' lang='lat' dir='ltr'><strong>Idem</strong></span> <span class='ocrx_word' id='word_1_698' title='bbox 2170 4743 2315 4795; x_wconf 89' lang='lat' dir='ltr'><strong>enim</strong></span> <span class='ocrx_word' id='word_1_699' title='bbox 2378 4739 2518 4794; x_wconf 88' lang='lat' dir='ltr'><strong>Deus</strong></span> <span class='ocrx_word' id='word_1_700' title='bbox 2548 4747 2603 4792; x_wconf 88' lang='lat' dir='ltr'><strong>et</strong></span> <span class='ocrx_word' id='word_1_701' title='bbox 2634 4738 2815 4800; x_wconf 90' lang='lat' dir='ltr'><strong>homo,</strong></span> <span class='ocrx_word' id='word_1_702' title='bbox 2861 4750 2968 4791; x_wconf 93' lang='lat' dir='ltr'><strong>non</strong></span> <span class='ocrx_word' id='word_1_703' title='bbox 3020 4734 3117 4808; x_wconf 93' lang='lat' dir='ltr'><strong>(ut</strong></span> <span class='ocrx_word' id='word_1_704' title='bbox 3163 4736 3232 4791; x_wconf 86' lang='lat' dir='ltr'><strong>ab</strong></span> <span class='ocrx_word' id='word_1_705' title='bbox 3287 4734 3591 4790; x_wconf 85' lang='lat' dir='ltr'><strong>infidelibus</strong></span> 
     </span>
    </p>
   </div>
   <div class='ocr_carea' id='block_1_96' title="bbox 254 4826 3589 4907">
    <p class='ocr_par' dir='ltr' id='par_1_96' title="bbox 254 4826 3589 4907">
     <span class='ocr_line' id='line_1_96' title="bbox 254 4826 3589 4907; baseline -0.003 -16"><span class='ocrx_word' id='word_1_706' title='bbox 254 4837 441 4892; x_wconf 78' lang='lat' dir='ltr'><strong>tione</strong></span> <span class='ocrx_word' id='word_1_707' title='bbox 470 4832 760 4903; x_wconf 88' lang='lat' dir='ltr'><strong>perfectius</strong></span> <span class='ocrx_word' id='word_1_708' title='bbox 782 4834 914 4904; x_wconf 92' lang='lat' dir='ltr'><strong>(non</strong></span> <span class='ocrx_word' id='word_1_709' title='bbox 945 4851 1078 4903; x_wconf 85' lang='lat' dir='ltr'><strong>opus</strong></span> <span class='ocrx_word' id='word_1_710' title='bbox 1111 4846 1198 4890; x_wconf 88' lang='lat' dir='ltr'><strong>aut</strong></span> <span class='ocrx_word' id='word_1_711' title='bbox 1225 4837 1531 4905; x_wconf 88' lang='lat' dir='ltr'><strong>adiectione</strong></span> <span class='ocrx_word' id='word_1_712' title='bbox 1562 4838 1771 4907; x_wconf 85' lang='lat' dir='ltr'><strong>plenius</strong></span> <span class='ocrx_word' id='word_1_713' title='bbox 1802 4847 1894 4894; x_wconf 89' lang='lat' dir='ltr'><strong>aut</strong></span> <span class='ocrx_word' id='word_1_714' title='bbox 1994 4833 2231 4903; x_wconf 88' lang='lat' dir='ltr'><strong>dicitur)</strong></span> <span class='ocrx_word' id='word_1_715' title='bbox 2263 4833 2360 4888; x_wconf 93' lang='lat' dir='ltr'><strong>sub</strong></span> <span class='ocrx_word' id='word_1_716' title='bbox 2386 4839 2590 4902; x_wconf 73' lang='lat' dir='ltr'><strong>quartae</strong></span> <span class='ocrx_word' id='word_1_717' title='bbox 2620 4827 3019 4884; x_wconf 90' lang='lat' dir='ltr'><strong>introductione</strong></span> <span class='ocrx_word' id='word_1_718' title='bbox 3041 4841 3286 4898; x_wconf 76' lang='lat' dir='ltr'><strong>persona:</strong></span> <span class='ocrx_word' id='word_1_719' title='bbox 3312 4845 3325 4881; x_wconf 89' lang='lat'><strong>:</strong></span> <span class='ocrx_word' id='word_1_720' title='bbox 3357 4826 3451 4882; x_wconf 86' lang='lat' dir='ltr'><strong>sed</strong></span> <span class='ocrx_word' id='word_1_721' title='bbox 3474 4826 3589 4896; x_wconf 88' lang='lat' dir='ltr'><strong>ipse</strong></span> 
     </span>
    </p>
   </div>
   <div class='ocr_carea' id='block_1_97' title="bbox 254 4920 3593 4998">
    <p class='ocr_par' dir='ltr' id='par_1_97' title="bbox 254 4920 3593 4998">
     <span class='ocr_line' id='line_1_97' title="bbox 254 4920 3593 4998; baseline -0.002 -16"><span class='ocrx_word' id='word_1_722' title='bbox 254 4924 632 4982; x_wconf 83' lang='lat' dir='ltr'><strong>institutione</strong></span> <span class='ocrx_word' id='word_1_723' title='bbox 668 4924 1022 4996; x_wconf 80' lang='lat' dir='ltr'><strong>perfectius)?</strong></span> <span class='ocrx_word' id='word_1_724' title='bbox 1055 4927 1155 4981; x_wconf 90' lang='lat' dir='ltr'><strong>nisi</strong></span> <span class='ocrx_word' id='word_1_725' title='bbox 1199 4928 1340 4983; x_wconf 90' lang='lat' dir='ltr'><strong>forte</strong></span> <span class='ocrx_word' id='word_1_726' title='bbox 1381 4930 1583 4984; x_wconf 88' lang='lat' dir='ltr'><strong>mavult</strong></span> <span class='ocrx_word' id='word_1_727' title='bbox 1608 4929 1892 4998; x_wconf 83' lang='lat' dir='ltr'><strong>quisquam</strong></span> <span class='ocrx_word' id='word_1_728' title='bbox 1999 4932 2091 4986; x_wconf 90' lang='lat' dir='ltr'><strong>Dei</strong></span> <span class='ocrx_word' id='word_1_729' title='bbox 2140 4927 2309 4983; x_wconf 88' lang='lat' dir='ltr'><strong>Filius</strong></span> <span class='ocrx_word' id='word_1_730' title='bbox 2341 4926 2481 4980; x_wconf 77' lang='lat' dir='ltr'><strong>Deus</strong></span> <span class='ocrx_word' id='word_1_731' title='bbox 2509 4935 2563 4979; x_wconf 91' lang='lat' dir='ltr'><strong>et</strong></span> <span class='ocrx_word' id='word_1_732' title='bbox 2593 4925 2784 4991; x_wconf 84' lang='lat' dir='ltr'><strong>homo,</strong></span> <span class='ocrx_word' id='word_1_733' title='bbox 2823 4923 2888 4993; x_wconf 70' lang='grc' dir='ltr'><strong>(Ι)</strong></span> <span class='ocrx_word' id='word_1_734' title='bbox 2916 4922 2968 4978; x_wconf 87' lang='lat' dir='ltr'><strong>id</strong></span> <span class='ocrx_word' id='word_1_735' title='bbox 2991 4932 3073 4979; x_wconf 78' lang='lat' dir='ltr'><strong>est</strong></span> <span class='ocrx_word' id='word_1_736' title='bbox 3101 4922 3270 4977; x_wconf 87' lang='lat' dir='ltr'><strong>virtus</strong></span> <span class='ocrx_word' id='word_1_737' title='bbox 3292 4930 3347 4977; x_wconf 89' lang='lat' dir='ltr'><strong>et</strong></span> <span class='ocrx_word' id='word_1_738' title='bbox 3368 4920 3593 4976; x_wconf 84' lang='lat' dir='ltr'><strong>infirmi-</strong></span> 
     </span>
    </p>
   </div>
   <div class='ocr_carea' id='block_1_98' title="bbox 254 5015 3593 5092">
    <p class='ocr_par' dir='ltr' id='par_1_98' title="bbox 254 5015 3593 5092">
     <span class='ocr_line' id='line_1_98' title="bbox 254 5015 3593 5092; baseline -0.001 -21"><span class='ocrx_word' id='word_1_739' title='bbox 254 5016 546 5075; x_wconf 81' lang='lat' dir='ltr'><strong>dubitare</strong></span> <span class='ocrx_word' id='word_1_740' title='bbox 586 5031 743 5085; x_wconf 87' lang='lat' dir='ltr'><strong>quam</strong></span> <span class='ocrx_word' id='word_1_741' title='bbox 774 5016 1018 5084; x_wconf 88' lang='lat' dir='ltr'><strong>credere,</strong></span> <span class='ocrx_word' id='word_1_742' title='bbox 1068 5028 1273 5074; x_wconf 86' lang='lat' dir='ltr'><strong>certare</strong></span> <span class='ocrx_word' id='word_1_743' title='bbox 1314 5035 1473 5090; x_wconf 89' lang='lat' dir='ltr'><strong>quam</strong></span> <span class='ocrx_word' id='word_1_744' title='bbox 1516 5035 1696 5085; x_wconf 90' lang='lat' dir='ltr'><strong>nosse,</strong></span> <span class='ocrx_word' id='word_1_745' title='bbox 1740 5021 1890 5091; x_wconf 89' lang='lat' dir='ltr'><strong>sequi</strong></span> <span class='ocrx_word' id='word_1_746' title='bbox 1999 5035 2101 5092; x_wconf 84' lang='lat' dir='ltr'><strong>tas,</strong></span> <span class='ocrx_word' id='word_1_747' title='bbox 2130 5022 2405 5079; x_wconf 90' lang='lat' dir='ltr'><strong>humilitas</strong></span> <span class='ocrx_word' id='word_1_748' title='bbox 2437 5031 2493 5077; x_wconf 89' lang='lat' dir='ltr'><strong>et</strong></span> <span class='ocrx_word' id='word_1_749' title='bbox 2526 5019 2799 5088; x_wconf 87' lang='lat' dir='ltr'><strong>maiestas,</strong></span> <span class='ocrx_word' id='word_1_750' title='bbox 2832 5018 3105 5075; x_wconf 87' lang='lat' dir='ltr'><strong>redimens</strong></span> <span class='ocrx_word' id='word_1_751' title='bbox 3137 5026 3191 5075; x_wconf 88' lang='lat' dir='ltr'><strong>et</strong></span> <span class='ocrx_word' id='word_1_752' title='bbox 3219 5017 3488 5079; x_wconf 88' lang='lat' dir='ltr'><strong>venditus,</strong></span> <span class='ocrx_word' id='word_1_753' title='bbox 3540 5015 3593 5069; x_wconf 93' lang='lat' dir='ltr'><strong>in</strong></span> 
     </span>
    </p>
   </div>
   <div class='ocr_carea' id='block_1_99' title="bbox 251 5108 3595 5185">
    <p class='ocr_par' dir='ltr' id='par_1_99' title="bbox 251 5108 3595 5185">
     <span class='ocr_line' id='line_1_99' title="bbox 251 5108 3595 5185; baseline -0.001 -19"><span class='ocrx_word' id='word_1_754' title='bbox 251 5109 457 5166; x_wconf 85' lang='lat' dir='ltr'><strong>dubia</strong></span> <span class='ocrx_word' id='word_1_755' title='bbox 487 5122 647 5177; x_wconf 84' lang='lat' dir='ltr'><strong>quam</strong></span> <span class='ocrx_word' id='word_1_756' title='bbox 683 5122 904 5163; x_wconf 87' lang='lat' dir='ltr'><strong>servare</strong></span> <span class='ocrx_word' id='word_1_757' title='bbox 934 5108 1171 5185; x_wconf 60' lang='lat' dir='ltr'><strong>decreip.</strong></span> <span class='ocrx_word' id='word_1_758' title='bbox 1204 5110 1337 5165; x_wconf 86' lang='lat' dir='ltr'><strong>Nam</strong></span> <span class='ocrx_word' id='word_1_759' title='bbox 1380 5113 1422 5166; x_wconf 91' lang='lat' dir='ltr'><strong>si</strong></span> <span class='ocrx_word' id='word_1_760' title='bbox 1454 5112 1693 5167; x_wconf 87' lang='lat' dir='ltr'><strong>Trinitas</strong></span> <span class='ocrx_word' id='word_1_761' title='bbox 1728 5114 1887 5179; x_wconf 90' lang='lat' dir='ltr'><strong>Deus,</strong></span> <span class='ocrx_word' id='word_1_762' title='bbox 2000 5132 2160 5174; x_wconf 85' lang='lat' dir='ltr'><strong>cruce</strong></span> <span class='ocrx_word' id='word_1_763' title='bbox 2201 5114 2402 5185; x_wconf 90' lang='lat' dir='ltr'><strong>positus</strong></span> <span class='ocrx_word' id='word_1_764' title='bbox 2432 5121 2488 5169; x_wconf 88' lang='lat' dir='ltr'><strong>et</strong></span> <span class='ocrx_word' id='word_1_765' title='bbox 2515 5111 2637 5169; x_wconf 71' lang='lat' dir='ltr'><strong>cmli</strong></span> <span class='ocrx_word' id='word_1_766' title='bbox 2682 5126 2843 5181; x_wconf 85' lang='lat' dir='ltr'><strong>regna</strong></span> <span class='ocrx_word' id='word_1_767' title='bbox 2885 5112 3140 5182; x_wconf 86' lang='lat' dir='ltr'><strong>largitus;</strong></span> <span class='ocrx_word' id='word_1_768' title='bbox 3172 5110 3241 5164; x_wconf 90' lang='lat' dir='ltr'><strong>ita</strong></span> <span class='ocrx_word' id='word_1_769' title='bbox 3275 5118 3473 5165; x_wconf 73' lang='lat' dir='ltr'><strong>nostra:</strong></span> <span class='ocrx_word' id='word_1_770' title='bbox 3517 5109 3595 5162; x_wconf 90' lang='lat' dir='ltr'><strong>in-</strong></span> 
     </span>
    </p>
   </div>
   <div class='ocr_carea' id='block_1_100' title="bbox 252 5201 3597 5279">
    <p class='ocr_par' dir='ltr' id='par_1_100' title="bbox 252 5201 3597 5279">
     <span class='ocr_line' id='line_1_100' title="bbox 252 5201 3597 5279; baseline -0.002 -18"><span class='ocrx_word' id='word_1_771' title='bbox 252 5204 395 5261; x_wconf 84' lang='lat' dir='ltr'><strong>hoc</strong></span> <span class='ocrx_word' id='word_1_772' title='bbox 430 5212 514 5257; x_wconf 87' lang='lat' dir='ltr'><strong>est</strong></span> <span class='ocrx_word' id='word_1_773' title='bbox 542 5202 702 5256; x_wconf 88' lang='lat' dir='ltr'><strong>Pater</strong></span> <span class='ocrx_word' id='word_1_774' title='bbox 728 5212 782 5257; x_wconf 90' lang='lat' dir='ltr'><strong>et</strong></span> <span class='ocrx_word' id='word_1_775' title='bbox 809 5201 977 5258; x_wconf 84' lang='lat' dir='ltr'><strong>Filius</strong></span> <span class='ocrx_word' id='word_1_776' title='bbox 1012 5213 1066 5258; x_wconf 90' lang='lat' dir='ltr'><strong>et</strong></span> <span class='ocrx_word' id='word_1_777' title='bbox 1097 5204 1329 5271; x_wconf 78' lang='lat' dir='ltr'><strong>Spiritus</strong></span> <span class='ocrx_word' id='word_1_778' title='bbox 1360 5213 1599 5269; x_wconf 89' lang='lat' dir='ltr'><strong>sanctus,</strong></span> <span class='ocrx_word' id='word_1_779' title='bbox 1632 5205 1775 5261; x_wconf 90' lang='lat' dir='ltr'><strong>Deus</strong></span> <span class='ocrx_word' id='word_1_780' title='bbox 1800 5220 1895 5258; x_wconf 88' lang='lat' dir='ltr'><strong>au-</strong></span> <span class='ocrx_word' id='word_1_781' title='bbox 2004 5209 2270 5264; x_wconf 83' lang='lat' dir='ltr'><strong>firmitatis</strong></span> <span class='ocrx_word' id='word_1_782' title='bbox 2304 5207 2592 5277; x_wconf 88' lang='lat' dir='ltr'><strong>particeps,</strong></span> <span class='ocrx_word' id='word_1_783' title='bbox 2640 5214 2699 5262; x_wconf 89' lang='lat' dir='ltr'><strong>ut</strong></span> <span class='ocrx_word' id='word_1_784' title='bbox 2729 5214 2911 5276; x_wconf 90' lang='lat' dir='ltr'><strong>posset</strong></span> <span class='ocrx_word' id='word_1_785' title='bbox 2940 5202 3197 5268; x_wconf 88' lang='lat' dir='ltr'><strong>interimi,</strong></span> <span class='ocrx_word' id='word_1_786' title='bbox 3231 5202 3302 5257; x_wconf 86' lang='lat' dir='ltr'><strong>ita</strong></span> <span class='ocrx_word' id='word_1_787' title='bbox 3348 5201 3597 5279; x_wconf 63' lang='lat' dir='ltr'><strong>ingenitas</strong></span> 
     </span>
    </p>
   </div>
   <div class='ocr_carea' id='block_1_101' title="bbox 253 5292 3598 5374">
    <p class='ocr_par' dir='ltr' id='par_1_101' title="bbox 253 5292 3598 5374">
     <span class='ocr_line' id='line_1_101' title="bbox 253 5292 3598 5374; baseline -0.001 -23"><span class='ocrx_word' id='word_1_788' title='bbox 253 5308 402 5351; x_wconf 80' lang='lat' dir='ltr'><strong>tem</strong></span> <span class='ocrx_word' id='word_1_789' title='bbox 425 5307 564 5347; x_wconf 90' lang='lat' dir='ltr'><strong>unus</strong></span> <span class='ocrx_word' id='word_1_790' title='bbox 590 5293 889 5361; x_wconf 85' lang='lat' dir='ltr'><strong>specialiter</strong></span> <span class='ocrx_word' id='word_1_791' title='bbox 910 5294 1216 5364; x_wconf 81' lang='lat' dir='ltr'><strong>legislatore</strong></span> <span class='ocrx_word' id='word_1_792' title='bbox 1246 5295 1486 5349; x_wconf 86' lang='lat' dir='ltr'><strong>dicente:</strong></span> <span class='ocrx_word' id='word_1_793' title='bbox 1514 5297 1673 5360; x_wconf 59' lang='lat' dir='ltr'><strong>Audi,</strong></span> <span class='ocrx_word' id='word_1_794' title='bbox 1703 5294 1893 5363; x_wconf 88' lang='lat' dir='ltr'><strong>Israel,</strong></span> <span class='ocrx_word' id='word_1_795' title='bbox 2003 5302 2255 5374; x_wconf 77' lang='lat' dir='ltr'><strong>potentiae</strong></span> <span class='ocrx_word' id='word_1_796' title='bbox 2307 5298 2575 5365; x_wconf 89' lang='lat' dir='ltr'><strong>dominus,</strong></span> <span class='ocrx_word' id='word_1_797' title='bbox 2602 5314 2668 5354; x_wconf 89' lang='lat' dir='ltr'><strong>ne</strong></span> <span class='ocrx_word' id='word_1_798' title='bbox 2696 5307 2876 5369; x_wconf 90' lang='lat' dir='ltr'><strong>posset</strong></span> <span class='ocrx_word' id='word_1_799' title='bbox 2910 5305 3081 5352; x_wconf 89' lang='lat' dir='ltr'><strong>morte</strong></span> <span class='ocrx_word' id='word_1_800' title='bbox 3105 5292 3347 5351; x_wconf 87' lang='lat' dir='ltr'><strong>consumi</strong></span> <span class='ocrx_word' id='word_1_801' title='bbox 3373 5311 3386 5347; x_wconf 91' lang='lat'><strong>:</strong></span> <span class='ocrx_word' id='word_1_802' title='bbox 3421 5293 3598 5361; x_wconf 87' lang='lat' dir='ltr'><strong>sepul-</strong></span> 
     </span>
    </p>
   </div>
   <div class='ocr_carea' id='block_1_102' title="bbox 248 5383 1860 5463">
    <p class='ocr_par' dir='ltr' id='par_1_102' title="bbox 248 5383 1860 5459">
     <span class='ocr_line' id='line_1_102' title="bbox 248 5383 1860 5459; baseline 0.001 -17"><span class='ocrx_word' id='word_1_803' title='bbox 248 5386 553 5444; x_wconf 82' lang='lat' dir='ltr'><strong>Dominus</strong></span> <span class='ocrx_word' id='word_1_804' title='bbox 575 5383 713 5439; x_wconf 86' lang='lat' dir='ltr'><strong>Deus</strong></span> <span class='ocrx_word' id='word_1_805' title='bbox 739 5395 876 5449; x_wconf 88' lang='lat' dir='ltr'><strong>tuus,</strong></span> <span class='ocrx_word' id='word_1_806' title='bbox 913 5384 1047 5439; x_wconf 82' lang='lat' dir='ltr'><strong>Deus</strong></span> <span class='ocrx_word' id='word_1_807' title='bbox 1066 5403 1197 5441; x_wconf 86' lang='lat' dir='ltr'><strong>unus</strong></span> <span class='ocrx_word' id='word_1_808' title='bbox 1222 5397 1294 5441; x_wconf 83' lang='lat' dir='ltr'><strong>est</strong></span> <span class='ocrx_word' id='word_1_809' title='bbox 1314 5386 1493 5458; x_wconf 87' lang='lat' dir='ltr'><strong>(Deut.</strong></span> <span class='ocrx_word' id='word_1_810' title='bbox 1519 5386 1613 5459; x_wconf 78' lang='lat' dir='ltr'><strong>Vl),</strong></span> <span class='ocrx_word' id='word_1_811' title='bbox 1630 5389 1717 5457; x_wconf 91' lang='lat' dir='ltr'><strong>qui</strong></span> <span class='ocrx_word' id='word_1_812' title='bbox 1740 5388 1860 5444; x_wconf 83' lang='lat' dir='ltr'><strong>alite</strong></span> 
     </span>
    </p>
   </div>
   <div class='ocr_carea' id='block_1_103' title="bbox 1962 5383 3597 5463">
    <p class='ocr_par' dir='ltr' id='par_1_103' title="bbox 2007 5384 3597 5463">
     <span class='ocr_line' id='line_1_103' title="bbox 2007 5384 3597 5463; baseline -0.006 -14"><span class='ocrx_word' id='word_1_813' title='bbox 2007 5403 2093 5449; x_wconf 92' lang='lat' dir='ltr'><strong>tus</strong></span> <span class='ocrx_word' id='word_1_814' title='bbox 2121 5401 2204 5449; x_wconf 88' lang='lat' dir='ltr'><strong>est</strong></span> <span class='ocrx_word' id='word_1_815' title='bbox 2245 5392 2397 5463; x_wconf 82' lang='lat' dir='ltr'><strong>iuxta</strong></span> <span class='ocrx_word' id='word_1_816' title='bbox 2429 5391 2477 5446; x_wconf 93' lang='lat' dir='ltr'><strong>id</strong></span> <span class='ocrx_word' id='word_1_817' title='bbox 2509 5390 2649 5461; x_wconf 90' lang='lat' dir='ltr'><strong>quod</strong></span> <span class='ocrx_word' id='word_1_818' title='bbox 2693 5390 2853 5445; x_wconf 89' lang='lat' dir='ltr'><strong>homo</strong></span> <span class='ocrx_word' id='word_1_819' title='bbox 2882 5388 3052 5443; x_wconf 89' lang='lat' dir='ltr'><strong>voluit</strong></span> <span class='ocrx_word' id='word_1_820' title='bbox 3080 5384 3248 5451; x_wconf 89' lang='lat' dir='ltr'><strong>nasci,</strong></span> <span class='ocrx_word' id='word_1_821' title='bbox 3271 5393 3327 5440; x_wconf 92' lang='lat' dir='ltr'><strong>et</strong></span> <span class='ocrx_word' id='word_1_822' title='bbox 3364 5384 3515 5453; x_wconf 84' lang='lat' dir='ltr'><strong>iuxta</strong></span> <span class='ocrx_word' id='word_1_823' title='bbox 3546 5384 3597 5440; x_wconf 89' lang='lat' dir='ltr'><strong>id</strong></span> 
     </span>
    </p>
   </div>
   <div class='ocr_carea' id='block_1_104' title="bbox 358 5504 981 5572">
    <p class='ocr_par' dir='ltr' id='par_1_104' title="bbox 358 5504 981 5572">
     <span class='ocr_line' id='line_1_104' title="bbox 358 5504 981 5572; baseline 0.002 -14"><span class='ocrx_word' id='word_1_824' title='bbox 358 5507 458 5572; x_wconf 87' lang='lat' dir='ltr'><strong>(a)</strong></span> <span class='ocrx_word' id='word_1_825' title='bbox 492 5504 634 5559; x_wconf 90' lang='lat' dir='ltr'><strong>Idem</strong></span> <span class='ocrx_word' id='word_1_826' title='bbox 658 5504 805 5568; x_wconf 89' lang='lat' dir='ltr'><strong>cod.,</strong></span> <span class='ocrx_word' id='word_1_827' title='bbox 835 5520 981 5559; x_wconf 70' lang='lat' dir='ltr'><strong>mem.</strong></span> 
     </span>
    </p>
   </div>
   <div class='ocr_carea' id='block_1_105' title="bbox 350 5574 1111 5647">
    <p class='ocr_par' dir='ltr' id='par_1_105' title="bbox 350 5574 1111 5647">
     <span class='ocr_line' id='line_1_105' title="bbox 350 5574 1111 5647; baseline -0.001 -18"><span class='ocrx_word' id='word_1_828' title='bbox 350 5577 456 5647; x_wconf 73' lang='grc' dir='ltr'><strong>(ὁ)</strong></span> <span class='ocrx_word' id='word_1_829' title='bbox 485 5574 633 5647; x_wconf 7' lang='lat' dir='ltr'><strong>(Idem</strong></span> <span class='ocrx_word' id='word_1_830' title='bbox 659 5575 803 5647; x_wconf 80' lang='lat' dir='ltr'><strong>cod.,</strong></span> <span class='ocrx_word' id='word_1_831' title='bbox 833 5576 1111 5647; x_wconf 68' lang='lat' dir='ltr'><strong>sementim.</strong></span> 
     </span>
    </p>
   </div>
   <div class='ocr_carea' id='block_1_106' title="bbox 351 5644 1902 5721">
    <p class='ocr_par' dir='ltr' id='par_1_106' title="bbox 351 5644 1902 5721">
     <span class='ocr_line' id='line_1_106' title="bbox 351 5644 1902 5721; baseline 0.004 -24"><span class='ocrx_word' id='word_1_832' title='bbox 351 5644 451 5721; x_wconf 65' lang='grc' dir='ltr'><strong>(ς)</strong></span> <span class='ocrx_word' id='word_1_833' title='bbox 482 5646 623 5721; x_wconf 59' lang='grc' dir='ltr'>Ιςιειιι</span> <span class='ocrx_word' id='word_1_834' title='bbox 663 5646 809 5721; x_wconf 48' lang='grc' dir='ltr'><strong>θοᾶν</strong></span> <span class='ocrx_word' id='word_1_835' title='bbox 842 5644 962 5721; x_wconf 68' lang='lat' dir='ltr'><strong>Non</strong></span> <span class='ocrx_word' id='word_1_836' title='bbox 987 5664 1123 5721; x_wconf 75' lang='lat' dir='ltr'><strong>epus</strong></span> <span class='ocrx_word' id='word_1_837' title='bbox 1150 5659 1240 5701; x_wconf 83' lang='lat' dir='ltr'><strong>aut</strong></span> <span class='ocrx_word' id='word_1_838' title='bbox 1283 5648 1567 5714; x_wconf 76' lang='lat' dir='ltr'><strong>adjectione</strong></span> <span class='ocrx_word' id='word_1_839' title='bbox 1601 5649 1779 5721; x_wconf 83' lang='lat' dir='ltr'><strong>plebis,</strong></span> <span class='ocrx_word' id='word_1_840' title='bbox 1817 5662 1902 5704; x_wconf 81' lang='lat' dir='ltr'><strong>aut</strong></span> 
     </span>
    </p>
   </div>
   <div class='ocr_carea' id='block_1_107' title="bbox 248 5717 1206 5788">
    <p class='ocr_par' dir='ltr' id='par_1_107' title="bbox 248 5717 1206 5788">
     <span class='ocr_line' id='line_1_107' title="bbox 248 5717 1206 5788; baseline 0 -15"><span class='ocrx_word' id='word_1_841' title='bbox 248 5717 629 5786; x_wconf 60' lang='lat' dir='ltr'><strong>institutione</strong></span> <span class='ocrx_word' id='word_1_842' title='bbox 658 5717 918 5788; x_wconf 63' lang='lat' dir='ltr'><strong>perfectis,</strong></span> <span class='ocrx_word' id='word_1_843' title='bbox 946 5718 1065 5783; x_wconf 87' lang='lat' dir='ltr'><strong>nisi,</strong></span> <span class='ocrx_word' id='word_1_844' title='bbox 1100 5729 1206 5774; x_wconf 86' lang='lat' dir='ltr'><strong>etc.</strong></span> 
     </span>
    </p>
   </div>
   <div class='ocr_carea' id='block_1_108' title="bbox 308 5788 1903 5864">
    <p class='ocr_par' dir='ltr' id='par_1_108' title="bbox 308 5788 1903 5864">
     <span class='ocr_line' id='line_1_108' title="bbox 308 5788 1903 5864; baseline 0.001 -20"><span class='ocrx_word' id='word_1_845' title='bbox 308 5792 470 5864; x_wconf 75' lang='lat' dir='ltr'><strong>,(d)</strong></span> <span class='ocrx_word' id='word_1_846' title='bbox 503 5788 567 5864; x_wconf 87' lang='lat' dir='ltr'><strong>ln_</strong></span> <span class='ocrx_word' id='word_1_847' title='bbox 605 5788 795 5864; x_wconf 84' lang='lat' dir='ltr'><strong>eodem</strong></span> <span class='ocrx_word' id='word_1_848' title='bbox 831 5788 965 5864; x_wconf 60' lang='lat' dir='ltr'><strong>cod.</strong></span> <span class='ocrx_word' id='word_1_849' title='bbox 1031 5790 1355 5864; x_wconf 84' lang='lat' dir='ltr'><strong>primigenia</strong></span> <span class='ocrx_word' id='word_1_850' title='bbox 1395 5807 1587 5846; x_wconf 88' lang='lat' dir='ltr'><strong>manus</strong></span> <span class='ocrx_word' id='word_1_851' title='bbox 1644 5793 1715 5848; x_wconf 81' lang='lat' dir='ltr'><strong>ita</strong></span> <span class='ocrx_word' id='word_1_852' title='bbox 1762 5793 1903 5864; x_wconf 86' lang='lat' dir='ltr'><strong>hunc</strong></span> 
     </span>
    </p>
   </div>
   <div class='ocr_carea' id='block_1_109' title="bbox 250 5857 1904 5933">
    <p class='ocr_par' dir='ltr' id='par_1_109' title="bbox 250 5857 1904 5933">
     <span class='ocr_line' id='line_1_109' title="bbox 250 5857 1904 5933; baseline -0.001 -16"><span class='ocrx_word' id='word_1_853' title='bbox 250 5857 517 5933; x_wconf 61' lang='grc' dir='ltr'>ιειίιιιηι</span> <span class='ocrx_word' id='word_1_854' title='bbox 546 5861 783 5933; x_wconf 82' lang='lat' dir='ltr'><strong>ferebat:</strong></span> <span class='ocrx_word' id='word_1_855' title='bbox 818 5857 1017 5914; x_wconf 82' lang='lat' dir='ltr'><strong>Notum</strong></span> <span class='ocrx_word' id='word_1_856' title='bbox 1040 5857 1357 5933; x_wconf 43' lang='lat' dir='ltr'><strong>etiamquod</strong></span> <span class='ocrx_word' id='word_1_857' title='bbox 1384 5863 1449 5916; x_wconf 57' lang='lat' dir='ltr'><strong>sit</strong></span> <span class='ocrx_word' id='word_1_858' title='bbox 1474 5880 1565 5932; x_wconf 81' lang='lat' dir='ltr'><strong>pro</strong></span> <span class='ocrx_word' id='word_1_859' title='bbox 1582 5864 1749 5929; x_wconf 81' lang='lat' dir='ltr'><strong>prium</strong></span> <span class='ocrx_word' id='word_1_860' title='bbox 1782 5863 1904 5930; x_wconf 80' lang='lat' dir='ltr'><strong>Spi-</strong></span> 
     </span>
    </p>
   </div>
   <div class='ocr_carea' id='block_1_110' title="bbox 252 5930 1902 6003">
    <p class='ocr_par' dir='ltr' id='par_1_110' title="bbox 252 5930 1902 6003">
     <span class='ocr_line' id='line_1_110' title="bbox 252 5930 1902 6003; baseline -0.003 -11"><span class='ocrx_word' id='word_1_861' title='bbox 252 5947 441 6002; x_wconf 73' lang='lat' dir='ltr'><strong>ritus</strong></span> <span class='ocrx_word' id='word_1_862' title='bbox 483 5932 538 5987; x_wconf 86' lang='lat' dir='ltr'><strong>S.</strong></span> <span class='ocrx_word' id='word_1_863' title='bbox 585 5930 851 6003; x_wconf 84' lang='lat' dir='ltr'><strong>proprium</strong></span> <span class='ocrx_word' id='word_1_864' title='bbox 876 5938 1044 5987; x_wconf 85' lang='lat' dir='ltr'><strong>autem</strong></span> <span class='ocrx_word' id='word_1_865' title='bbox 1074 5930 1201 5987; x_wconf 79' lang='lat' dir='ltr'><strong>Filii</strong></span> <span class='ocrx_word' id='word_1_866' title='bbox 1235 5930 1327 5988; x_wconf 85' lang='lat' dir='ltr'><strong>Dei</strong></span> <span class='ocrx_word' id='word_1_867' title='bbox 1367 5944 1417 5988; x_wconf 87' lang='lat' dir='ltr'><strong>nt</strong></span> <span class='ocrx_word' id='word_1_868' title='bbox 1456 5930 1618 6003; x_wconf 71' lang='lat' dir='ltr'><strong>juxta</strong></span> <span class='ocrx_word' id='word_1_869' title='bbox 1650 5936 1725 6000; x_wconf 82' lang='lat' dir='ltr'><strong>id,</strong></span> <span class='ocrx_word' id='word_1_870' title='bbox 1759 5942 1902 6000; x_wconf 86' lang='lat' dir='ltr'><strong>etc.;</strong></span> 
     </span>
    </p>
   </div>
   <div class='ocr_carea' id='block_1_111' title="bbox 2009 5500 3593 5583">
    <p class='ocr_par' dir='ltr' id='par_1_111' title="bbox 2009 5500 3593 5583">
     <span class='ocr_line' id='line_1_111' title="bbox 2009 5500 3593 5583; baseline -0.006 -18"><span class='ocrx_word' id='word_1_871' title='bbox 2009 5525 2167 5583; x_wconf 91' lang='lat' dir='ltr'><strong>quam</strong></span> <span class='ocrx_word' id='word_1_872' title='bbox 2190 5507 2486 5583; x_wconf 8' lang='lat' dir='ltr'><strong>(lectionem</strong></span> <span class='ocrx_word' id='word_1_873' title='bbox 2520 5506 2596 5583; x_wconf 80' lang='lat' dir='ltr'><strong>ita</strong></span> <span class='ocrx_word' id='word_1_874' title='bbox 2621 5505 2881 5583; x_wconf 78' lang='lat' dir='ltr'><strong>reformat</strong></span> <span class='ocrx_word' id='word_1_875' title='bbox 2910 5518 3107 5583; x_wconf 71' lang='lat' dir='ltr'><strong>manus</strong></span> <span class='ocrx_word' id='word_1_876' title='bbox 3141 5500 3367 5583; x_wconf 71' lang='lat' dir='ltr'><strong>antiqua</strong></span> <span class='ocrx_word' id='word_1_877' title='bbox 3386 5510 3441 5583; x_wconf 78' lang='lat' dir='ltr'><strong>et</strong></span> <span class='ocrx_word' id='word_1_878' title='bbox 3480 5500 3593 5583; x_wconf 73' lang='lat' dir='ltr'><strong>fere</strong></span> 
     </span>
    </p>
   </div>
   <div class='ocr_carea' id='block_1_112' title="bbox 2011 5570 3594 5652">
    <p class='ocr_par' dir='ltr' id='par_1_112' title="bbox 2011 5570 3594 5652">
     <span class='ocr_line' id='line_1_112' title="bbox 2011 5570 3594 5652; baseline -0.006 -15"><span class='ocrx_word' id='word_1_879' title='bbox 2011 5570 2269 5652; x_wconf 60' lang='lat' dir='ltr'><strong>aequalis:</strong></span> <span class='ocrx_word' id='word_1_880' title='bbox 2307 5588 2485 5652; x_wconf 63' lang='lat' dir='ltr'><strong>notum</strong></span> <span class='ocrx_word' id='word_1_881' title='bbox 2520 5579 2681 5652; x_wconf 62' lang='lat' dir='ltr'><strong>etiam</strong></span> <span class='ocrx_word' id='word_1_882' title='bbox 2707 5576 2842 5652; x_wconf 78' lang='lat' dir='ltr'><strong>quod</strong></span> <span class='ocrx_word' id='word_1_883' title='bbox 2872 5573 2940 5627; x_wconf 86' lang='lat' dir='ltr'><strong>sit</strong></span> <span class='ocrx_word' id='word_1_884' title='bbox 2979 5573 3244 5652; x_wconf 66' lang='lat' dir='ltr'><strong>promittat</strong></span> <span class='ocrx_word' id='word_1_885' title='bbox 3271 5570 3594 5652; x_wconf 59' lang='lat' dir='ltr'><strong>Spiritus_.$.</strong></span> 
     </span>
    </p>
   </div>
   <div class='ocr_carea' id='block_1_113' title="bbox 2010 5642 3602 5716">
    <p class='ocr_par' dir='ltr' id='par_1_113' title="bbox 2010 5642 3602 5716">
     <span class='ocr_line' id='line_1_113' title="bbox 2010 5642 3602 5716; baseline -0.008 -9"><span class='ocrx_word' id='word_1_886' title='bbox 2010 5642 2149 5707; x_wconf 61' lang='lat' dir='ltr'><strong>ut&#39;de</strong></span> <span class='ocrx_word' id='word_1_887' title='bbox 2185 5652 2339 5704; x_wconf 85' lang='lat' dir='ltr'><strong>Patre</strong></span> <span class='ocrx_word' id='word_1_888' title='bbox 2369 5659 2413 5704; x_wconf 84' lang='lat' dir='ltr'><strong>ct</strong></span> <span class='ocrx_word' id='word_1_889' title='bbox 2440 5647 2579 5703; x_wconf 80' lang='lat' dir='ltr'><strong>Filio</strong></span> <span class='ocrx_word' id='word_1_890' title='bbox 2606 5642 2899 5716; x_wconf 76' lang='lat' dir='ltr'><strong>procederet</strong></span> <span class='ocrx_word' id='word_1_891' title='bbox 2919 5644 3011 5697; x_wconf 87' lang='lat' dir='ltr'><strong>sub</strong></span> <span class='ocrx_word' id='word_1_892' title='bbox 3040 5642 3143 5699; x_wconf 82' lang='lat' dir='ltr'><strong>una</strong></span> <span class='ocrx_word' id='word_1_893' title='bbox 3163 5642 3447 5701; x_wconf 86' lang='lat' dir='ltr'><strong>substantia</strong></span> <span class='ocrx_word' id='word_1_894' title='bbox 3481 5644 3602 5700; x_wconf 60' lang='lat' dir='ltr'><strong>Dei.</strong></span> 
     </span>
    </p>
   </div>
   <div class='ocr_carea' id='block_1_114' title="bbox 2012 5715 2986 5791">
    <p class='ocr_par' dir='ltr' id='par_1_114' title="bbox 2012 5715 2986 5791">
     <span class='ocr_line' id='line_1_114' title="bbox 2012 5715 2986 5791; baseline -0.009 -13"><span class='ocrx_word' id='word_1_895' title='bbox 2012 5725 2149 5778; x_wconf 85' lang='lat' dir='ltr'><strong>tatis.</strong></span> <span class='ocrx_word' id='word_1_896' title='bbox 2184 5722 2458 5791; x_wconf 86' lang='lat' dir='ltr'><strong>Proprium</strong></span> <span class='ocrx_word' id='word_1_897' title='bbox 2477 5733 2678 5791; x_wconf 65' lang='lat' dir='ltr'><strong>quoque</strong></span> <span class='ocrx_word' id='word_1_898' title='bbox 2700 5715 2848 5782; x_wconf 82' lang='lat' dir='ltr'><strong>Filii,</strong></span> <span class='ocrx_word' id='word_1_899' title='bbox 2881 5724 2986 5770; x_wconf 89' lang='lat' dir='ltr'><strong>etc.</strong></span> 
     </span>
    </p>
   </div>
   <div class='ocr_carea' id='block_1_115' title="bbox 2084 5787 2811 5859">
    <p class='ocr_par' dir='ltr' id='par_1_115' title="bbox 2084 5787 2811 5859">
     <span class='ocr_line' id='line_1_115' title="bbox 2084 5787 2811 5859; baseline -0.012 -12"><span class='ocrx_word' id='word_1_900' title='bbox 2084 5794 2153 5859; x_wconf 87' lang='lat' dir='ltr'><strong>(e)</strong></span> <span class='ocrx_word' id='word_1_901' title='bbox 2188 5787 2328 5847; x_wconf 82' lang='lat' dir='ltr'><strong>Ideni</strong></span> <span class='ocrx_word' id='word_1_902' title='bbox 2352 5787 2499 5855; x_wconf 79' lang='lat' dir='ltr'><strong>cod.,</strong></span> <span class='ocrx_word' id='word_1_903' title='bbox 2532 5787 2811 5842; x_wconf 79' lang='lat' dir='ltr'><strong>nuntiatus.</strong></span> 
     </span>
    </p>
   </div>
   <div class='ocr_carea' id='block_1_116' title="bbox 2086 5859 2707 5936">
    <p class='ocr_par' dir='ltr' id='par_1_116' title="bbox 2086 5859 2707 5936">
     <span class='ocr_line' id='line_1_116' title="bbox 2086 5859 2707 5936; baseline -0.013 -13"><span class='ocrx_word' id='word_1_904' title='bbox 2086 5867 2156 5936; x_wconf 66' lang='grc' dir='ltr'><strong>(Γ)</strong></span> <span class='ocrx_word' id='word_1_905' title='bbox 2186 5864 2326 5919; x_wconf 87' lang='lat' dir='ltr'><strong>ldetn</strong></span> <span class='ocrx_word' id='word_1_906' title='bbox 2358 5861 2475 5918; x_wconf 89' lang='lat' dir='ltr'><strong>cod.</strong></span> <span class='ocrx_word' id='word_1_907' title='bbox 2506 5906 2518 5931; x_wconf 90' lang='lat'><strong>,</strong></span> <span class='ocrx_word' id='word_1_908' title='bbox 2555 5859 2707 5915; x_wconf 81' lang='lat' dir='ltr'><strong>idem.</strong></span> 
     </span>
    </p>
   </div>
  </div>
