3998 6368
460 373 566 430 515

1783 344 2158 411 11081115υῶ
2195 340 2401 399 PAPIE

3635 333 3731 390 816

458 487 600 561 quod
630 485 774 542 Patri
791 488 910 540 erat
938 477 1131 538 similis
1151 473 1468 542 resurrexit,
1493 472 1702 544 patiens
1731 470 2033 535 vulnerum,
2061 464 2119 529 Δ
2139 467 2196 561 ei
2845 491 2886 561 1
2911 445 3728 561 Αἴξ-Α

459 590 514 637 et
535 580 771 635 salvator
787 588 1079 645 agrorum,
1098 585 1235 626 unus
1257 568 1654 630 dehinctorum,
1677 573 1732 620 et
1749 563 2050 621 viviﬁeator

458 670 800 733 obeuntiu;
821 666 891 722 ad
913 665 1124 720 inferna
1145 660 1478 718 descendens
1502 668 1554 713 et
1579 673 1609 713 a
1640 657 1816 712 Patris
1839 656 2046 722 gremio

457 776 565 816 non
600 758 896 814 recedens:
930 752 1074 810 unde
1101 752 1434 817 etanimam,
1461 764 1622 819 quam
1649 763 1748 819 pro
1771 747 2045 803 communi

455 850 764 907 conditione
806 847 1007 918 posuit,
1033 860 1131 914 pro
1151 843 1404 914 singulari
1427 842 1623 897 virtute
1652 848 1708 895 et
1743 837 2046 894 admirabili

457 944 531 1014 (ο)
559 943 815 1014 patientia
847 957 972 996 ex
995 937 1304 1006 resumpsit.
1337 936 1461 992 Haec
1492 937 1561 989 ita
1587 947 1731 999 esse,
1763 947 1862 987 nec
1883 932 2046 985 ullam

455 1035 844 1090 dubitationem
873 1043 1128 1102 oportere
1174 1029 1437 1098 recipere,
1466 1025 1541 1098 (ὁ)
1593 1025 1734 1079 idem
1784 1022 2046 1078 Dominus

455 1133 637 1179 noster
675 1122 833 1177 Jesus
870 1119 1121 1175 Christus
1171 1133 1241 1174 ne
1293 1118 1436 1172 inter
1475 1114 1718 1185 corporis
1767 1112 2046 1183 passiones

455 1216 597 1272 Deus
618 1231 726 1270 non
747 1229 867 1270 esse
887 1213 1216 1277 crederetur,
1238 1220 1332 1265 aut
1349 1226 1418 1267 ne
1443 1210 1584 1264 Deus
1607 1217 1837 1272 talum,
1863 1215 1919 1261 et
1940 1220 2047 1260 non

456 1306 620 1361 homo
675 1307 816 1360 inter
857 1319 1022 1374 opera
1079 1302 1402 1358 mirabilium
1449 1300 1714 1370 stupenda
1763 1300 2045 1363 virtutum,

456 1398 731 1469 proposito
753 1411 853 1452 nos
878 1396 1109 1451 duorum
1129 1393 1494 1464 apostolorum
1529 1390 1840 1445 informavit
1859 1403 2047 1444 exem-

458 1493 566 1564 plo,
601 1492 769 1546 Deum
801 1504 924 1546 esse
964 1487 1240 1544 Christum
1283 1486 1566 1540 Dominum
1613 1489 1856 1537 nostrum
1903 1479 2048 1535 Petri

459 1584 600 1648 ﬁde;
635 1581 906 1637 hominem
937 1579 1161 1634 Thema
1204 1577 1536 1632 dubitatione
1563 1573 1863 1630 declarans.
1908 1571 2049 1639 Quid

459 1674 600 1730 enim
633 1675 907 1733 intererat,
944 1679 1001 1725 ut
1024 1683 1183 1738 quem
1206 1682 1267 1722 se
1297 1668 1542 1722 homines
1581 1665 1846 1730 dicerent,
1875 1662 2045 1717 disci-

378 1776 393 1802 τ
460 1764 612 1834 pulos
635 1777 764 1816 suos
793 1761 955 1816 vellet
993 1760 1289 1828 inquirere,
1325 1757 1426 1811 nisi
1452 1766 1513 1810 ut
1539 1757 1904 1826 respondente
1947 1752 2050 1808 Pe-

2150 557 2204 604 et
2230 547 2303 601 ita
2343 547 2543 600 intrare
2569 543 2626 598 in
2664 542 2892 614 gloriam
2932 556 3108 606 suam,
3161 540 3544 610 interpretatus
3589 539 3730 595 Scri-

2147 652 2330 711 pturas
2359 637 2615 704 ostendit,
2647 645 2707 692 et
2742 650 2837 705 per
2883 637 3189 706 passionem
3237 633 3526 687 humanam
3571 642 3726 688 natu-

2147 747 2284 800 ram,
2316 743 2372 786 et
2415 729 2652 785 divinam
2684 728 2736 782 in
2775 741 2843 781 eo
2885 740 3012 781 esse
3061 739 3158 794 per
3200 723 3450 794 gloriam,
3485 720 3562 804 (d)
3594 723 3728 778 mul-

2148 822 2403 893 tipliciter
2445 822 2563 876 haec
2613 829 2921 876 sanctarum
2960 818 3360 886 Scripturarum
3421 814 3733 872 testiﬁcatus

2147 916 2444 985 exemplis?
2479 916 2603 969 Ha’c
2637 913 2778 983 apud
2817 911 3123 980 religiosam
3151 907 3539 964 conscientiam
3565 919 3730 977 tuam,

2153 1013 2480 1070 venerabilis
2508 1013 2820 1080 imperator,
2845 1017 3096 1077 tanquam
3134 1007 3314 1074 ignota
3341 1003 3616 1058 dicuntur.
3646 1003 3734 1059 Fi-

2154 1108 2250 1164 des
2279 1109 2426 1162 enim
2466 1107 2605 1176 ipsa,
2651 1119 2775 1174 qua
2819 1118 2849 1156 a
2893 1111 2944 1156 te
2974 1106 3287 1154 constanter
3319 1096 3604 1161 asseritur,
3644 1094 3735 1153 tibi

2155 1201 2330 1258 reddit
2358 1201 2460 1255 hoc
2490 1199 2750 1264 muneris,
2785 1207 2846 1251 ut
2867 1194 3117 1250 sensibus
3143 1192 3250 1247 tuis
3275 1200 3334 1246 et
3372 1189 3621 1246 aﬁ‘ectum
3658 1189 3737 1246 sui

2151 1291 2234 1360 (ε)
2262 1293 2504 1355 miserat,
2528 1298 2584 1342 et
2613 1287 2915 1353 scientiam,
2957 1301 3052 1353 per
3076 1299 3236 1355 quam
3269 1283 3575 1352 dilige-tius
3592 1297 3737 1339 asse-

2151 1390 2323 1448 ratur,
2367 1379 2634 1435 infundat.
2686 1379 2752 1432 Et
2799 1387 3005 1432 tantum
3058 1377 3282 1432 interest
3324 1373 3740 1443 dispensationi

2153 1471 2284 1526 mihi
2311 1471 2551 1534 credita,
2586 1479 2642 1523 ut
2671 1484 2770 1538 ego
2807 1481 3020 1537 quoque
3048 1466 3133 1520 vel
3173 1464 3311 1533 apud
3351 1464 3583 1519 scientes
3615 1473 3738 1521 nota

2152 1579 2256 1619 non
2289 1573 2530 1629 taceam;
2563 1574 2621 1617 ut
2649 1561 2974 1617 succedente
3004 1559 3106 1614 sibi
3140 1564 3236 1627 per
3263 1558 3407 1612 vices
3436 1567 3738 1623 temporum

2151 1654 2535 1711 catholicorum
2569 1652 2952 1722 pnedicatione
2981 1665 3235 1707 sensuum
3255 1648 3403 1719 quod
3431 1647 3742 1704 indeﬁcieu-

2154 1751 2236 1799 ter
2262 1745 2521 1799 asset-itur
2549 1744 2670 1798 sine
2706 1741 3113 1797 ﬁdecredatur.
3159 1739 3346 1796 Latius
3376 1740 3494 1793 huic
3520 1753 3643 1807 quae
3675 1737 3742 1796 ad

461 1831 544 1911 ιω
563 1873 575 1908 ε
594 1854 670 1908 Tu
691 1871 743 1908 es
765 1853 998 1908 caram
1028 1851 1197 1906 rum
1216 1851 1311 1906 Dei
1338 1851 1436 1904 vivi
1457 1849 1672 1922 (Μαιιιι.
1699 1849 1833 1912 ιη),
1861 1859 2046 1904 notum

2162 1835 2408 1892 deitatem
2437 1836 2929 1905 humanitatemque
2950 1834 3160 1890 Domini
3192 1833 3362 1888 nostri
3389 1832 3516 1890 Iesu
3543 1831 3743 1888 Christi

461 1944 662 1999 faceret
691 1944 793 1997 hoc
821 1958 928 1996 non
957 1940 1025 1996 de
1045 1956 1213 1996 carne
1245 1952 1300 1996 et
1337 1941 1603 2010 sanguine
1629 1939 1926 2009 proditum,
1956 1938 2052 1994 sed

461 2050 492 2091 a
519 2035 676 2090 Patre
715 2034 826 2088 Deo
871 2032 1170 2102 inspirante
1215 2031 1542 2094 revelatum,
1583 2038 1639 2084 et
1671 2043 1766 2099 per
1810 2028 2054 2083 testimo-

464 2127 613 2180 nium
645 2125 874 2180 landataa
902 2121 1278 2193 responsionis
1310 2122 1442 2176 ﬁdes
1473 2120 1751 2190 patefactae
1781 2121 1935 2176 ﬁeret
1963 2134 2056 2177 ve-

463 2216 672 2272 ritatis?
703 2215 844 2281 Quid
875 2214 1162 2279 intererat,
1198 2220 1256 2267 ut
1293 2221 1598 2281 apparente.
1628 2222 1752 2282 post
1801 2226 2048 2268 resurre-

473 2307 708 2363 ctione
728 2307 978 2371 Domtno,
1006 2305 1241 2361 Thomas
1273 2315 1448 2359 tamen
1487 2316 1578 2358 aut
1600 2303 1817 2358 deesset
1845 2303 2054 2360 caeteris

463 2411 554 2454 aut
581 2402 728 2455 solus
751 2400 1072 2470 ambigeret,
1107 2398 1217 2452 nisi
1247 2406 1306 2451 ut
1344 2397 1575 2451 mundus
1605 2396 1881 2461 crederet,
1914 2395 2055 2464 quod

464 2493 740 2562 ambigens
761 2492 1058 2560 discipulus
1073 2490 1385 2560 exploraret
1413 2489 1820 2560 (explorasset),
1850 2496 1906 2542 ut
1925 2489 2054 2543 dum

464 2584 625 2639 unius
663 2583 916 2637 manibus
943 2596 1004 2636 se
1034 2591 1313 2651 pateretur
1353 2580 1522 2650 tangi,
1552 2579 1616 2634 ad
1649 2579 2055 2635 universitatem

467 2675 558 2744 (ab
582 2672 960 2744 universitate)
991 2671 1226 2727 ﬁdelium
1255 2671 1384 2742 quid
1413 2678 1578 2736 esset,
1623 2671 1797 2741 possit
1826 2669 2052 2744 (posset)

473 2766 734 2836 agnosci?
763 2764 877 2819 Non
908 2779 1037 2834 ergo
1067 2764 1134 2819 ad
1167 2762 1242 2833 (ο)
1275 2762 1688 2831 improbandutn
1731 2763 2052 2831 discipulum

466 2859 786 2928 interposita
813 2866 892 2911 est
921 2856 1204 2919 dubitatio,
1229 2856 1324 2910 sed
1352 2856 1575 2926 quaesita
1613 2856 1942 2925 posteritatis
1972 2857 2054 2910 in-

465 2952 710 3007 structio.
755 2951 915 3005 Anne
961 2949 1027 3003 ad
1073 2948 1218 3004 aliud
1262 2956 1469 3019 spectat
1511 2949 1676 3020 (aliud
1725 2950 2048 3019 etSpectat),

465 3040 610 3111 quod
635 3057 698 3097 se
729 3041 872 3097 idem
902 3039 1162 3095 Dominus
1191 3040 1446 3110 Cleophze
1476 3055 1597 3094 cum
1631 3040 1736 3095 alio
1763 3039 2053 3111 discipulo,

465 3148 586 3188 eum
611 3133 678 3189 ad
709 3133 961 3188 Emmaus
988 3131 1278 3188 tendentes
1317 3131 1384 3186 de
1415 3146 1474 3186 se
1508 3131 1882 3201 loquerentur,
1914 3134 2056 3188 inse-

469 3229 610 3293 ruit;
636 3238 690 3285 et
712 3243 1016 3300 quanquam
1048 3229 1116 3285 de
1149 3227 1541 3284 resurrectione
1571 3227 1782 3282 Domini
1811 3241 1904 3296 per
1935 3242 2054 3283 mu-
2085 3235 2134 3305 ο

468 3321 647 3386 lieres,
693 3333 814 3390 qua:
867 3320 1052 3391 prima
1100 3320 1172 3374 ad
1228 3331 1633 3375 monumentum
1675 3330 2057 3386 convenerant,

468 3412 846 3483 agnovissent;
880 3420 1055 3466 tamen
1079 3422 1137 3466 ut
1161 3425 1258 3482 per
1283 3425 1469 3467 eorum
1493 3409 1882 3466 dubitationem
1906 3411 2061 3466 daret

469 3505 717 3562 credendi
740 3505 931 3561 futuris
952 3505 1164 3561 saeculis
1186 3505 1512 3570 ﬁrmitatem,
1531 3503 1799 3574 incipiens
1825 3518 1854 3557 a
1878 3503 2061 3575 Moyse

933 3604 950 3621 '
983 3595 1315 3653 EPISTULA
1356 3597 1572 3652 LXXX.

883 3704 1160 3744 HOBIIISDE
1191 3705 1259 3743 AD
1288 3705 1627 3744 EPIPHANIUM.

469 3780 583 3854 Ipsi
605 3783 844 3836 vicariam
870 3783 1003 3836 sedis
1020 3782 1319 3854 apostolica:
1340 3784 1700 3854 prwfeclurant
1722 3784 1776 3836 in
1800 3784 2056 3854 recipien-

1001 3877 1079 3929 dis
1104 3877 1262 3946 lapsis
1286 3876 1507 3947 delegat.

535 3966 818 4023 Hormlsda
889 3966 1186 4036 Epiphanio
1248 3968 1502 4039 episcopo
1563 3967 2056 4040 Constantinopoli-

467 4071 612 4118 tano.
1266 4045 1274 4053 ’

541 4155 711 4210 Multo
752 4151 945 4223 gaudio
985 4165 1103 4207 sum
1147 4151 1410 4222 repletus,
1442 4153 1587 4223 quod
1616 4155 1759 4210 circa
1803 4155 2058 4211 Ecclesia

468 4260 683 4318 pacem,
709 4253 761 4300 et
787 4244 1108 4300 sanctissimi
1136 4243 1496 4315 imperatoris,
1526 4254 1581 4300 et
1610 4246 1910 4301 dilectionis
1954 4256 2058 4303 tuae

469 4338 573 4392 tale
595 4337 862 4405 studium,
893 4338 1049 4408 quale
1081 4336 1274 4393 litteris
1303 4337 1576 4405 indicasti,
1609 4339 1902 4409 legatorum
1929 4357 2060 4410 quo-

2157 1923 2448 1994 pertinent,
2479 1934 2534 1981 et
2561 1926 2614 1982 in
2638 1940 2702 1981 eo
2733 1927 2908 1980 unitas
2936 1925 3068 1979 duas
3095 1925 3215 1979 sine
3244 1923 3562 1979 confusione
3591 1931 3746 1979 natu-

2155 2026 2244 2066 ras
2291 2015 2441 2083 potui
2494 2014 2795 2071 secundum
2832 2027 3074 2071 veterum
3116 2015 3334 2070 deﬁnita
3380 2014 3676 2081 disserere,
3701 2015 3747 2073 ai

2155 2112 2303 2160 esset
2329 2104 2612 2162 adversum
2637 2120 2732 2162 eos
2753 2107 2843 2176 qui
2868 2106 2953 2162 bis
2974 2107 3301 2162 dissentiunt
3319 2106 3703 2175 disputandum
3725 2122 3747 2170 ;

2158 2197 2250 2252 sed
2283 2213 2403 2252 cum
2434 2197 2488 2252 in
2513 2198 2762 2252 manibus
2782 2197 3021 2252 omnium
3044 2198 3154 2252 sint
3181 2208 3238 2252 et
3265 2197 3520 2269 synodica
3541 2199 3749 2255 consti-

2156 2301 2264 2348 tuta
2295 2302 2351 2350 et
2382 2294 2517 2349 beati
2543 2307 2695 2364 papae
2721 2293 2914 2348 Leonis
2938 2293 3208 2361 dogmata,
3237 2292 3623 2362 perstrinxisse
3651 2307 3743 2364 po—

2158 2386 2262 2441 tius
2287 2402 2457 2457 pauca
2487 2403 2646 2458 quam
2676 2388 2927 2442 evolvere
2955 2386 3158 2442 credidi
3182 2388 3590 2444 conveniendus
3625 2388 3744 2445 uni-

2155 2495 2327 2538 versa.
2359 2481 2510 2538 Nunc
2537 2497 2665 2538 vero
2694 2496 2987 2551 agnoscere
3025 2487 3154 2536 satis
3180 2491 3283 2548 est,
3315 2490 3369 2536 ct
3395 2496 3594 2538 cavere
3619 2497 3747 2553 pro-

2161 2572 2467 2641 prietatem,
2499 2582 2554 2629 et
2581 2575 2868 2628 essentiam
2899 2573 3261 2644 cogitandam,
3287 2583 3348 2628 ut
3385 2575 3590 2629 sciatur
3619 2573 3754 2645 quid

2159 2683 2426 2739 personae,
2456 2668 2584 2738 quid
2614 2683 2710 2722 nos
2740 2676 2984 2737 Oporteat
3017 2669 3229 2724 deferre
3258 2670 3573 2725 substantia
3597 2686 3612 2723 :
3635 2683 3756 2740 qua

2159 2760 2248 2828 qui
2282 2758 2595 2814 indecenter
2617 2757 2967 2830 (indigenter)
3003 2759 3270 2827 ignorant,
3297 2768 3394 2814 aut
3417 2760 3617 2814 callida
3651 2760 3756 2816 im-

2160 2852 2354 2921 pietate
2381 2851 2750 2916 dissimulant;
2786 2850 2911 2906 dum
2940 2852 3196 2906 omittunt
3218 2851 3346 2921 quid
3372 2851 3442 2906 sit
3468 2851 3756 2921 proprium

2161 2942 2273 3005 ﬁlii,
2300 2943 2455 2996 trime
2480 2943 2573 3014 (αι.
2609 2944 2658 2997 in
2693 2942 2977 2998 Trinitate.
3038 2941 3234 3010 Huc.)
3265 2941 3490 2997 tendunt
3530 2940 3761 2997 insidias

2161 3031 2350 3086 unitati
2384 3031 2719 3104 (divinitati).
2750 3031 2856 3087 Sed
2895 3032 2938 3085 si
2963 3047 3082 3102 qua:
3111 3031 3365 3101 prmdicu
3393 3041 3544 3097 sunt,
3570 3030 3760 3087 validis

2167 3132 2450 3176 teneantur
2471 3121 2573 3176 ﬁxa
2605 3121 2896 3188 radicibus,
2923 3131 3024 3176 nec
3046 3136 3076 3175 a
3106 3131 3324 3190 paterna
3355 3121 3652 3177 traditione
3679 3134 3764 3178 re-

2163 3214 2392 3279 ceditur,
2434 3223 2488 3269 et
2530 3223 2843 3269 constanter
2881 3213 3269 3285 quaestionibus
3306 3214 3579 3270 obviatur.
3636 3215 3764 3271 Data

2171 3307 2241 3380 (Γ)
2274 3323 2344 3361 vlt
2369 3306 2619 3362 calendas
2649 3307 2870 3375 Aprilis,
2908 3306 3120 3362 Valerio
3149 3307 3266 3362 viro
3297 3305 3604 3365 clarissimo
3633 3322 3765 3364 cou-

2164 3402 2280 3454 sule
2313 3401 2478 3470 (anno
2504 3399 2714 3454 Domini
2743 3397 2894 3471 521).

2751 3628 3046 3675 ΕΠΙΣΤΟΔΗ
3084 3621 3152 3675 η’.

2552 3710 2827 3783 Ὀρμίσδον
2865 3714 2996 3786 πρὸς
3033 3715 3306 3787 Ἐπιγάνιον

2234 3800 2516 3875 Ὀρμίσδας
2540 3800 2813 3876 Ἐπιφανίῳ
2849 3805 3115 3876 ἐπισκόπῳ
3149 3808 3774 3868 Κωνστπαντινονπόλεως.

2235 3895 2413 3953 Πολλῆς
2437 3894 2688 3953 ἐπλήσθην
2715 3902 2893 3970 χαρᾶς
2923 3938 2936 3958 ,
2967 3894 3046 3951 ὅτι
3069 3901 3190 3967 περὶ
3227 3905 3320 3958 τήν
3345 3901 3548 3972 εἰρήνην
3574 3910 3674 3961 τῆς
3699 3904 3780 3955 itt-

2163 3985 2399 4049 κλησίας,
2429 3989 2514 4039 καὶ
2538 3992 2628 4042 τοῦ
2671 3986 2954 4057 ἁγιωτάτου
2977 3989 3262 4058 βασιλέως,
3289 3994 3372 4044 καί
3395 3998 3487 4051 τῆς
3511 4001 3619 4052 σῆς

2165 4098 2267 4138 πης
2293 4079 2499 4133 τοιαύτη
2523 4077 2726 4135 σπουδή
2742 4122 2752 4132 .
2785 4080 2892 4130 οἷαν
2917 4077 3002 4133 διὰ
3025 4087 3123 4134 τῶν
3143 4081 3458 4155 ’γραμμάτων
3483 4083 3784 4150 insinuans,

2168 4171 2248 4222 καὶ
2275 4167 2359 4223 διὰ
2380 4178 2471 4229 τῆς
2492 4178 2590 4224 τῶν
2621 4173 2750 4240 ἐμῶν
2770 4172 3038 4241 πρεσϐἐων
3064 4174 3382 4233 καταθέσεως
3402 4172 3588 4245 ἔγνων.
3619 4180 3785 4246 Euryti.-

2166 4260 2262 4334 ’γὰρ
2282 4261 2502 4315 ἐντεῦθεν
2527 4270 2616 4321 τῆς
2645 4265 2876 4338 οὐρανίου
2894 4264 3284 4336 εὐσπλαγχνίας
3303 4263 3578 4330 ἀπόδειξις
3597 4269 3788 4340 πρόει-

2167 4374 2268 4416 σιν,
2297 4350 2416 4407 ὅταν
2443 4355 2524 4406 καὶ
2549 4353 2594 4405 oi
2625 4361 2716 4407 τοῦ
2753 4356 2950 4426 κόσμου
2986 4357 3214 4425 βασιλεῖς
3238 4358 3331 4417 τὰς
3369 4359 3656 4421 ὑποθέσεις
3691 4361 3789 4422 τὰς

469 4443 571 4500 que
595 4445 835 4484 meorum
862 4431 1159 4486 assertione
1180 4432 1426 4502 cognovi.
1453 4432 1730 4488 Manifesta
1754 4434 1894 4489 enim
1925 4435 2052 4493 hinc

2162 4449 2278 4520 περί
2301 4454 2390 4506 τῆς
2419 4451 2647 4508 πίστεως
2686 4450 2815 4517 μετὰ
2839 4458 2928 4509 τῆς
2956 4447 3252 4510 διοικήσεως
3277 4458 3368 4510 τῆς
3391 4452 3672 4514 πολιτείας
3699 4476 3792 4509 συ-

469 4535 714 4590 superne
737 4524 1121 4580 misericordia:
1144 4526 1466 4582 documenta
1491 4528 1809 4597 produntur,
1837 4529 2051 4599 quando

469 4623 524 4668 et
541 4612 760 4668 humani
786 4618 1052 4686 principes
1067 4633 1282 4673 causam
1305 4619 1426 4673 ﬁdei
1445 4636 1568 4674 cum
1595 4623 1901 4690 reipublicae
1919 4624 2054 4678 ordi-

470 4706 685 4760 natione
711 4706 1074 4777 conjungunt,
1117 4709 1478 4766 Ecclesiarum
1509 4713 1788 4781 praesules,
1818 4714 1960 4783 quod
1987 4715 2054 4770 ad

471 4799 922 4867 dispensationem
969 4815 1118 4855 suam
1149 4803 1412 4871 pertinet,
1442 4803 1602 4858 ofﬁcii
1646 4819 1917 4860 memores
1962 4823 2058 4861 cx-

471 4897 786 4959 sequuntur.
809 4891 1027 4946 Talibus
1059 4892 1328 4962 indigebat
1367 4903 1487 4963 post
1515 4895 1802 4951 discordite
1839 4898 2053 4967 procel-

472 4983 548 5036 las
599 4982 790 5052 religio
835 4983 1140 5040 Christiana
1195 4987 1528 5053 rectoribus,
1581 4989 1670 5058 qui
1724 4994 2056 5061 compressis

473 5075 690 5143 provida
731 5075 1130 5144 dispensatione
1180 5079 1502 5146 turbinibus,
1532 5080 1624 5135 diu
1661 5084 2054 5153 peregrinatum

473 5181 687 5234 pacem,
717 5166 938 5236 depulsa
971 5178 1289 5238 tempestate
1327 5171 1687 5240 reducerent,
1719 5182 1773 5228 et
1801 5174 1852 5229 in
1883 5177 2060 5233 futura

473 5260 665 5314 saecula
697 5260 953 5329 propositi
998 5262 1078 5315 sui
1122 5263 1365 5332 exempla
1405 5264 1714 5331 tendentes,
1747 5267 1846 5321 sibi
1895 5268 2063 5323 ascri-

473 5352 704 5410 bendum
769 5353 1136 5410 indubitanter
1190 5356 1569 5424 oetentlerent,
1622 5357 1881 5429 quidquid
1945 5359 2058 5417 Deo

567 5566 620 5628 ο)
645 5565 788 5622 Idem
813 5567 964 5634 cod.,
999 5570 1244 5632 potentia.

572 5637 622 5705 b)
650 5636 791 5690 Idem
822 5640 968 5704 cod.,
990 5639 1047 5693 id
1075 5649 1150 5693 est
1177 5655 1237 5694 ne
1262 5637 1505 5693 Dominus
1541 5649 1711 5695 noster
1730 5639 1880 5697 Iesus
1904 5642 2060 5700 Chri-

480 5716 584 5762 stus
600 5717 686 5759 aut
706 5709 857 5774 inter,
883 5720 988 5764 etc.

575 5776 623 5898 t2
653 5777 794 5832 Idem
823 5779 966 5844 cod.,
995 5780 1391 5898 εῗριωςαιιάιιηι.

615 5845 632 5898 l
662 5847 806 5898 Idem
840 5849 988 5898 cod.-
1082 5851 1391 5898 ultmftm'bus

575 5793 599 5829 c
653 5780 794 5832 Idem
823 5780 966 5844 cod.,
995 5796 1059 5838 ea:
1097 5780 1391 5836 (orandum.

549 5780 632 5913 i1)
662 5847 806 5904 Idem
840 5849 988 5916 cod.,
1021 5799 1392 5919 βῖυιεὶριὶσίὑιιε
1438 5853 1541 5908 Ιιωο
1577 5863 1870 5910 sanctarum
1911 5855 2055 5913 Scri-

2163 4540 2462 4611 ζευγνὺωσι.
2487 4542 2570 4592 καὶ
2594 4540 2638 4592 οί
2658 4547 2755 4593 τῶν
2777 4541 3050 4598 ἐκκλησιῶν
3072 4544 3337 4615 ἡγούμενοι
3357 4545 3422 4599 τὰ
3449 4550 3792 4604 συντείίοντα

2163 4631 2234 4688 εἰς
2260 4635 2350 4687 τήν
2377 4628 2504 4683 ἰδίαν
2530 4633 2811 4702 ιίκονομίαν
2836 4636 3140 4707 μεμνημένοι
3163 4642 3254 4690 τοῦ
3297 4637 3618 4698 καθήκοντος
3648 4640 3796 4694 ἐκτε-

2163 4722 2311 4776 λῶσι.
2343 4724 2589 4777 Τοιούτων
2615 4722 2818 4798 ἔχρησε
2843 4729 2974 4796 μετὰ
3005 4729 3099 4786 τὰς
3132 4736 3221 4788 τῆς
3255 4725 3527 4797 διχονοίας
3557 4735 3795 4803 itaret-7i.

2166 4809 2254 4872 δας
2283 4813 2312 4869 ἦ
2344 4821 2670 4887 Χριστιανική
2717 4816 2956 4889 θρησκεία
2995 4819 3287 4893 ἰθυντήρων,
3324 4820 3371 4872 οἵ
3409 4842 3559 4882 τινες
3609 4845 3798 4877 κατω-

2161 4910 2436 4962 νασθεισῶν
2464 4916 2906 4986 προνοητικωτάτῃ
2935 4912 3254 4970 διατυπώσει
3291 4923 3391 4970 τῶν
3417 4918 3679 4982 θνελλῶν,
3708 4927 3797 4979 τήν

2161 5001 2375 5056 ἐπιπολὺ
2419 5003 2725 5065 ξενωθεῑσαν
2769 5007 2988 5079 εἰρήνην,
3037 5007 3334 5071 ἐξωσθέντος
3369 5016 3464 5063 τοῦ
3521 5020 3799 5081 χειμῶνος

2164 5094 2472 5164 ἐπανάξωσι,
2497 5100 2576 5151 καὶ
2601 5099 2672 5157 εἰς
2697 5101 2822 5160 τοὺς
2845 5100 3112 5167 μέλλοντας
3134 5102 3262 5173 μιτᾶ
3283 5108 3452 5159 ταῦτα
3475 5109 3686 5166 αἰῶνας
3711 5118 3803 5166 τῆς

2168 5184 2302 5247 ἰδίας
2340 5190 2630 5263 προθέσεως
2658 5191 2721 5245 τὰ
2758 5191 3113 5267 ὑποδείγματα
3149 5196 3557 5262 ἐπεκτείνοντες,
3589 5202 3806 5263 ἑαυτοῖς

2170 5280 2527 5357 ἐπιγεγράφθαι
2572 5284 2925 5357 ἀναμφιϐόλως
2973 5285 3334 5353 ἐπιδείξουσιν,
3363 5287 3506 5345 εἴτι
3558 5301 3644 5359 τῷ
3695 5303 3806 5364 Θεῷ

2169 5370 2386 5446 ἀρέσκον
2441 5373 2486 5426 οἱ
2533 5376 2958 5451 μεταγενέστεροι
3001 5379 3102 5432 ἀπὸ
3145 5387 3238 5439 τῆς
3295 5381 3460 5435 αὐτῶν
3515 5398 3806 5455 μιμήσεως

2168 5587 2441 5649 pturarum
2472 5581 2830 5649 insinuantur,
2861 5590 2968 5638 etc.
3004 5584 3186 5641 Nec...

2239 5650 2308 5770 (c)
2339 5651 2481 5704 Idem
2517 5653 2666 5718 cod.,
2701 5654 2914 5720 inferat.

2266 5725 2308 5770 fl
2337 5721 2479 5770 Idem
2511 5724 2631 5770 and-
2659 5767 2670 5770 _
2697 5740 2811 5770 vm.

2244 5721 2308 5789 (ί)
2337 5721 2479 5775 Idem
2511 5724 2632 5778 cod.
2659 5767 2672 5789 ,
2697 5740 2811 5779 vm.

2166 5792 2509 5926 ep;sfx77vet.
2550 5795 2669 5851 cod.
2701 5795 2870 5851 Vatic.
2903 5795 2956 5852 in
2990 5799 3224 5854 edittone
3263 5798 3411 5854 Rom.
3462 5818 3566 5858 an.
3629 5807 3797 5876 “9i,
