3998 6368
491 362 593 416 519

1831 355 2200 414 HORMISDE
2239 358 2446 416 ΡΔΡᾹΞ

3663 361 3764 417 5'20

493 476 820 533 humanitate
862 474 1092 541 mollire,
1129 481 1188 529 ut
1223 473 1277 529 in
1327 471 1702 528 haereticorum
1740 478 2066 542 contagione

2183 474 2563 547 ἀποδειχθῆναι.
2613 474 2750 549 ’Δμα
2798 479 3179 553 προσλαϐέσθαι
3235 481 3326 540 τάς
3369 481 3638 555 θεραπείας
3678 487 3769 538 τῆς

493 572 858 642 perdurantes,
888 580 979 626 aut
1016 584 1108 623 eos
1151 569 1240 639 qui
1291 567 1655 622 innocentiam
1686 567 1975 632 simulant,
2021 576 2076 621 et

491 677 612 718 eum
653 661 849 717 nostris
892 661 1005 716 sola
1053 677 1188 717 voce
1236 662 1604 724 consentiunt,
1641 660 1708 715 ab
1753 659 1835 715 his
1880 659 2076 730 quibus

494 771 590 826 pro
623 755 874 811 Ecclesiae
913 753 1362 824 redintegrationc
1390 753 1689 809 consulitur
1719 761 1774 808 et
1822 752 2073 823 provide-

495 842 598 911 fur,
631 847 917 902 excludas:
951 862 1049 902 nec
1077 847 1218 902 enim
1243 847 1467 915 erpeilit
1493 847 1634 901 circa
1664 847 1760 901 hos
1789 846 2078 902 ecclesias-

492 943 648 996 ticam
679 951 979 1011 temperare
1013 957 1312 998 censuram.
1343 941 1456 996 Non
1486 942 1626 996 enim
1661 951 1820 997 erunt
1848 942 2077 997 misera-

494 1035 650 1088 tionis
683 1035 819 1088 bona
849 1050 944 1104 pro
984 1051 1197 1100 eorum,
1225 1035 1416 1105 quibus
1455 1034 1665 1088 consuli
1697 1042 1949 1103 oportet,
1983 1049 2078 1090 ne-

490 1129 738 1182 cessitate
768 1127 981 1195 collata,
1007 1128 1050 1181 si
1083 1127 1370 1181 indiscrete
1401 1125 1597 1180 fuerint
1621 1125 1772 1180 bonis
1801 1126 2070 1196 malisque

489 1219 816 1273 communia.
844 1219 910 1274 Et
949 1221 1071 1290 quia
1099 1218 1702 1289 Hierosolymitanorum
1745 1233 1960 1288 quoque
1991 1217 2072 1272 fa-

490 1311 665 1364 ciebat
701 1311 751 1365 in
783 1312 886 1366 tuis
929 1311 1123 1366 litteris
1164 1320 1249 1365 tua
1279 1311 1497 1366 dilectio
1533 1311 1862 1366 mentionem
1884 1352 1898 1376 ,
1935 1327 2069 1382 quo-

492 1429 608 1466 rum
642 1413 799 1467 etiam
831 1413 896 1468 ad
930 1428 1026 1468 nos
1068 1413 1311 1482 quaedam
1338 1413 1510 1468 delata
1555 1413 1835 1480 professio,
1884 1427 2074 1468 neces-

491 1511 691 1560 sarium
719 1505 965 1560 duximus
997 1506 1083 1560 vel
1119 1520 1403 1560 recensere
1429 1521 1547 1575 quae
1589 1506 1786 1573 scripta
1814 1513 1964 1572 sunt,
1989 1505 2074 1560 vel

493 1600 816 1668 respondere
843 1614 961 1668 quae
1000 1613 1256 1668 congrua.
1281 1597 1378 1663 Qui
1422 1598 1465 1652 si
1515 1608 1820 1652 sanctorum
1855 1597 2074 1651 Patrum

491 1693 776 1747 constituta
817 1691 1152 1756 custodiunt,
1199 1694 1240 1745 si
1288 1691 1377 1744 illa
1421 1689 1542 1743 ﬁdei
1583 1689 1929 1744 fundamenta
1973 1706 2072 1745 ve-

491 1793 747 1840 nerantur
784 1785 849 1840 ab
895 1784 974 1838 his
1018 1799 1136 1853 quae
1178 1797 1271 1851 per
1311 1797 1405 1837 eos
1453 1790 1638 1835 sancto
1683 1781 1884 1850 Spiritu
1926 1797 2074 1836 com-

2181 568 2384 630 ἰάσεως,
2417 570 2778 632 ἀναζὼσασθαι
2805 576 2898 629 τήν
2925 573 3176 626 αύθεντίαν
3199 581 3288 632 τῆς
3315 569 3655 632 δικαιοσύνης,
3685 574 3770 624 καί

2179 656 2310 711 οὕτω
2340 661 2458 733 περί
2480 661 2599 719 τούς
2630 661 2798 720 ἱκέτας
2824 669 2886 736 τῇ
2916 663 3256 738 φιλανθρωπίᾳ
3285 660 3634 717 ἀπαλύνεσθαι
3653 701 3666 723 ,
3687 663 3770 716 ἵνα

2180 751 2296 808 τούς
2322 749 2366 801 ἐν
2396 756 2466 820 τῷ
2497 758 2596 805 τῶν
2633 753 2894 826 αίρετικῶν
2924 755 3177 823 μιάσματι
3215 754 3559 822 ἐπιμένοντας,
3593 752 3622 810 ἦ
3651 753 3771 806 τού-

2179 862 2297 901 τους
2315 882 2330 906 ,
2359 841 2404 895 οἳ
2430 845 2487 897 τὸ
2517 845 2782 898 ἀνεύθυνον
2813 847 3160 922 ἀποκρίνονται
3180 886 3195 910 ,
3240 848 3324 899 καί
3365 846 3493 916 μετά
3519 852 3620 899 τῶν
3649 846 3772 914 ἡμε-

2179 937 2333 1011 τέρων
2357 933 2482 1006 μόνη
2519 942 2581 1009 τῇ
2609 944 2740 1005 φωνῇ
2774 942 3134 1006 συμφωνοῦσιν
3168 937 3267 990 ἀπὸ
3289 937 3504 1001 τούτων,
3540 933 3606 987 ὧν
3639 935 3772 1009 ύπέρ

2179 1032 2269 1082 τῆς
2308 1026 2790 1086 ἀποκαταστάσεως
2821 1035 2912 1086 τῆς
2937 1027 3199 1087 ἐκκλησίας
3223 1029 3421 1100 φροντίς
3454 1029 3534 1078 καί
3569 1025 3773 1098 πρόνοιά

2179 1118 2319 1170 ἐστιν
2342 1117 2444 1170 ἀπὸ
2469 1126 2558 1178 τῆς
2583 1119 2870 1177 ἐκκλησίας.
2896 1117 3025 1172 Οὐδέ
3047 1119 3146 1191 γὰρ
3168 1117 3532 1190 συντελεῐπερί
3553 1115 3774 1176 τούτους

2179 1206 2592 1265 ἐκκλησιαστικην
2627 1209 2846 1280 κεράσαι
2874 1210 3179 1280 αὐστηρίαν.
3207 1211 3279 1260 Οὐ
3301 1209 3399 1282 γὰρ
3435 1205 3582 1262 ἔσται
3605 1208 3773 1261 λοιπόν

2182 1303 2272 1352 τοῦ
2301 1298 2462 1358 ἐλέους
2485 1299 2550 1352 τά
2581 1297 2750 1370 ἀγαθά
2781 1297 2865 1354 διά
2889 1304 2976 1357 τήν
3006 1307 3106 1353 τῶν
3131 1301 3456 1372 προνοηθῆναι
3485 1299 3774 1369 ὀφειλόντων

2185 1390 2403 1460 ἀνάγκην
2430 1391 2749 1461 συναχθέντα
2765 1432 2778 1455 ,
2807 1391 2893 1444 ἐάν
2919 1389 3190 1464 διακρίτως
3215 1389 3416 1444 ἔσονται
3441 1391 3579 1444 κοινά
3605 1390 3775 1449 καλοῖς

2177 1486 2260 1536 καί
2284 1489 2470 1542 κακοῖς.
2511 1487 2606 1537 καί
2631 1482 2801 1542 ἐπειδή
2834 1491 2934 1538 τῶν
2969 1482 3377 1558 Ἱεροσολυμιτῶν
3416 1483 3603 1553 ὁμοίως
3628 1487 3774 1541 noui-

2179 1577 2371 1632 σασθαι
2416 1577 2550 1648 ᾠήθη
2587 1579 2638 1630 ἐν
2682 1593 2790 1637 τοῖς
2834 1579 3031 1638 οἰκείοις
3077 1579 3347 1653 γράμμασι
3390 1580 3584 1646 μνήμην
3631 1578 3660 1634 ἡ
3710 1583 3778 1636 σύ

2176 1669 2371 1739 ἀγάπη,
2399 1665 2466 1721 ὧν
2486 1669 2714 1741 καὶπρὸς
2737 1671 2765 1726 ἡ
2773 1675 2875 1741 μᾶς
2899 1671 3091 1740 ἠνέχθη
3114 1673 3192 1728 τίς
3217 1669 3475 1739 ὁμολογία,
3503 1669 3778 1740 ἀναγκαῖον

2178 1761 2472 1832 ἡγησάμεθα
2501 1764 2587 1814 καί
2607 1761 2888 1832 ἀναγνῶναι
2910 1762 2976 1816 τά
2992 1762 3262 1833 γραφέντα,
3292 1763 3377 1812 καί
3403 1761 3778 1833 ἀποκρίνασθαι

490 1887 757 1949 pungente
787 1878 1000 1932 deﬁnita
1030 1849 1190 1943 sunt,
1213 1893 1318 1932 non
1347 1876 1619 1931 recedent.
1653 1849 1756 1930 Aut
1784 1876 1924 1930 enim
1958 1891 2072 1946 per-

2180 1853 2245 1904 τά
2270 1851 2564 1925 πρόσφορα.
2593 1851 2653 1904 Οἶ
2678 1871 2807 1910 τινες
2833 1853 2875 1904 εί
2899 1852 2989 1910 τάς
3015 1859 3112 1905 τῶν
3139 1850 3292 1923 ἀγίων
3327 1852 3562 1923 πατέρων
3591 1849 3776 1903 διατυ-

490 1970 626 2025 l'ecta
671 1979 824 2034 sunt,
860 1971 927 2023 ita
960 1978 1018 2023 ut
1046 1981 1196 2034 sunt,
1227 1979 1280 2024 et
1323 1969 1623 2038 adiectione
1659 1984 1762 2022 non
1795 1968 2074 2038 indigent:

489 2071 578 2116 aut
607 2062 740 2116 bene
770 2062 938 2115 valida
959 2103 971 2124 ,
1001 2071 1056 2116 et
1098 2061 1218 2116 ideo
1265 2075 1369 2114 non
1414 2059 1667 2114 mutanda
1695 2078 1706 2112 :
1736 2060 1950 2130 quando
1982 2077 2078 2129 per

491 2170 548 2209 ea
583 2156 758 2208 omnia
793 2154 1163 2208 haereticorum
1195 2168 1397 2208 venena
1428 2167 1733 2221 compressa
1779 2162 1924 2208 sunt.
1970 2153 2077 2209 Nec

491 2245 774 2314 quidquam
815 2243 1266 2299 Chalcedonensis
1308 2244 1562 2314 synodus,
1598 2243 1738 2312 quod
1773 2245 1901 2299 utile
1930 2260 2075 2314 quae-

493 2338 622 2393 libet
659 2339 929 2408 diligentia
967 2339 1230 2408 potuisset
1265 2337 1586 2407 excogitare,
1625 2337 1884 2405 praeteriit
1913 2356 1923 2390 :
1956 2355 2077 2408 qua:

493 2431 906 2503 prmcedentium
965 2445 1176 2499 quoque
1205 2429 1456 2499 dogmata
1488 2429 1568 2484 vel
1609 2429 1804 2485 clarius
1849 2432 2074 2487 manife-

491 2525 671 2583 Stavit.
716 2522 800 2578 vel
863 2521 1088 2588 repetita
1130 2522 1446 2576 auctoritate
1509 2521 1777 2588 ﬁrmavit,
1839 2524 2075 2591 speciale

492 2617 755 2689 quoddam
787 2615 1041 2670 adversus
1069 2613 1371 2670 Nestorium
1399 2625 1453 2670 et
1482 2615 1777 2686 Eutychem
1823 2632 2069 2685 aggressa

492 2721 792 2773 certamen,
825 2707 1048 2761 alterum
1081 2705 1333 2761 deitatem
1367 2706 1458 2760 Dei
1495 2707 1662 2761 nostri
1707 2706 1834 2762 Jesu
1865 2708 2069 2764 Christi

493 2831 522 2868 a
553 2829 713 2869 carne
755 2822 1124 2883 separantem,
1157 2819 1213 2866 et
1257 2810 1376 2866 ideo
1422 2823 1660 2868 sanctam
1709 2813 1925 2868 Mariam
1975 2815 2067 2870 Dei

491 2907 804 2976 genitricem
835 2904 1183 2975 pronuntiare
1209 2904 1466 2960 vitantem
1493 2923 1506 2960 :
1536 2906 1764 2960 alterum
1794 2909 2072 2962 veritatem

492 3007 667 3063 carnis
692 3007 743 3061 in
763 3006 987 3060 Domino
1005 3014 1341 3062 renuentem.
1361 3007 1582 3074 Quando
1607 3007 1863 3061 Dominus
1887 3016 2075 3062 noster

493 3099 646 3155 Jesus
667 3098 910 3153 Christus
931 3098 1070 3152 idem
1121 3098 1288 3152 Filius
1321 3098 1444 3161 Dei,
1480 3098 1619 3151 idem
1652 3099 1789 3154 ﬁlius
1819 3099 2075 3162 hominis,

493 3206 596 3245 una
621 3191 672 3244 in
702 3190 908 3244 duabus
935 3203 1165 3258 persona
1192 3188 1401 3243 naturis
1428 3188 1723 3244 divinitatis
1749 3199 1803 3245 et
1833 3191 2078 3246 humani-
2104 3228 2150 3290 Ο

495 3293 617 3347 tatis
664 3289 859 3346 carnis.
906 3303 1004 3343 nec
1053 3289 1254 3343 naturis
1300 3288 1624 3345 adunatione
1667 3292 1924 3359 confusis,
1969 3310 2074 3349 non

493 3387 639 3440 velut
663 3392 847 3453 quarta
879 3396 1105 3452 persona
1137 3382 1313 3436 addita
1339 3382 1610 3447 Trinitati,
1642 3384 1733 3438 sed
1767 3386 1878 3453 ipse
1912 3386 2076 3442 Filius

495 3478 590 3533 Dei
619 3477 912 3531 exinaniens
941 3476 1290 3546 semetipsum,
1325 3485 1369 3529 et
1410 3480 1630 3544 formam
1667 3478 1795 3532 servi
1822 3482 2077 3550 accipiens

496 3571 717 3641 (Philip.
747 3571 816 3637 l),
859 3579 1078 3639 propter
1118 3567 1261 3640 quod
1305 3578 1359 3624 et
1401 3586 1562 3624 unam
1611 3587 1709 3626 nec
1753 3572 2074 3629 divisihilem

495 3663 807 3732 proﬁtemur
844 3661 1130 3716 essentiam
1163 3660 1462 3726 Trinitatis,
1490 3672 1543 3717 et
1575 3664 1956 3733 proprietatem
1991 3677 2076 3722 ta-

496 3768 617 3809 men
649 3768 798 3808 suam
845 3753 1042 3807 scimus
1085 3753 1263 3808 inesse
1307 3756 1574 3822 personis,
1611 3771 1770 3811 unam
1823 3758 1938 3813 Filii
1984 3760 2077 3816 Dei

495 3860 613 3900 cum
645 3853 912 3912 assumpta
940 3859 1124 3908 carne,
1159 3860 1318 3898 unam
1351 3845 1580 3913 Spiritus
1608 3849 1779 3904 sancti
1808 3866 1820 3902 :
1857 3859 1910 3905 et
1956 3866 2078 3920 per-

493 3950 653 3990 sonas
699 3936 1116 4004 pr0prietatibns
1162 3935 1528 4005 designantes,
1569 3947 1625 3993 et
1666 3955 1760 4009 per
1815 3943 2072 3998 unitatem

494 4027 742 4084 essentia}
788 4027 1142 4096 inseparabile
1189 4027 1469 4083 Trinitatis
1516 4033 1829 4100 mysterium
1877 4035 2078 4090 conﬁr-

494 4131 722 4176 mantes.
751 4119 934 4190 Neque
954 4121 1096 4175 enim
1123 4120 1320 4190 ambigi
1344 4131 1518 4190 potest
1547 4123 1781 4178 Verbum
1813 4126 1908 4180 Dei
1937 4128 2076 4182 intra

495 4213 678 4268 matris
726 4212 928 4265 viscera
979 4226 1073 4280 per
1097 4226 1347 4276 carnem,
1381 4213 1666 4267 humanam
1714 4219 2076 4287 assumpsisse

497 4313 766 4365 naturam,
795 4318 892 4357 nec
924 4309 1043 4371 post
1068 4317 1095 4354 a
1126 4317 1185 4356 se
1216 4303 1406 4357 factam
1437 4305 1572 4358 intra
1613 4306 1821 4361 vulvam
1857 4320 2077 4364 natura-

497 4411 612 4449 rum
639 4394 928 4448 unitionem
959 4392 1208 4449 divisum.
1241 4393 1370 4448 Nam
1401 4405 1456 4448 ut
1484 4395 1790 4452 humanitas
1819 4401 1940 4453 sine
1967 4401 2078 4456 Deo

498 4513 601 4551 non
645 4507 728 4552 est
769 4497 911 4550 edita
931 4538 945 4562 ,
976 4495 1057 4552 sic
1088 4497 1138 4550 in
1169 4512 1330 4552 cruce
1362 4514 1464 4551 non
1497 4509 1581 4553 est
1611 4502 1957 4569 impassihilis
1997 4505 2077 4557 di-

499 4589 690 4643 vinitas
717 4604 744 4642 a
775 4588 951 4641 carnis
981 4588 1230 4657 passione
1273 4588 1442 4643 divisa
1471 4609 1482 4643 :
1513 4590 1656 4658 quod
1699 4592 1813 4660 virg

499 4689 582 4735 tus
607 4689 660 4735 et
691 4681 1001 4733 intemerata
1035 4679 1350 4746 fecunditas,
1380 4689 1432 4734 et
1461 4681 1749 4750 singularis
1790 4698 1818 4736 a
1850 4686 2078 4740 mortuis

499 4772 842 4835 resurrectio,
871 4780 926 4826 et
953 4772 1018 4826 ad
1056 4773 1224 4827 caelos
1273 4772 1510 4827 declarat
1559 4775 1828 4829 ascensio.
1865 4775 1991 4831 Haec
2032 4778 2078 4833 si

497 4863 945 4934 quemadmodum
984 4879 1014 4916 a
1052 4864 1298 4918 Patrihus
1338 4865 1622 4918 constituta
1668 4875 1791 4920 sunt
1820 4877 2077 4934 servant,

497 4954 746 5018 credant,
788 4968 886 5007 nec
931 4953 1147 5007 deﬁnita
1196 4956 1613 5011 transcendant:
1645 4972 1674 5010 a
1704 4973 1809 5026 quo
1861 4960 2078 5015 tramite

496 5045 584 5115 qui
613 5043 910 5111 declinant.
944 5044 1043 5114 ipsi
1083 5044 1185 5098 sibi
1227 5045 1473 5100 nebulam
1510 5047 1855 5102 dubitationis
1900 5048 2076 5106 oﬁ‘un-

496 5149 644 5203 dunt.
695 5146 857 5201 Nobis
907 5154 1082 5201 autem
1130 5145 1259 5200 illud
1312 5149 1668 5215 apostolicum
1720 5151 2078 5206 contentiosis

495 5240 818 5312 respondere
849 5253 1068 5295 necesse
1095 5249 1206 5303 est,
1241 5257 1331 5296 nos
1359 5242 1488 5295 hanc
1523 5245 1941 5299 consuetudinem
1972 5263 2077 5300 non

495 5346 751 5411 habemus,
783 5359 872 5398 nec
905 5343 1130 5398 Ecclesia
1163 5341 1256 5397 Dei
1297 5343 1350 5414 (1
1375 5343 1490 5400 Cor.
1517 5347 1598 5415 ll).
1635 5346 1759 5401 Haec
1804 5348 1924 5402 ideo
1954 5349 2078 5404 bre-

495 5440 646 5504 viter,
677 5438 798 5508 quia
828 5452 925 5521 nec
955 5437 1148 5507 ambigi
1178 5439 1428 5492 convenit
1449 5438 1517 5492 de
1548 5438 1707 5493 rebus
1738 5439 1881 5494 iuxta
1911 5441 2071 5497 ﬁdem

494 5542 686 5608 saepius
731 5539 1000 5594 deﬁnitis:
1033 5546 1086 5590 et
1123 5553 1260 5607 pene
1306 5553 1637 5606 supervacua
1671 5549 1752 5592 est
1797 5539 2071 5609 allegatio,

495 5647 610 5699 qua:
649 5631 928 5686 adhibetur
969 5630 1262 5696 instructis,
1293 5644 1416 5684 cum
1464 5643 1625 5698 super
1670 5630 1768 5684 hac
1801 5647 1858 5686 re
1911 5642 1964 5687 et
2007 5635 2074 5689 ad

496 5721 963 5775 clementissimum
992 5722 1285 5791 principem
1313 5722 1479 5776 ﬁlium
1504 5732 1744 5776 nostrum
1776 5739 1878 5778 non
1906 5740 2072 5794 pauca

498 5812 915 5881 perstrinxerim.
945 5813 1009 5866 Et
1047 5813 1167 5882 quia
1198 5815 1262 5868 de
1304 5813 1911 5885 llierosolymitanorum
1947 5833 2069 5886 pro-

498 5906 756 5966 positione
802 5904 1193 5972 respondimus,
1244 5907 1342 5962 hoc
1392 5924 1602 5978 quoque
1650 5909 2060 5979 aestimaviinus,

2180 1946 2374 2003 πὼσεις
2409 1944 2777 2015 φυλάττουσιν,
2821 1945 2865 1997 oi
2902 1945 3089 2004 ἐκείνης
3115 1952 3205 2002 τῆς
3231 1946 3455 2002 πίστεως
3479 1945 3598 2001 τούς
3635 1943 3782 2012 θεμε-

2179 2035 2317 2095 λίους
2343 2036 2594 2100 σέϐονται,
2625 2039 2707 2090 καί
2743 2037 2843 2090 ἀπὸ
2877 2038 3071 2089 τούτων
3105 2043 3205 2089 τῶν
3232 2033 3292 2089 δι’
3315 2037 3477 2089 αὐτῶν
3502 2040 3596 2088 τοῦ
3630 2034 3780 2105 ἁγίου

2179 2129 2467 2199 πνεύματος
2492 2130 2901 2189 κατανύσσοντος
2926 2126 3249 2200 όρισθέντων,
3278 2129 3368 2180 οὐκ
3393 2129 3780 2200 ἀναχωρήσου-

2183 2242 2285 2275 σιν.
2311 2225 2366 2274 Εί
2387 2221 2492 2295 γάρ
2518 2223 2615 2276 είσι
2639 2221 2830 2284 τέλεια,
2859 2221 3032 2297 ὥσπερ
3081 2222 3207 2286 εἰσί,
3250 2222 3332 2271 καί
3385 2219 3682 2288 προσθήκης
3722 2219 3781 2270 ού

2180 2312 2394 2379 δέονται,
2423 2313 2452 2372 ἦ
2479 2315 2640 2373 καλῶς
2667 2314 2871 2384 βέϐαια,
2902 2317 2984 2368 καί
3006 2312 3090 2369 διά
3114 2319 3262 2368 τοῦτο
3287 2314 3374 2365 οὐκ
3401 2314 3778 2382 ἀνταμειπτέα,

2180 2405 2331 2461 ὁπότε
2357 2405 2416 2461 δι’
2442 2408 2605 2461 αὐτῶν
2631 2408 2797 2462 πάντα
2821 2410 2886 2462 τά
2912 2413 3010 2461 τῶν
3036 2406 3294 2480 αἱρετικῶν
3318 2403 3593 2481 δηλητηρια
3617 2425 3782 2458 κατα-

2182 2502 2381 2574 πιεσθῇ,
2421 2497 2531 2553 οὐδέ
2557 2521 2606 2554 τι
2632 2501 2661 2555 ἡ
2693 2499 2743 2551 ἐν
2773 2497 3046 2555 Χαλκηδόνι
3070 2496 3300 2560 σύνοδος,
3335 2494 3459 2568 ὅπερ
3487 2499 3780 2569 χρήσιμον,

2179 2588 2443 2648 οίαδήποτε
2480 2591 2736 2660 ἐπιμέλεια
2773 2588 2992 2648 ἠδύνατο
3033 2593 3322 2654 ἐπινοῆσαι,
3362 2589 3712 2664 παρέδραμεν,
3750 2593 3784 2649 ἧ

2178 2704 2256 2742 τις
2280 2689 2379 2735 τῶν
2405 2682 2774 2759 προλαϐουσῶν
2799 2681 2979 2748 ὁμοίως
3003 2685 3067 2736 τὰ
3090 2680 3319 2754 δόγματα
3336 2721 3351 2748 ,
3376 2681 3406 2740 ἦ
3431 2683 3783 2753 τηλαυγέστε-

2181 2795 2267 2848 ρον
2291 2774 2619 2850 ἐφανέρωσεν,
2647 2773 2676 2832 ii
2703 2773 3097 2846 ἐπαναληφθεῐσα
3122 2782 3182 2846 τῇ
3208 2775 3442 2848 αύθιντίᾳ
3466 2769 3783 2829 ἐϐεϐαίωσεν

2178 2865 2331 2921 ἐδικόν
2363 2889 2478 2922 τινα
2517 2870 2648 2923 κατά
2683 2871 2980 2944 Νεστορίου,
3017 2871 3096 2920 καί
3127 2869 3396 2936 Εὐτυχοῦς
3429 2865 3785 2938 ἀναδεξαμένη

2179 2963 2378 3033 ἀγῶνα,
2427 2967 2517 3016 τοῦ
2567 2963 2656 3032 μέν
2700 2961 2870 3034 ἐτέρου
2920 2966 3008 3018 τὴν
3054 2967 3143 3014 τοῦ
3195 2965 3373 3034 κυρίου
3421 2961 3560 3028 ἡμῶν
3606 2965 3783 3018 Ἰησοῦ

2179 3059 2400 3127 Χριστοῦ
2436 3053 2648 3110 θεότητα
2681 3053 2780 3106 ἀπὸ
2817 3062 2906 3112 τῆς
2951 3054 3143 3125 σαρκός
3188 3055 3522 3128 χωρίζοντος,
3565 3055 3645 3106 καί
3694 3050 3786 3109 διά

2181 3151 2328 3198 τοῦτο
2352 3150 2441 3204 τὴν
2464 3145 2608 3218 ἁγίαν
2629 3147 2826 3220 Μαρίαν
2855 3143 3102 3200 Θεοτόκον
3123 3144 3424 3216 ἐξαγγέλλειν
3448 3144 3780 3207 ἐκκλίνοντος,

2181 3243 2271 3292 τοῦ
2299 3234 2352 3290 δέ
2378 3237 2552 3314 ἐτέρου
2574 3242 2664 3295 την
2690 3238 2917 3296 ἀλήθειαν
2941 3247 3031 3297 τῆς
3056 3239 3248 3308 σαρκὸς
3275 3237 3322 3289 ἐν
3356 3244 3429 3306 τῷ
3452 3240 3610 3309 κυρίῳ
3636 3239 3786 3291 ἀπα-

2179 3331 2485 3397 ναινομένου,
2527 3329 2678 3385 ὁπότε
2717 3331 2744 3384 ὁ
2781 3329 2952 3408 κύριος
2989 3333 3128 3402 ἡμῶν
3152 3331 3348 3391 Ἰησοῦς
3377 3328 3788 3403 Χριστὸςῆοὗτος

2179 3423 2287 3482 υίὸς
2312 3428 2460 3488 Θεοῦ,
2489 3422 2513 3477 ὁ
2537 3425 2684 3482 αὐτὸς
2710 3421 2992 3496 ἅνθρωπος,
3023 3422 3071 3476 ἓν
3093 3420 3542 3496 πρόσωπονένδύο
3565 3421 3796 3494 φύσεσι,

2179 3517 2260 3568 καί
2285 3515 2518 3574 θεότητος
2541 3519 2624 3568 καί
2659 3517 2851 3589 σαρκὸς
2869 3559 2882 3579 ,
2923 3513 3034 3569 ούδέ
3060 3522 3160 3570 τῶν
3188 3513 3386 3588 φύσεων
3422 3516 3473 3568 ἐν
3599 3515 3788 3571 ἐνώσει

2179 3610 2600 3681 συγχυσθεισῶν,
2621 3611 2726 3680 οὐχ
2754 3613 2818 3670 ὡς
2845 3612 3090 3685 τετάρτου
3111 3614 3394 3685 προσώπου
3417 3614 3790 3686 προσ-τεθέντος

2180 3708 2241 3774 τῇ
2265 3699 2465 3774 τριάδι,
2505 3702 2607 3755 ἀλλ’
2644 3703 2795 3761 αὐτὸς
2830 3701 2855 3755 ὁ
2897 3703 3004 3762 υίὸς
3035 3709 3122 3756 τοῦ
3161 3708 3290 3757 Θεοῦ
3328 3703 3562 3757 ἐκένωσεν
3598 3704 3792 3760 ἑαυτὸν

2181 3795 2267 3848 καί
2289 3799 2482 3868 μορφήν
2508 3792 2690 3848 δούλου
2717 3794 2884 3848 ἔλαϐε.
2908 3796 2990 3848 Διό
3013 3800 3098 3849 καὶ
3119 3798 3235 3866 μίαν
3267 3801 3350 3849 καὶ
3389 3795 3501 3851 οὐδέ
3523 3796 3792 3873 διαιρετήν

2180 3885 2518 3956 ὁμολογοῦμεν
2574 3889 2740 3940 οὐσίαν
2786 3896 2877 3947 τῆς
2909 3886 3145 3962 τριάδος,
3185 3891 3263 3941 καί
3300 3895 3390 3945 την
3426 3887 3557 3944 ἰδίαν
3591 3890 3793 3959 ὁμοίως

2179 3974 2410 4035 ίδίοτητσ
2435 3977 2582 4048 ἴσμεν
2607 3978 2656 4030 έν
2691 3974 2816 4032 εἶναι
2842 3987 2945 4038 τοῖς
2969 3982 3289 4055 προσώποις.
3314 3978 3398 4033 Ἓν
3422 3983 3522 4055 γάρ
3547 3988 3642 4035 τοῦ
3683 4005 3794 4038 πα·

2179 4072 2300 4145 τρὸς
2327 4069 2665 4142 ὁμολογοῦμεν
2691 4067 2810 4124 εἶναι
2833 4072 3132 4145 πρόσωπον,
3159 4070 3209 4123 ἓν
3241 4076 3330 4125 τοῦ
3355 4072 3467 4124 υἱοῦ
3495 4080 3587 4126 τοῦ
3613 4081 3757 4128 Θεοῦ
3774 4115 3790 4140 ,

2185 4166 2314 4232 μετὰ
2339 4171 2429 4222 τῆς
2470 4164 2872 4237 προσληφθείσης
2909 4166 3122 4239 σαρκὸς.
3156 4163 3207 4217 ἓν
3245 4171 3336 4218 τοῦ
3368 4167 3661 4235 πνεύματος
3694 4174 3795 4222 τοῦ

2180 4253 2358 4325 ἁγίου,
2394 4257 2478 4307 καί
2510 4255 2576 4308 τά
2613 4254 2863 4328 πρόσωπα
2897 4262 3012 4314 ταῖς
3049 4253 3262 4313 ἰδιότησι
3299 4258 3669 4324 σημαίνοντες,
3703 4259 3797 4313 καί

2179 4344 2263 4401 διὰ
2298 4355 2389 4406 τῆς
2423 4347 2647 4405 ἐνότητος
2679 4354 2770 4404 τῆς
2804 4348 3004 4405 οὐσίας,
3042 4347 3098 4401 τὸ
3135 4348 3428 4418 ἀχώριστον
3453 4356 3545 4407 τῆς
3571 4347 3796 4421 τριάδος

2180 4442 2461 4512 μυστήριον
2505 4437 2888 4508 ὁμολογοῦντες.
2941 4436 3069 4493 Οῦτε
3115 4441 3213 4513 γὰρ
3258 4438 3475 4494 δυνατὸν
3520 4441 3795 4514 ἀμφιϐἀλο

2179 4531 2349 4584 λεσθαι
2373 4533 2460 4585 τόν
2483 4531 2624 4598 λόγον
2647 4538 2736 4584 τοῦ
2762 4538 2890 4584 Θεοῦ
2917 4531 2963 4582 ἐν
2988 4538 3093 4592 τοῖς
3117 4540 3207 4589 τῆς
3230 4533 3421 4604 μητρὸς
3450 4532 3798 4604 σπλάγχνοις

1822 4606 1921 4646 ""5
1952 4608 2074 4697 Pa"
2105 4599 2157 4659 D
2183 4621 2265 4676 διὰ
2288 4630 2377 4683 τῆς
2407 4624 2618 4694 σαρκὸς,
2644 4628 2732 4681 τὴν
2759 4623 3047 4695 ἀνθρωπίαν
3073 4623 3456 4697 προσειληφέναι
3482 4629 3652 4695 φύσιν.
3699 4631 3800 4682 καί

2187 4719 2253 4782 μὴ
2279 4715 2406 4783 μετὰ
2438 4721 2528 4772 τήν
2552 4714 2674 4788 παρ’
2699 4715 2853 4767 αὐτοῦ
2889 4717 3155 4785 γενομένην
3182 4717 3232 4768 ἐν
3255 4723 3316 4788 τῇ
3342 4720 3511 4789 μήτρᾳ
3546 4725 3648 4771 τῶν
3699 4722 3800 4790 φύ-

2185 4828 2314 4860 σεων
2351 4809 2530 4861 ἕνωσιν
2555 4806 2865 4881 διῃρημένον.
2905 4809 3133 4882 Καθάπερ
3165 4811 3264 4882 γὰρ
3291 4811 3376 4862 οὐκ
3401 4808 3538 4863 ἔστιν
3564 4813 3614 4863 ἐν
3640 4813 3802 4887 αὐτῷ

2185 4901 2511 4973 ἀνθρωπότης
2537 4898 2654 4954 ἄνευ
2683 4908 2809 4956 Θεοῦ
2837 4904 3160 4974 γεννηθεῖσα,
3189 4900 3350 4961 οῦτως
3375 4903 3424 4954 ἐν
3456 4910 3529 4973 τῷ
3567 4912 3803 4978 σταυρῷ

2184 4991 2214 5047 ἡ
2241 4991 2439 5050 ἀπαθής
2463 4990 2656 5055 θεότης,
2693 4993 2782 5045 ούκ
2813 4990 2950 5045 ἔστιν
2977 4991 3076 5045 ἀπὸ
3109 4997 3202 5045 τοῦ
3241 4999 3332 5051 τῆς
3361 4993 3556 5064 σαρκὸς
3590 4996 3806 5056 πάθους

2183 5079 2473 5156 διῃρημένη,
2507 5080 2636 5157 ὅπερ
2669 5081 2809 5142 ὁτῆς
2833 5084 3080 5158 παρθένου
3115 5083 3290 5144 τόκος,
3331 5084 3410 5135 καί
3446 5083 3475 5139 ἠ
3510 5079 3806 5157 ἄχραντος

2182 5174 2465 5245 γονιμότης,
2498 5177 2576 5226 καί
2601 5176 2630 5230 η
2655 5174 2904 5247 ἐξαίρετος
2927 5174 2976 5226 ἐκ
2993 5181 3180 5248 νεκρῶν
3206 5174 3510 5234 ἀνάστασις,
3541 5178 3629 5228 καί
3659 5178 3692 5232 ἡ
3727 5180 3806 5239 εἰς

2183 5267 2428 5338 οὐρανούς
2453 5263 2702 5319 δείκνυσιν
2726 5261 2924 5326 ἄνοδος,
2949 5270 3111 5320 ταῦτα
3142 5267 3183 5318 εἰ
3208 5267 3370 5324 καθὼς
3385 5265 3530 5336 παρά
3553 5272 3665 5317 τῶν
3697 5288 3810 5320 πα-

2183 5361 2340 5430 τέρων
2366 5358 2554 5433 ὡρίσθη
2572 5397 2586 5423 ,
2613 5359 2949 5428 φυλάττουσι,
2978 5360 3392 5422 πιστευέτωσαν,
3421 5360 3502 5411 καί
3543 5357 3684 5429 μηδέ
3739 5362 3809 5413 τὰ

2186 5450 2441 5524 ὡρισμένα
2464 5449 2943 5519 παραϐαινέτωσαν,
2973 5449 3052 5521 ἀφ’
3099 5447 3156 5511 ἧς
3178 5450 3353 5525 τρίϐου
3380 5449 3423 5502 oi
3447 5449 3806 5519 ἐκκλίνοντες,

2186 5545 2328 5596 αύτοί
2370 5542 2568 5602 ἑαυτοῖς
2603 5544 2743 5614 νέφος
2791 5542 3090 5614 ἀμφιϐολίας
3132 5545 3487 5616 περιχέουσιν.
3540 5551 3697 5611 Ἡμῖν
3750 5544 3809 5599 δέ

2183 5637 2331 5689 ἐκεῖνο
2354 5637 2411 5688 τὸ
2431 5635 2801 5699 ’Λποστολικὸν,
2819 5644 2930 5695 τοῖς
2951 5636 3254 5708 φιλονείκοις,
3271 5639 3642 5712 ἀποκρίνασθαι
3669 5641 3812 5694 ἀνά-

2183 5751 2275 5800 γκη
2304 5729 2460 5782 ἐστίν·
2492 5746 2509 5775 ‹
2554 5738 2718 5798 Ἡμεῖς
2739 5731 2973 5787 τοιαύτην
3009 5731 3274 5789 συνήθειαν
3295 5731 3380 5784 οὐκ
3413 5727 3642 5800 ἔχομεν,
3675 5729 3811 5786 ούδέ

2183 5823 2212 5876 ἡ
2246 5820 2478 5877 ἐκκλησία
2512 5829 2602 5875 τοῦ
2637 5829 2785 5876 Θεοῦ.
2821 5843 2836 5874 ι
2867 5831 3042 5879 Ταῦτα
3080 5823 3161 5880 διά
3193 5831 3342 5879 τοῦτο
3377 5821 3462 5878 διὰ
3487 5825 3807 5896 βραχέων,

2183 5909 2350 5969 ἐπειδὴ
2401 5910 2512 5968 οὕτε
2558 5915 2951 5987 ἀυ.φιϐἀλ.λισθαι
2994 5923 3238 5990 προσήκει
3287 5920 3403 5974 πεοί
3451 5919 3809 5990 πραγμάτων
