3998 6368
473 327 577 379 se;
1785 311 2156 369 nonutsne:
2196 310 2396 366 eam:
3608 258 3695 355 set

476 450 630 504 dictte
655 445 900 505 civitatis,
927 439 1147 493 aliorum
1180 434 1395 500 insoper
1433 426 1790 497 frequentium
1842 427 2053 479 incusa-
2089 428 2134 482 A
2166 432 2273 485 tes,
2303 437 2458 488 quam
2488 422 2596 475 cito
2627 419 2692 473 ad
2724 434 2820 475 nos
2855 415 3123 473 destinare
3149 412 3456 483 digno-mini,
3496 421 3550 466 ut
3583 427 3701 483 prte-

476 554 641 605 retur,
673 554 775 593 non
810 544 1010 591 tantum
1036 527 1222 598 legatis
1246 532 1436 579 vestra:
1463 518 1838 575 sanctitudinis
1870 522 1921 570 ln
1950 517 2047 570 hac
2158 516 2326 569 sentis
2380 530 2557 569 causa:
2604 514 2763 583 (sicut
2815 526 2959 579 sche
3013 506 3349 577 scripsimus)
3405 505 3472 559 sit
3510 508 3705 562 cteleste

474 636 615 701 regia
647 626 831 699 positis
860 623 991 678 urbe
1032 621 1109 686 (ut
1158 618 1303 685 ipsos
1338 628 1548 682 quoque
1592 610 1824 664 retinere
1864 622 2051 661 cense-
2158 611 2363 663 lucrum
2408 608 2489 661 Itis
2519 607 2609 675 qui
2644 607 2696 658 in
2727 604 2999 658 celeritate
3038 609 3164 654 sunt
3194 599 3347 651 home
3391 598 3708 651 correctioni

476 724 639 794 mus),
669 733 855 776 verum
891 723 1011 785 post
1052 725 1236 766 eorum
1274 719 1575 768 recessum;
1609 701 1699 771 qni
1742 700 1894 753 malrc
1925 714 2053 751 cott-
2157 711 2423 763 auctores,
2470 698 2781 752 beatissime
2823 705 2877 748 et
2911 691 3247 747 sanctissime
3289 688 3468 742 frater.
3504 690 3706 742 Omnem

476 813 711 868 scicntia:
749 823 859 864 suae
902 800 1206 860 testimonio
1241 797 1443 850 veritus
1486 795 1703 860 insuper
1752 806 1840 855 ne,
1900 805 2049 856 qure-
2162 807 2281 859 qum
2310 799 2391 844 est
2423 804 2545 843 cum
2576 797 2661 841 tua
2696 784 3022 840 beatitudine
3046 780 3327 835 inCltristo
3358 779 3711 832 fraternitatem

475 907 647 959 etione
678 903 878 958 habita.
901 897 1198 964 graviorem
1231 891 1454 945 formam
1482 888 1565 941 exi
1595 902 1656 940 us
1682 886 1757 938 rei
1788 892 2051 952 posceret,
2165 897 2262 943 nos
2290 892 2341 935 et
2372 879 2463 950 qui
2500 879 2776 932 nobisrntu
2810 885 2932 928 sunt
2960 876 3143 926 multis
3171 872 3463 926 salutamus
3489 872 3649 923 anuis.

479 1004 814 1051 recusaturos
840 990 1049 1046 libellos
1089 984 1298 1044 obtulit,
1335 992 1389 1035 ttt
1429 980 1611 1033 liceret
1651 979 1698 1032 ei
1736 975 1991 1029 secedere
2024 990 2051 1026 a

479 1097 728 1155 sus-cepto
755 1085 917 1156 (sicut
942 1082 1139 1137 dictum
1172 1079 1275 1143 est)
1298 1077 1635 1143 episcopatus
1662 1070 1878 1133 ofﬁcio;
1916 1084 2051 1137 quo-

482 1182 621 1235 niam
649 1180 807 1248 igitur
835 1173 982 1229 cordi
1015 1171 1166 1225 nob‘s
1212 1179 1292 1223 est
1322 1174 1377 1221 et
1404 1166 1503 1219 fuit
1545 1175 1601 1217 ut
1631 1176 1843 1231 semper
1867 1160 2058 1213 civita-

473 1277 592 1325 tum
617 1268 884 1324 antistites
914 1266 966 1319 in
996 1277 1179 1317 amore
1209 1262 1314 1313 sint
1344 1258 1581 1311 omnium
1604 1252 1901 1314 communi,
1924 1266 2058 1320 quo-

485 1378 601 1417 rum
651 1358 910 1429 regendas
958 1360 1276 1421 acceperunt
1326 1350 1565 1410 animas,
1636 1344 1828 1398 Paulus
1882 1349 2058 1394 autem

487 1450 963 1510 reverendissimus
998 1446 1153 1499 -nltro
1191 1458 1250 1497 se
1289 1441 1355 1494 de
1385 1455 1482 1494 suo
1524 1438 1702 1509 (prout
1745 1436 2063 1488 memorat-'-

487 1544 627 1611 mus)
645 1539 910 1597 abdicavit
931 1534 1252 1595 sacerdotio,
1276 1538 1593 1600 praesentem
1616 1526 1895 1594 epistolam
1911 1523 2007 1576 dm
2024 1524 2064 1575 i-

488 1633 605 1689 inus
634 1630 985 1703 dirigendam,
1033 1635 1090 1680 ιιι
1130 1624 1281 1678 vobis
1317 1619 1610 1689 aperiatur,
1643 1624 1697 1671 et
1733 1614 2063 1669 orationlb-is

490 1727 714 1796 propriis
740 1723 960 1779 caeleste
984 1718 1135 1772 nobis
1160 1713 1461 1784 praesidium
1493 1710 1738 1776 dignetur
1764 1704 2061 1775 acquirere.

491 1817 622 1870 Data
649 1812 886 1869 calendis
915 1810 1085 1873 Maiis,
1132 1800 1617 1868 Cunstautinupoli,
1662 1796 1963 1851 Justinianu
2013 1805 2059 1845 rt

495 1909 703 1966 Valerio
726 1907 853 1962 viris
870 1901 1179 1959 clari~simis
1191 1895 1501 1952 consulibus
1515 1894 1679 1961 (anno
1699 1888 1904 1944 Domini
1920 1887 2013 1941 Sil
2032 1886 2068 1949 ).

1132 2009 1435 2067 RELATIO

698 2147 955 2187 IPIPIMNII
993 2142 1219 2183 EPISC"PI
1243 2132 1877 2180 CONSTANTINOPOLITANI.

808 2221 1003 2276 Eadem
1035 2234 1148 2289 qua:
1174 2220 1225 2271 in
1246 2214 1499 2281 superiori
1524 2212 1760 2279 epistola.

568 2316 670 2370 Per
698 2314 874 2369 omnia
910 2327 1022 2367 sant
1042 2310 1253 2365 tissimo
1276 2322 1337 2362 ac
1363 2303 1672 2360 beatissimo
1695 2302 1908 2354 doinino
1931 2301 2077 2352 fratri

502 2421 560 2467 et
590 2406 1067 2464 comministratori
1097 2400 1396 2465 llormisdm
1421 2396 1744 2467 Epiphanius
1774 2394 2076 2460 ejti~c0ptts.

571 2498 987 2570 Frequentiores
1019 2494 1232 2563 quidem
1283 2492 1489 2544 litteras
1524 2488 1695 2539 facere
1739 2484 1803 2537 ad
1848 2490 2079 2536 vestram

502 2592 885 2651 beatitudinem
912 2598 965 2643 et
993 2586 1090 2640 frui
1132 2583 1323 2638 atii-ctu
1365 2581 1615 2634 fraterna:
1668 2574 1904 2629 caritatis
1935 2583 2084 2639 Opla-

502 2702 641 2742 mus.
669 2684 817 2739 Nunc
833 2691 1007 2735 autem
1027 2692 1087 2732 ea
1105 2692 1221 2744 qum
1235 2682 1525 2729 cvi-nerunt
1549 2670 1825 2735 cupientes
1850 2676 2081 2719 vestram

503 2775 911 2831 sanctimoniam
960 2784 1064 2823 non
1120 2768 1314 2830 latere,
1368 2760 1724 2832 praesentibus
1775 2757 1856 2809 usi
1902 2769 2085 2807 sumus

504 2868 737 2937 scriptis.
775 2861 954 2919 Multis
985 2862 1126 2916 enim
1160 2868 1212 2913 et
1257 2870 1362 2908 non
1415 2866 1577 2922 parvo
1618 2849 1791 2916 spatio
1829 2845 2085 2913 temporis

506 2960 996 3031 perturbatiOnilsns
1028 2952 1323 3010 Antioeltite
1348 2949 1631 3004 maximam
1654 2944 1946 3006 civitatem,
1969 2953 2087 3007 ane

511 3066 591 3109 est
620 3056 670 3109 in
700 3051 918 3107 dioecesi
949 3045 1205 3102 Orientali
1250 3043 1441 3111 prima,
1472 3034 1964 3093 circumstantibus,
1990 3031 2089 3085 sub

2619 969 2650 1001 “
2684 965 3011 1019 EPiSTULA
3053 961 3290 1015 LXXXI.

2429 1074 2493 1111 Αι)
2524 1065 2548 1092 ⁸
2581 1071 2835 1109 BENIGIL'II
2877 1068 3123 1106 κεκοιιωι
3165 1050 3472 1104 εῐιιεεοιίιτιι.

2171 1150 2317 1204 Vices
2349 1166 2468 1202 suae
2504 1149 2582 1200 illi
2626 1148 2832 1213 deputat
2859 1145 2911 1196 in
2941 1159 3095 1213 regno
3136 1140 3375 1213 Clodovei
3418 1136 3715 1191 Francorum

2514 1218 2647 1286 regis
2674 1233 2833 1285 nuper
2861 1215 2929 1267 ad
2959 1215 3112 1287 [idern
3141 1212 3389 1264 conversi.

2240 1310 2594 1364 Dilectissimo
2625 1309 2770 1361 fratri
2806 1306 3062 1370 Remigio,
3100 1301 3401 1355 llormisda.

2238 1400 2603 1467 Suscipientes
2652 1399 2803 1467 plena
2855 1394 3201 1449 fraternitatis
3246 1401 3349 1445 tua:
3398 1390 3718 1458 congratula-

2168 1494 2309 1546 linne
2353 1492 2649 1560 colloquia,
2698 1490 2891 1559 quibus
2953 1503 3049 1540 nos
3098 1499 3365 1553 germana:
3412 1482 3592 1535 Salutis
3636 1491 3725 1533 tua:

2169 1582 2457 1634 ltetificavit
2485 1579 2703 1643 indicio,
2729 1577 2993 1646 corporali
3020 1592 3140 1627 cum
3165 1573 3526 1642 spiritualibus
3554 1570 3727 1625 ofticiis

2171 1673 2534 1727 incolumitate
2582 1672 2841 1733 subnixa,
2875 1683 3167 1737 congruum
3215 1682 3333 1721 esse
3386 1668 3731 1734 perSpexintns

2103 1799 2143 1856 Β
2172 1766 2309 1819 hanc
2357 1766 2524 1834 ipsam
2573 1779 2731 1833 quam
2782 1772 2958 1816 tuente
3019 1762 3254 1831 gerimus
3320 1758 3496 1810 verbis
3545 1760 3736 1824 aperire

2178 1861 2433 1914 !:rtitiatn.
2487 1859 2612 1927 Agis
2658 1857 2799 1910 enim
2855 1856 3048 1909 sumnti
3097 1855 3417 1907 documenta
3463 1849 3734 1919 pontificis,

2178 1958 2302 2010 dum
2331 1968 2381 2010 et
2410 1955 2742 2022 praedicanda
2773 1952 2923 2016 facis,
2945 1962 2997 2005 et
3020 1969 3079 2003 ea
3113 1952 3390 2005 insinuare
3419 1965 3522 2002 non
3551 1946 3739 2001 differs.

2180 2050 2586 2119 Prtnrogativam
2634 2049 2791 2113 igitur
2820 2046 2886 2099 de
2919 2045 3086 2099 nostri
3138 2044 3465 2112 sumpsimus
3495 2041 3742 2095 electione

2176 2141 2268 2210 jud
2294 2142 2381 2205 cii,
2411 2140 2621 2209 quando
2667 2139 2718 2191 i.l
2751 2147 3027 2205 operatum
3062 2148 3113 2189 te
3139 2149 3258 2188 esse
3285 2134 3590 2196 didicimus,
3614 2131 3742 2200 quod

2181 2235 2390 2289 cmteris
2420 2233 2678 2303 agendum
2712 2231 2959 2285 obnixius
2988 2231 3331 2297 imperamus,
3369 2239 3424 2278 ιιι
3456 2228 3506 2278 in
3548 2225 3747 2292 proviuo

2184 2324 2280 2379 riis
2329 2336 2471 2376 tanta
2532 2322 2916 2390 longinquitate
2974 2318 3293 2387 disjunctis,
3346 2329 3400 2370 et
3464 2314 3751 2383 apostolirat

2185 2416 2327 2469 sedis
2357 2415 2614 2484 vigorem,
2641 2427 2693 2469 et
2744 2415 2957 2467 Patrum
3003 2412 3201 2479 regulis
3248 2410 3469 2463 studeas
3512 2406 3753 2460 adhibrro

2185 2507 2499 2561 custodiam.
2531 2505 2683 2558 Viccs
2725 2498 2903 2572 itaque
2948 2509 3160 2555 nostras
3188 2515 3283 2567 per
3314 2511 3541 2568 regnum
3586 2494 3754 2549 dib-rti

2190 2610 2243 2655 et
2273 2598 2563 2665 spiritttalis
2610 2597 2701 2650 filii
2748 2594 2915 2651 nostri
2963 2595 3144 2648 Ciudu-
3165 2595 3235 2650 ei.
3262 2605 3427 2660 quem
3460 2603 3647 2653 nui-er,
3676 2586 3757 2637 atl-

2194 2690 2541 2744 minicnlante
2571 2702 2798 2755 superna
2830 2687 3020 2753 gratia,
3054 2684 3293 2751 plurimis
3324 2691 3379 2735 et
3408 2677 3759 2749 apostolorum

2193 2782 2522 2848 temporibus
2551 2776 2942 2847 :rqniparandis
2964 2776 3238 2843 signorum
3274 2770 3554 2825 miraculis
3582 2768 3763 2838 prauit-

2190 2876 2452 2929 cationem
2480 2869 2807 2924 salutiferam
2840 2867 3172 2921 concontitau
3202 2864 3342 2931 ibus,
3371 2862 3441 2915 ad
3472 2859 3629 2913 fidem
3656 2870 3766 2908 rum

2192 2977 2351 3036 gente
2398 2970 2598 3033 integra
2631 2962 2959 3022 convenisti,
2993 2972 3044 3013 et
3072 2956 3209 3011 sacri
3257 2956 3401 3010 dono
3449 2952 3770 3022 baptismmis

2195 3055 2566 3116 consecrasti,
2618 3055 2781 3106 salvis
2829 3050 3118 3120 privilegiis
3167 3061 3285 3111 quan
3350 3039 3771 3112 tnetropolitanis

508 3147 786 3235 “nam”
817 3143 938 3235 qui.”
970 3130 1568 3235 Pf"!l"5_"mabms_[,)e°
1593 3127 1955 3235 ﬁR‘SW’f‘m“)
1980 3135 2091 3235 nl"?
2120 3172 2165 3235 ρ
2196 3147 2431 3203 decrevit
2479 3144 2797 3210 antiquitas,
2828 3139 3077 3208 praesenti
3127 3136 3454 3191 auctoritate
3499 3128 3774 3185 committi-

510 3246 727 3291 tnoratte
756 3232 941 3287 habuit
975 3228 1225 3287 civitatis,
1254 3234 1306 3277 et
1342 3220 1519 3275 multis
1548 3216 1696 3271 urbis
1726 3214 1896 3278 iusius
1935 3212 2087 3264 habi-

513 3327 791 3388 latoribus,
826 3324 965 3377 sicut
1000 3320 1251 3371 dixerunt
1286 3312 1468 3381 aliqui,
1508 3325 1536 3362 a
1567 3306 1828 3362 catholica
1860 3318 1978 3357 sese
2009 3317 2092 3355 se-

513 3417 848 3488 parantihus,
895 3420 950 3467 et
994 3408 1238 3464 assiduas
1274 3399 1732 3470 interpellationes
1764 3392 2092 3459 tranquillis-

513 3487 651 3565 simo
692 3517 745 3563 et
790 3504 1100 3560 fidertssimo
1138 3498 1363 3568 principi
1404 3503 1585 3547 nostro
1627 3487 2009 3555 ingerentibus,
2040 3494 2094 3539 et

514 3616 699 3657 eorum
731 3612 850 3669 qua!
892 3594 945 3649 in
983 3590 1378 3647 accusationem
1431 3582 1764 3639 ducebantur
1796 3576 2096 3646 inquisitio—

515 3708 636 3747 nem
682 3666 1101 3759 supplicantibus
1144 3680 1259 3733 fieri
1297 3674 1654 3731 manifestam.
1697 3670 1826 3735 Quze
1877 3666 2093 3736 quidem

516 3784 723 3839 initium
751 3780 875 3834 olim
905 3780 1266 3844 sumpserunt,
1299 3771 1439 3823 sicut
1468 3781 1566 3821 nec
1596 3764 1828 3818 directos
1857 3776 1884 3813 a
1918 3768 2094 3814 vestra

517 3872 796 3927 sanctitate
827 3868 938 3922 Deo
970 3863 1228 3918 amabiles
1265 3861 1466 3930 legatos
1507 3857 1675 3917 latuit,
1714 3868 1834 3907 cum
1865 3853 1917 3905 in
1950 3850 2092 3919 regia

518 3965 773 4034 degerent
799 3958 1036 4016 civitate.
1070 3959 1419 4023 agnoscentes
1446 3961 1608 4016 super
1648 3945 1729 3997 his
1756 3942 1956 3996 omnia.
1990 3942 2097 3994 Me-

517 4032 754 4113 moratus
780 4067 908 4121 ergo
938 4047 1178 4103 amabilis
1212 4044 1320 4098 Deo
1350 4042 1546 4095 Paulus
1584 4038 1839 4107 prodesse
1867 4033 1966 4087 sibi
1997 4032 2099 4085 hoc

524 4151 858 4212 existimans,
889 4160 984 4212 per
1028 4142 1235 4196 libellos
1273 4137 1514 4209 proprios
1551 4134 1838 4199 designatae
1873 4128 2101 4185 civitatis

524 4241 883 4295 desertiouem
929 4244 984 4289 et
1032 4232 1372 4303 episcopatus
1418 4226 1598 4295 elegit,
1646 4232 1701 4278 et
1746 4221 2100 4276 universalem

525 4336 779 4401 quietem,
810 4336 865 4383 et
900 4342 928 4380 a
956 4325 1134 4380 causis
1163 4320 1534 4375 alienationem
1575 4331 1633 4370 se
1673 4315 1923 4383 prmferre
1955 4330 2106 4366 mon-

528 4424 734 4477 stravit.
767 4420 895 4485 Qna'.
934 4416 1113 4469 omnia
1144 4422 1197 4469 et
1227 4412 1506 4466 amabilem
1549 4406 1764 4461 Christo
1808 4405 2103 4475 principem

2198 3253 2316 3293 mus
2341 3257 2351 3289 ;
2377 3246 2632 3304 augentes
2663 3233 2820 3285 studii
2854 3231 3009 3295 hujus
3041 3225 3452 3295 participatione
3505 3214 3774 3277 ministerii

2197 3332 2531 3402 dignitatem.
2571 3328 2869 3381 relevantes
2901 3330 3106 3375 nostras
3134 3317 3377 3387 ejusdem
3412 3310 3652 3370 remedio
3681 3309 3778 3361 di--

2200 3422 2527 3493 pensationis
2558 3418 2829 3474 excubias.
2870 3416 2931 3468 Et
2962 3415 3086 3467 licet
3114 3412 3181 3464 de
3224 3408 3458 3476 singulis
3508 3418 3614 3459 non
3652 3399 3778 3453 indi-

2196 3530 2320 3584 gens
2348 3512 2582 3571 edoceri,
2610 3524 2639 3562 a
2666 3523 2771 3578 quo
2788 3507 2895 3575 jam
2926 3501 3268 3573 probavimus
3290 3499 3511 3553 acutius
3541 3496 3780 3550 universa

2198 3602 2430 3665 servari,
2469 3601 2669 3670 gratius
2716 3607 2890 3651 tamen
2936 3609 3055 3647 esse
3100 3592 3257 3655 solet,
3286 3592 3331 3643 si
3386 3589 3548 3643 ituris
3596 3594 3783 3637 tram-s

2199 3693 2521 3756 ostenditur,
2549 3699 2603 3745 et
2632 3686 2947 3742 laboraturis
2980 3684 3196 3749 iniuncti
3225 3680 3413 3748 operis
3444 3680 3617 3733 forma
3648 3689 3788 3728 mon-

2200 3795 2416 3840 stratttr.
2454 3784 2707 3836 Paternas
2738 3779 2895 3845 igitur
2924 3776 3134 3844 regulas
3165 3783 3219 3827 et
3248 3774 3472 3825 tlecrcta
3520 3766 3789 3822 sancti-si-

2202 3877 2304 3931 mis
2332 3874 2556 3928 diftinita
2598 3870 2835 3925 conciliis
2865 3868 2931 3920 ah
2961 3865 3212 3920 omnibus
3254 3860 3531 3916 servanda
3580 3856 3792 3912 mando-

2204 3983 2339 4022 tnns.
2370 3967 2422 4018 ltt
2449 3966 2529 4018 bis
2545 3961 2867 4032 vigtlantiam
2892 3969 3052 4022 luant,
3077 3958 3127 4009 in
3153 3955 3235 4008 his
3252 3969 3445 4007 curam
3466 3958 3526 4006 et
3549 3950 3795 4003 freta-ruat

2206 4059 2401 4113 ntonia
2465 4035 2851 4110 exhortationis
2910 4048 3261 4103 ostendimus.
3330 4047 3428 4097 llis
3488 4060 3553 4098 ea
3602 4050 3790 4110 quanta

2204 4151 2420 4213 dignum
2471 4156 2554 4201 est
2601 4143 2894 4198 reverentia
2943 4139 3241 4203 custoditis,
3283 4136 3503 4190 nullum
3562 4130 3798 4196 relinquit

2205 4242 2375 4311 cnlpze
2424 4241 2597 4294 locum
2637 4247 2831 4291 sancta:
2870 4231 3260 4290 observationis
3300 4222 3678 4282 obstaculum.
3727 4220 3797 4274 lbi

2210 4310 2305 4385 fasi
2334 4333 2586 4396 nefasque
2634 4327 3004 4397 prtescriptum
3059 4332 3178 4386 est,
3231 4321 3300 4374 ibi
3351 4318 3697 4389 prohibitum
3741 4310 3799 4362 ad

2208 4423 2347 4493 qttod
2403 4422 2577 4473 nullus
2622 4417 2814 4471 audeat
2856 4416 3130 4483 aSpirare,
3162 4412 3232 4466 ibi
3283 4423 3622 4466 concessum
3673 4401 3805 4467 qtn-d

528 4524 762 4569 nostrum
794 4511 1072 4567 manifesta
1114 4505 1426 4562 reverentiae
1472 4511 1661 4595 vestrae
1714 4500 1905 4554 fecisse
1951 4497 2103 4551 uovi-
2140 4541 2182 4595 ῃ
2211 4516 2401 4569 (λυθείη
2431 4512 2541 4566 Deo
2573 4510 2822 4579 placitum
2862 4520 3203 4575 prmsumere.
3239 4502 3517 4570 Quone“
3550 4498 3805 4551 ,πηνα-επ

534 4622 687 4660 mus:
718 4604 811 4659 sed
845 4619 985 4657 nunc
1014 4601 1261 4655 omnibus
1298 4597 1451 4651 nobis
1492 4593 1794 4663 pretiosius,
1827 4599 1880 4643 et
1905 4590 1971 4644 de
2001 4605 2106 4655 quo

531 4698 761 4751 maxime
794 4695 1038 4749 noctibus
1074 4705 1126 4746 et
1155 4691 1344 4745 diebus
1389 4690 1583 4741 bonum
1630 4684 1871 4738 nuntium
1917 4683 1984 4736 de
2027 4683 2108 4736 Itis

530 4788 616 4856 qtti
649 4787 717 4840 ab
747 4784 1111 4838 amantissimo
1146 4780 1384 4848 principe
1413 4787 1514 4832 cta
1555 4775 1709 4829 nobis
1746 4774 1931 4829 directi
1985 4781 2109 4827 sant

531 4879 594 4933 ad
626 4887 855 4933 vestram
895 4873 1274 4930 beatitudinem
1318 4872 1428 4925 Deo
1464 4868 1716 4923 amabiles
1759 4848 1946 4935 legati,
1979 4866 2110 4919 arui-

534 4987 648 5025 eam
677 4970 787 5026 Deo
820 4983 1003 5038 pacem
1042 4965 1368 5027 nuntiantes,
1413 4971 1465 5015 et
1497 4961 1670 5015 omnia
1712 4959 2105 5030 pulchritudine

533 5065 725 5117 decora
756 5061 1011 5115 unitatem
1045 5066 1346 5112 sanctarum
1379 5054 1735 5108 Ecclesiarum
1784 5052 2106 5106 annuntian-

534 5210 560 5237 τι
599 5210 918 5254 οηεειινλτιο
956 5210 1003 5248 e.
1046 5207 1249 5247 Its-roxn
1292 5206 1406 5272 me}
1449 5206 1514 5243 ae
1555 5206 1678 5243 ass.
1724 5203 1926 5242 cntusrt
1966 5188 2105 5254 5L5,
2156 5200 2165 5211 '

1213 5279 1336 5315 utin.

609 5360 921 5413 llincmarus
942 5356 992 5407 iu
1018 5355 1139 5408 Vita
1166 5355 1331 5407 sancti
1358 5351 1579 5419 Remigii
1608 5351 1839 5417 episcopi
1872 5349 2072 5402 Reman
2091 5379 2109 5392 ο

536 5432 638 5493 sis,
672 5437 946 5497 postquam
993 5425 1186 5497 bellum
1241 5423 1654 5497 Visigothicnrn,
1686 5421 2005 5497 Ilti_~s:tmt|ttt‘,
2046 5421 2112 5474 ab

537 5488 819 5554 Anastasio
855 5497 1095 5565 Angit-to
1145 5488 1540 5565 legrttiouetn‘in
1574 5488 1849 5565 Franciatu
1883 5505 2104 5541 enarra—

492 5610 493 5613 η
539 5571 632 5631 vit,
663 5570 768 5637 agit
797 5570 863 5622 de
890 5560 1142 5619 vicariatu
1174 5560 1266 5616 seu
1295 5565 1363 5637 de
1387 5561 1625 5637 Primatu
1669 5560 1821 5622 hujus
1866 5562 2109 5625 prasnlis

542 5628 637 5705 per
673 5628 973 5691 liilinﬂ'Slllll
1023 5648 1241 5693 regnum
1286 5628 1911 5705 Clo_dovet_Fran_eorutn
1948 5630 2107 5689 regis,

541 5697 699 5772 quem
727 5708 948 5774 ipsemet
972 5706 1173 5774 primus
1199 5718 1260 5755 ex
1283 5699 1513 5774 arivltivis
1534 5697 1789 5774 Ecclesiae
1817 5711 1925 5747 sne
1950 5702 2108 5757 eruit,

545 5765 795 5842 illiusque
824 5765 1076 5842 originem
1116 5768 1429 5833 Hormisdae,
1460 5768 1548 5835 qui
1582 5767 1679 5820 hoc
1730 5780 1868 5820 anno
1898 5765 2113 5830 pontifi-

2217 4605 2386 4674 poscit
2433 4601 2705 4671 religionis
2748 4612 2907 4653 causa
2958 4595 3265 4657 concilium,
3298 4608 3349 4649 te
3401 4591 3596 4647 cuncti
3628 4589 3809 4641 fratres

2216 4706 2473 4749 evocante
2520 4692 2873 4753 conveniant,
2921 4699 2976 4742 et
3029 4688 3072 4741 si
3121 4700 3254 4754 quos
3307 4700 3512 4739 eorum
3570 4676 3812 4748 specialis

2216 4787 2409 4856 negetii
2438 4785 2609 4852 pulsat
2640 4782 2884 4848 intentio,
2915 4780 3084 4848 jurgia
3126 4780 3263 4831 inter
3301 4775 3402 4829 eos
3446 4775 3649 4828 oborta
3675 4782 3813 4823 cont-

2217 4892 2399 4945 pesce,
2424 4874 2662 4928 discussa
2691 4886 2841 4925 sacra
2887 4872 2999 4937 lege
3043 4866 3466 4920 ili-terminando
3500 4860 3814 4917 certamina.

2215 4965 2477 5035 Quidquid
2509 4973 2683 5017 autem
2712 4962 2819 5015 illic
2852 4976 2947 5030 pro
2974 4960 3075 5014 [ide
3101 4968 3153 5012 et
3176 4956 3407 5012 veritate
3430 4954 3817 5010 constitutum.

2216 5058 2304 5112 vel
2334 5056 2551 5126 provida
2600 5053 2999 5121 dispensatione
3049 5056 3406 5119 praeceptum,
3443 5047 3537 5100 vel
3584 5054 3821 5113 personat

2214 5202 2389 5244 catum
2436 5191 2731 5243 Ruinanntn
2766 5186 3019 5254 suscepit,
3056 5193 3327 5249 acceptam
3360 5181 3569 5236 refert.
3606 5179 3675 5235 At
3704 5191 3819 5232 ctmt

2216 5277 2418 5315 certum
2469 5262 2537 5314 sit
2567 5260 2874 5313 Clodoveum
2936 5259 3000 5307 ad
3054 5254 3349 5308 llormisdse
3411 5264 3675 5317 tempora
3724 5262 3820 5317 non

2220 5332 2549 5399 pet-venisse,
2591 5340 2797 5395 sntupta
2849 5328 2967 5379 inde
3012 5328 3078 5399 ab
3125 5326 3400 5393 aliquibus
3471 5315 3611 5374 viris
3660 5315 3826 5371 doctis

2221 5394 2348 5455 ansa
2378 5394 2725 5455 existimandi
2746 5416 2861 5451 eam
2898 5398 3168 5449 historiam
3203 5394 3657 5449 commentitiam
3688 5402 3822 5443 esse.

2220 5472 2450 5538 indeque
2481 5473 2620 5523 varia
2655 5469 2849 5534 scripta
2876 5468 2998 5520 hinc
3032 5467 3152 5518 inde
3178 5466 3461 5532 prodiere.
3499 5459 3825 5533 Sirtnondns

2220 5526 2502 5609 epiStolam
2547 5543 2688 5594 illam
2743 5526 3034 5592 iittl‘llliSti.tP
3067 5538 3130 5588 ad
3158 5526 3490 5609 Remigium
3522 5550 3552 5585 a
3590 5526 3828 5606 cunctbis

2218 5598 2507 5666 Gallicanis
2538 5611 2751 5678 reiecit,
2787 5612 3091 5676 nullamque
3122 5607 3237 5673 ejus
3279 5598 3571 5659 rationem
3624 5598 3825 5655 habuit.

2293 5709 2309 5728 '
2344 5706 2415 5758 Ex
2449 5703 2645 5757 Labbei
2684 5703 2952 5773 Append.,
2985 5709 3114 5754 tom.
3148 5698 3236 5753 IV.
