3998 6368
259 327 357 380 529

1221 328 1565 383 APPENDIX
1604 328 1694 382 AD
1735 327 2104 383 EPISTULAS
2148 327 2542 383 IIORMISDE.

3411 332 3509 389 530

258 440 706 512 perceptionibus
748 450 802 497 et
845 441 1279 508 obaudire:qu'a
1326 456 1446 493 cttm
1496 441 1688 512 talibus
1724 456 1827 491 non
1860 442 1906 499 Α
1972 440 2183 512 _Exigit
2220 441 2439 496 dilectio
2478 455 2590 509 tua,
2642 443 2805 498 frater
2846 442 3140 507 carissime,
3187 453 3507 512 prteceptum

255 510 417 575 rixas,
445 513 541 565 sed
587 529 770 580 pacem
811 529 874 565 ex
916 516 1270 577 qualicunque
1311 522 1458 577 parte
1497 510 1632 563 habe
1664 528 1693 563 e
1737 512 1830 561 de-

253 581 447 633 sidero.
495 582 561 636 Et
594 584 695 636 hoc
741 582 1021 646 diligen'er
1059 581 1435 634 attendendum
1476 591 1578 634 est.
1608 581 1755 645 Quod
1786 580 1829 632 si

253 651 543 705 secundum
567 653 708 721 quod
740 654 997 719 st-riptum
1029 664 1130 713 est,
1162 652 1233 704 illi
1261 650 1440 703 ciet-ici
1479 667 1561 716 qui
1594 652 1657 701 ad
1694 665 1831 701 uxo-

252 735 335 773 res
365 725 614 789 proprias
643 722 889 786 redi-unt,
926 734 991 773 att
1024 724 1229 788 integro
1275 722 1341 771 ab
1386 721 1567 774 ollicio
1608 728 1829 786 suSpen-

249 789 469 846 dantur.
504 792 658 858 Quod
690 794 733 845 si
762 794 921 845 etiam
953 792 1124 844 dicam
1157 801 1208 842 t-t
1244 790 1687 855 iuternuptiarutn
1720 805 1831 840 nta-

252 860 361 932 titi;
394 863 485 929 qui
537 864 717 932 utique
764 878 875 915 rem
922 862 1119 915 licitum
1168 860 1597 932 facittnt,_cl_eric_i
1654 870 1828 932 tamen

249 929 485 985 ordinari
520 929 644 985 non'
678 943 900 999 possunt
936 950 949 986 :
981 939 1073 984 aut
1106 932 1151 984 si
1184 930 1412 983 ordinati
1458 929 1672 991 fuerint,
1698 929 1831 995 deji-

248 1004 480 1055 cinntur.
539 1003 611 1057 De
652 1003 1103 1070 quibussanctus
1156 1000 1384 1054 Faustus
1441 1001 1731 1070 episcopus
1777 1003 1826 1051 in

248 1070 472 1135 epistula
503 1087 599 1125 sua
630 1069 769 1125 dixit
799 1088 815 1125 :
846 1069 1023 1125 Perdit
1053 1071 1271 1139 gratiam
1316 1070 1616 1139 consecrati,
1646 1069 1734 1137 qui
1763 1071 1830 1120 ad

248 1141 467 1207 ofﬁcium
508 1144 611 1195 ruit
638 1142 907 1196 επεν-εὔιατὶ
934 1138 1120 1194 mariti.
1164 1140 1296 1193 Cum
1328 1138 1441 1193 luce
1470 1140 1535 1191 ita
1565 1141 1697 1201 sint,
1725 1155 1827 1206 qua

247 1214 576 1266 conscient-a
628 1212 851 1281 quisque
895 1211 1075 1265 diovre
1136 1212 1332 1277 poterit
1403 1208 1543 1277 quod
1601 1210 1692 1261 ille
1736 1211 1825 1276 qui

247 1281 568 1334 adttitertum
616 1283 944 1335 εηιιιιηὶενινίι
996 1281 1184 1335 iterum
1239 1282 1303 1332 ad
1349 1282 1604 1331 honorem
1646 1281 1828 1331 venire

248 1352 476 1415 poterit?
522 1352 631 1404 Hoc
662 1352 809 1412 loco,
842 1353 886 1404 si
918 1352 1109 1420 aliquis
1151 1350 1307 1404 fuerit
1343 1350 1429 1417 qui
1450 1349 1604 1420 dicat
1638 1367 1649 1400 :
1694 1350 1829 1416 Ergo

247 1436 411 1487 negas
458 1422 879 1475 miserietrdiam
930 1418 1041 1487 Dei,
1073 1420 1163 1490 qui
1210 1421 1345 1473 dixit
1386 1435 1401 1473 :
1438 1418 1827 1490 Nologmortem

255 1493 561 1557 peccatoris,
588 1493 678 1545 sed
707 1501 761 1544 ut
784 1487 1105 1545 convertatur
1127 1500 1173 1545 et
1202 1492 1369 1553 vivat;
1398 1498 1453 1543 et
1480 1487 1651 1542 illud:
1679 1487 1831 1541 Nun-

248 1563 368 1682 Ἡιὶά
413 1564 501 1629 qui
549 1563 706 1627 cadit,
755 1578 859 1615 non
907 1563 1115 1631 adjiciat
1158 1570 1213 1613 ut
1258 1568 1518 1629 resurgat;
1558 1570 1609 1614 et
1648 1559 1775 1613 illud
1812 1578 1823 1611 :

293 1640 497 1682 eccator
519 1633 572 1682 in
600 1648 898 1682 auacunaue
928 1635 1013 1682 die
1037 1646 1306 1682 conversus
1335 1632 1503 1682 fuerit.
1531 1645 1701 1682 omnes
1729 1630 1823 1682 ini-

293 1640 497 1684 eccator
519 1633 572 1685 in
600 1648 898 1700 quacunque
928 1630 1013 1684 die
1037 1646 1306 1683 conversus
1334 1632 1503 1698 fuerit,
1531 1645 1701 1682 omnes
1729 1630 1825 1682 ini-

247 1702 456 1774 quitach
497 1705 608 1774 ejus
652 1702 893 1774 oblivioni
944 1701 1245 1755 tradentur?
1269 1700 1377 1774 Sed
1418 1700 1492 1774 ad
1538 1701 1652 1753 hate
1692 1715 1827 1774 voce

246 1770 413 1858 libera
456 1770 800 1858 respondere,
829 1781 884 1825 et
912 1786 1210 1858 possunttts,
1244 1787 1291 1824 e'
1348 1770 1624 1858 dcbe'utu's.
1672 1770 1826 1858 Absit
1858 1799 1902 1858 Β

247 1842 399 1895 nobis
426 1853 481 1895 ut
510 1843 575 1896 tle
607 1844 723 1898 istis
750 1844 1030 1898 sententiis
1054 1842 1331 1897 videamur
1370 1840 1451 1894 vel
1484 1841 1674 1893 leviter
1715 1844 1819 1893 du-

246 1913 279 1965 b
304 1922 440 1968 tare.
489 1912 879 1967 Dil'ltnitissime
921 1914 1066 1967 enim
1102 1912 1370 1967 credimus
1405 1927 1437 1980 q
1463 1912 1545 1963 :od
1596 1909 1823 1979 quisque

246 1982 311 2034 ad
350 1984 512 2035 linem
553 1985 675 2038 vite
719 1998 830 2038 suae
875 1984 1239 2051 paenitentiam
1278 1986 1467 2048 egerit,
1503 1996 1606 2034 non
1649 1980 1821 2034 solum

250 2051 636 2121 indulgentiam
667 2055 913 2123 accipiet,
944 2054 1038 2108 sed
1066 2056 1225 2107 etiam
1272 2053 1335 2107 ad
1383 2054 1821 2123 praentiamterna

248 2125 551 2189 perveniet.
588 2122 811 2192 Propter
842 2125 1077 2192 regulam
1114 2133 1288 2177 tamen
1319 2122 1738 2177 ecclesiasticam
1770 2130 1825 2176 et

248 2203 467 2261 propter
503 2197 843 2262 antiquorum
894 2192 1108 2248 Patrum
1154 2194 1415 2259 instituta,
1446 2192 1765 2262 quoiliabsit
1792 2207 1822 2246 a

247 2265 437 2328 nobis,
467 2274 560 2318 aut
605 2261 1022 2330 reprehendere,
1066 2273 1156 2318 aut
1203 2264 1469 2318 discutere
1513 2261 1615 2316 aud
1650 2276 1821 2316 amns.

245 2334 490 2403 (Eumque
534 2334 802 2390 credimus
849 2336 913 2388 ad
961 2340 1119 2388 vitam
1162 2345 1412 2388 auertant
1456 2343 1575 2399 post
1615 2334 1821 2386 beatam

246 2405 623 2469 [uertiteutiam
656 2406 877 2471 venire,
903 2405 968 2459 ad
1016 2405 1273 2459 honorem
1317 2404 1605 2457 clericatus
1631 2416 1818 2455 sciun-

244 2473 373 2527 dttm
403 2483 674 2543 tantorum
699 2472 912 2529 Patrum
942 2484 1203 2543 prmcepta
1230 2477 1477 2527 noiimus
1493 2489 1596 2527 non
1627 2473 1824 2527 debere

246 2547 472 2609 reverti,
504 2546 559 2599 in
590 2542 815 2609 tantum,
847 2555 901 2599 nt
932 2542 981 2599 in
1013 2542 1304 2599 canonibus
1334 2548 1590 2612 scriptum
1623 2552 1731 2605 est,
1759 2558 1825 2597 ne

145 2656 160 2669 .
246 2616 388 2669 ullus
418 2631 651 2684 unquam
685 2618 947 2685 patuitens
984 2617 1213 2669 clericus
1238 2614 1531 2669 ordinetur.
1567 2614 1633 2667 Et
1660 2614 1708 2685 si
1737 2613 1825 2667 ille

241 2690 334 2752 qui
373 2683 523 2739 ultro
551 2683 697 2755 petiti
723 2687 1112 2755 paenitentiam,
1138 2688 1380 2755 quamvis
1427 2699 1544 2737 cam
1592 2683 1826 2755 perfecte

241 2756 378 2826 egit,
435 2753 763 2826 non‘potes—t
807 2758 1091 2826 episcopus
1130 2753 1221 2809 aut
1252 2758 1386 2826 prcs'
1412 2764 1525 2824 yter
1568 2753 1823 2826 orditari,

242 2822 315 2878 ita
348 2838 405 2879 ut
452 2822 661 2881 etiarnsi
712 2844 804 2890 per
843 2822 1199 2896 ignorantiam
1246 2822 1433 2878 ordina
1465 2840 1523 2876 us
1557 2822 1744 2896 _t'n__rit.
1772 2834 1827 2876 et

241 2906 431 2962 postea
459 2899 796 2951 convincitur
829 2894 1086 2965 paeniteat
1108 2912 1191 2948 am
1222 2897 1513 2961 accepisse,
1537 2894 1826 2962 dejit-iatur

240 2967 364 3030 il'e;
397 2969 489 3036 qui
536 2968 733 3022 invuus
764 2968 829 3021 ad
874 2967 1235 3036 pteuitentiatn
1268 2966 1527 3033 agendam
1557 2965 1606 3017 in
1646 2978 1825 3036 mona-

239 3035 470 3091 sterium
505 3040 762 3106 mittitur,
795 3047 842 3092 et
877 3041 1058 3107 utique
1097 3037 1222 3097 quid
1272 3036 1415 3107 aliud
1447 3051 1602 3107 quam
1657 3035 1825 3101 paeni-

240 3116 363 3159 tens
389 3107 651 3163 dicendus
671 3104 771 3171 est,
789 3124 890 3176 qua
906 3104 1229 3162 consc'entia
1250 3106 1313 3159 ad
1332 3104 1684 3160 Sacerdotium
1706 3121 1822 3171 per-

1939 508 2182 577 (Zacltar.
2205 512 2353 580 epist.
2387 514 2438 580 l)
2463 508 2771 581 apoStolicze
2792 514 2955 577 sedis,
2978 516 3026 565 itt
3049 528 3154 577 quo
3182 508 3391 567 Patrum
3415 515 3508 567 du-

1934 588 2078 651 creta
2129 584 2490 647 consentiunt,
2535 584 2674 651 quod
2705 599 2803 638 nec
2848 585 2963 649 tibi,
3006 600 3103 637 nec
3134 584 3226 637 ulli
3258 597 3402 638 recte
3434 585 3506 637 vi-

1936 650 2167 721 ventium
2201 661 2250 703 et
2296 654 2626 707 credentium
2652 653 3008 713 sacerdotum,
3044 670 3238 721 negare
3269 655 3345 707 fas
3385 670 3506 709 esse

1932 719 2215 793 credimus.
2255 722 2318 773 Et
2350 722 2473 775 licet
2503 724 2592 777 tilti
2627 739 2722 791 pro
2754 724 2942 777 merito
2972 719 3179 793 (1mm.
3201 725 3348 793 epist.
3374 725 3431 787 ἢ)
3453 737 3505 780 et

1936 791 2154 862 honore
2184 794 2489 862 sacerdotii,
2522 809 2627 860 quo
2656 793 2940 861 plurimum
2983 791 3177 862 polles,
3210 791 3419 847 vivendi
3451 806 3503 849 et

1932 860 2157 931 ducendi
2189 860 2567 917 ecclesiastica:
2595 860 2790 931 regula:
2822 878 2944 916 uola
2985 860 3089 917 sint
3118 866 3296 917 omnia
3338 866 3503 927 (uota:

1933 930 2040 981 sint
2074 945 2167 996 per
2212 934 2439 992 omnia).
2467 946 2641 986 tamen
2662 930 2791 1001 quia
2820 932 3071 987 Romanae
3103 934 3353 988 Ecclesia:
3383 951 3498 986 nor-

1932 1014 2070 1071 mam
2101 1009 2258 1071 atque
2285 1004 2653 1057 auctoritatem
2684 1018 3000 1071 magnopere
3027 1004 3347 1069 postulasti,‘
3369 1008 3501 1059 scri-

1933 1068 2037 1147 ptis
2060 1070 2163 1147 tuis
2182 1068 2423 1147 breviter
2444 1068 3249 1147 responderemtravimus_(non
3273 1074 3499 1147 denega-

1932 1139 2145 1214 vimus).
2194 1139 2267 1192 De
2307 1144 2524 1214 ocgttltis
2558 1142 2822 1214 (Prospcri
2870 1154 2999 1195 sent.
3031 1142 3121 1209 2|)
3151 1144 3291 1196 enim
3323 1139 3500 1198 corilis

1930 1207 2108 1280 alieni
2144 1218 2345 1265 temere
2387 1207 2626 1276 judicare
2667 1207 2900 1280 iniquum
2942 1220 3042 1273 est,
3084 1207 3305 1268 etcum.
3348 1215 3498 1279 cujus

1933 1293 2036 1330 non
2066 1279 2311 1333 videntur
2328 1296 2485 1348 opera
2514 1283 2611 1335 nisi
2648 1279 2811 1344 bona,
2831 1292 3101 1348 peccatum
3124 1291 3205 1335 cst
3231 1298 3293 1335 ex
3324 1284 3497 1349 suspi-

1931 1350 2085 1403 cione
2106 1349 2517 1419 reprehendere.
2541 1353 2680 1407 Oves
2702 1368 2848 1415 ergo,
2872 1368 2990 1419 qua:
3015 1354 3210 1418 pasIOIi
3236 1367 3330 1404 suo
3354 1368 3497 1407 cotu-

1932 1419 2108 1491 misse
2141 1418 2354 1484 fuerint,
2408 1437 2529 1475 eum
2562 1438 2661 1476 nec
2696 1418 3104 1491 reprehendere,
3150 1423 3248 1474 nisi
3283 1438 3312 1475 a
3353 1432 3493 1476 recta

1934 1488 2037 1541 lide
2086 1491 2500 1555 exerbitaverit,
2539 1488 2770 1555 debent,
2802 1501 2856 1546 et
2903 1494 3203 1545 nullatenus
3246 1507 3497 1547 accusare

1933 1570 2154 1624 possunt
2200 1576 2212 1611 :
2259 1562 2379 1629 quia
2412 1562 2545 1616 facta
2592 1573 2862 1631 pastorum
2903 1563 3011 1614 oris
3053 1563 3229 1630 gladio
3261 1564 3495 1615 ferienda

1932 1643 2035 1701 non
2067 1638 2210 1701 sunt,
2240 1646 2538 1701 quanquam
2561 1642 2703 1688 recte
2725 1632 3161 1697 reprehendenda
3189 1633 3490 1687 videantur.

1935 1697 2056 1751 Ideo
2087 1700 2182 1752 ista
2216 1697 2459 1764 dicimus,
2492 1704 2615 1770 quia
2648 1704 2697 1755 iu
2726 1702 2935 1770 scrip'is
2965 1703 3155 1756 vestris
3200 1704 3493 1770 reperimus

1930 1770 2185 1836 quosdam
2202 1772 2480 1839 episcopos
2497 1774 2687 1826 vestris
2701 1775 2751 1826 in
2771 1773 3005 1835 partibus
3022 1789 3046 1823 a
3066 1772 3491 1841 propritsovbus

1927 1850 2220 1907 accusatos,
2238 1842 2442 1909 aliquos
2459 1844 2702 1897 videlicet
2720 1859 2782 1897 ex
2798 1844 3122 1909 suspicion»,
3136 1854 3189 1896 et
3204 1842 3409 1911 aliquos
3425 1861 3487 1894 «εχ

1925 1920 2067 1981 certa
2082 1911 2302 1972 ratione,
2320 1923 2372 1966 et
2384 1911 2583 1967 ideirco
2599 1914 2854 1981 quosdam
2868 1912 2977 1965 suis
2992 1928 3109 1965 esse
3123 1913 3279 1967 rebus
3295 1928 3491 1979 exspu-

1928 1977 2107 2052 Ιίθιοίι
2127 1982 2382 2049 quosdam
2409 1998 2533 2037 vero
2555 1999 2582 2036 a
2603 1977 2808 2052 propria
2824 1985 2949 2037 sede
2965 1984 3159 2047 pulsos.
3186 1985 3328 2048 Quos
3353 1977 3489 2035 scias

1928 2065 2025 2102 nee
2050 2051 2113 2104 ad
2137 2051 2395 2119 synodum
2416 2051 2939 2122 comprovincialeut,
2966 2069 3062 2107 nec
3084 2053 3150 2106 ad
3181 2054 3485 2121 generalem

1929 2135 2082 2187 posse
2115 2123 2415 2187 convocari,
2450 2138 2549 2177 nec
2578 2124 2629 2177 in
2666 2124 2844 2192 aliquo
2873 2123 3169 2191 diiudicari,
3206 2133 3486 2191 antequam

1926 2200 2113 2243 cuncta
2154 2207 2270 2257 qum
2299 2194 2376 2246 eis
2420 2194 2593 2247 ablata
2644 2204 2766 2247 sunt
2796 2194 2997 2259 legibus
3028 2194 3273 2261 potestati
3303 2207 3487 2246 eorum

1928 2262 2374 2328 redintegrentut'.
2401 2263 2553 2316 Prius
2575 2278 2702 2331 ergo
2730 2264 3127 2333 oportetomuia
3154 2264 3255 2315 illis
3282 2262 3484 2329 legibus

1929 2333 2297 2402 redintegrari,
2327 2341 2381 2386 et
2406 2334 2672 2388 Ecclesias
2700 2349 2819 2402 qua:
2857 2333 2933 2386 eis
2959 2333 3180 2387 sublatae
3224 2341 3487 2386 suntcum

1927 2401 2070 2453 omni
2102 2400 2377 2470 privilegio
2416 2418 2512 2457 suo
2545 2400 2770 2467 restitui,
2796 2412 2849 2457 et
2878 2404 3212 2467 pOStmodum
3261 2418 3363 2455 non
3390 2405 3490 2455 sub

1928 2472 2135 2543 angusti
2163 2472 2429 2543 (angusto)
2473 2475 2729 2531 temporis
2758 2474 2947 2538 Spatio,
2980 2474 3071 2527 sed
3114 2483 3314 2526 tantum
3358 2482 3491 2525 tent-

1930 2542 2072 2613 pttris
2113 2543 2340 2608 spatium
2384 2559 2462 2613 es
2504 2544 2871 2613 indulgeatur,
2912 2553 3165 2611 quantum
3210 2544 3487 2607 exspobati

1928 2610 2009 2663 vel
2033 2615 2238 2679 expulsi
2261 2629 2379 2666 esse
2404 2631 2419 2661 ι
2436 2610 2675 2678 identur,
2693 2610 2972 2681 antequam
2994 2614 3057 2667 ad
3081 2614 3340 2683 synodum
3363 2627 3488 2666 ceu-

1931 2693 2208 2753 Vttcctttur,
2243 2694 2294 2735 et
2323 2684 2391 2736 ab
2417 2685 2661 2738 omnibus
2689 2684 2912 2753 quisque
2941 2699 3048 2737 sua}
3072 2681 3357 2752 provincia
3379 2684 3490 2750 epi-

1928 2752 2103 2815 scopis
2129 2753 2387 2806 audiatur.

1997 2820 2127 2874 Nam
2160 2838 2253 2875 nec
2279 2824 2558 2878 convocari
2587 2824 2651 2877 ad
2682 2837 2916 2889 causam,
2950 2839 3047 2877 nec
3073 2824 3352 2888 diiudicari
3397 2840 3489 2891 po-

1930 2898 2031 2963 test
2060 2894 2380 2959 exspoliatus
2412 2895 2490 2947 vel
2524 2894 2775 2963 expulsus
2826 2892 2912 2961 (1η
2945 2896 3081 2947 decr.
3122 2894 3236 2945 leo.
3266 2896 3354 2947 lib.
3386 2898 3485 2962 tv),

1928 2962 2045 3028 quit
2080 2978 2186 3015 non
2226 2972 2306 3015 est
2343 2962 2670 3031 privilegiUm
2713 2980 2818 3032 quo
2859 2964 3145 3032 exspoliari
3181 2965 3344 3028 possit
3376 2965 3485 3031 jam

1930 3032 2174 3085 nudatus.
2228 3032 2375 3087 Unde
2405 3045 2457 3087 et
2500 3035 2788 3101 antiquitus
2826 3035 3098 3087 decretum
3132 3042 3217 3087 est
3247 3049 3261 3087 :
3290 3034 3487 3087 Omnes

1932 3104 2316 3167 possessiones,
2372 3112 2427 3156 et
2471 3107 2646 3157 omnia
2690 3104 2788 3156 sibi
2835 3104 3059 3165 sublata,
3099 3113 3257 3171 atque
3289 3104 3488 3169 fruetus

148 3212 159 3223 ο
238 3183 430 3232 venire
460 3167 820 3247 permittitur“?
845 3180 1010 3233 Nemo
1039 3178 1169 3231 mihi
1195 3178 1295 3229 alia
1318 3177 1611 3247 quamlibet
1635 3167 1818 3228 contra
1852 3167 1897 3230 C
1927 3182 2146 3224 cunctos
2175 3183 2296 3247 ante
2324 3174 2470 3227 litetn
2490 3184 2832 3247 contestatam
2865 3167 3274 3247 (constittuaitt),
3294 3176 3338 3247 ’ξ
3368 3167 3486 3240 per-

237 3250 621 3303 auctoritatem
666 3249 809 3303 sedis
853 3251 1179 3318 apostolica),
1225 3247 1303 3301 vel
1362 3255 1549 3301 contra
1619 3255 1824 3298 ll'Ct‘ett-

237 3327 419 3372 torum
463 3319 650 3374 decem
698 3329 754 3373 et
801 3330 922 3373 octo
968 3320 1337 3386 episcoporum
1394 3325 1693 3386 praecepta,
1737 3320 1817 3369 vel

237 3389 570 3456 reliquorum
615 3404 877 3444 canonum
906 3398 1101 3444 statuta
1138 3388 1357 3455 objiciet,
1381 3406 1392 3437 :
1419 3388 1540 3455 quia
1570 3387 1818 3452 quidqunl

236 3469 426 3512 contra
457 3460 669 3514 illorum
715 3460 1084 3514 diflinitionem
1113 3459 1165 3513 in
1191 3457 1382 3527 quibus
1412 3458 1667 3525 Spiritum
1698 3471 1823 3508 san-

234 3538 383 3583 ctunt
409 3531 643 3583 locutum
669 3545 789 3585 esse
814 3529 1101 3591 credimus,
1127 3529 1323 3582 dictum
1354 3529 1530 3592 fuerit,
1556 3529 1702 3593 recip
1741 3544 1818 3587 re,

235 3614 344 3652 non
373 3602 553 3653 solum
582 3601 949 3665 temerarium,
982 3600 1075 3654 sed
1108 3602 1270 3653 etiam
1317 3600 1672 3667 periculosum
1702 3612 1822 3648 esse

236 3683 351 3722 non
374 3670 587 3724 dubito.
626 3670 787 3725 Valde
814 3672 956 3724 enim
986 3678 1164 3724 metuo
1194 3684 1245 3723 et
1274 3667 1631 3722 contremisco
1676 3667 1818 3719 illam

232 3738 639 3795 damnationem
655 3757 812 3809 quam
829 3741 917 3795 ille
929 3740 1177 3793 sacerdos
1194 3748 1404 3806 propter
1416 3750 1457 3791 Si
1468 3738 1628 3790 ultam
1648 3736 1821 3788 indul-

233 3811 470 3877 gentiam
490 3810 740 3879 aecipere
757 3812 968 3875 nteruit,
985 3812 1072 3879 qui
1091 3826 1187 3878 pro
1201 3824 1264 3862 eo
1280 3809 1418 3877 quod
1434 3812 1572 3879 illius
1586 3822 1708 3879 sui»
1726 3822 1823 3879 nec

235 3875 571 3949 negligenter
591 3875 889 3949 castigavit,
908 3890 962 3933 et.
982 3875 1071 3933 ιῖοδ
1093 3875 1196 3933 nec
1215 3875 1403 3932 Cedere
1432 3876 1523 3949 [Ρ.
1554 3875 1782 3949 caule-re]
1799 3916 1814 3941 ,

231 3946 708 4005 excommunicare
732 3946 983 4013 voluerit,
1007 3951 1037 4009 it
1060 3950 1102 4003 si
1130 3950 1221 4002 tilii
1245 3963 1345 4002 una
1378 3946 1462 4000 die
1495 3946 1653 4000 occi~i
1677 3946 1821 4011 sunt,

232 4027 289 4071 et
317 4036 422 4073 xxx
459 4022 626 4074 tnillia
653 4023 719 4075 de
750 4023 946 4089 populo
970 4021 1230 4073 interfecti
1259 4029 1405 4081 sunt,
1428 4028 1482 4070 et
1506 4033 1626 4069 arca
1656 4025 1823 4089 testa-

232 4090 401 4142 menti
426 4104 581 4160 capta
604 4099 705 4155 est,
729 4086 779 4145 et
804 4086 919 4160 ipse
942 4106 1086 4144 retro
1108 4090 1304 4143 radens
1324 4088 1500 4160 fractis
1523 4086 1824 4160 cervicibus

232 4174 480 4214 mortuus
496 4156 629 4227 'est,
660 4172 713 4215 et
741 4156 933 4214 nomen
975 4161 1139 4229 ipsius
1166 4161 1233 4214 de
1265 4161 1399 4211 libro
1442 4159 1562 4229 vita:
1590 4156 1821 4229 deletum

231 4237 339 4291 est.
365 4239 473 4284 etc.
504 4232 702 4286 Contra
740 4231 988 4292 Phinees,
1015 4231 1124 4298 qui,
1154 4244 1248 4297 pro
1290 4244 1354 4282 eo
1394 4228 1555 4294 quod,
1588 4231 1702 4279 zelo
1735 4228 1822 4279 ltei

231 4310 563 4365 commotus,
592 4302 729 4355 duos
769 4301 1043 4354 adulteros
1088 4303 1285 4368 patiter
1328 4298 1624 4361 interfecit,
1657 4306 1820 4368 totum

232 4372 490 4437 populum
541 4371 609 4425 de
651 4371 744 4425 Dei
789 4370 1059 4425 iracundia
1090 4366 1378 4422 liberavit.
1411 4368 1519 4420 Nec
1566 4370 1665 4419 ltoc
1706 4366 1827 4417 ideo

230 4440 380 4506 dico,
413 4452 489 4503 ut,
520 4445 659 4495 sicut
688 4441 776 4496 tlle
804 4442 945 4506 fecit,
976 4440 1136 4493 etiam
1159 4454 1297 4492 nunc
1328 4454 1421 4505 per
1448 4445 1673 4489 mortem
1706 4449 1819 4488 cor-

231 4526 429 4589 porum
479 4513 789 4595 sacerdotes
849 4512 1051 4591 Domini
1101 4510 1331 4563 debeant
1380 4507 1679 4595 vindieate
1723 4506 1817 4558 sed
1851 4536 1899 4595 υ

230 4582 361 4647 quia
406 4582 596 4635 n.elitts
635 4593 715 4635 est
761 4582 1119 4650 unusquisque
1167 4594 1328 4646 parvo
1369 4577 1820 4650 tempore,duttec

230 4646 370 4703 vivit
408 4653 461 4705 in
504 4653 603 4705 hoc
647 4652 873 4715 mundo,
907 4646 1279 4706 verecundiam
1331 4648 1413 4701 vel
1453 4646 1817 4700 confusionem

230 4722 520 4783 sustinent,
551 4736 710 4789 quam
757 4730 936 4789 po~tea
980 4721 1043 4773 ad
1092 4719 1351 4787 supplicia
1395 4726 1592 4789 aeterna
1633 4731 1819 4783 perve-

228 4792 371 4845 niat.
409 4792 475 4845 Et
498 4788 722 4844 multum
754 4788 802 4845 ei
832 4792 1011 4844 utilius
1041 4800 1123 4843 est
1145 4801 1359 4858 propter
1381 4788 1606 4858 aliorum
1636 4800 1818 4858 exem-

229 4876 406 4929 ptum,
426 4862 657 4928 quandiu
690 4861 841 4925 vivit,
866 4868 1104 4915 remotus
1129 4856 1198 4913 ab
1222 4862 1425 4911 honore
1454 4856 1817 4929 paenitentiam

226 4927 384 4999 agat,
412 4927 465 4984 et
494 4933 787 4986 remedium
818 4932 917 4985 sibi
967 4934 1016 4983 in
1062 4929 1150 4983 die
1187 4927 1520 4999 necessitatis
1557 4928 1816 4999 acquirat.

226 4997 553 5069 Quicunque
576 5004 816 5070 parvitati
845 5016 978 5054 meae
1004 5001 1056 5053 in
1085 5001 1181 5053 hac
1202 5014 1369 5052 causa.
1383 4997 1607 5070 volui-rit
1628 5010 1822 5070 onero-

225 5066 335 5123 gas
378 5066 641 5135 existere,
682 5071 823 5125 aliud
870 5086 1183 5139 responsum
1232 5070 1359 5122 dare
1407 5082 1511 5139 non
1560 5066 1818 5139 delibero,

227 5140 345 5195 nisi
407 5144 547 5211 quod
612 5143 899 5210 supradicti
963 5136 1217 5195 canones
1285 5138 1563 5193 continere
1630 5136 1818 5189 viden-

227 5223 347 5266 ω’
725 5286 742 5303 ·
775 5279 1099 5335 EPISTULA
1134 5278 1346 5332 PRIMA

343 5366 556 5407 JOANSIS
580 5367 727 5405 ΡΔΡΒ
758 5368 773 5405 ι
804 5368 871 5405 ΑΙ)
902 5364 1201 5405 ZACUABIAH
1254 5360 1735 5401 AhCﬂlEPISCOPUM..

628 5431 702 5483 De
728 5447 827 5483 non
856 5430 1156 5483 accusandis
1183 5427 1448 5495 episcopis.

306 5513 546 5568 Joannes
577 5511 727 5563 urbis
773 5509 956 5562 Roma:
997 5509 1302 5577 episcopus,
1340 5504 1609 5558 Zacltarite
1648 5502 1824 5557 archi-

230 5584 495 5653 episcopo
524 5582 770 5636 salutem;

314 5709 333 5726 ⁸
392 5702 537 5757 lianc
587 5713 706 5753 cum
738 5694 992 5766 scqueuti
1027 5690 1427 5762 supposititiam
1462 5688 1625 5742 multa
1675 5686 1821 5741 oviu-

233 5783 390 5830 cunt.

1928 3255 2115 3309 Ccptur
2151 3243 2230 3295 vel
2262 3246 2392 3309 print
2416 3258 2457 3296 is
2496 3244 2784 3311 posses-ori
2817 3243 3076 3298 restituat.
3108 3244 3171 3296 Et
3200 3244 3324 3295 alibi
3357 3247 3489 3296 scri-

1928 3326 2070 3381 ptutn
2106 3312 2363 3367 habetur:
2399 3314 2486 3367 Ille
2518 3316 2603 3383 qui
2638 3315 2935 3367 \iolentiatu
2975 3314 3217 3382 pertulit,
3246 3315 3487 3367 universa

1926 3383 1976 3434 in
2000 3392 2136 3435 statu
2164 3400 2268 3450 quo
2299 3382 2505 3437 fuerant
2535 3382 2771 3451 recipiat,
2828 3394 2880 3438 et
2909 3401 3026 3451 qua:
3074 3384 3309 3451 possidet
3340 3385 3484 3451 (pos-

1924 3454 2104 3524 sedit),
2134 3468 2354 3506 securus
2383 3465 2577 3508 teneat.
2609 3458 2670 3507 1ίί
2692 3454 2814 3507 alibi
2838 3456 2888 3507 iu
2912 3455 3253 3524 synodalibus
3278 3452 3487 3524 Patrum

1923 3521 2171 3586 decretis,
2202 3535 2255 3577 et
2286 3540 2464 3593 regunt
2510 3525 2692 3579 ειιῑειίς
2727 3526 2915 3592 legitur
2944 3521 3213 3577 stantium
3248 3541 3259 3574 :
3296 3522 3490 3576 Redin-

1926 3595 2177 3661 tegranda
2216 3604 2339 3646 sunt
2370 3602 2543 3648 omnia
2576 3597 2880 3661 exspoliatis
2909 3596 2984 3647 \‘el
3017 3595 3200 3662 ejectis
3228 3595 3491 3661 episcopis

1926 3664 2332 3730 praiseutialtter
2372 3666 2705 3718 ordinatione
2747 3666 2996 3730 pouttlicu
3025 3684 3076 3723 ιι,
3106 3675 3159 3717 et
3197 3665 3246 3715 in
3281 3680 3489 3727 eorum,

1926 3737 2065 3787 unde
2093 3738 2488 3805 absce~serunt,
2527 3746 2837 3805 potestatem
2880 3734 3217 3805 (dominium)
3260 3734 3493 3805 funditus

1926 3803 2248 3873 revocanda,
2279 3803 2591 3873 quacunque
2615 3806 2917 3857 conditione
2942 3804 3214 3869 temporis,
3240 3803 3490 3867 autdolo,
3562 3860 3568 3865 ε

1924 3884 2010 3925 aut
2042 3872 2365 3940 captivitate,
2413 3872 2727 3927 ίιιιιιίιιιιιρ
2765 3874 3043 3936 majorum,
3087 3880 3177 3923 aut
3209 3888 3301 3937 per
3329 3887 3491 3940 quas-

1925 3957 2133 4011 cunque
2151 3942 2372 4009 injustas
2394 3958 2604 4005 cau-as,
2630 3959 2715 3996 res
2740 3942 2988 3995 Ecclesia:
3012 3943 3090 3994 vel
3122 3941 3383 4009 prottrias,
3403 3951 3493 3994 aut

1925 4010 2247 4067 substantias
2276 4029 2398 4066 suas
2431 4014 2725 4079 perdidisse
2749 4012 3039 4064 ttoseuntu‘r
3060 4022 3183 4063 ante
3207 4010 3494 4063 accusatio-

1927 4097 2071 4147 nem,
2100 4093 2194 4136 aut
2218 4086 2514 4151 regularem
2544 4084 2607 4136 ad
2630 4086 2891 4150 synodum
2916 4081 3249 4133 vocationem
3277 4081 3494 4151 (c'onvo-

1926 4154 2216 4221 catiouem)
2249 4149 2455 4221 eorum,
2497 4165 2549 4208 et
2588 4149 2809 4220 reliqua.
2847 4153 2939 4205 Ιιὶιι
2986 4153 3144 4221 etiam
3189 4149 3495 4221 it'tat'ttiquis

1930 4226 2180 4278 Ecclesia:
2209 4227 2419 4277 statutis
2446 4220 2734 4278 decretum
2768 4222 2857 4291 (In
2882 4223 3020 4274 decr.
3060 4220 3169 4273 leo.
3197 4220 3285 4291 lib:
3315 4230 3412 4286 ιη’,
3443 4231 3497 4274 ιιι

1927 4297 2012 4363 qui
2046 4296 2218 4348 aliena
2249 4296 2447 4346 invadit
2478 4310 2581 4347 non
2605 4285 3345 4363 exeat‘irnpunitus,sedj:tint
3370 4285 3497 4363 mul-

1929 4356 2255 4431 liplicaliOIte
2297 4367 2473 4416 omnia
2518 4366 2782 4417 resutuat.
2830 4356 2978 4415 Unde
3022 4368 3078 4431 et
3107 4362 3158 4431 iu
3208 4356 3498 4427 Eva'ngclio

1929 4430 2093 4500 script
2116 4450 2180 4486 tm
2210 4442 2292 4485 est
2322 4451 2334 4485 :
2371 4434 2520 4499 Quod
2548 4438 2588 4486 si
2612 4434 2801 4499 aliquid
2827 4430 3150 4499 defrattdavi,
3180 4432 3335 4481 reddo
3366 4446 3498 4498 qua-

1928 4505 2168 4574 druplum
2199 4503 2350 4574 (Luc.
2406 4504 2537 4572 χιιι).
2574 4505 2632 4556 Et
2658 4505 2705 4553 in
2732 4503 2932 4574 legibus
2960 4502 3137 4574 sa:_cu!i
3163 4508 3380 4574 cautum
3408 4502 3499 4574 lia-

1926 4570 2120 4629 betur:
2154 4570 2252 4640 Qui
2284 4588 2393 4628 rem
2425 4570 2608 4641 subrip
2633 4582 2650 4624 t
2677 4572 2924 4633 alienam,
2971 4570 3041 4621 illi
3092 4571 3243 4633 cujus
3284 4583 3367 4641 res
3419 4570 3499 4621 di-

1925 4654 2072 4711 repta
2103 4655 2184 4697 est
2216 4646 2267 4695 in
2313 4640 2670 4709 undecupltnu
2694 4657 2811 4706 quae
2836 4641 3042 4693 sublata
3078 4650 3202 4692 sunt
3228 4640 3491 4693 restituat.

1925 4715 1987 4768 Et
2016 4719 2065 4767 in
2098 4716 2211 4779 lege
2236 4715 2410 4767 divina
2442 4714 2667 4779 legitur:
2698 4711 3001 4763 Maledicta:
3031 4711 3193 4761 omnis
3213 4711 3298 4776 qui
3330 4720 3498 4762 trans-

1923 4787 2019 4855 [ert
2056 4785 2293 4855 terminos
2349 4784 2566 4855 proximi
2605 4783 2704 4834 sui.
2761 4780 2824 4833 Et
2874 4780 3005 4833 dicit
3047 4780 3213 4832 omnis
3254 4780 3496 4850 populus,

1926 4850 2083 4909 Amen
2108 4854 2286 4923 (Dent.
2324 4850 2511 4920 xxvii).
3500 4868 3503 4875 ‘

1997 4934 2145 4989 Talia
2180 4949 2307 5000 ergo
2338 4948 2442 4985 non
2472 4942 2861 4999 prmsumantur
2890 4929 3087 5000 absque
3134 4927 3357 5000 ultione,
3405 4943 3500 4982 nec

1929 4999 2280 5061 exerceantur
2302 5004 2501 5070 absque
2522 5012 2627 5054 sua
2644 5001 3006 5070 damnatione.
3046 4999 3124 5051 'l‘u
3166 5015 3311 5061 vero,
3340 4999 3501 5051 l‘rater

1928 5074 2228 5141 carissime,
2283 5069 2553 5125 Ittec'vide
2589 5087 2655 5125 ne
2701 5069 3131 5136 tranSgrediaris,
3178 5079 3230 5122 et
3271 5070 3502 5141 reliquos

1928 5137 2222 5213 epi~c0pos
2254 5150 2359 5195 tam
2392 5151 2510 5213 ,tuze
2548 5156 2690 5194 cura:
2720 5142 3051 5213 commissus
3093 5153 3248 5205 quam
3273 5150 3333 5213 et
3371 5137 3503 5188 alios

1931 5208 2154 5269 ﬁrmiter
2172 5222 2352 5267 tenere
2373 5211 2584 5278 docete,
2614 5213 2735 5279 quia
2761 5209 3054 5279 transgredi
3083 5208 3372 5279 apostolica
3392 5216 3501 5258 sta-

1934 5295 2042 5340 tuta
2066 5285 2262 5351 absque
2294 5277 2699 5351 transgressoris
2722 5282 2916 5349 gradus
2949 5277 3500 5351 periculapullatenus

1936 5345 2579 5431 possuntflnimicis-vero
2598 5345 2997 5431 (Υςνξιιιιεοιιεέι,ζ
3013 5348 3153 5431 vsub
3172 5345 3500 5431 .Slymm‘aclto)

1932 5414 2350 5486 accusatoribus,
2369 5421 2447 5474 vel
2461 5423 2527 5474 de
2552 5414 2747 5473 inimici
2766 5421 2905 5473 dono
2928 5416 3016 5489 [Ρ.
3034 5414 3214 5486 domo]
3232 5414 3500 5489 prodeun-

1936 5498 2095 5558 tibus,
2120 5508 2213 5547 seu
2243 5483 2472 5561 quicum
2498 5490 2726 5563 inimicis
2757 5483 3053 5563 morantur,
3084 5483 3500 5563 nou'credatur‘;

1936 5582 2032 5623 nec
2060 5551 2177 5620 irati
2207 5551 2398 5617 nocere
2428 5561 2664 5630 cupiant,
2697 5574 2762 5612 ne
2790 5558 2898 5610 laesi
2930 5570 2991 5611 se
3018 5554 3181 5607 velint
3202 5553 3410 5607 ulcisci.
3436 5551 3502 5609 lii

2081 5680 2350 5745 l’erccptos
2378 5671 2658 5741 legendum
2686 5666 2938 5731 arbitrer,
2962 5680 3065 5719 non
3092 5679 3241 5731 vero,
3268 5666 3501 5727 nthabcl

1930 5771 1977 5806 c.
2006 5750 2140 5805 Just.
2156 5791 2168 5812 ,
2202 5753 2507 5814 pra'ceptmz.
