3998 6368
542 305 677 358 551-

1518 304 1852 359 APPENDIX
1894 305 1984 358 AD
2024 304 2404 359 El’lSTOL.\S
2444 303 2835 360 liORMlSD.‘E.

3654 319 3736 375 55‘!

541 435 753 492 quoque
780 418 1052 488 rejiciendi
1074 426 1218 492 sunt.
1251 433 1357 472 non
1383 419 1727 492 approbandi.
1767 420 1905 492 llaec,
1940 421 2102 492 caris—
2133 423 2177 475 Α
2211 418 2543 492 drianosque
2561 421 2888 492 exstirpante
2906 420 3143 488 piissimo
3160 432 3313 491 atque
3330 421 3737 489 Cltristiauissimn

540 490 690 556 sitne,
726 503 867 549 tene.
897 503 943 542 et
974 490 1235 557 prohibita
1253 503 1466 555 semper
1489 504 1634 542 cave.
1664 491 1792 542 lllnd
1814 491 2107 555 adimplere

541 562 716 625 slllde.
746 559 886 624 quod
912 561 1047 613 bene
1074 560 1137 611 ad
1160 558 1339 613 Jesum
1366 560 1527 611 liliunt
1552 560 1736 613 Sirach
1764 561 1962 612 dictum
1985 573 2065 613 est
2091 578 2104 614 :

540 632 712 700 Usque
740 633 806 683 ad
829 640 1037 682 mortem
1058 640 1194 683 certa
1215 646 1305 695 pro
1329 631 1553 690 veritate,
1574 641 1618 681 at
1639 646 1832 695 semper
1861 628 2107 685 Dominus

541 699 676 755 Deus
704 711 817 753 tuus
848 700 1091 771 pugnabit
1128 716 1220 769 pro
1249 710 1295 752 te
1324 700 1492 769 (Eccl.
1524 699 1618 768 tv).
1665 700 1999 771 llujusiergo
2030 702 2105 754 rei

535 774 701 835 gratia
740 772 889 823 vobis
918 770 972 823 et
1002 771 1154 822 nobis
1191 779 1368 823 sancta
1409 772 1693 822 commissa
1724 778 1805 822 est
1845 770 2103 833 Ecclesia,

536 852 592 893 nt
618 856 712 909 pro
728 841 973 894 omnibus
996 840 1267 893 laboribus
1289 840 1633 908 (laboremus)
1656 849 1702 893 et
1724 840 1929 892 cunctis
1950 855 2103 897 onem

538 914 677 963 ferre
708 927 812 965 nou
857 912 1215 978 negligamus:
1244 910 1495 976 quoniam
1533 911 1654 962 dum
1696 912 1842 978 fortis
1878 920 2105 963 armatus

534 983 751 1034 custodit
775 982 960 1034 atrium
989 997 1156 1043 suum,
1181 981 1234 1033 in
1263 996 1384 1049 pace
1410 990 1525 1031 sunt
1551 981 1722 1031 omnia
1749 995 1862 1047 qua:
1888 981 2105 1047 possidet

538 1050 691 1117 (Luc.
724 1051 803 1119 x).
839 1052 1066 1118 Ideoque
1090 1060 1229 1103 tanta
1256 1060 1474 1113 urgente
1502 1050 1839 1115 necessitate,
1869 1064 2105 1102 summo-

536 1137 661 1189 pere
687 1132 861 1175 vestra
890 1120 1287 1188 aptNolicaque
1311 1121 1650 1181 auctoritati;
1671 1130 1722 1171 et
1746 1121 1975 1187 reliquos
1991 1121 2101 1185 epi-

534 1208 725 1256 St‘uptts
751 1201 963 1251 oportet
1006 1194 1297 1255 reprimi-tte
1344 1189 1583 1248 infestos,
1621 1208 1657 1242 rt
1680 1190 1856 1242 levare
1885 1204 2103 1256 oppres-

534 1276 647 1325 sos,
679 1273 729 1314 ut
762 1261 962 1327 absque
991 1261 1137 1328 gravi
1168 1260 1419 1328 (Dotnino
1456 1260 1762 1321 auxiliante)
1794 1259 2104 1313 difficultate

535 1333 632 1399 ipsi
678 1341 949 1399 gratanter
993 1330 1136 1383 omni
1184 1342 1418 1397 tempore
1463 1332 1764 1381 sacriﬁcare
1807 1344 2105 1399 mereamur

536 1397 887 1469 (ittereatttur)
913 1400 1084 1453 illaesi.
1122 1400 1201 1454 Ad
1233 1415 1325 1451 vos
1351 1399 1639 1463 (Ennodius
1661 1400 1710 1451 in
1741 1398 1878 1466 apol.
1906 1415 1997 1466 pro
2017 1416 2105 1451 eo-

536 1471 648 1524 dem
679 1471 1010 1539 Symmacho)
1053 1486 1275 1537 quoque
1306 1484 1389 1521 me
1434 1470 1623 1521 reverti
1666 1470 1806 1533 cogit
1846 1471 2101 1536 propositi

534 1538 915 1607 operis’amica
948 1540 1204 1601 conditio,
1234 1542 1320 1606 qui
1353 1538 1657 1592 melioribus
1682 1541 1935 1592 ltac'enus
1976 1554 2102 1605 0pc-

535 1627 647 1664 ratu
679 1610 821 1665 volui
854 1626 1052 1663 navare
1083 1612 1265 1676 (opera
1298 1610 1438 1662 volui
1478 1611 1717 1674 narrare)
1744 1610 2100 1674 sermonibus,

536 1681 661 1733 dtnn
685 1681 837 1732 talem
865 1683 1121 1732 rationem
1149 1680 1310 1743 exigit
1343 1682 1565 1730 toxicata
1608 1680 1917 1732 necessitas.
1959 1678 2103 1731 Mau-

535 1750 641 1828 il'ati
669 1750 905 1828 cmlestis
937 1750 1189 1828 habitatio
1222 1762 1319 1828 nos
1357 1758 1447 1800 aut
1479 1750 1686 1811 miscet,
1731 1758 1822 1801 aut
1863 1758 2094 1828 separat.
2136 1772 2175 1828 η

536 1820 642 1873 Nec
669 1822 889 1873 inti-rest
916 1836 1033 1886 qua:
1062 1820 1335 1871 intervalla
1386 1834 1483 1882 nos
1510 1829 1808 1887 segregent,
1840 1819 1883 1871 si
1915 1836 2016 1871 una
2042 1821 2095 1872 in

535 1905 781 1955 superna:
825 1890 1117 1942 mansionis
1152 1891 1400 1956 (superna
1448 1888 1747 1957 tuan~i0ne)
1786 1890 1932 1941 clave
1973 1892 2097 1941 reli-

535 1970 747 2012 uentur.
780 1960 886 2013 Nec
925 1959 1074 2011 vobis
1112 1962 1244 2012 tales
1276 1975 1467 2013 nocere
1498 1960 1765 2019 valebunt,
1798 1961 1841 2011 si
1873 1961 2094 2012 invicem

535 2030 852 2095 adjutnriutn
887 2028 1025 2082 ferre
1073 2044 1179 2080 non
1228 2027 1560 2082 distuleritis.
1598 2030 1889 2081 Ittautlilum
1918 2040 2094 2082 autem

536 2114 701 2165 genus
736 2099 999 2166 sacrilegii
1042 2109 1144 2160 est,
1175 2099 1311 2163 quod
1359 2102 1591 2152 mentitae
1634 2101 1899 2167 religionis
1932 2100 2096 2151 Itono-

536 2184 647 2222 retn
681 2169 928 2238 (honore)
954 2169 1582 2236 prmﬂxiwtuulicolorat.
1617 2170 1940 2221 Delionestat
1956 2170 2095 2223 enim

536 2240 828 2293 venerandi
858 2241 1207 2292 reverentiam
1240 2240 1489 2307 nominis,
1512 2240 1600 2307 qni
1630 2240 1926 2305 atljntorem
1956 2256 2012 2291 se
2046 2241 2095 2293 in

536 2308 618 2361 bis
645 2324 761 2377 qua!
785 2311 835 2361 in
868 2313 1029 2361 lleum
1056 2310 1221 2375 jactat
1248 2306 1539 2361 commissa
1568 2311 1867 2377 pollicetur.
1899 2310 2099 2363 Contu-

537 2380 707 2431 melia-
729 2394 895 2447 genus
925 2389 1029 2439 est,
1061 2379 1209 2445 quasi
1243 2379 1295 2431 in
1327 2378 1515 2431 solatio
1535 2381 1721 2432 ades-e
1748 2379 1960 2431 sublimi
1990 2383 2100 2447 (su-

540 2449 760 2517 blimis),
788 2450 934 2514 juxta
967 2451 1275 2514 Apostoltttu
1304 2465 1316 2499 :
1340 2447 1418 2499 Tu
1439 2450 1523 2514 qui
1550 2466 1623 2511 es,
1644 2451 1729 2518 qui
1748 2450 1958 2518 jndicas
1979 2452 2101 2503 alie-

538 2536 657 2571 num
686 2535 881 2571 servum
912 2520 1087 2587 (llam.
1122 2520 1229 2586 xw)
1251 2520 1273 2569 ’ἶ
1295 2520 1427 2583 Quid
1457 2521 1673 2571 auribus
1698 2520 1954 2586 imperitis
1983 2522 2100 2573 illu-

539 2591 690 2651 dunt,
735 2600 785 2641 ct
830 2589 1124 2657 graviore-ut
1170 2589 1685 2655 vindictaspecietu
1738 2590 1930 2643 faciunt
1980 2606 2100 2644 esse

539 2674 607 2727 qu
645 2675 694 2710 tu
726 2658 894 2725 culpa:
916 2661 938 2710 Ἰ
963 2658 1016 2712 Si
1045 2660 1222 2711 odium
1252 2660 1465 2720 habent,
1488 2660 1791 2712 excessibm
1817 2662 2102 2714 emendent

540 2730 896 2795 (ctuundent).
943 2730 1048 2782 Cur
1078 2745 1203 2796 ergo
1246 2730 1463 2782 liberius
1501 2731 1859 2783 condemnant
1898 2732 2097 2785 scelera

540 2816 695 2862 quam
725 2799 923 2852 vitant?
947 2802 1037 2853 Sui
1085 2800 1324 2866 profecto
1352 2800 1683 2867 impttguator
1708 2810 1793 2853 est
1818 2802 1991 2854 omnis
2014 2804 2097 2868 qui

543 2870 724 2921 l’atrcs
748 2869 1062 2938 insequitur,
1097 2880 1185 2923 aut
1208 2870 1489 2922 detrahere
1521 2886 1623 2922 non
1663 2871 1929 2925 formidat.
1961 2872 2098 2924 Nihil

540 2950 621 2991 cst
647 2942 785 2992 enim
813 2941 862 2992 in
898 2956 1003 3004 quo
1037 2942 1367 2992 inimicorum
1401 2942 1521 2999 tela.
1564 2941 1787 2992 Ilmniuo
1815 2957 1970 3008 opem
2022 2941 2098 2993 fe-

542 3020 711 3073 rente,
744 3025 998 3078 superare
1030 3025 1133 3062 non
1160 3010 1410 3071 valeatis,
1442 3014 1484 3062 si
1536 3011 1683 3076 juxta
1735 3012 1970 3063 γυτίιειιίς
2010 3026 2101 3062 vo~

542 3094 681 3145 ccm,
713 3081 860 3132 talem
890 3081 1088 3145 qualem
1128 3079 1371 3149 Dominus
1410 3081 1644 3149 prwcipit
1688 3080 1965 3132 habueritis
2014 3081 2096 3131 di-

2213 489 2421 563 Justino
2469 490 2793 563 orthodoxm
2818 492 3159 563 imperatore,
3187 489 3515 563 quascunque
3557 500 3652 556 illis
3691 509 3737 558 in

2215 560 2448 630 partibus
2490 573 2672 612 eorum
2709 566 2723 581 '
2758 560 3027 614 Ecclesias
3098 560 3332 629 reperire
3376 560 3619 630 potuimus
3665 588 3739 626 ca-

2214 629 2435 681 tltolicas
2466 644 2556 681 eas
2586 630 2808 681 [Domino
2833 645 2987 689 ouem
3018 632 3219 685 ferente
3243 629 3661 693 consecravitntts.
3688 646 3739 698 lit

2210 713 2511 777 quanquam
2531 700 2828 777 praedictus
2858 699 3222 777 Tlteodoricus
3252 718 3373 777 rex_,
3402 719 3572 760 eorum
3614 724 3739 777 peste

2211 778 2381 820 tactus
2422 768 2758 833 intrinsecus,
2788 779 2841 822 et
2886 770 3166 823 obvolutus
3210 774 3552 836 extrinsecus,
3587 768 3671 833 nos
3697 796 3740 834 et

2210 854 2421 913 ontuctu
2476 840 2743 913 regionem
2803 849 3035 892 nostrain
3080 842 3383 909 (vestrum)
3431 849 3739 913 petiit-re,et

2209 907 2380 975 gladio
2428 919 2482 961 et
2532 910 2653 973 igne
2700 924 3016 963 consumere
3063 913 3331 979 minetur,
3368 907 3531 967 nolite
3584 907 3738 973 tanien

2212 989 2486 1049 prapterea
2537 978 2794 1037 deiicere,
2839 980 2933 1032 sed
2975 980 3197 1034 viriliter
3248 978 3467 1049 inagro
3505 984 3741 1041 dominico

2207 1047 2485 1121 elaborate
2520 1050 2756 1121 stttdete,
2779 1057 2839 1121 et
2872 1048 3041 1116 (juxta
3072 1050 3323 1104 Veritatis
3358 1047 3562 1121 vocem)
3592 1058 3742 1109 Νοιημ

2208 1117 2385 1169 timere
2428 1133 2511 1170 eos
2553 1119 2639 1181 qui
2681 1120 2918 1170 occidunt
2957 1135 3173 1188 corpus,
3206 1123 3427 1173 animam
3464 1117 3623 1177 autem
3656 1144 3741 1180 non

2207 1196 2416 1259 possunt
2455 1189 2705 1249 occidi-re,
2732 1189 2820 1241 sed
2861 1192 3026 1256 potius
3064 1206 3177 1242 eum
3221 1192 3405 1252 timete,
3427 1194 3508 1255 qui
3533 1205 3679 1259 potest
3703 1209 3743 1249 ct

2205 1258 2431 1335 animam
2458 1267 2506 1335 et
2533 1260 2937 1335 corpusmittere
2964 1259 3017 1311 in
3046 1262 3319 1335 gehennam
3349 1261 3458 1335 Ma
3481 1258 3552 1335 th.
3575 1280 3621 1327 ι,
3641 1267 3740 1335 28).

2206 1326 2270 1378 Et
2315 1330 2555 1393 egregius
2600 1330 2831 1392 gentium
2882 1326 3154 1397 apostolus
3218 1330 3385 1396 inquit
3423 1350 3433 1383 :
3475 1331 3585 1384 Non
3612 1326 3744 1388 ruina

2205 1398 2535 1464 nosmetipsos
2583 1399 2941 1463 prwdicamus,
2973 1400 3059 1451 sed
3096 1398 3272 1452 Iesum
3311 1398 3558 1454 Christum
3592 1403 3743 1456 Dami-

2206 1476 2619 1540 nam‘nmtrum,
2647 1484 2737 1540 ηοξ
2777 1477 2949 1540 autem
2996 1485 3163 1522 seros
3207 1481 3391 1522 vestros
3437 1488 3520 1540 per
3557 1470 3739 1526 188N811:

2203 1536 2440 1609 quoniam
2467 1536 2619 1609 Deus,
2639 1538 2878 1609 quidixit
2900 1538 2964 1590 de
2991 1540 3213 1609 tenebris
3230 1542 3395 1592 lumen
3413 1536 3742 1609 splendescere,

2204 1606 2309 1663 ipse
2338 1606 2509 1657 illuxit
2532 1607 2581 1658 in
2602 1608 2835 1659 cordibus
2862 1609 3047 1660 nostris
3068 1610 3133 1660 ad
3158 1606 3573 1663 illuminationem
3601 1616 3743 1665 scien-

2204 1676 2287 1726 tia?
2331 1674 2579 1745 claritatis
2631 1677 2723 1729 Dei
2770 1680 2823 1729 in
2866 1680 3046 1746 fitcicm
3096 1676 3283 1731 Christi
3330 1679 3472 1731 Jesu.
3517 1680 3745 1734 liabeiuus

2205 1755 2371 1796 autem
2401 1746 2689 1799 thesaurum
2719 1750 2865 1799 istum
2893 1750 2943 1799 in
2973 1749 3101 1800 vasis
3129 1750 3391 1815 ﬁctilibus,
3416 1761 3465 1801 ut
3494 1752 3747 1806 sublimitas

2201 1816 2264 1866 sit
2294 1817 2492 1868 virtutis
2536 1815 2644 1879 Dei,
2675 1826 2720 1868 et
2766 1833 2863 1869 non
2903 1834 2965 1869 ea:
3004 1818 3156 1871 tabis.
3193 1818 3258 1871 In
3296 1820 3525 1871 omnibus
3561 1822 3747 1872 tribula-

2203 1885 2389 1937 tionem
2422 1903 2454 1952 p
2473 1888 2664 1946 .timttr,
2694 1887 2783 1938 sed
2818 1903 2914 1938 non
2939 1890 3293 1955 angustiamur
3315 1906 3334 1941 :
3357 1894 3657 1956 aporiamttr,
3674 1894 3748 1943 sed

2205 1971 2237 2026 t_t_
2275 1972 2303 2006 u
2334 1956 2653 2008 destituimur
2676 1972 2691 2008 :
2716 1960 3108 2025 persecutionem
3151 1961 3395 2026 patimur,
3424 1970 3467 2012 et
3502 1978 3595 2011 non
3624 1963 3749 2012 dere-

2202 2024 2479 2091 linquimur
2514 2041 2532 2077 :
2569 2028 2861 2090 deficimur,
2891 2038 2936 2078 et
2968 2027 3101 2096 (sed)
3128 2024 3228 2082 non
3280 2045 3499 2096 perimus
3532 2046 3550 2082 :
3573 2046 3749 2092 semper

2201 2096 2647 2168 mortiﬁcationem
2678 2096 3007 2168 Jcsu_Christi
3038 2099 3090 2149 in
3119 2115 3328 2168 corpore
3359 2111 3525 2151 nostro
3552 2102 3746 2151 circum-

2202 2165 2437 2238 ferentes,
2471 2176 2522 2238 ut
2564 2175 2609 2217 et
2657 2168 2757 2218 vita
2795 2165 2921 2219 Jesu
2969 2169 3020 2219 in
3060 2165 3357 2238 corporibus
3401 2174 3579 2222 nostris
3610 2174 3753 2221 mani-

2202 2236 2432 2300 festetur.
2483 2236 2692 2304 Semper
2739 2239 2869 2289 enim
2920 2254 3009 2290 nos
3049 2236 3422 2305 qui'ttivimus,
3471 2241 3522 2291 in
3564 2250 3750 2291 mortem

2202 2306 2448 2356 tradimur
2474 2316 2675 2372 propter
2698 2305 2894 2371 Jemm,
2929 2318 2981 2359 ut
3022 2319 3068 2358 ct
3110 2310 3211 2360 vita
3256 2308 3386 2361 Jcsu
3427 2311 3755 2375 manifestetur

2202 2375 2252 2447 in
2278 2390 2427 2426 carne
2455 2386 2625 2428 nostra
2657 2376 2873 2429 mortali.
2924 2376 3061 2447 Ergo
3091 2395 3223 2430 mors
3254 2381 3303 2430 in
3336 2380 3479 2430 nobis
3510 2390 3747 2443 operatur,

2205 2446 2493 2519 rimantem
2522 2448 2573 2497 in
2604 2448 2758 2519 uobis.
2788 2447 3045 2519 llabetAites
3074 2460 3241 2501 autent
3272 2451 3505 2519 conplent
3542 2451 3754 2517 spiritum

2204 2515 2343 2578 ﬁdei,
2372 2516 2500 2567 sicut
2529 2518 2766 2584 scriptum
2794 2528 2900 2570 est:
2932 2516 3155 2582 Credidi,
3173 2515 3543 2588 pr0pter'qaod
3569 2515 3751 2571 locatus

2203 2601 2313 2636 sum
2341 2600 2357 2647 ;
2379 2597 2423 2635 et
2448 2602 2536 2638 nos
2557 2588 2828 2651 credimus,
2848 2599 3051 2654 propter
3069 2591 3201 2648 quod
3229 2600 3274 2642 et
3304 2591 3586 2654 loquimur:
3613 2589 3759 2641 scien-

2205 2665 2274 2706 tes
2316 2657 2556 2722 qnnniam
2603 2658 2688 2723 qui
2735 2659 2994 2710 suscitat-it
3042 2656 3236 2715 Jesum.
3279 2668 3327 2710 et
3383 2674 3474 2711 nos
3501 2675 3608 2710 cum
3651 2659 3761 2710 Jesu

2204 2742 2317 2777 susc
2342 2726 2463 2777 tabit
2503 2738 2549 2777 et
2578 2730 2843 2780 const'tuet
2885 2730 3153 2780 vobiscum.
3186 2728 3375 2780 Omnia
3415 2731 3548 2781 enim
3575 2740 3762 2796 propter

2203 2811 2307 2855 vos,
2338 2806 2389 2866 ut
2431 2813 2518 2859 gra
2543 2797 2591 2847 ia
2616 2797 2883 2849 abundans
2914 2803 3021 2866 pef'
3027 2800 3212 2851 multas
3240 2802 3523 2865 gratiarum
3551 2800 3757 2849 actiones

2209 2864 2436 2936 (_niult_os
2480 2866 2529 2916 in
2560 2869 2840 2930 gratiarum
2883 2864 3076 2919 acIione
3108 2869 3159 2933 ),
3203 2864 3426 2922 abundet
3471 2872 3521 2919 in
3562 2869 3765 2936 gloriam

2210 2934 2321 2986 Det.
2357 2933 2574 3003 Propter
2601 2938 2733 3000 quod
2762 2955 2862 2990 non
2890 2938 3169 3003 deﬁcimus.
3199 2938 3304 2990 Sed
3335 2939 3451 2991 licet
3480 2941 3520 2990 is
3545 2933 3629 3003 qui
3652 2938 3765 3005 foris

2206 3014 2275 3055 est
2308 3017 2473 3056 noster
2507 3011 2656 3056 homo
2701 3018 3077 3071 corrumpatur,
3131 3020 3295 3061 tamen
3326 3010 3372 3061 is
3402 3010 3488 3073 qui
3523 3010 3656 3059 intus
3699 3016 3763 3059 est

2212 3086 2481 3126 renovatur
2508 3074 2571 3127 de
2598 3078 2679 3127 die
2720 3076 2771 3128 in
2817 3079 2971 3129 diem.
3012 3075 3075 3128 Id
3096 3078 3254 3137 enim,
3285 3080 3423 3141 quod
3471 3084 3521 3130 in
3554 3081 3769 3145 pra'senti

544 3141 800 3201 lectionem
830 3141 911 3200 ad'
935 3150 1145 3201 invicem
1176 3145 1354 3217 (Joan.
1399 3141 1533 3217 itm),
1573 3141 1707 3200 Data
1758 3166 1820 3202 xv
1861 3150 2107 3202 calendas
2136 3141 2180 3201 C
2213 3153 2283 3195 est
2329 3156 2733 3217 morncutatteunt
2762 3158 2806 3199 et
2834 3145 2940 3199 lere
2965 3147 3302 3199 tribulationis
3363 3141 3571 3207 nostra’,
3628 3164 3769 3215 supra
3849 3165 3859 3177 ⁶

543 3219 879 3280 Novembris,
913 3229 935 3254 κ
973 3219 1201 3272 Maximo
1234 3218 1397 3287 (anno
1427 3218 1630 3289 llomini
1658 3219 1783 3287 5'25)
1815 3230 1869 3273 et
1892 3221 2110 3289 Olybrio

544 3290 692 3356 (526)
726 3290 852 3343 vitis
878 3289 1190 3342 clarissimis
1218 3288 1541 3340 cottsulibus.

1072 3398 1097 3435 δ
1142 3398 1459 3451 EPISTULA
1505 3398 1567 3453 ll.

1016 3528 1077 3562 Αἵ)
1118 3524 1389 3563 ΚΞΝ-(ΖΟΡΟΞ
1429 3527 1638 3565 ΙΤΛΗΑῙ.

547 3627 623 3681 De
654 3626 963 3679 Theoderico
1005 3641 1139 3693 rege,
1165 3635 1315 3693 atque
1352 3625 1416 3676 de
1459 3626 1559 3688 ﬁde
1598 3626 1846 3679 catholica
1875 3633 2114 3683 adversus

618 3698 830 3749 Arianos
873 3696 1227 3763 defendenda,
1280 3697 1437 3763 deque
1487 3698 1706 3749 ecclesiis
1754 3714 1923 3750 eorum
1970 3716 2115 3754 sacro

615 3769 716 3819 rita
746 3768 1121 3829 consecrandis,
1157 3775 1201 3819 et
1238 3767 1407 3818 divino
1437 3767 1596 3817 cultui
1633 3769 2037 3823 reconciliandis.

612 3858 843 3910 .lttanucs
871 3858 1153 3923 episcopus
1194 3854 1441 3908 omnibus
1484 3871 1578 3922 per
1624 3858 1919 3923 provincias
1954 3860 2112 3913 ltali;e

543 3928 844 3983 constitutis
872 3927 1135 3994 episc0pis
1158 3926 1207 3977 in
1239 3924 1462 3977 Domino
1491 3928 1736 3979 salutetr.

612 4040 916 4110 Smpissime
957 4040 1121 4090 multo
1164 4036 1407 4110 (S._Leo,
1438 4037 1591 4103 epist.
1647 4040 1733 4105 70)
1771 4040 1878 4106 jam
1909 4044 2115 4110 experi-

544 4120 723 4162 mento
752 4108 912 4160 didici
952 4118 1187 4160 sanetum
1233 4108 1437 4173 pietatis
1469 4119 1661 4161 chIra:
1712 4111 1941 4164 studium
1974 4108 2016 4163 i-i
2052 4131 2109 4165 ea

543 4179 850 4244 religionem
880 4177 1235 4229 Chri~tiauant
1282 4177 1527 4245 gloriosis
1558 4194 1799 4233 crescere
1824 4192 1876 4233 et
1904 4183 2110 4235 dilatari

541 4247 860 4314 augmentis,
892 4251 946 4301 et
987 4249 1117 4299 lides
1163 4257 1323 4308 recta,
1350 4263 1466 4315 qua:
1509 4264 1612 4300 non
1658 4250 1830 4302 solum
1882 4266 1985 4315 me,
2019 4254 2111 4306 sed

541 4332 729 4371 omnes
756 4317 961 4369 Domini
1002 4317 1308 4370 sacerdotes
1351 4319 1654 4370 consolatur
1682 4328 1733 4371 et
1764 4322 1995 4380 roborat,
2024 4338 2113 4374 ve-

541 4387 666 4460 stris
696 4389 745 4440 in
786 4386 1052 4460 utentibus
1082 4396 1131 4436 ιιι
1160 4386 1410 4452 operibus
1462 4404 1554 4454 per
1594 4390 1921 4444 sacerdotale
1951 4406 2115 4460 agno-

541 4457 703 4509 scitur
732 4471 865 4524 opus
895 4466 948 4510 et
972 4456 1242 4509 dilatatur.

614 4506 963 4594 Quapi-Opter,
1001 4528 1210 4589 fratres,
1243 4527 1374 4579 hort,
1402 4542 1426 4579 r
1466 4542 1562 4579 vos
1597 4538 1649 4580 et
1684 4544 1897 4593 moneo,
1926 4542 2110 4584 contra
2144 4506 2189 4563 D

542 4596 790 4648 Arianain
838 4596 1133 4663 perlidiatn,
1163 4612 1279 4661 qua:
1309 4596 1434 4647 olint
1487 4613 1589 4648 non
1634 4601 1820 4658 semel,
1854 4601 1945 4653 sed
1972 4616 2113 4666 saepe

540 4666 784 4717 damnata
832 4676 932 4723 est,
961 4676 1014 4717 et
1052 4667 1210 4718 modo
1250 4668 1300 4718 in
1342 4667 1655 4731 quibusdam
1698 4669 1994 4732 revivisett,
2028 4668 2112 4724 a'r-

539 4736 672 4788 mari
696 4736 869 4804 gladio
893 4735 1123 4801 Spiritus
1146 4736 1336 4796 sancti,
1357 4748 1406 4788 ut
1433 4752 1549 4788 eam
1575 4738 1642 4789 ita
1673 4738 2111 4801 (adminiculante

539 4804 713 4857 divina
760 4806 950 4873 gratia)
980 4806 1283 4873 opprimere
1311 4814 1366 4858 et
1394 4806 1691 4874 exstirpare
1735 4809 2025 4872 vale-auius,
2053 4822 2111 4864 ut

539 4888 636 4928 nec
662 4875 809 4927 radix
832 4875 947 4943 ejus
975 4875 1024 4925 iit
1050 4884 1317 4940 posterqu
1347 4876 1663 4929 inveniatur.
1692 4878 1955 4933 Ecclestas
1983 4897 2109 4935 vero

537 4943 855 4998 Arianorum
919 4944 1216 5011 ubicunque
1278 4946 1624 5009 inveni-ritis,
1672 4950 1962 5002 catholicas
2014 4969 2106 5005 eas

537 5013 733 5067 divinis
764 5014 1007 5081 precibus
1032 5025 1083 5066 et
1110 5014 1359 5080 operibus
1390 5016 1587 5079 absque
1612 5017 1713 5070 ulla
1742 5034 1886 5070 mora
1918 5036 2105 5075 conse-

537 5093 945 5157 cratezqutaqet
990 5100 1103 5141 nos,
1147 5084 1361 5157 quando
1394 5085 1589 5137 luimus
1625 5086 2101 5157 Constantinopoli,

538 5162 641 5204 tam
667 5169 763 5222 pro
790 5154 1039 5221 religione
1066 5153 1349 5215 Catholica,
1368 5171 1523 5221 quam
1553 5164 1607 5207 et
1639 5172 1731 5222 pro
1762 5160 1901 5221 regis
1930 5153 2104 5213 Theo;

537 5222 703 5276 dorici
753 5236 910 5277 causa
951 5235 1002 5275 et
1046 5223 1291 5291 negotiis,
1320 5227 1581 5278 suadente
1628 5240 1786 5295 atque
1831 5228 2099 5295 hortante,

604 5370 630 5394 η
660 5360 785 5413 Haec
810 5358 1105 5411 consularis
1134 5374 1257 5410 no'a
1289 5359 1541 5412 mendosa
1568 5368 1672 5420 est,
1707 5370 1763 5412 nt
1796 5365 1994 5422 patebit
2038 5382 2097 5418 ex

538 5429 597 5481 tis
623 5445 739 5497 qua:
768 5430 898 5482 iul'ra
924 5429 1181 5489 dicemus,
1216 5429 1349 5481 Puto
1372 5433 1506 5481 banc
1540 5430 1871 5483 referendam
1900 5450 2017 5488 esse
2040 5437 2101 5487 ad

540 5500 867 5567 consulatum
897 5498 1106 5552 Maximi
1129 5500 1245 5553 sine
1266 5499 1486 5567 collega,
1510 5498 1598 5565 qui
1624 5498 1809 5552 incidit
1832 5502 1882 5554 iit
1906 5520 2102 5558 annum

540 5566 743 5621 Domini
768 5569 891 5621 5‘15.
919 5566 1046 5621 Ser.
1074 5568 1271 5621 letus.

604 5636 629 5673 δ
660 5638 803 5690 llanc
850 5638 1127 5705 tepidolmn
1176 5638 1406 5699 Joannes
1451 5637 1707 5701 pontifex,
1738 5637 1887 5703 jussu
1932 5640 2106 5695 Theo-

544 5705 702 5759 dot-iri
740 5706 805 5759 ab
836 5706 973 5761 Urbe
1010 5710 1293 5775 relcgatus,
1325 5723 1365 5760 St
1387 5706 1538 5773 ripsit
1567 5722 1628 5760 es
1673 5722 1884 5763 (‘atcere
1915 5712 2029 5779 illo,
2054 5716 2101 5766 in

2218 3216 2423 3287 modum
2445 3216 2495 3265 in
2521 3217 2824 3269 sublimitate
2843 3229 3083 3269 retentum
3112 3217 3292 3285 gloria:
3313 3220 3520 3287 pondus
3550 3232 3773 3285 OpefaltJ

2214 3284 2265 3334 in
2294 3284 2455 3344 nob’s,
2487 3288 3063 3358 noncontemplanttbus
3102 3284 3242 3340 nobis
3270 3284 3389 3358 qua:
3424 3284 3673 3347 videntur,
3694 3288 3773 3358 sed

2214 3370 2328 3420 qua:
2373 3371 2470 3406 non
2517 3356 2761 3408 ridentur.
2822 3357 2950 3422 Qui:
3000 3358 3232 3409 videntur
3273 3356 3433 3419 enim.
3491 3357 3775 3416 temporalia

2216 3437 2328 3475 sunt
2358 3439 2375 3475 :
2406 3441 2515 3490 qua'
2550 3436 2717 3477 autem
2742 3442 2841 3479 non
2872 3426 3118 3491 videntur,
3149 3437 3337 3481 wterna
3387 3439 3508 3481 sunt
3528 3429 3554 3495 ¹(
3581 3424 3635 3478 Il
3664 3424 3774 3480 Cor.

2212 3507 2292 3557 tv,
2321 3496 2450 3547 5-18
2471 3495 2510 3562 ).
2555 3496 2752 3548 Scimus
2780 3498 2930 3558 enim,
2980 3498 3217 3562 quoniam
3255 3499 3299 3552 si
3330 3499 3584 3551 terrestris
3612 3497 3775 3547 domus

2215 3574 2387 3615 nostra
2410 3565 2561 3635 hujus
2590 3566 2916 3618 habitationis
2938 3568 3261 3623 dissolvatur.
3289 3569 3431 3635 quod
3452 3583 3516 3620 ex
3539 3566 3641 3619 Deo
3664 3568 3776 3617 (τάὶ-

2214 3635 2497 3706 [irationem
2535 3634 2789 3706 habemus,
2827 3637 3034 3688 domum
3084 3653 3184 3689 non
3238 3634 3614 3706 manufactam.
3645 3650 3780 3688 teter-

2216 3720 2333 3755 nant
2361 3705 2411 3755 in
2441 3705 2596 3757 caelis.
2626 3704 2761 3757 Nam
2792 3716 2837 3757 et
2872 3708 2924 3758 in
2950 3707 3043 3758 hoc
3088 3704 3490 3776 ingemiscinius,
3524 3709 3619 3758 ltab
3643 3708 3779 3757 tatio-

2216 3790 2328 3845 nem
2355 3785 2596 3835 nostram,
2643 3791 2756 3843 qua:
2796 3778 2858 3827 de
2905 3779 3027 3829 calo
3054 3787 3146 3838 est,
3177 3780 3479 3843 superindu"
3513 3782 3780 3845 cupientes.

2216 3844 2258 3896 si
2282 3854 2447 3895 tamen
2475 3846 2656 3909 vestiti,
2706 3854 2749 3897 et
2779 3862 2876 3897 non
2909 3848 3029 3898 nudi
3055 3848 3395 3903 inveniamur.
3434 3846 3574 3900 Nam
3614 3858 3659 3898 et
3705 3847 3782 3907 qui

2218 3929 2390 3965 sumus
2439 3914 2491 3988 in
2530 3913 2623 3965 hoc
2668 3915 3012 3988 tabernaculo,
3062 3918 3445 3986 ingemiscimus
3492 3918 3699 3988 gravati.
3730 3932 3784 3966 eo

2214 3986 2349 4049 quod
2377 3983 2612 4037 nolumus
2633 3984 2864 4050 spoliari,
2885 3987 2971 4038 sed
2993 3983 3338 4052 superrestiri,
3369 4000 3426 4038 ut
3469 3983 3785 4041 absorbeatur

2215 4054 2348 4126 quod
2378 4054 2588 4126 mortale
2614 4065 2686 4106 est
2714 4072 2744 4126 a
2774 4056 2895 4107 rita.
2944 4058 3041 4117 Qui
3083 4066 3250 4108 autem
3301 4058 3456 4126 (ﬁcit
3488 4074 3581 4110 nos
3606 4059 3657 4107 in
3702 4058 3788 4106 hoc

2217 4124 2405 4194 ipsum,
2435 4122 2586 4185 Dens,
2606 4125 2691 4190 qui
2711 4125 2847 4175 det/it
2878 4127 3018 4177 nobis
3045 4126 3230 4194 pignus
3253 4122 3511 4187 Spiritus.
3547 4128 3787 4179 Audentes

2215 4192 2370 4260 igitur
2385 4209 2599 4259 semper,
2624 4206 2669 4246 et
2688 4196 2893 4247 scientes
2906 4192 3142 4262 quoniam
3161 4199 3279 4247 dum
3300 4214 3486 4249 sumus
3504 4199 3558 4250 in
3580 4199 3671 4248 hoc
3687 4212 3791 4247 cor-

2218 4278 2359 4334 pore,
2386 4264 2773 4331 peregrinantur
2798 4282 2827 4315 a
2860 4265 3075 4317 Domino
3106 4266 3219 4333 (per
3242 4266 3401 4334 ﬁdem
3445 4270 3582 4319 enim
3622 4265 3790 4318 ambu-

2217 4332 2401 4393 lamus,
2427 4343 2470 4383 el
2501 4350 2600 4383 non
2628 4351 2716 4401 per
2741 4338 3017 4400 speciem):
3037 4332 3280 4388 audemus
3309 4348 3511 4397 attti’m,
3543 4348 3592 4389 et
3622 4336 3791 4389 bonam

2216 4403 2520 4453 uoluntatem
2560 4406 2794 4455 habemus
2834 4410 2995 4471 magis
3042 4406 3353 4473 peregrinari
3395 4423 3429 4458 a
3465 4424 3700 4472 corpore,
3750 4418 3792 4457 et

2218 4481 2486 4535 prtesrntcs
2536 4489 2641 4524 esse
2685 4474 2751 4523 ad
2791 4474 3055 4526 Denm:et
3101 4476 3215 4527 ideo
3265 4479 3664 4539 contendimus,
3701 4477 3795 4528 sire

2216 4541 2471 4604 absentes,
2500 4543 2600 4594 site
2651 4555 2937 4609 pra'sentcs,
2974 4546 3173 4610 placere
3205 4547 3269 4598 ei.
3311 4547 3515 4600 Omnes
3546 4554 3680 4599 enim
3712 4562 3796 4597 ars

2216 4613 2532 4685 manifestari
2580 4624 2773 4685 Oportet
2818 4625 2935 4664 ante
2980 4616 3201 4667 ttibunal
3244 4615 3482 4681 Christi,
3527 4629 3581 4670 ut
3621 4618 3796 4685 refernt

2216 4683 2555 4752 unusquisque
2584 4684 2792 4752 propria
2817 4686 3064 4750 corporis,
3091 4696 3236 4751 prout
3259 4690 3443 4748 acuit,
3467 4689 3575 4740 sire
3601 4683 3795 4745 bonum,

2214 4750 2317 4801 sive
2345 4751 2556 4802 malum.
2585 4750 2814 4806 Sciﬁutes
2844 4770 2961 4820 ergo
2993 4750 3217 4807 timorem
3252 4756 3494 4818 Domini,
3521 4756 3799 4810 hominibus

2212 4820 2500 4883 suademus,
2544 4821 2648 4874 Deo
2685 4834 2849 4874 autem
2900 4825 3153 4887 manifesti
3198 4842 3401 4889 sumus,
3437 4843 3599 4892 spero
3643 4840 3798 4878 autem

2212 4898 2256 4941 et
2287 4892 2605 4943 conscientiis
2632 4895 2804 4945 vestris
2836 4895 3127 4963 manifestos
3158 4912 3250 4947 nos
3283 4912 3417 4949 esse.
3474 4897 3600 4949 Non
3630 4899 3801 4948 iterum

2212 4975 2301 5009 nos
2329 4963 2736 5013 commendamus
2778 4964 2931 5026 robis,
2954 4966 3040 5017 sed
3080 4967 3396 5018 Occasionem
3446 4969 3639 5020 clanius
3676 4972 3803 5019 colus

2212 5028 2467 5103 gloriandi
2508 5048 2600 5099 pr'o
2652 5034 2813 5091 nobis,
2846 5046 2898 5085 ut
2949 5035 3172 5088 habeatis
3205 5038 3270 5088 ad
3309 5053 3397 5088 ros
3438 5042 3531 5103 qui
3578 5041 3631 5090 in
3683 5037 3801 5103 facit:

2210 5100 2516 5165 gloriantur,
2542 5110 2585 5152 et
2630 5118 2729 5153 non
2771 5106 2822 5155 in
2854 5106 3021 5157 corde.
3066 5104 3183 5159 Sive
3215 5108 3351 5158 enim
3409 5100 3587 5159 triente
3619 5100 3799 5162 excidt-

2209 5185 2340 5230 mus,
2368 5168 2497 5227 Deo;
2522 5173 2625 5222 sive
2650 5173 2802 5224 sobrii
2828 5192 3025 5236 sumus,
3044 5176 3199 5227 vobis.
3223 5174 3432 5230 Caritas
3456 5181 3600 5230 enim
3624 5178 3798 5231 Chrtss

2209 5248 2350 5308 urget
2385 5256 2473 5291 nos
2497 5254 2513 5291 :
2534 5243 2837 5294 a'stintantcs
2862 5245 2975 5307 hoc,
2999 5246 3236 5311 quoniam
3260 5247 3305 5299 si
3334 5264 3481 5300 unus
3515 5265 3612 5315 pro
3644 5248 3792 5299 omni-

2216 5386 2319 5437 qtto
2350 5388 2452 5424 non
2487 5374 2648 5425 tnttlto
2688 5384 2809 5449 post
2836 5377 2967 5449 ritate
3010 5388 3246 5445 tempora
3290 5380 3522 5447 paedore
3570 5383 3809 5449 [:uneqitc

2216 5450 2557 5518 {:"_"5|II||t-l'_ls
2581 5446 2891 5518 ςξκδιιίιτηὶι.
2931 5448 3178 5501 ΙΙοηηιιισι
3216 5452 3513 5518 ρμίδρυνυς,
3550 5446 3806 5505 "alia,"

2219 5512 2372 5581 Iidem
2420 5528 2477 5563 ca
2508 5514 2730 5565 bulicunt
2771 5528 2950 5567 contta
2996 5518 3220 5571 Al‘iJltttS
3252 5512 3602 5581 alelclrttlnnl,
3647 5522 3810 5575 eccle-

2216 5580 2426 5645 siasque
2454 5585 2520 5632 ab
2550 5585 2612 5635 iis
2633 5598 2908 5651 usurpatas
2934 5603 3084 5640 sacro
3107 5590 3209 5641 ritu
3232 5592 3546 5644 catholicas
3566 5580 3807 5645 reddant.

2288 5657 2300 5669 '
2337 5652 2557 5716 tiregor.
2603 5653 2925 5709 Turoneu~is
2974 5659 3160 5712 eadt'tu
3210 5662 3374 5713 lcrtue
3429 5662 3602 5715 habet
3645 5679 3693 5717 c.
3749 5662 3817 5715 ω

2196 5718 2334 5769 ἸιΙιΓί
2370 5720 2433 5770 de
2464 5721 2637 5774 tib-ria
2673 5741 2736 5775 ut.
2760 5736 2983 5788 rtgtmn.
