3998 6368
519 358 620 413 ῢ59
1816 356 1924 410 ΑΝ.
1966 356 2098 411 MAN

2151 396 2165 411 .
2208 355 2356 411 SEV.
2402 355 2702 410 BUETIL‘S.
3644 358 3730 412 5L0

520 475 587 526 ml
610 475 931 545 sophisticen,
957 489 1056 543 qua
1080 472 1157 526 illi
1180 470 1508 535 excellebant,
1543 472 1831 524 accedebat.
1869 470 1939 525 Ut
1967 489 2135 525 verum
2160 473 2246 536 sit,
2274 473 2411 542 quod
2433 475 2583 541 vulgo
2603 471 2809 536 dicitur,
2836 469 3053 523 Tantum
3073 471 3282 540 quisque
3304 470 3499 538 probat,
3522 486 3580 537 qu
3612 483 3732 525 ntum

522 583 571 617 ιε
589 566 789 632 assequi
808 575 970 633 putat.
995 564 1200 617 Accedit
1236 566 1387 618 etiam
1408 564 1503 617 hoc
1541 579 1632 616 cur
1652 563 1813 631 magis
1830 563 1911 615 hic
1935 573 2131 626 auttor,
2155 565 2271 617 aliis
2292 565 2490 617 eximiis
2508 566 2795 617 auctoribus
2814 580 2969 632 prope
2985 563 3352 626 exsulantibus,
3371 564 3422 615 in
3440 562 3736 618 barbarorum

522 656 749 709 manibus
778 656 974 710 havserit
997 697 1011 718 ,
1036 655 1172 726 quod
1202 663 1342 709 tanta
1362 655 1506 708 docet
1526 653 1809 725 diligentia,
1835 664 1887 706 ut
1923 655 2077 707 nimia
2110 657 2217 725 ejus
2246 655 2297 707 in
2334 655 2564 708 docendo
2598 656 2838 709 sedulitas
2872 658 3233 724 propemodum
3264 654 3439 708 lectori
3458 692 3474 716 ,
3499 654 3737 719 paululum

520 748 803 813 fastidiosa,
832 749 893 801 sit
916 749 1084 801 ttedio.
1125 746 1288 817 quue
1317 748 1367 799 in
1392 747 1755 815 philosophieis
1778 748 2093 817 potissimum
2114 788 2129 811 ,
2153 758 2199 801 et
2224 749 2275 799 in
2300 748 2688 801 mathematicis.
2716 748 2844 801 Eam
2868 758 3031 801 tamen
3053 748 3372 801 sedulitatem
3399 749 3451 801 in
3473 752 3660 802 musicis
3677 753 3740 804 rei

520 842 785 909 difﬁcultas
803 841 873 893 ita
895 841 1027 904 ricit,
1049 850 1101 893 ut
1124 842 1192 893 ibi
1212 843 1428 896 intactus
1448 842 1615 895 multis
1636 842 1785 894 annis
1808 841 1981 910 fuerit,
2005 842 2163 892 donec
2185 842 2371 893 veniret
2394 858 2648 907 nunquam
2670 842 2793 893 satis
2818 842 3055 893 laudatus
3076 842 3150 893 vir
3171 837 3493 893 Franchinus
3512 839 3738 910 Laudem,

518 933 604 1000 qui
634 932 686 983 in
715 948 772 985 eo
794 932 1099 985 illustrando
1120 950 1361 1003 maguum
1382 949 1549 1000 aperte
1571 934 1787 997 pretium
1818 933 1957 1002 fecit.
1994 931 2115 985 Fuit
2136 933 2303 986 h’ercle
2329 941 2449 985 ante
2468 950 2629 985 annos
2657 932 2848 1002 aliquot
2880 943 2933 986 ut
2984 934 3129 985 multi
3149 976 3163 997 ,
3188 936 3270 1002 qui
3306 933 3534 987 Musicen
3560 937 3741 1005 proﬁte-

518 1034 707 1087 rentur,
735 1041 833 1077 non
868 1025 1151 1078 dubitarent
1180 1027 1347 1093 palam
1375 1026 1542 1079 dicere
1576 1027 1887 1096 impossibile
1916 1042 2024 1079 esse
2042 1041 2341 1095 quemquam
2368 1023 2534 1078 Boetii
2568 1024 2796 1078 Musicen
2830 1024 3140 1095 intelligere,
3162 1025 3298 1092 quod
3326 1025 3534 1093 insignis
3559 1027 3742 1094 quidam

524 1116 818 1172 Phonascus
838 1118 1066 1174 Colonia:
1104 1121 1395 1190 Agrippina:
1417 1130 1532 1174 ante
1558 1137 1717 1175 annos
1737 1122 1804 1175 50
1824 1161 1838 1183 ,
1874 1137 1991 1173 cum
2022 1121 2090 1173 ibi
2137 1120 2473 1189 philosOphite
2508 1136 2714 1190 operam
2747 1136 3009 1182 navarem,
3046 1118 3170 1172 mihi
3189 1118 3388 1189 objecit.
3432 1116 3575 1180 Quod
3611 1118 3651 1170 ei
3684 1120 3745 1170 ita

516 1208 697 1275 visum,
722 1212 961 1278 quoniam
1001 1221 1181 1276 pra'ter
1213 1221 1455 1264 cantuum
1486 1228 1663 1276 usum,
1690 1212 1822 1267 nihil
1849 1210 2059 1278 alioqui,
2110 1211 2247 1280 quod
2284 1211 2352 1261 ad
2370 1212 2482 1279 ejus
2519 1210 2803 1279 disciplina:
2840 1212 3153 1279 majestatem
3189 1208 3399 1270 attinet,
3434 1206 3651 1277 habebat.
3688 1204 3745 1257 Et

516 1302 604 1366 qui
624 1301 746 1353 tales
768 1312 903 1365 sunt,
929 1304 1121 1371 majore
1143 1319 1232 1370 per
1253 1302 1430 1355 Jovem
1451 1303 1721 1369 supercilio
1747 1318 2116 1370 nonnunquam
2143 1305 2205 1356 de
2228 1302 2521 1355 auctoribus
2536 1304 2772 1373 judicant
2788 1341 2804 1366 ,
2826 1319 2977 1370 quam
2997 1301 3083 1368 qui
3102 1309 3215 1352 sunt
3238 1300 3418 1353 eximie
3438 1299 3598 1361 docti,
3630 1301 3746 1365 quod

519 1390 645 1457 proh
682 1392 860 1445 dolor!
902 1409 999 1444 non
1034 1393 1084 1444 in
1106 1393 1201 1445 hac
1222 1402 1420 1445 tantum
1457 1394 1701 1461 contingit
1741 1393 1975 1453 scientia,
2009 1393 2097 1445 sed
2138 1394 2329 1463 passim
2368 1392 2421 1444 in
2448 1393 2598 1455 aliis,
2627 1393 2847 1445 maxime
2885 1390 2982 1445 hac
3013 1400 3186 1443 nostra
3219 1398 3531 1459 tempestate.
3562 1388 3657 1443 Sed
3690 1391 3747 1441 ad

516 1494 773 1534 auctorem
809 1482 976 1544 ipsum
1005 1482 1173 1533 redeo.
1210 1482 1429 1551 Scripsit
1469 1484 1627 1535 multa
1648 1480 1731 1534 hic
1750 1497 1967 1549 quorum
1997 1482 2197 1550 copiose
2225 1482 2450 1534 meminit
2488 1480 2796 1533 Trithemius
2819 1480 2994 1534 abbas.
3022 1481 3147 1544 Qui:
3177 1480 3327 1532 hodie
3359 1478 3559 1548 quidem
3578 1487 3748 1531 exstant

514 1573 679 1642 logica
702 1582 748 1624 et
794 1572 1147 1624 mathematica
1170 1613 1183 1635 ,
1209 1588 1269 1624 ea
1292 1572 1551 1641 prtecipua
1581 1582 1703 1640 puto
1722 1612 1736 1635 ,
1762 1587 1850 1625 nec
1870 1571 2043 1641 phrasi
2077 1572 2295 1633 diversa,
2324 1586 2413 1623 nec
2444 1570 2577 1639 stglo
2606 1569 2928 1633 dissidentia,
2958 1578 3011 1621 ut
3034 1569 3179 1621 liceat
3202 1567 3340 1619 haud
3374 1567 3578 1619 obscure
3606 1566 3751 1620 videre

515 1678 572 1714 ea
592 1663 762 1716 omnia
783 1679 846 1717 ea:
868 1680 967 1715 una
986 1664 1149 1717 exisse
1168 1665 1395 1733 ofﬁcina,
1422 1674 1638 1732 utraque
1667 1664 1849 1730 docta,
1877 1664 2098 1727 erudita,
2124 1661 2185 1716 ac
2205 1664 2451 1716 doctrina:
2480 1662 2818 1727 ﬁdelissimae.
2857 1661 2932 1713 De
2955 1661 3133 1730 quibus
3160 1662 3353 1731 logica,
3384 1662 3519 1727 quod
3547 1659 3681 1711 multi
3698 1664 3751 1711 ds

514 1755 578 1808 iis
607 1756 747 1808 varia
780 1756 1120 1823 prodiderint,
1151 1757 1343 1808 indicta
1378 1772 1438 1808 ac
1472 1757 1660 1809 intacta
1700 1755 2056 1821 relinquimus.
2092 1754 2457 1811 Mathematica
2491 1772 2636 1818 vero,
2674 1771 2788 1826 qua:
2810 1755 2896 1809 ille
2932 1753 3075 1807 nobis
3109 1754 3332 1823 reliquit,
3375 1754 3515 1805 omni
3552 1754 3755 1806 encomic

512 1846 813 1899 celebranda
841 1848 1091 1912 videntur,
1120 1857 1237 1901 sunt
1261 1849 1395 1901 enim
1424 1849 1586 1900 multo
1610 1848 1927 1919 dignissima.
1968 1844 2016 1898 E
2047 1848 2227 1917 quibus
2258 1847 2361 1900 duo
2396 1848 2473 1900 illi
2514 1847 2845 1901 eruditissimi
2875 1846 2939 1899 de
2969 1847 3301 1899 Arithmetica
3340 1845 3459 1898 libri
3502 1845 3754 1911 principem

512 1939 679 1998 locum
700 1940 874 1993 merito
895 1950 1084 2005 tenent,
1115 1942 1402 1995 absolutum
1432 1943 1635 1995 omnino
1662 1959 1815 2009 opus,
1842 1951 2093 2009 quantum
2109 1943 2176 1995 ad
2203 1943 2460 1996 theoricen
2482 1944 2683 2008 attinet,
2709 1943 2792 1994 cui
2814 1941 2942 1993 nihil
2964 1940 3115 2000 demi,
3138 1938 3265 1992 nihil
3287 1940 3410 1991 addi
3433 1947 3607 2005 potest,
3635 1932 3757 1991 omni

511 2037 654 2094 parte
674 2038 799 2083 teres
819 2046 878 2081 ac
900 2030 1199 2084 rotundum.
1230 2031 1536 2098 Quanquam
1558 2010 1807 2099 Georgius
1838 2030 1987 2083 Valla
2008 2032 2058 2083 in
2084 2042 2374 2098 portento‘so
2396 2033 2486 2085 illo
2510 2032 2760 2084 volumine
2784 2030 2848 2083 de
2868 2030 3014 2083 rebus
3038 2030 3290 2099 fugiendis
3312 2039 3357 2081 et
3380 2029 3683 2095 expetendis,
3703 2044 3757 2081 ea

514 2124 776 2178 Martiano
797 2124 1033 2194 Capella,
1059 2128 1384 2179 memorabile
1409 2126 1654 2194 quiddam
1685 2126 1749 2190 (si
1771 2126 1871 2177 diis
1894 2126 2083 2189 placet)
2105 2127 2327 2196 adjicere
2347 2127 2483 2179 visus
2507 2126 2592 2178 sit.
2627 2124 2732 2179 Sed
2756 2126 2841 2177 ille
2864 2124 2999 2176 idem
3025 2122 3272 2191 Georgius
3299 2137 3414 2174 cum
3442 2121 3759 2173 reconditiora

512 2214 685 2271 omnia
714 2218 765 2270 in
793 2217 1121 2270 arithmeticis
1148 2234 1209 2271 ex
1239 2218 1335 2271 hoc
1359 2230 1566 2271 auctore
1595 2220 1868 2283 habuisset,
1907 2234 1970 2271 ne
1995 2220 2151 2273 semel
2180 2219 2383 2287 quidem
2415 2235 2527 2271 eum
2555 2234 2669 2270 cum
2699 2217 2946 2288 dignitate
2975 2217 3236 2269 nominare
3263 2215 3437 2268 voluit.
3476 2213 3549 2268 De
3578 2214 3758 2266 musicis

511 2310 642 2363 idem
669 2312 801 2365 dico.
844 2309 926 2363 Ibi
955 2311 1206 2364 enimvero
1244 2312 1418 2364 habuit
1459 2311 1778 2365 Guilltelmos
1800 2352 1813 2374 ,
1850 2310 2130 2381 Brgennios
2150 2355 2164 2377 ,
2198 2322 2243 2365 et
2276 2312 2447 2365 nescio
2475 2326 2601 2378 quos
2641 2309 2773 2362 alios
2806 2318 3068 2370 auctores,
3104 2323 3202 2359 non
3230 2306 3508 2359 admodmn
3538 2303 3759 2365 celebres,

511 2398 721 2453 Boetius
750 2402 803 2454 in
835 2403 1012 2455 merita
1042 2403 1424 2454 nomenclatura
1457 2402 1622 2453 locum
1661 2403 1801 2466 apud
1829 2419 1941 2455 eum
1970 2418 2071 2455 non
2104 2402 2313 2465 habuit,
2355 2417 2467 2453 cum
2494 2400 2740 2469 quidquid
2774 2399 2952 2451 solidi:
2976 2396 3275 2449 eruditionis
3307 2395 3359 2448 in
3391 2396 3594 2448 musicis
3620 2393 3758 2447 Geor.

520 2485 671 2541 Valla
699 2489 892 2559 prodit,
921 2498 1181 2553 acceptum
1203 2488 1378 2542 Boetio
1407 2489 1597 2553 debuit,
1623 2492 1815 2559 reliqua
1843 2492 2153 2545 collectanea
2181 2502 2296 2543 sunt
2322 2491 2513 2552 inania,
2546 2506 2633 2541 nec
2658 2490 2860 2550 caelum,
2889 2504 2978 2541 nec
3006 2498 3193 2541 terram
3217 2487 3539 2556 attingentia,
3564 2489 3613 2537 in
3644 2494 3762 2538 utro-

510 2594 605 2643 que
632 2589 797 2632 tamen
827 2583 1058 2649 quies-ta,
1076 2580 1313 2651 jucunda
1345 2582 1505 2647 magis
1534 2596 1686 2649 quam
1717 2582 1999 2633 necessaria
2029 2581 2307 2633 subtilitate
2326 2625 2340 2645 ,
2370 2590 2423 2633 ut
2455 2578 2655 2632 Plinius
2686 2579 2747 2630 de
2773 2579 2997 2631 siderum
3029 2577 3219 2628 nmsica
3248 2576 3494 2644 prodidit.
3526 2573 3763 2639 Quidquid

510 2670 591 2722 hic
625 2678 792 2723 noster
819 2679 997 2723 auctor
1032 2672 1085 2724 in
1126 2671 1459 2725 arithmeticis
1501 2688 1562 2723 ac
1604 2674 1811 2725 musicis
1848 2673 2086 2740 protulit,
2118 2674 2171 2724 id
2213 2673 2265 2725 in
2317 2680 2477 2725 totum
2510 2672 2731 2724 solidum
2766 2679 2859 2728 est,
2893 2686 2951 2720 ac
2979 2668 3292 2730 discussum,
3322 2670 3687 2736 [nudatumque
3711 2681 3764 2719 α

508 2758 701 2816 'ntimis
713 2762 1011 2817 .matheseos
1037 2764 1319 2833 principiis,
1351 2764 1799 2834 inconcussumque
1829 2766 1880 2817 in
1906 2768 2091 2818 stecula
2119 2768 2353 2827 manebit.

1493 2856 1645 2913 Quum
1672 2857 1711 2904 si
1737 2857 1854 2904 dura
1880 2856 2030 2919 silex,
2056 2864 2139 2906 aut
2162 2865 2264 2907 stet
2289 2856 2527 2918 Marpesia
2552 2864 2741 2905 cautes.
3664 2892 3669 2899 .

580 2933 801 2999 Quintus
824 2945 990 2989 tamen
1015 2935 1139 2989 liber
1166 2936 1229 2990 de
1248 2935 1461 2990 Musicis
1491 2938 1614 2990 mihi
1641 2939 1844 3005 quidem
1881 2955 1979 2991 non
2008 2940 2203 2992 videtur
2229 2938 2519 3002 absolutus,
2555 2940 2748 2991 tametsi
2782 2938 2887 2990 scio
2924 2938 3074 2989 aliter
3098 2937 3255 2988 visum
3292 2935 3481 2989 eximio
3507 2934 3611 2987 viro
3638 2932 3767 2985 Julia

509 3024 769 3080 Martiano
800 3027 964 3090 Rotas,
994 3029 1081 3097 qui
1103 3045 1264 3098 nuper
1292 3030 1343 3081 in
1365 3029 1496 3081 hunc
1522 3040 1777 3081 auctorem
1806 3034 2050 3099 prtefatus
2077 3037 2167 3082 est.
2236 3029 2456 3092 Quicum
2487 3030 2611 3080 mihi
2640 3028 2879 3098 pleraque
2907 3029 2969 3080 de
2994 3026 3089 3079 hoc
3116 3028 3325 3079 auctore
3353 3025 3673 3077 conveniunt.
3703 3022 3767 3074 De

506 3118 702 3173 duobus
723 3122 1071 3173 tantummodo
1099 3119 1438 3174 voluminibus
1468 3136 1653 3189 magna
1678 3120 1929 3171 dubitatio
1955 3119 2172 3186 videtur,
2202 3136 2293 3172 nec
2320 3120 2490 3171 adhuc
2520 3120 2671 3189 plane
2699 3119 2839 3187 apud
2860 3134 2937 3170 me
2958 3119 3208 3180 discussa,
3237 3117 3561 3183 quantumvis
3590 3130 3770 3167 mecum

505 3212 684 3276 lucter,
714 3227 912 3264 onmem
943 3228 1167 3263 moveam
1207 3212 1445 3281 lapidem,
1480 3216 1699 3267 rationes
1726 3228 1897 3264 omnes
1936 3227 2129 3263 mecum
2161 3225 2366 3274 mutent,
2398 3229 2607 3273 versent,
2638 3212 2855 3274 volvam,
2876 3210 3117 3282 ignorans

1490 3302 1596 3359 Quo
1621 3310 1816 3351 teneam
1843 3303 2001 3349 vultus
2024 3309 2291 3350 mutantem
2317 3302 2491 3350 Protea
2516 3302 2657 3350 nodo.

508 3381 576 3437 Ut
606 3394 674 3437 est
706 3386 841 3453 apud
876 3385 1107 3436 eumdem
1140 3382 1398 3437 Flaccum.
1438 3383 1576 3437 Nam
1617 3386 1659 3436 si
1699 3387 1753 3438 id
1782 3402 1906 3452 opus
1943 3386 2007 3437 de
2028 3387 2223 3449 duabus
2271 3386 2462 3438 Christi
2492 3385 2777 3439 Servatoris
2804 3388 2961 3439 nostri
2991 3388 3206 3450 naturis,
3229 3394 3289 3441 ac
3318 3388 3456 3441 idem
3486 3388 3550 3439 de
3570 3387 3770 3440 sanctis-

504 3475 634 3529 sima
659 3474 701 3526 Τ
708 3476 911 3528 rinitate
939 3478 1044 3545 ejus
1069 3487 1207 3538 sunt,
1242 3488 1294 3530 ut
1316 3479 1497 3535 titulus
1535 3482 1759 3549 prwfert,
1793 3497 1882 3533 nec
1908 3484 2071 3551 stglus
2098 3498 2361 3552 repugna',
2399 3484 2485 3550 qui
2510 3487 2699 3555 factum
2735 3495 2807 3539 est
2847 3494 2899 3539 ut
2945 3487 2997 3539 in
3032 3502 3179 3556 opere
3210 3488 3298 3541 illo
3334 3489 3399 3541 de
3444 3486 3775 3559 pltilosophltt

503 3563 723 3621 Consola
746 3567 888 3629 ione,
913 3568 1046 3637 quod
1071 3569 1305 3622 ultimum
1334 3575 1444 3634 eius
1476 3572 1789 3635 existimant,
1822 3589 1937 3626 cum
1966 3576 2112 3628 toties
2140 3580 2338 3630 occasio
2363 3587 2529 3641 esset,
2556 3594 2618 3630 ne
2647 3579 2799 3631 semel
2827 3580 3024 3646 quidem
3051 3580 3239 3633 Christi
3280 3582 3472 3635 mentio
3501 3582 3630 3651 fiat?
3658 3579 3771 3631 Erat

504 3660 557 3710 in
584 3668 783 3712 carcere
806 3661 1024 3726 optimus
1046 3661 1134 3715 ille
1162 3663 1256 3725 vir,
1282 3663 1465 3718 dubius
1492 3666 1557 3717 de
1584 3666 1705 3719 vita.
1743 3664 2010 3734 Tyrannus
2035 3670 2348 3721 truculentus
2378 3669 2694 3729 imminebat,
2719 3670 2963 3724 tractabat
2988 3670 3050 3725 de
3079 3672 3250 3725 divinti
3278 3673 3606 3742 providentia
3631 3687 3774 3742 nego-

506 3751 634 3804 tium
656 3752 894 3805 arduum.
925 3751 1007 3806 Ibi
1032 3754 1095 3805 de
1121 3756 1273 3825 hujus
1304 3757 1479 3808 saculi
1505 3758 1721 3821 malitia,
1752 3758 1814 3811 de
1841 3760 2062 3828 fortuna
2089 3760 2438 3825 instabilitate,
2470 3763 2532 3815 de
2558 3763 2807 3814 malorum
2839 3764 3099 3816 hominum
3125 3765 3176 3816 in
3205 3765 3299 3817 hoc
3328 3766 3527 3818 mundo
3549 3766 3771 3835 imperio,

504 3857 596 3908 per
623 3851 783 3895 totum
811 3861 938 3911 opus
961 3857 1280 3915 conquestus.
1318 3846 1381 3898 Et
1418 3848 1639 3912 scilicet,
1677 3866 1774 3901 ron
1806 3860 1911 3903 erat
1938 3853 1990 3903 in
2019 3852 2098 3905 his
2127 3852 2381 3922 Christus,
2406 3854 2599 3905 hamini
2633 3864 2734 3906 tam
2762 3856 2932 3918 docto,
2967 3858 3073 3909 viro
3100 3867 3212 3910 tanv
3228 3856 3484 3910 honorato
3510 3874 3574 3909 ac
3604 3859 3685 3927 pio
3706 3854 3775 3908 vel

502 3936 659 3990 semel
677 3940 1057 3992 nominandus?
1082 3940 1334 4003 Christus,
1357 3942 1583 4010 inquam,
1610 3943 1775 3995 omnis
1796 3945 2053 4011 patientia
2076 3944 2385 4011 exemplum,
2414 3940 2571 4013 longe'
2587 3950 2804 4018 majores
2826 3948 3043 4017 injurias
3061 3949 3123 4001 ab
3148 3950 3367 4002 inimicis
3388 3966 3598 4017 passus.
3626 3948 3772 4007 Deus.

505 4023 777 4103 Dominus,
803 4028 1010 4081 Creator
1038 4046 1069 4081 a
1099 4041 1331 4082 creatura
1377 4033 1514 4084 cruci
1542 4033 1720 4101 afﬁxus
1739 4032 1883 4097 ,‘non
1911 4043 2020 4087 erat
2048 4034 2158 4101 ille,
2190 4035 2415 4105 inquam,
2449 4037 2499 4087 in
2533 4037 2626 4089 hoc
2656 4046 2759 4088 tant
2790 4038 3081 4105 splendido,
3114 4032 3169 4091 ui
3198 4040 3359 4092 videri
3396 4041 3611 4104 volunt,
3636 4054 3779 4105 oper:

501 4117 881 4172 nomihandus?
921 4118 1032 4188 Ego
1071 4121 1227 4191 igitur
1247 4162 1263 4187 ,
1302 4132 1355 4174 ut
1395 4125 1609 4190 ingenue
1644 4126 1805 4195 fatear
1838 4126 1890 4179 id
1918 4129 2053 4193 quod
2096 4131 2175 4181 res'
2212 4140 2287 4182 est
2331 4128 2447 4199 (etsi
2470 4130 2575 4182 scio
2597 4144 2750 4199 quam
2773 4147 3011 4200 magnam
3034 4132 3158 4184 mihi
3180 4148 3401 4186 moveam
3428 4136 3529 4186 hac
3548 4134 3778 4203 opinione

500 4206 767 4273 invidiam,
796 4219 844 4262 et
872 4210 985 4276 plus
1016 4227 1169 4278 quam
1192 4212 1540 4279 Camarinam,
1567 4216 1836 4270 dicendum
1868 4229 2033 4273 tamen
2071 4228 2165 4283 est,
2188 4222 2326 4289 quod
2358 4222 2529 4274 animo
2559 4222 2696 4274 sedet
2724 4222 2893 4292 meo),
2937 4224 3062 4276 mihi
3099 4226 3302 4294 quidem
3343 4228 3517 4294 magis
3554 4226 3774 4297 philoso-

501 4298 705 4389 phicum
733 4317 861 4369 opus
887 4301 1084 4355 videtur
1106 4320 1259 4372 quam
1286 4304 1656 4373 Christianum,
1682 4325 1775 4361 nec
1812 4320 1976 4364 tamen
2016 4312 2282 4383 indignum
2311 4314 2445 4381 quod
2473 4330 2503 4365 a
2532 4314 2819 4367 Christiano
2846 4316 3044 4369 homine
3070 4318 3286 4385 legatur,
3308 4320 3398 4372 sed
3426 4322 3701 4389 indignum
3727 4330 3775 4371 ut

506 4388 569 4441 ab
590 4406 646 4442 eo
672 4392 918 4459 scriptum
940 4392 1198 4457 credatur,
1220 4394 1309 4464 qui
1332 4395 1430 4462 ipsi
1457 4397 1656 4450 Christo
1691 4399 1813 4452 dato
1854 4401 1905 4454 in
1936 4418 2083 4455 sacro
2112 4402 2409 4473 baptismate
2438 4406 2641 4458 not'nine
2659 4445 2672 4465 ,
2697 4406 2861 4475 ipsunt
2898 4417 3095 4462 antescr
3117 4410 3216 4476 ptis
3254 4388 3559 4477 professus.
3595 4412 3703 4466 Nec
3721 4413 3778 4465 ob

503 4482 667 4574 ipsius
688 4485 1053 4574 professionem
1081 4486 1219 4553 (nam
1250 4488 1366 4539 alite
1388 4501 1719 4544 numerantur
1742 4495 2049 4559 captivitatis
2071 4497 2258 4566 causa)
2289 4498 2340 4549 in
2369 4514 2618 4552 carcerem
2650 4500 2903 4565 detrusus,
2928 4519 2990 4556 ne
3011 4506 3161 4557 srmel
3181 4506 3382 4572 quidem
3397 4506 3611 4561 Christi
3630 4505 3777 4574 faciat

498 4572 834 4666 mentionem.
852 4572 969 4625 Non
996 4577 1314 4644 eaaggerabo
1348 4595 1439 4646 pro
1474 4580 1724 4650 dignitate
1752 4586 2009 4653 negotium
2029 4628 2042 4651 ,
2070 4589 2194 4641 satis
2219 4598 2293 4641 est
2318 4590 2494 4642 lectori
2518 4592 2768 4645 indicasse
2795 4595 2917 4662 quid
2955 4610 3034 4647 me
3070 4597 3384 4666 potissimum
3411 4572 3639 4652 moveat.
3681 4595 3777 4651 SM

497 4663 632 4757 enim
652 4664 1053 4757 destglomuam
1076 4669 1117 4721 is
1137 4671 1347 4733 quadret
1370 4687 1479 4723 cum
1502 4674 1620 4725 aliis
1643 4674 1808 4728 Boetii
1830 4678 2233 4747 praefationibus,
2248 4682 2503 4751 judicium
2525 4684 2742 4736 aliorum
2764 4694 2890 4738 csto.
2918 4663 3096 4738 Multis
3118 4704 3239 4741 sane
3257 4689 3306 4757 (e
3324 4706 3551 4755 quorum
3574 4703 3777 4741 numer"

497 4767 574 4803 me
592 4754 742 4820 facile
758 4754 954 4819 dixero)
968 4772 1119 4823 prosa
1133 4758 1225 4810 illst
1248 4776 1360 4812 cum
1382 4763 1609 4817 carmine
1631 4781 1732 4816 non
1754 4767 1907 4818 unius
1924 4768 2145 4821 hominis
2166 4786 2270 4823 esse
2290 4772 2537 4832 videntur,
2557 4774 2702 4844 longe
2717 4779 2960 4847 majorem
2978 4780 3195 4846 grdtiam
3216 4754 3361 4833 habet
3378 4798 3596 4834 carmen
3634 4796 3779 4849 quam

497 4843 782 4935 jejunauilla
806 4860 974 4928 prosa.
1007 4847 1156 4912 Quod
1196 4850 1349 4904 simul
1380 4862 1528 4920 atqu:
1552 4855 1661 4922 quis
1691 4872 1859 4908 secum
1902 4858 2198 4926 diligentius
2228 4862 2573 4928 perpenderit,
2612 4843 2807 4918 videbit
2821 4882 2898 4919 me
2918 4843 3017 4919 non
3049 4878 3230 4921 temere
3253 4872 3532 4935 opinatum
3565 4843 3688 4925 esse.
3720 4872 3776 4923 At

495 4932 620 4998 quid
643 4932 867 4987 dicemus
890 4935 953 4987 de
982 4946 1054 4988 tot
1086 4947 1202 4991 ante
1243 4954 1332 4992 nos
1362 4943 1627 4995 doctorum
1668 4946 1889 4999 virorum
1902 4949 2141 5019 jud:cio?
2197 4950 2321 5014 Quis
2358 4968 2578 5022 unquam
2600 4970 2656 5005 ea
2677 4956 2739 5007 de
2762 4972 2816 5008 re
2841 4956 3119 5010 dubitavit?
3146 4932 3381 5013 omnesne
3404 4960 3779 5016 ccecutieruttl.’

496 5025 616 5079 Non
639 5027 744 5081 aio.
776 5027 911 5093 Quid
940 5032 1082 5084 tum?
1119 5031 1238 5084 Non
1260 5036 1571 5104 cogitarunt,
1599 5039 1824 5107 inquam.
1857 5043 1914 5097 Si
1938 5046 2263 5113 cogitassent,
2293 5047 2336 5098 si
2355 5048 2692 5115 judicassent,
2715 5051 2759 5102 si
2780 5050 3148 5114 discussissent,
3182 5054 3361 5105 melius
3387 5054 3543 5105 nobis
3569 5071 3629 5105 ra
3649 5067 3696 5104 te
3721 5056 3779 5101 ti—

490 5137 630 5173 mare
651 5124 930 5189 potuissent
952 5140 971 5178 :
991 5126 1080 5178 sed
1101 5143 1202 5179 non
1224 5129 1352 5180 venit
1376 5130 1427 5181 in
1452 5141 1687 5193 mentem,
1712 5135 1829 5186 aliis
1855 5137 2114 5207 occupatis
2135 5138 2455 5206 cogitatibus.
2508 5140 2946 5205 Quemadmodum
2983 5151 3028 5195 et
3056 5152 3229 5195 nostra
3250 5153 3418 5208 teta'e,
3448 5161 3607 5197 neruo
3629 5143 3778 5214 paulo

491 5212 791 5265 eruditioris
822 5216 1014 5287 judiCti
1053 5216 1226 5281 homo,
1258 5221 1623 5275 eruditissimos
1665 5223 2169 5296 absolutissimosque
2210 5228 2327 5281 illos
2371 5226 2659 5282 Rhetorices
2688 5232 2757 5282 ad
2791 5230 3100 5285 Herennium
3124 5234 3278 5288 libros
3306 5234 3579 5288 Ciceronis
3609 5212 3781 5287 existi-

489 5305 677 5392 tnabit,
713 5305 800 5357 sed
828 5305 1041 5360 alterius
1070 5312 1361 5379 cujuspiam
1386 5314 1521 5364 docti
1545 5316 1639 5366 viri
1664 5330 1722 5365 ea
1753 5324 2081 5383 tempestate,
2116 5334 2230 5385 qua:
2268 5320 2484 5371 maxime
2510 5330 2629 5372 tunc
2655 5323 2849 5388 magnis
2874 5323 3087 5390 ingeniis
3114 5326 3311 5392 floruit.
3344 5325 3509 5388 Atqui
3548 5324 3778 5378 Lauren-

487 5391 592 5442 tius
629 5391 781 5445 i’alla
802 5436 816 5456 ,
848 5398 1171 5468 Angelusque
1203 5398 1521 5462 Politianus,
1555 5404 1855 5469 eloquentia:
1891 5405 2134 5459 Romana:
2163 5410 2387 5471 lumina,
2420 5422 2483 5462 ac
2510 5412 2814 5464 exactissimi
2830 5414 3020 5482 judicii
3047 5391 3149 5467 duo
3179 5416 3273 5468 viri
3302 5415 3518 5481 ubique,
3549 5426 3607 5469 ut
3638 5415 3774 5469 Cice-

486 5486 646 5545 ronis,
672 5486 922 5554 allegant.
955 5488 1073 5542 Non
1103 5501 1231 5553 erat,
1262 5490 1451 5560 inquis,
1484 5493 1587 5545 illis
1627 5498 1819 5547 nasus?
1851 5505 1958 5548 erat
1990 5499 2191 5567 utique,
2226 5501 2315 5553 sed
2346 5517 2445 5554 non
2475 5503 2785 5571 cogitarunt,
2810 5504 3000 5573 alioqui
3025 5522 3088 5559 ex
3130 5508 3248 5576 styli
3272 5508 3604 5572 diversitate,
3637 5523 3699 5558 ac
3722 5521 3778 5557 es

410 5584 413 5587 '
489 5576 662 5629 multis
686 5581 804 5633 aliis
832 5586 1143 5652 argumentis
1166 5587 1402 5655 colligere
1438 5586 1590 5653 facile
1637 5599 1872 5654 poterant
1920 5608 2019 5643 non
2051 5610 2161 5647 esse
2199 5610 2257 5648 ea
2302 5594 2583 5661 Ciceronis,
2613 5599 2838 5665 quamvis
2866 5615 2914 5653 et
2955 5599 3102 5652 docta
3130 5610 3175 5653 et
3224 5614 3352 5667 pura
3376 5609 3431 5652 et
3486 5602 3777 5657 elaboratu.

485 5672 714 5760 quemvis
746 5673 1020 5729 ἱηιτιρναια
1050 5680 1310 5733 hominum
1344 5682 1515 5748 opinio
1550 5682 1823 5743 reclamet,
1857 5685 2075 5752 denique
2101 5691 2421 5757 quantumvis
2441 5700 2487 5742 et
2518 5690 2767 5760 Georgius
2802 5691 2953 5745 Valla
2980 5701 3025 5745 et
3054 5692 3303 5746 Antonius
3340 5691 3707 5746 Mancine'lus
3731 5700 3776 5741 ct

485 5758 693 5843 σικίειφη
721 5761 811 5813 α’ἕὶ
844 5764 1021 5819 luctati
1052 5769 1173 5835 sint,
1205 5782 1256 5824 ut
1283 5772 1336 5825 id
1362 5772 1649 5828 hominibus
1679 5777 2068 5843 persuaderent,
2096 5795 2262 5833 omncs
2305 5781 2357 5832 id
2386 5783 2587 5845 lucrati,
2620 5758 2673 5835 ut
2701 5784 2839 5850 apud
2871 5784 3168 5838 eruditiores
3199 5784 3273 5837 vel
3310 5786 3517 5853 stupidi
3548 5804 3576 5839 ι·
3599 5787 3629 5838 αξ
3658 5800 3776 5853 per-
