3998 6368
308 340 402 394 δη
1479 341 1981 400 ριιοιιεευωεαᾼ
2022 342 2433 398 σεκειιΑιΛΑ.
3454 344 3557 407 31,2

310 453 495 506 tiuaces
519 452 625 505 dici
664 462 969 506 mereantur.
1006 452 1113 507 Sed
1141 453 1209 505 ad
1236 452 1573 524 pltilasOphite
1605 456 2002 510 consolationem
2036 458 2179 512 illam
2226 460 2559 512 redeundum.
2596 460 2653 513 Si
2687 459 2800 514 llus
2836 476 2858 511 s
2890 471 3018 512 reue
3045 461 3387 514 iiicretriculns
3416 473 3557 514 vocat

309 544 659 615 philosophia,
692 558 745 598 ut
789 547 1033 612 sophista:
1057 548 1320 616 garriunt,
1356 551 1494 615 quod
1538 549 1669 602 nihil
1697 550 2288 617 solidtecomolatianis.
2322 553 2449 605 nihil
2488 552 2750 606 medicine!
2778 553 2959 621 afflicto
2989 552 3206 619 afferant
3236 555 3438 616 animo,
3468 559 3559 608 sed

304 642 411 703 ipsa
444 638 511 690 sit
542 654 659 691 vera
682 639 793 706 ejus
835 637 1054 704 medela,
1106 640 1285 707 quidni
1328 651 1373 691 et
1407 656 1497 692 nos
1520 681 1535 704 ,
1563 643 1741 707 quibus
1769 643 2002 697 Christus
2039 660 2203 696 veram
2231 643 2379 711 fidem
2412 646 2547 713 fecit,
2583 646 2854 715 ridebimus
2898 646 3116 697 vicissim
3160 646 3391 715 jejunum
3417 646 3560 699 illam

306 726 701 795 philosophiam,
730 731 808 780 mi
840 732 911 785 sic
942 727 1164 801 κόρακας
1196 727 1312 780 hinc
1359 730 1607 796 facessere
1630 731 1949 798 jubebimus,
1980 749 2096 801 qua:
2127 736 2176 784 in
2226 738 2319 785 hoc
2349 737 2539 785 mundo
2584 733 2871 802 felicitatem
2900 744 2969 786 tot
2989 736 3302 805 philosophis
3332 738 3558 800 mentita,

305 826 439 869 tanto
484 820 670 886 fortius
699 825 855 888 decep
880 824 923 873 is
951 824 1267 887 hominibus,
1318 834 1507 893 quanto
1539 837 1770 878 matrona
1811 828 2046 879 adultera
2078 830 2262 895 fortius
2290 827 2613 880 meretricula
2638 828 2795 895 fallit,
2828 828 3031 892 inﬁrmo
3056 826 3232 881 Boctio
3278 832 3453 883 adesse
3499 834 3562 895 ab

303 907 469 959 nescio
497 924 601 978 quo
624 911 744 979 ficta
792 912 940 963 initio
968 912 1121 982 hujus
1144 888 1498 981 operislNihil
1526 917 1656 969 enim
1681 916 1795 985 plus
1822 888 2087 983 firmitatis
2112 916 2261 970 habet
2289 888 2649 987 philosOphia,
2681 888 2832 981 quam
2866 888 3047 982 Μυίας,
3082 928 3136 971 ιιι
3162 921 3347 972 criticis
3376 888 3559 989 place’t,

303 998 662 1063 meretriculte,
692 1002 867 1069 gentili
890 1002 1081 1055 homini
1102 1006 1326 1072 elegans,
1354 1006 1643 1061 Christiano
1673 1010 1948 1061 ridiculum
1980 1010 2253 1062 inventum.
2296 1010 2393 1076 Arq
2434 1010 2448 1061 i
2477 1011 2520 1061 si
2548 1026 2748 1079 quteras
2785 1026 2932 1076 quem
2978 1020 3235 1063 auctorem
3264 1014 3376 1082 ejus
3401 1015 3563 1081 operis

302 1101 493 1159 putem,
526 1094 666 1145 haud
704 1095 856 1161 facile
874 1096 1019 1148 dixer
1040 1112 1089 1147 m
1114 1114 1127 1156 ;
1160 1099 1449 1167 conjectura
1483 1111 1647 1153 tamen
1675 1100 1814 1153 haud
1844 1102 2027 1170 exigua
2056 1103 2360 1170 colligimus,
2384 1104 2539 1172 fuisse
2568 1104 2786 1171 aliquem
2816 1120 2915 1155 non
2941 1105 3219 1165 indoctum,
3246 1114 3333 1155 au?
3364 1105 3562 1174 aliquot

303 1183 472 1245 potius
512 1183 687 1236 doctos
708 1226 723 1249 ,
764 1188 853 1253 qui
882 1190 933 1238 in
968 1190 1186 1257 gratiam
1218 1191 1396 1257 optimi
1436 1190 1530 1242 viri
1565 1192 1857 1261 hnjusmodi
1885 1196 2294 1247 lamenta‘ionem
2339 1196 2648 1248 institui-rint
2670 1236 2685 1258 ,
2712 1193 2843 1247 velut
2872 1194 3081 1263 funebre
3108 1194 3347 1247 solatium
3382 1198 3565 1265 injuste

303 1289 452 1328 cteso.
498 1275 636 1328 Nam
667 1275 899 1329 Boetiuns
932 1279 1329 1348 haudquaquam
1363 1292 1466 1333 tam
1505 1284 1765 1351 stupidum
1818 1286 1975 1352 fuisse
2025 1288 2307 1353 putandum
2346 1296 2441 1349 est,
2465 1304 2579 1340 tum
2620 1290 2668 1339 in
2707 1301 2909 1339 carcere
2954 1288 3277 1347 detineretur,
3311 1296 3364 1338 ut
3395 1298 3565 1356 tyran-

302 1366 428 1418 nici:
454 1367 598 1437 injur
617 1384 663 1419 ae
687 1370 969 1421 meminisse
989 1379 1089 1420 tam
1106 1371 1393 1435 importune
1424 1374 1655 1425 voluerit.
1697 1373 1883 1426 Verum
1910 1377 1971 1428 de
1988 1377 2080 1427 hoc
2105 1392 2253 1442 opere
2279 1378 2391 1444 plus
2415 1378 2734 1446 quain_satis.
2760 1376 2976 1445 Egregie
2996 1391 3108 1428 vero
3132 1377 3395 1440 impudens
3416 1378 3571 1441 fuisse

304 1458 517 1519 ridetur,
548 1459 776 1526 quisquis
793 1460 856 1511 de
893 1460 1167 1529 disciplina
1188 1462 1489 1516 scholastica
1511 1464 1600 1517 sub
1625 1464 1778 1535 hujus
1806 1468 2031 1520 auctoris
2062 1469 2209 1520 titulo
2235 1468 2422 1520 librum
2469 1470 2655 1529 emisit,
2684 1469 2942 1521 stultiores
2967 1479 3130 1520 autem
3152 1470 3239 1536 qui
3262 1468 3422 1522 Boetii
3443 1487 3568 1539 opus

304 1551 581 1604 credidere.
620 1551 955 1603 Geometriam
996 1554 1301 1622 inceperitne
1329 1570 1445 1606 cum
1477 1558 1679 1625 juvenis
1697 1567 1848 1621 esset,
1874 1568 1927 1610 ut
1952 1558 2252 1623 quibusdam
2275 1560 2439 1612 visum
2465 1570 2559 1624 est,
2592 1576 2652 1612 ac
2703 1576 2874 1613 om~sei
2890 1560 2948 1620 it,
2976 1562 3079 1612 alio
3121 1562 3351 1613 detentus
3377 1562 3565 1621 itudio.

304 1658 367 1693 ais
389 1657 544 1695 sene:
570 1652 682 1710 post
706 1643 1053 1697 Arithinetices
1078 1660 1137 1695 ac
1172 1644 1395 1698 Musicos
1420 1646 1575 1700 libros
1605 1665 1705 1701 non
1735 1650 2016 1717 perfecerit,
2045 1649 2185 1702 haud
2235 1652 2465 1719 equidem
2508 1652 2634 1702 scire
2664 1667 2889 1718 possum.
2917 1649 3121 1704 Certant
3152 1661 3222 1705 est
3251 1668 3361 1704 eam
3388 1653 3454 1702 ad
3481 1667 3570 1703 nos

306 1731 591 1786 absolutam
616 1750 717 1785 non
749 1735 1053 1803 pervenisse.
1078 1736 1183 1790 Sed
1208 1752 1341 1789 nunc
1363 1737 1426 1791 de
1442 1739 1760 1811 tgpographo
1790 1757 1848 1791 ac
1880 1741 2045 1806 operis
2067 1742 2398 1811 castigatione
2426 1744 2718 1795 dicendum.

372 1824 601 1877 Joannes
628 1823 879 1878 Waldner
908 1825 1206 1897 Tigurinus,
1251 1832 1324 1882 v’r
1348 1830 1411 1883 de
1439 1831 1642 1898 optimis
1668 1831 1959 1883 auctoribus
1989 1849 2106 1885 cum
2138 1832 2357 1898 Latinis,
2387 1844 2491 1886 tum
2515 1834 2724 1896 Crtvcis,
2756 1851 2870 1887 cum
2903 1837 2973 1889 rei
3018 1837 3168 1889 etiam
3189 1835 3461 1903 familiaris
3490 1836 3570 1904 fa-

307 1926 449 1970 ctura
476 1933 671 1972 summe
708 1920 833 1972 meri
859 1936 937 1972 us.
971 1920 1135 1975 Boetii
1178 1937 1333 1989 opera
1377 1933 1494 1975 ante
1532 1923 1723 1990 aliquot
1773 1940 1935 1977 annos
1980 1926 2231 1979 excudere
2276 1928 2417 1994 prelo
2469 1943 2561 1980 suo
2588 1943 2754 1991 orsus,
2789 1936 2952 1978 morte
2998 1940 3277 1994 pra'ventus
3305 1937 3405 1977 tam
3434 1929 3573 1994 pium

307 2026 431 2075 opus
456 2012 694 2079 perﬁcere
718 2014 956 2080 nequivit,
988 2014 1123 2067 idem
1162 2024 1331 2068 tamen
1357 2017 1671 2067 occasionem
1694 2018 1831 2071 dedit
1866 2016 2092 2070 Henrico
2124 2017 2287 2081 l’etri,
2308 2032 2504 2070 summo
2525 2018 2686 2068 amico
2723 2028 2916 2078 nostro,
2940 2027 2985 2067 et
3008 2017 3070 2069 de
3096 2015 3237 2068 bonis
3268 2014 3448 2067 litteris
3474 2031 3571 2068 non

309 2104 471 2155 asinus
494 2105 693 2167 metito,
722 2122 783 2157 ac
799 2107 1016 2174 quotidie
1040 2108 1160 2159 bene
1188 2109 1395 2161 merenti
1422 2123 1441 2161 :
1464 2109 1549 2176 qui
1579 2109 1843 2173 omissum,
1873 2108 2155 2162 Parcarum
2193 2110 2406 2173 invidia,
2441 2125 2567 2177 opus
2599 2108 2737 2175 felici
2765 2124 2819 2159 er
2847 2108 3082 2175 perfzcit,
3109 2106 3367 2177 adjutores
3398 2116 3573 2158 nactus

308 2205 410 2247 tum
444 2196 579 2249 vivos
613 2196 861 2259 doctores,
896 2205 1001 2249 tum
1038 2208 1227 2262 mutos,
1250 2198 1341 2249 l.oc
1382 2208 1453 2250 est
1485 2208 1532 2251 et
1565 2198 1734 2250 eximii
1774 2199 1962 2269 judicii
1995 2200 2149 2264 viros,
2194 2209 2243 2252 et
2270 2211 2453 2251 veteres
2481 2198 2699 2249 codices.
2730 2197 2909 2265 Adfu.’t
2945 2197 3077 2249 enim
3107 2198 3224 2247 huic
3246 2196 3459 2279 editioni
3502 2194 3570 2249 υ.

315 2284 431 2340 Seb.
461 2284 754 2339 Munsterus
782 2288 851 2340 ad
884 2290 1179 2358 hujusmodi
1206 2293 1413 2344 honesta
1436 2292 1638 2360 negotia
1661 2304 1833 2355 natus,
1875 2291 2184 2363 infatigabdi
2212 2308 2335 2344 cura
2378 2308 2439 2343 ac
2468 2291 2757 2360 diligentia.
2790 2289 2961 2343 Codex
2988 2291 3139 2342 etiam
3181 2300 3491 2356 pen'etustus
3513 2307 3574 2343 es

312 2374 403 2426 Dei
436 2374 562 2443 (ιρι.
592 2374 738 2430 Max.
774 2394 978 2430 munere
1001 2379 1178 2448 obtigit
1207 2382 1372 2447 nobis,
1406 2400 1552 2448 quem
1592 2384 1766 2436 ltabuit
1796 2384 2099 2437 reverendus
2140 2385 2193 2437 in
2232 2384 2433 2437 Christo
2479 2394 2625 2452 pater
2663 2401 2719 2437 ac
2759 2383 2995 2435 dominus
3047 2380 3113 2432 Ι).
3162 2379 3389 2435 Joannes
3435 2380 3574 2434 liern

308 2465 458 2518 abbas
479 2468 694 2521 canobii
721 2468 834 2521 Divi
855 2468 1060 2541 Georgii
1082 2472 1133 2526 in
1160 2472 1415 2543 Hercynia
1438 2478 1599 2542 sylva.
1624 2477 1723 2540 Qui
1755 2494 1844 2541 pro
1870 2493 1963 2529 suo
1994 2478 2043 2528 in
2070 2493 2244 2528 sacras
2276 2478 2466 2528 litteras
2489 2489 2535 2529 et
2558 2478 2773 2545 Optimos
2794 2487 3027 2527 auctores
3059 2489 3249 2535 arnore,
3268 2475 3398 2525 hunc
3421 2473 3564 2525 codi-

307 2574 408 2608 cem
434 2560 628 2613 mittere
650 2577 741 2628 per
764 2562 919 2615 multa
950 2563 1189 2617 milliaria
1209 2582 1309 2617 non
1335 2565 1596 2618 dubitavi:.
1629 2566 1710 2619 Ex
1731 2583 1830 2635 quo
1855 2568 2029 2619 codice
2050 2568 2210 2619 multa
2237 2569 2287 2618 in
2318 2565 2529 2619 Musicis
2556 2574 2784 2618 restituta
2811 2573 2948 2618 sunt.
2982 2566 3159 2634 Adfuit
3190 2575 3236 2617 et
3269 2562 3333 2615 Ι).
3365 2554 3429 2615 ι).
3455 2561 3560 2615 Bo-

304 2656 484 2725 nifacii
512 2657 838 2710 Amorbachii
864 2650 1112 2713 codex’ex
1141 2660 1444 2714 bibliotheca
1474 2662 1657 2726 ipsius,
1688 2679 1790 2730 qua
1821 2662 1905 2714 vix
1930 2672 2004 2714 est
2034 2662 2085 2714 in
2128 2670 2232 2714 tota
2274 2659 2551 2713 Germania
2579 2660 2869 2713 instructior
2896 2658 3075 2711 altera.
3113 2656 3221 2709 Nec
3244 2656 3292 2708 dt
3310 2657 3403 2726 fuit
3432 2672 3569 2709 meus

307 2747 490 2807 codex,
523 2746 696 2799 multis
726 2757 930 2801 notatus
959 2750 1105 2802 locis.
1138 2749 1253 2803 lloc
1274 2752 1508 2806 lectorem
1528 2770 1551 2804 s
1568 2755 1654 2806 ‘ire
1666 2754 1825 2815 volui,
1849 2770 1911 2805 ne
1937 2764 2117 2806 temere
2139 2754 2508 2819 pra'cipitatum
2534 2769 2661 2817 opus
2681 2753 2930 2817 crederet,
2951 2750 3375 2819 quemadmodum
3403 2758 3575 2803 nostra

305 2842 452 2886 tetate
472 2832 588 2900 fieri
612 2833 739 2884 solet
766 2833 828 2885 ab
852 2836 1081 2903 pecunia:
1108 2838 1279 2905 potius
1301 2840 1578 2908 aucupibus
1598 2856 1752 2908 quam
1778 2840 1961 2893 solidae
1987 2841 2165 2911 gloria:
2193 2841 2506 2906 petitoribus.
2543 2840 2710 2892 llocce
2740 2840 2895 2906 igitur
2916 2856 3065 2903 opus,
3088 2840 3353 2908 magnifice
3374 2838 3439 2891 D.
3468 2840 3575 2891 An-

306 2926 434 2990 toni,
455 2926 547 2978 sub
582 2927 799 2979 nominis
823 2928 899 2979 tui
928 2932 1214 2995 patrocinio
1246 2933 1297 2984 in
1328 2934 1492 2985 lucem
1523 2948 1595 2985 tre
1611 2934 1885 2995 voluimus,
1910 2950 2057 3001 quem
2089 2943 2286 2985 constat
2313 2934 2375 2985 de
2404 2934 2621 2986 honestis
2651 2933 2957 3000 disciplinis,
2992 2949 3078 2984 nec
3098 2933 3263 2983 minus
3276 2932 3339 2984 de
3352 2933 3577 3002 discipli-

305 3032 490 3067 narum
520 3018 887 3084 professoribus
918 3020 985 3071 ita
1012 3023 1268 3088 meritum,
1298 3033 1348 3075 ut
1376 3025 1459 3075 vix
1478 3025 1637 3077 alium
1678 3026 1773 3076 hac
1800 3035 1947 3076 aetate
1968 3026 2119 3077 liceat
2142 3025 2368 3094 justias,
2401 3035 2448 3078 et
2476 3043 2569 3078 suo
2621 3027 2744 3077 meri
2768 3042 2819 3088 ο,
2862 3024 3034 3077 swculs
3058 3024 3214 3093 hujus
3249 3023 3576 3078 blectenatetn

306 3123 500 3160 vocare.
531 3107 682 3172 Quod
734 3110 1080 3164 testimonium
1131 3123 1313 3181 pra'ter
1344 3126 1549 3168 ca'teros
1578 3114 1762 3167 multos
1784 3115 1995 3167 eximios
2025 3133 2157 3169 viros
2202 3116 2655 3185 locupletissimum
2686 3116 2789 3167 duo
2838 3116 2961 3167 mihi
2992 3114 3318 3167 eruditissimi
3346 3130 3407 3167 ac
3436 3114 3579 3168 nobis

307 3201 604 3253 amicissimi
635 3203 727 3255 viri
756 3204 955 3269 dedere,
991 3204 1055 3257 Ι).
1094 3205 1332 3260 Otmarus
1359 3207 1647 3273 Luscinius,
1678 3210 1790 3278 jam
1817 3210 1922 3278 fato
1956 3210 2167 3270 feliciter
2198 3213 2427 3279 functus,
2463 3208 2605 3261 et-D.
2640 3207 3038 3276 ChristOphorus
3061 3206 3208 3262 Seld.
3235 3208 3374 3277 reip.
3406 3209 3577 3277 Augu-

304 3302 464 3357 stante
489 3294 791 3362 advocatus,
823 3307 1031 3367 uterque
1053 3314 1082 3349 a
1107 3308 1152 3351 te
1180 3310 1400 3363 amatus,
1432 3302 1665 3365 adjutus,
1695 3314 1903 3352 evectus.
1945 3298 2057 3351 Tua
2083 3301 2363 3371 benignitas
2392 3302 2663 3353 audaciam
2712 3317 2875 3377 meum
2907 3300 3024 3354 boni
3055 3300 3307 3353 cons’ulat.
3338 3298 3577 3369 Fiiburgi

310 3384 535 3457 Brisgoa'
569 3406 711 3441 ttnno
738 3408 767 3441 a
786 3390 911 3443 Jcsu
943 3390 1131 3445 Christi
1159 3394 1321 3444 natali
1347 3392 1482 3447 1546
1510 3394 1736 3445 colendis
1760 3391 1987 3445 Martiis.

1119 3524 1711 3701 @piﬁtola
1786 3528 2740 3702 mmmputoria.

380 3758 491 3811 Jul.
528 3758 819 3815 Alartiantss
855 3761 985 3816 liota
1014 3760 1228 3834 Georgio
1254 3762 1490 3817 Cornelio
1522 3761 1751 3831 pontiﬁci
1778 3760 2041 3814 Tarvlsino
2072 3761 2364 3830 designato,
2389 3762 2626 3814 salutem.

385 3850 615 3902 Primum
642 3856 787 3905 rebus
817 3857 869 3907 in
908 3855 1138 3908 omnibus
1173 3872 1371 3922 seraper
1397 3856 1491 3922 fuit
1554 3855 1667 3906 novi
1716 3854 1912 3921 aliquid
1943 3868 2191 3917 promere,
2222 3850 2540 3914 secundum,
2569 3850 2655 3902 ubi
2682 3849 2919 3918 consequi
2948 3846 3082 3901 illud
3110 3862 3346 3914 nequeas,
3374 3846 3434 3897 ab
3464 3848 3579 3900 aliis

309 3948 606 4016 depromp'a
631 3948 843 4002 meliora
867 3948 1095 4011 reddere,
1128 3960 1395 4016 utrumque
1423 3948 1513 4000 tibi
1530 3959 1791 4015 priestare,
1827 3946 2055 4013 pontifex
2084 3942 2310 4007 Corneli,
2364 3958 2480 3995 cum
2514 3942 2713 4009 vellem,
2746 3944 2973 3995 diversas
3002 3941 3329 3995 bibliothecas
3354 3949 3578 3993 excutere

310 4038 456 4103 ccepi,
480 4054 693 4103 sperans
723 4055 801 4090 me
820 4040 977 4090 ethoc
1006 4049 1051 4089 et
1091 4039 1220 4091 illud
1240 4037 1557 4102 effecturum.
1578 4039 1681 4090 Sed
1710 4038 1927 4090 alterum
1953 4037 2161 4106 quidem
2192 4036 2390 4106 assequi
2422 4036 2627 4087 minime
2666 4034 2832 4102 potui,
2873 4033 3029 4087 libros
3051 4034 3187 4086 enim
3213 4047 3340 4101 quos
3369 4033 3422 4084 in
3454 4030 3579 4098 phy-

309 4128 438 4179 sicas
463 4128 858 4179 auscultationes
888 4125 1156 4181 Sevei'inus
1194 4130 1381 4193 emisit,
1414 4127 1642 4196 quamvis
1690 4143 1773 4180 eos
1802 4136 1998 4180 exstare
2045 4143 2145 4179 non
2182 4126 2332 4192 pauci
2364 4126 2549 4187 sciant,
2583 4126 2617 4176 d
2649 4125 2824 4192 prendi
2841 4140 2895 4177 re
2918 4136 3087 4177 tamen
3109 4122 3279 4176 adhuc
3300 4140 3400 4177 non
3422 4123 3581 4175 valui.

310 4220 541 4269 Alterum
571 4226 739 4269 autem
765 4220 981 4281 abunde,
1021 4232 1163 4284 puto,
1196 4235 1330 4271 cons.
1347 4229 1495 4271 cutus
1534 4236 1668 4277 sum.
1703 4235 1821 4270 nam
1853 4219 2065 4273 meliora
2091 4235 2243 4285 quam
2267 4221 2470 4287 fuerant
2508 4219 2750 4271 hactenus
2803 4218 3049 4283 impressa
3078 4216 3236 4269 multo
3263 4215 3578 4271 reddidimus

308 4310 419 4378 ejus
449 4308 838 4369 commentaria,
870 4324 983 4376 qua'
1005 4326 1035 4374 p
1072 4309 1189 4361 rtim
1213 4314 1353 4361 vara
1382 4309 1780 4376 transcriptione
1807 4309 2113 4377 labefactata
2155 4307 2396 4373 stabiliri,
2426 4320 2611 4377 partim
2644 4308 2797 4377 longa
2824 4316 3066 4360 vetustate
3096 4305 3325 4373 collapsa
3354 4305 3585 4374 reparari

310 4398 483 4449 tnnltis
508 4399 559 4449 in
581 4396 708 4450 locis
734 4397 1111 4450 desiderabant.
1152 4397 1329 4467 Neque
1354 4416 1466 4451 vero
1489 4399 1751 4467 quisquam
1782 4416 1813 4450 a
1852 4399 1995 4452 nobis
2025 4399 2156 4451 hanc
2185 4399 2493 4467 provinciam
2522 4400 2711 4469 frustra
2742 4408 3022 4464 susceptam
3049 4398 3298 4467 opinetur,
3327 4399 3423 4465 fuit
3449 4397 3581 4448 enim

312 4486 519 4541 Boetius
558 4506 657 4541 non
699 4492 865 4543 sutum
897 4506 1082 4557 magna
1112 4491 1355 4559 facundia
1395 4491 1468 4541 rir
1491 4500 1539 4542 et
1569 4489 1854 4542 eruditione
1880 4488 2155 4559 singulari,
2195 4505 2365 4543 verum
2394 4490 2545 4541 etiam
2569 4489 2788 4559 juvandi
2820 4487 3067 4553 plurimos
3094 4486 3376 4539 incredibili
3414 4486 3589 4539 studio

313 4579 603 4645 tenebatur,
635 4591 785 4649 atque
813 4582 923 4634 ideo
945 4596 1059 4632 cum
1090 4579 1345 4634 Barbaros
1374 4583 1530 4635 armis
1557 4581 1617 4633 ab
1649 4578 1734 4632 Ita
1760 4582 1810 4634 ia
1850 4580 2117 4650 prohibere
2160 4580 2338 4634 consul
2370 4597 2469 4633 non
2498 4589 2682 4649 posset,
2706 4579 2987 4631 barbariem
3011 4580 3073 4630 ab
3105 4577 3312 4651 EurOpa
3354 4577 3584 4644 discipli-

312 4675 391 4725 nis
422 4678 607 4744 ej‘cere
632 4674 811 4726 doctus
839 4691 939 4727 non
970 4676 1240 4728 dubitavit.
1264 4676 1583 4729 Aristmelem
1608 4677 1740 4730 enim
1768 4674 2048 4729 dialecticce
2068 4686 2113 4729 et
2146 4679 2406 4745 utriusque
2427 4673 2786 4743 philosOphice,
2818 4671 2913 4724 hoc
2933 4680 3007 4725 est
3037 4671 3274 4723 humana:
3303 4670 3588 4741 felicitatis,

313 4774 501 4836 magis!
534 4782 640 4829 um,
673 4769 865 4835 primus
895 4780 940 4819 et
970 4766 1246 4822 Latinitate
1266 4770 1476 4821 donavit
1508 4779 1553 4820 et
1568 4770 1821 4836 expasnit,
1847 4770 1901 4819 id
1931 4769 2070 4835 quod
2101 4767 2247 4821 Lucii
2275 4768 2437 4837 Sylla:
2461 4766 2761 4834 dignitatem
2793 4779 2892 4815 non
2918 4766 3131 4832 tequavit
3163 4765 3334 4825 modo,
3356 4762 3444 4815 sed
3471 4762 3584 4831 plu-

312 4860 499 4910 rimum
526 4860 677 4911 etiam
710 4861 968 4919 excelluit,
1002 4860 1181 4929 opibus
1204 4861 1336 4911 enim
1374 4869 1423 4912 et
1453 4863 1676 4930 polentia
1704 4866 1862 4928 fretus
1895 4857 2163 4912 Cornelius
2192 4860 2360 4929 Sylla,
2387 4861 2610 4912 inventos
2634 4855 2840 4909 Athenis
2869 4854 3155 4908 Aristotelis
3179 4855 3330 4906 libros
3366 4851 3583 4906 Romani

313 4962 553 5021 portarit.
589 4952 833 5021 Hoquent
857 4970 901 5007 αξ
923 4964 969 5006 et
1000 4954 1271 5006 eruditoni
1293 4954 1457 5021 fidens
1482 4953 1705 5005 Manlius
1734 4955 2006 5007 Severinus
2029 4954 2228 5006 eosdem
2256 4968 2283 5006 e
2311 4950 2488 5005 Gratco
2511 4967 2739 5005 sermone
2766 4951 2817 5003 in
2842 4950 3125 5003 Romanam
3156 4948 3382 5020 linguam
3403 4955 3572 5000 trans-

313 5043 449 5107 tulit,
479 5056 524 5096 et
549 5060 611 5096 ex
628 5044 851 5096 ab~curis
866 5046 993 5097 adeo
1011 5060 1060 5096 ut
1087 5049 1209 5099 rixa
1229 5049 1404 5115 paucis
1426 5048 1844 5115 intelligerentur,
1864 5047 2021 5099 cuivis
2037 5046 2353 5099 mediocriter
2395 5045 2597 5098 erudito
2626 5042 2819 5112 pervios
2861 5041 3133 5095 luculentis
3185 5038 3589 5108 expositionibut

311 5133 502 5199 effecit.
536 5134 665 5198 Qua:
695 5136 887 5188 utilitas
909 5153 1006 5187 non
1030 5148 1221 5189 tantum
1253 5139 1389 5189 illius
1424 5138 1587 5189 aetatis
1630 5136 1856 5188 homines
1882 5137 2159 5204 plurimum
2190 5136 2347 5204 juvit,
2392 5136 2491 5207 sed,
2520 5136 2587 5187 ad
2610 5145 2834 5201 posteros
2861 5149 3059 5203 quoque
3084 5133 3376 5185 redundans
3406 5130 3459 5183 in
3497 5147 3590 5182 no:

312 5244 473 5296 usque
492 5230 737 5289 pervenit.
764 5228 911 5281 Hane
932 5232 1041 5300 ejus
1063 5233 1318 5301 egregiam
1340 5233 1497 5285 animi
1529 5234 1835 5285 voluntatem
1857 5246 1967 5282 cum
1991 5231 2123 5283 inter
2147 5230 2415 5299 legendum
2437 5230 2922 5290 animadvertissem,
2944 5228 3089 5281 libuit
3111 5226 3237 5280 mihi
3263 5227 3498 5294 quadam
3527 5242 3585 5274 at.

311 5321 476 5386 ipsius
506 5321 839 5389 cognitionem
872 5326 1097 5388 pertinen
1122 5324 1171 5375 ia
1194 5326 1246 5377 in
1264 5342 1416 5376 unum
1445 5326 1703 5394 colligere,
1738 5336 1788 5377 ut
1826 5334 1871 5376 et
1909 5324 1988 5375 illi
2008 5339 2174 5390 quam:
2192 5324 2235 5375 is
2257 5332 2457 5375 mortuo
2478 5324 2721 5392 gratiam,
2750 5323 2794 5374 si
2815 5336 3032 5387 possent,
3061 5319 3283 5385 aliquam
3320 5316 3587 5385 referrent.

309 5416 360 5460 et
393 5408 479 5461 tibi
505 5412 770 5474 sapientia:
787 5412 969 5464 callem
995 5414 1164 5465 aerius
1195 5414 1469 5477 insistenti,
1503 5415 1679 5467 multis
1701 5430 1728 5466 e
1751 5413 1965 5481 floribus
1987 5429 2226 5465 coronam
2277 5412 2475 5468 darent.
2503 5428 2662 5480 neque
2690 5414 2820 5464 enim
2846 5410 3068 5462 arbitror
3088 5409 3342 5477 ingratum
3368 5404 3455 5459 tibi
3488 5410 3574 5474 fur

308 5501 383 5551 rit
412 5516 527 5553 eum
548 5511 792 5566 tanquam
827 5502 889 5555 de
916 5503 1048 5571 facie
1078 5518 1305 5569 noscere,
1332 5520 1420 5571 per
1446 5521 1595 5573 quem
1626 5506 1677 5556 in
1710 5504 1821 5556 dics
1851 5503 2015 5573 magis
2044 5520 2104 5556 ac
2133 5504 2295 5575 magis
2315 5504 2542 5572 proficis,
2570 5512 2615 5554 et
2645 5519 2754 5571 ejus
2779 5517 2932 5570 opera
2956 5499 3164 5567 legendo
3188 5497 3377 5549 mirum
3398 5498 3451 5550 in
3482 5512 3585 5547 mc-

308 5591 444 5642 dum
476 5590 765 5643 delectaris.
794 5590 941 5655 Quod
971 5600 1139 5644 tamen
1163 5593 1285 5643 dum
1334 5594 1494 5661 facio,
1546 5610 1623 5645 me
1651 5594 1798 5645 velim
1840 5594 2015 5645 nul/us
2045 5594 2290 5647 existimet
2315 5591 2600 5660 complures
2628 5589 2785 5642 nostri
2822 5587 3062 5652 temporis
3097 5586 3323 5637 homines
3354 5583 3585 5637 imita'u-

307 5697 447 5747 rum,
466 5682 553 5751 qui
582 5682 769 5748 partim
794 5683 964 5735 omnia
987 5682 1037 5734 in
1066 5684 1233 5751 majus
1260 5684 1461 5747 tollunt,
1494 5684 1677 5749 partim
1704 5684 1959 5747 qiaedam,
1990 5700 2049 5737 ac
2077 5684 2120 5736 si
2154 5683 2391 5751 redargui
2424 5687 2687 5749 nequeant,
2719 5675 3205 5729 comminiscuntur:
3243 5674 3424 5728 horum
3454 5689 3581 5726 neu-

314 5783 447 5825 'rum
487 5774 537 5823 in
556 5772 832 5840 pt'cesentia
859 5773 1109 5841 facturum
1145 5790 1220 5827 me
1260 5774 1467 5843 recipit,
1509 5775 1738 5842 quamvis
1775 5774 1928 5843 probe
1956 5774 2234 5843 intelligam
2267 5790 2365 5825 non
2393 5788 2498 5826 esse
2535 5769 2687 5838 facile
2711 5782 2815 5821 sua:
2857 5782 3051 5836 quoque
3104 5768 3411 5835 tempestatis
3444 5765 3593 5835 facta
