3998 6368
337 350 443 409 sis
1524 353 1634 410 AN.
1680 353 1884 409 sum"
1925 352 2072 407 sev.
2119 347 2431 425 avenis.
3502 344 3613 399 sit

338 468 638 532 describere,
671 466 853 520 nedum
878 466 1037 520 ullius
1063 466 1148 533 qui
1170 467 1311 518 mille
1338 466 1521 519 abhinc
1548 467 1696 518 annis
1721 466 1822 519 vita
1845 466 1877 517 d
1909 466 2140 521 cesserit.
2176 464 2225 516 in
2254 474 2393 516 tanto
2425 462 2705 530 pra'sertini
2742 459 3042 531 scriptorum
3059 457 3199 511 illius
3220 466 3267 510 et
3298 455 3615 508 succedentis

339 557 431 608 imi
457 558 676 615 silentio.
710 558 795 623 qui
824 574 885 610 ne
909 556 1113 627 publica
1140 558 1340 623 quidem
1365 556 1546 609 litteris
1574 557 1953 609 commiserunt.
1982 557 2321 621 Quamobrem
2345 572 2374 606 a
2417 554 2559 607 nobis
2580 554 2735 623 plura
2766 552 2938 605 nullus
2957 558 3208 617 exspectet
3229 565 3381 618 quam
3411 564 3474 600 ex
3502 548 3616 615 ejus

339 650 613 701 aliorumve
642 649 782 701 libris
803 650 1038 718 cognosci
1062 657 1365 716 potuerunt,
1398 657 1485 701 aut
1513 629 1728 701 evidenti
1752 648 2047 717 conjectura
2072 648 2250 699 saltem
2279 644 2597 711 comprendi.
2628 643 2708 696 Ea
2738 653 2813 707 tu,
2845 641 3029 711 Georgi
3055 640 3389 704 nobilissime,
3410 634 3617 703 qualis:-

339 756 534 809 innque
564 742 616 794 in
651 757 810 793 unum
834 757 962 805 apus
998 737 1231 805 redacta,
1264 741 1476 806 libenti,
1512 742 1641 794 sicut
1666 741 1833 795 omnia
1866 756 1977 793 mea
2026 740 2185 804 soles,
2215 741 2398 792 animo
2419 752 2680 810 percurre,
2725 748 2773 791 et
2801 752 2956 807 quam
2986 737 3183 806 pridem
3218 733 3448 788 nondum
3490 734 3617 787 satis

338 831 614 905 i-gpolitam
644 841 960 894 asportaras.
986 849 1122 887 nunc
1156 834 1375 899 denique
1396 835 1671 903 perfectam
1704 832 1872 885 Boetii
1894 832 2162 885 historiam
2196 832 2386 901 accipe.

410 923 615 974 Anicius
640 921 911 975 Severinus
938 920 1170 989 Boetius,
1203 923 1488 991 Romanus,
1516 932 1565 977 et
1592 923 1855 975 nobilitate
1880 923 2136 989 majorum
2170 930 2215 975 et
2250 922 2408 976 animi
2436 922 2636 976 dotibus
2660 922 2852 985 clarus,
2889 921 2941 973 in
2964 935 3023 973 ea
3047 928 3272 989 tempora
3294 918 3474 972 incidit
3501 917 3619 985 qui-

340 1011 432 1062 bus
465 1008 621 1062 Iiulia
661 1028 693 1064 a
724 1012 951 1065 barbaris
988 1028 1231 1082 Oppressa
1264 1013 1544 1067 tenebatur.
1574 1012 1752 1066 Natus
1775 1023 1847 1065 est
1871 1014 2004 1064 enim
2033 1028 2133 1064 non
2162 1013 2233 1063 ita
2256 1011 2431 1065 multis
2460 1006 2572 1081 post
2599 1014 2746 1065 annis
2774 1027 2926 1081 quam
2953 1010 3254 1064 abAlarico
3278 1009 3443 1062 Roma
3463 1024 3618 1076 cape-

337 1109 495 1152 retur.
527 1099 829 1170 Floruitque
853 1100 1155 1155 Theodoiici
1183 1102 1315 1171 regis
1350 1114 1663 1172 tempestate.
1699 1100 2046 1155 Theudoricus
2077 1101 2158 1154 hic
2195 1119 2227 1154 a
2256 1100 2460 1155 Zenone
2484 1119 2597 1155 cum
2633 1102 2923 1173 ingentibus
2960 1101 3119 1171 copiis
3148 1100 3351 1165 missus,
3388 1108 3616 1167 ereptam

342 1185 593 1242 Odoracri
619 1190 827 1243 Italiam
847 1189 945 1243 sibi
969 1191 1328 1251 vindicaverat.
1358 1192 1719 1262 Ravennieque
1749 1193 1895 1263 regni
1922 1192 2042 1246 sede
2070 1194 2258 1261 locata,
2287 1203 2470 1247 cuncta
2494 1211 2586 1261 pro
2609 1195 2815 1249 libidine
2839 1194 3255 1259 administrabat;
3282 1194 3418 1262 quod
3439 1193 3617 1245 videns

338 1274 549 1330 Boetius
572 1280 791 1332 honestis
814 1279 1106 1351 disciplinis
1118 1282 1345 1334 animum
1373 1281 1646 1353 applicuit,
1665 1283 1718 1335 id
1739 1284 1835 1336 sibi
1851 1292 2049 1335 tantum
2074 1300 2340 1351 superesse
2364 1285 2652 1355 intelligens
2673 1287 2806 1354 quod
2826 1285 3029 1338 homine
3049 1284 3205 1337 libero
3227 1285 3437 1353 dignum
3459 1280 3613 1351 foret.

344 1368 592 1424 Eruditus
618 1374 787 1440 i.aqiie
808 1370 1001 1428 Griecis
1027 1384 1074 1427 et
1114 1373 1313 1428 Latinis
1342 1374 1526 1428 litteris
1550 1376 1613 1428 ab
1637 1377 1982 1429 adolescentia
2005 1393 2117 1429 cum
2136 1388 2283 1440 esset,
2316 1378 2552 1448 qua'dam
2584 1379 2802 1446 primum
2829 1394 2891 1432 ex
2921 1376 3139 1432 Euclide
3160 1379 3438 1441 transtulit,
3460 1388 3615 1445 atque

340 1464 413 1514 ita
442 1464 729 1528 transtulit,
779 1473 833 1517 ut
872 1478 915 1519 e'
951 1466 1247 1519 d'metiendi
1290 1469 1539 1533 rationes,
1568 1480 1614 1520 et
1643 1469 1747 1521 aia
1777 1470 2009 1537 qua-dam
2038 1470 2102 1524 de
2141 1486 2234 1523 suo
2266 1472 2587 1543 adjungeret,
2622 1488 2682 1524 ac
2709 1472 2847 1541 quod
2888 1472 3114 1524 nondum
3153 1470 3439 1524 Aristotelis
3464 1480 3614 1524 (etate

338 1568 593 1630 repertum
622 1565 805 1630 fuerat.
841 1561 1036 1627 aequale
1065 1562 1259 1616 circulo
1288 1564 1594 1629 quadratum
1623 1574 1857 1617 astruere
1882 1564 2130 1618 docuerit.
2171 1565 2554 1617 Aritlimeticam
2588 1574 2784 1631 postea.
2817 1565 3204 1627 Aiconiaclium,
3238 1581 3337 1617 ncn
3377 1573 3430 1616 ut
3456 1564 3614 1616 inter-

339 1666 477 1720 pres,
506 1663 723 1713 secutus,
757 1653 846 1704 sed
877 1671 969 1705 suo
1000 1670 1122 1707 usus
1144 1656 1373 1724 judicio,
1409 1655 1601 1709 Latinis
1624 1657 1783 1711 ierbis
1813 1656 2058 1709 reddidit.
2090 1655 2156 1709 Et
2184 1658 2303 1710 inde
2329 1658 2575 1710 musicam
2597 1658 2891 1726 perplexam
2913 1667 2960 1710 et
2981 1658 3259 1710 involutam
3286 1655 3614 1723 disciplinam

336 1758 399 1794 es:
418 1744 619 1811 optimis
645 1743 927 1813 quibusque
952 1744 1183 1817 collegit,
1216 1763 1317 1815 qua
1364 1748 1415 1799 in
1446 1764 1500 1800 re
1530 1758 1577 1799 et
1615 1749 1934 1801 Aristoxenis
1966 1748 2184 1814 copiam,
2220 1755 2266 1800 et
2298 1745 2613 1817 I’gtliagoia:
2642 1747 2899 1818 judicium
2940 1764 2992 1800 es
3005 1748 3208 1815 pressit.
3239 1744 3420 1799 Exstat
3446 1744 3613 1799 Theo-

342 1836 505 1899 dorici
534 1839 669 1902 regis
696 1836 764 1887 ad
791 1833 1022 1888 Boetium
1058 1840 1294 1906 epistola,
1318 1855 1434 1906 qua:
1462 1848 1509 1891 et
1545 1838 1790 1892 I’toleinei
1815 1838 2093 1909 Syntaxin,
2122 1849 2167 1891 et
2198 1840 2420 1891 Archimi
2436 1841 2513 1892 dis
2540 1839 2868 1892 Mechaniien
2894 1840 2956 1891 ab
2978 1856 3036 1893 eo
3069 1839 3341 1893 Latinitate
3366 1839 3615 1891 donatam

335 1928 573 1995 afﬁrmat.
623 1928 808 1982 Verum
834 1930 1085 1998 prcclndia
1107 1930 1215 1983 Ittl'c
1247 1931 1405 2000 fuisse
1423 1932 1726 1984 crediderim
1749 1947 1807 1984 eo
1840 1948 1923 1983 uni
1951 1947 2065 1998 qui:
2092 1932 2165 1983 vir
2194 1941 2367 1984 tantus
2391 1941 2553 1984 mente
2578 1931 2825 2000 agitabat.
2849 1929 3229 2001 Philosophiam
3257 1931 3390 1985 enim
3411 1929 3613 1985 Latinis

334 2022 515 2073 litteris
540 2022 800 2075 illustrare
822 2024 1177 2087 constituerat,
1210 2040 1308 2076 non
1338 2034 1391 2076 ut
1426 2022 1587 2075 Varro
1606 2024 1841 2087 stoicani,
1872 2040 1964 2076 nec
1988 2032 2042 2075 ut
2069 2022 2276 2076 Tullius
2306 2023 2675 2086 acailrmicam,
2698 2024 2787 2075 sed
2810 2038 2920 2075 eam
2950 2038 3063 2091 qua:
3090 2032 3296 2075 cieteras
3327 2022 3614 2075 obscuravit

334 2112 396 2163 ab
424 2113 687 2167 Aristotele
710 2114 975 2177 invectam,
1008 2125 1054 2167 et
1084 2131 1114 2166 a
1144 2124 1215 2169 tot
1236 2115 1599 2183 prwstantibus
1625 2116 1834 2185 ingenio
1862 2115 2011 2180 viris,
2035 2124 2185 2166 (etate
2214 2125 2318 2165 tam
2349 2112 2506 2183 longa
2536 2114 2858 2165 celebratam.
2897 2110 2959 2164 Id
2982 2112 3089 2180 ipse
3116 2111 3193 2164 his
3221 2111 3381 2163 verbis
3409 2111 3613 2179 signifi-

336 2216 451 2257 cat:
487 2204 596 2275 Ego
626 2223 771 2260 omne
800 2207 1087 2260 Aristotelis
1109 2223 1236 2273 opus
1257 2209 1591 2276 quodcunque.
1613 2208 1664 2258 in
1697 2223 1878 2259 manus
1904 2206 2116 2267 venerit,
2147 2206 2197 2257 in
2228 2205 2515 2259 Romanum
2543 2207 2730 2273 siglum
2765 2212 2980 2265 vertens,
3013 2218 3186 2254 eorum
3220 2200 3445 2254 omnium
3471 2216 3612 2253 com-

337 2308 506 2351 menta
533 2302 714 2352 Latina
743 2301 973 2353 oratione
1002 2301 1330 2364 perscribam,
1365 2310 1420 2352 ut
1450 2300 1495 2351 si
1526 2299 1646 2366 quid
1674 2314 1734 2350 ex
1764 2297 1847 2367 log
1871 2314 1943 2351 ca:
1971 2299 2098 2349 artis
2130 2297 2427 2357 subtiliate,
2460 2307 2504 2346 et
2526 2312 2589 2349 ex
2614 2296 2821 2347 moralis
2848 2297 2991 2365 grari
3014 2305 3095 2347 ate
3116 2294 3328 2361 peritia’,
3360 2302 3405 2346 et
3427 2308 3489 2346 ex
3518 2309 3611 2343 na-

336 2392 518 2442 turalis
538 2393 774 2444 acumine
794 2392 1016 2445 veritatis
1041 2392 1103 2444 ab
1139 2392 1347 2444 Aristoti
1362 2392 1408 2443 le
1431 2391 1765 2461 perscriptum
1806 2400 1900 2455 est,
1930 2390 1998 2442 ad
2025 2406 2173 2443 omne
2212 2390 2509 2443 ordinatum
2547 2392 2875 2456 transferam,
2907 2396 3060 2457 atque
3089 2387 3141 2439 id
3170 2387 3387 2457 quodam
3417 2385 3611 2438 lumine

336 2484 775 2536 cainnientationis
811 2485 1084 2538 illustrem.
1121 2482 1289 2552 Igitur
1322 2481 1690 2552 Porphyrium,
1732 2498 1875 2553 quem
1924 2482 2213 2535 Victorinus
2283 2483 2406 2551 Afer
2460 2481 2759 2551 compendio
2804 2479 3155 2540 transtulerat,
3195 2476 3505 2546 explanavit,
3556 2486 3611 2529 et

335 2575 568 2629 eumdem
601 2594 630 2628 α
662 2592 714 2629 se
738 2593 853 2630 mox
880 2578 1265 2645 interpretatum
1289 2579 1429 2631 nivis
1460 2596 1663 2631 rursum
1689 2579 2085 2648 iupositionibns
2117 2577 2407 2630 illustrarit.
2450 2574 2879 2655 I'Tﬂ'llllamﬂlllt.
2907 2587 3112 2625 manum
3150 2575 3334 2623 admov
3362 2581 3463 2633 rat,
3495 2585 3610 2623 cum

348 2685 459 2719 ecce
488 2684 532 2718 ci
552 2668 668 2719 nsnl
699 2667 872 2721 linitur
893 2685 1114 2733 creatur,
1146 2670 1243 2723 hoc
1272 2676 1377 2730 ipse
1398 2672 1503 2723 suis
1528 2672 1685 2723 i-erbis
1713 2671 2005 2740 significat:
2040 2669 2151 2723 Etsi
2175 2686 2265 2722 nos
2296 2685 2432 2721 cura'
2465 2669 2613 2736 officii
2644 2667 2932 2720 consularis
2961 2666 3262 2736 impediunt.
3303 2681 3404 2733 quo
3440 2666 3609 2717 minus

336 2762 387 2811 in
418 2758 496 2811 his
523 2758 700 2811 studii
734 2776 879 2812 omne
903 2762 1059 2812 otium
1087 2762 1388 2829 plenamque
1418 2780 1467 2825 οι
1487 2778 1624 2813 eram
1655 2762 2018 2814 tonsuniinius.
2048 2762 2299 2830 pertinere
2328 2769 2492 2811 tamen
2521 2758 2715 2809 videtur
2736 2758 2803 2807 ad
2832 2756 3058 2824 aliquam
3086 2756 3178 2819 rei,-
3199 2753 3379 2807 ublica:
3402 2769 3601 2813 curam,

336 2852 646 2904 elucubrata:
679 2867 744 2902 νει
773 2852 858 2902 dot
874 2852 1011 2903 trina
1041 2870 1170 2905 cives
1197 2855 1466 2905 instruere.
1505 2852 1613 2905 Nec
1640 2852 1770 2903 male
1797 2854 1860 2903 de
1879 2853 2069 2904 civilus
2091 2854 2213 2904 nie‘s
2238 2866 2453 2913 merear,
2478 2851 2541 2913 si,
2577 2864 2690 2902 tum
2725 2850 2894 2918 prisca
2923 2848 3179 2899 hominum
3205 2847 3362 2899 virtus
3406 2846 3609 2898 urbium

331 2953 628 2995 ca-terarum
659 2944 727 2994 ad
750 2946 881 2995 hanc
910 2960 1065 2996 unam
1094 2946 1457 3011 rempublicam
1486 2946 1753 3015 imperium
1777 2946 2113 3005 transtulerit,
2140 2962 2252 3015 ego,
2272 2947 2339 2995 ad
2367 2945 2417 2995 id
2446 2946 2627 2995 saltem
2646 2944 2783 3011 quod
2805 2941 3050 3003 reliquum
3076 2952 3170 3006 est,
3193 2939 3299 2993 (ira
3313 2956 3384 2993 ca:
3408 2943 3608 3009 sapic-i-

335 3034 417 3086 tiiv
452 3036 650 3087 artibus
683 3053 849 3089 mores
878 3048 1066 3089 nostra:
1095 3038 1309 3090 ciri'atis
1339 3040 1646 3092 instruxero.
1683 3038 1852 3104 Quare
1892 3054 1952 3090 ne
1984 3038 2016 3089 h
2054 3056 2080 3091 c
2127 3039 2326 3105 quidem
2357 3038 2522 3107 ipsum
2550 3037 2771 3089 consulis
2813 3045 2957 3087 vacat
2998 3035 3180 3103 officio,
3222 3049 3336 3085 cum
3378 3031 3607 3085 Romani

332 3126 490 3179 moris
522 3144 719 3197 semper
753 3129 931 3196 fuerit,
958 3132 1094 3197 quod
1128 3130 1412 3199 ubicunque
1441 3140 1665 3199 gentium
1689 3131 2087 3201 puliheriinium
2126 3140 2251 3182 esset
2292 3138 2443 3197 atque
2472 3123 2748 3191 l‘audalile,
2781 3129 2835 3180 id
2865 3128 3026 3199 magis
3056 3143 3115 3179 ac
3141 3126 3302 3196 ntagis
3328 3126 3606 3178 imitatiins

329 3213 599 3268 honestare
651 3214 775 3267 ΙΙηέ
806 3216 894 3268 ille
918 3233 937 3269 :
968 3234 1030 3271 ea:
1059 3220 1238 3284 quibus
1270 3219 1348 3272 illi
1368 3221 1402 3271 ά
1431 3222 1579 3272 etiam
1608 3222 1799 3289 falsum
1833 3237 1939 3272 esse
1971 3222 2285 3273 convincitur
2309 3220 2445 3289 quod
2485 3219 2646 3290 aliqui
2692 3218 2948 3271 memoria:
2983 3218 3351 3285 prodiderunt;
3375 3216 3605 3270 Iioetiurn

329 3304 524 3364 omnia,
553 3322 653 3357 non
694 3308 955 3375 pleraque,
989 3309 1137 3378 releg-
1161 3320 1265 3361 tum
1286 3311 1575 3376 scripsisse.
1597 3314 1672 3362 Ad
1694 3313 2013 3381 Consulatum
2038 3323 2205 3363 autem
2227 3312 2430 3380 juvenis
2458 3311 2678 3381 perrenit
2708 3312 2882 3376 fat-ore
2900 3310 3180 3378 principum
3208 3323 3235 3360 c
3256 3310 3442 3362 vitatis.
3478 3305 3605 3359 Pue-

332 3410 445 3444 rum
476 3396 610 3447 enim
638 3416 666 3443 u
697 3407 843 3463 patre
875 3396 1108 3450 re'ictnm
1140 3416 1185 3449 ll
1206 3404 1423 3452 randum
1453 3411 1803 3469 susceperant,
1832 3400 1973 3468 quod
2004 3380 2054 3452 ‘ll
2085 3401 2297 3469 antiqua
2336 3399 2451 3452 Mai
2466 3401 2519 3452 lii
2556 3398 2795 3465 Torquati
2832 3398 3029 3467 familia
3068 3408 3366 3467 pragnatum
3393 3401 3604 3463 scirent,

333 3493 382 3535 et
410 3500 590 3535 novam
617 3485 734 3536 Anii
749 3486 787 3537 ii
815 3488 991 3555 prcari
1023 3489 1244 3540 indolem
1279 3504 1591 3557 perspectam
1623 3492 1674 3543 in
1705 3493 1814 3559 ipso
1837 3490 2101 3543 haberi-ni.
2141 3494 2161 3541 Ι
2188 3508 2315 3543 rimo
2337 3493 2446 3561 ejus
2468 3490 2735 3543 consulatu
2762 3506 2852 3541 rex
2874 3489 3173 3541 Ilunnorum
3196 3499 3243 3541 et
3266 3488 3436 3542 Italia
3456 3490 3605 3544 Odo-

326 3589 472 3627 vncer
496 3574 611 3628 Pha
626 3577 711 3641 ba,
746 3578 1005 3646 (iugorum
1037 3582 1163 3631 duce
1190 3581 1314 3633 victo
1343 3593 1611 3651 captoque,
1637 3584 1827 3650 pontus
1854 3593 1946 3646 ist,
1976 3584 2061 3633 sic.
2088 3584 2124 3633 ti
2149 3582 2486 3634 Cassiodorus
2515 3581 2693 3645 tradit,
2716 3581 2801 3649 qui
2832 3581 2907 3632 bis
2936 3581 3121 3644 :olum,
3146 3596 3260 3633 cuin
3288 3580 3604 3650 Symmacho

326 3667 505 3731 semel,
533 3668 697 3737 ipsum
731 3671 781 3722 in
807 3671 1103 3724 consulibus
1133 3673 1378 3726 nominat.
1416 3671 1536 3727 Non
1565 3675 1731 3727 salum
1763 3686 1933 3726 autem
1960 3674 2065 3739 dig-
2089 3674 2264 3725 itatcm
2296 3675 2425 3724 hanc
2456 3674 2562 3742 ipse
2598 3676 2812 3743 adeptus
2847 3682 2943 3737 est,
2972 3672 3062 3725 sid
3099 3673 3226 3727 di-os
3269 3675 3420 3724 etiam
3465 3676 3603 3741 filios

324 3774 443 3811 suos
466 3801 479 3823 ,
502 3762 640 3829 quod
663 3778 924 3831 nunquam
957 3775 1107 3817 antea
1139 3767 1443 3837 contigerat,
1476 3769 1707 3820 consules
1731 3770 2156 3833 eodemtempore
2185 3767 2331 3827 vidit,
2362 3764 2645 3819 I’atiiciuin
2686 3776 2732 3819 et
2761 3765 3060 3836 Hypatium.
3100 3767 3248 3818 Anno
3270 3766 3360 3819 illo
3391 3765 3602 3822 Boetius

325 3850 378 3902 in
403 3854 546 3905 curia
568 3852 943 3907 Theodoricuni
970 3864 1073 3907 tuin
1096 3858 1323 3924 primum
1359 3858 1570 3911 Romam
1597 3869 1923 3922 accersitum,
1956 3860 2015 3912 S.
2047 3858 2108 3910 I'.
2137 3858 2201 3924 Ο.
2233 3858 2297 3911 Ii.
2322 3860 2548 3926 nomine,
2565 3875 2751 3929 magna
2773 3860 3018 3930 facundia
3045 3860 3289 3926 laudavit,
3321 3870 3366 3913 et
3389 3861 3439 3912 in
3461 3863 3602 3914 circa

320 3944 537 3995 duorum
560 3945 829 3998 consulum
854 3949 1049 4001 medius
1075 3950 1250 4010 trium;
1270 3950 1387 4003 Itale
1418 3952 1702 4004 convivium
1734 3951 2055 4004 multitudini
2085 3968 2142 4005 ea
2154 3952 2337 4006 Iiibnit.
2374 3951 2631 4021 Collegam
2656 3952 2708 4005 in
2730 3952 2907 4004 ultimo
2930 3952 3203 4005 consulatu
3231 3953 3600 4021 Symmachum

319 4048 549 4085 socerum
574 4034 769 4100 habuit,
799 4052 912 4088 cum
942 4054 1041 4105 quo
1070 4040 1425 4107 magistratum
1452 4041 1525 4092 ita
1549 4041 1720 4109 gessit,
1747 4051 1801 4093 ut
1825 4057 2095 4094 commune
2123 4042 2307 4094 bonum
2339 4042 2553 4112 privatis
2580 4043 2816 4096 amicitiis
2842 4043 3123 4113 praferrel.
3149 4044 3347 4096 Accidit
3377 4056 3430 4096 ut
3456 4043 3600 4098 Pau-

320 4126 407 4177 lini
435 4127 718 4178 consularis
748 4143 866 4196 opes
891 4131 1018 4197 regii
1047 4131 1291 4183 satellites
1314 4142 1626 4198 appeterent.
1659 4132 1933 4185 Hominem
1962 4135 2183 4202 ingenue
2214 4144 2404 4187 tutatus
2432 4144 2526 4189 est.
2565 4135 2809 4188 Albinum
2846 4136 2978 4205 falso
3000 4133 3287 4204 Cyprianus
3312 4141 3596 4204 accusavit,

319 4219 639 4271 innocentem
669 4222 990 4274 consularem
1018 4224 1183 4275 virum
1226 4225 1465 4277 ostendit.
1508 4225 1701 4277 Acirba
1733 4227 1893 4294 fames
1925 4223 2258 4294 Campaniam
2290 4226 2522 4293 urgebat,
2550 4236 2597 4280 et
2645 4226 2955 4280 acerbiorem
2985 4229 3342 4297 coemptionem
3386 4230 3597 4298 tyranni

319 4320 668 4373 procuratores
694 4312 1007 4376 indixerant,
1029 4329 1138 4367 eum
1163 4315 1296 4383 exigi
1327 4315 1507 4366 consul
1540 4330 1640 4367 non
1667 4316 1929 4368 sustinuit.
1963 4313 2264 4386 Triguillani
2291 4332 2491 4384 quoque
2516 4316 2669 4384 regite
2692 4317 2872 4369 domus
2897 4318 3225 4383 prccpositum
3247 4318 3505 4372 multoties
3526 4324 3595 4373 ab

318 4403 511 4469 injuria
541 4404 750 4473 dejecit,
781 4420 824 4457 et
850 4404 1182 4476 Conigastum
1203 4408 1441 4474 fortunas
1474 4424 1539 4473 op
1562 4408 1649 4460 imi
1673 4410 1922 4477 cujusque
1952 4412 2280 4461 insectantem
2303 4410 2627 4476 compescuit.
2671 4406 2826 4461 Ilisce
2850 4410 2998 4462 rebus
3027 4411 3218 4477 factum
3245 4421 3317 4463 est
3358 4422 3414 4464 ut
3453 4414 3593 4480 regis

317 4497 715 4565 indignationem
744 4498 978 4573 incurrer
1010 4510 1051 4565 t,
1084 4501 1496 4569 perditorumque
1518 4500 1859 4553 delationibus
1880 4500 1932 4552 in
1964 4500 2199 4553 exsilium
2229 4500 2522 4571 pelleretur.
2552 4500 2902 4554 Accusationis
2932 4515 3129 4552 summa
3148 4500 3257 4554 hiec
3281 4502 3416 4570 fuit;
3450 4506 3591 4571 quod

316 4600 543 4645 senatum
592 4594 725 4641 livsa:
753 4592 1033 4660 majestatis
1054 4602 1413 4644 accusaturum
1444 4592 1786 4662 prohibuerit;
1814 4593 1952 4660 quod
1975 4593 2044 4643 ad
2075 4592 2405 4645 Anastasium
2433 4592 2794 4653 imperatorem
2816 4592 3009 4645 litteras
3044 4594 3235 4645 miseri:
3264 4597 3326 4645 de
3353 4608 3582 4662 recupe-

315 4687 477 4739 randa
513 4686 766 4743 libertate.
799 4687 1064 4743 Delatores
1095 4693 1306 4759 perditis
1350 4689 1570 4742 iuoiibus
1614 4689 1843 4743 homines
1886 4700 1985 4743 tres
2025 4706 2115 4742 eas
2140 4691 2348 4751 iterant,
2388 4686 2705 4740 Gaudentius
2741 4698 2787 4740 et
2820 4686 2993 4758 Opilio
3034 4698 3151 4738 tunc
3184 4687 3247 4741 ob
3290 4688 3587 4742 innumeras

316 4780 526 4846 fraudes
550 4779 729 4830 easilio
762 4781 1015 4843 damnati,
1049 4778 1373 4850 Bailiusque
1402 4782 1598 4852 pridem
1639 4799 1668 4833 a
1704 4781 2065 4843 procuratione
2094 4780 2273 4833 domus
2312 4779 2466 4847 regia:
2493 4778 2717 4847 dejectus
2744 4780 3090 4845 oba’ratusque
3115 4780 3413 4848 plurimum.
3451 4777 3588 4832 Pur-

313 4880 475 4939 gasset
509 4870 657 4938 facile
692 4869 965 4924 Severinus
991 4874 1189 4944 objecta
1210 4875 1448 4934 crimina,
1476 4875 1522 4926 si
1549 4888 1719 4925 coram
1748 4872 2003 4926 delatores
2032 4872 2280 4941 arguendi
2307 4871 2524 4940 facultas
2563 4872 2658 4923 sibi
2686 4886 2717 4922 a
2750 4869 3063 4924 Theodorico
3094 4871 3212 4923 data
3237 4872 3436 4940 fuisset.
3472 4872 3579 4927 Sed

313 4966 391 5016 vel
416 4964 573 5014 iratus
605 4963 828 5015 ot-latam
857 4966 953 5017 sibi
980 4966 1139 5018 ultion
1164 4982 1186 5017 s
1218 4982 1539 5019 occasionem
1577 4966 1826 5028 amittere,
1858 4964 1936 5017 vel
1966 4966 2228 5034 improbus
2268 4981 2299 5016 a
2338 4980 2390 5018 se
2424 4964 2693 5017 excitatam
2726 4964 3037 5017 calumniam
3080 4965 3350 5018 dissolvere
3390 4966 3574 5023 noluit.

312 5101 324 5109 .
357 5057 503 5107 bseiis
525 5056 697 5125 itaque
722 5057 798 5109 vir
826 5068 870 5109 et
894 5058 1133 5110 innocens
1158 5068 1204 5109 et
1232 5058 1445 5127 grandis
1478 5067 1599 5110 isatu
1628 5056 1835 5110 Boetius
1878 5056 2128 5109 malorum
2155 5059 2526 5125 conspiratione
2554 5059 2807 5128 relegatus
2846 5066 2939 5121 est,
2965 5074 3055 5109 nec
3086 5075 3118 5109 a
3145 5059 3290 5111 bonis
3330 5060 3381 5111 in
3413 5064 3576 5126 patris

309 5161 554 5215 retentus,
587 5148 823 5203 Ticinum
854 5149 1081 5213 secessit,
1114 5150 1288 5205 urbem
1316 5152 1369 5204 in
1399 5149 1702 5203 Insubribus
1730 5150 1968 5216 positam,
1993 5159 2039 5200 et
2069 5150 2164 5201 sibi
2192 5166 2221 5199 a
2244 5162 2460 5219 tyranno
2486 5150 2855 5219 pra'scriptam,
2886 5150 2937 5201 in
2965 5166 3116 5218 quam
3145 5150 3298 5203 simul
3320 5162 3471 5217 atque
3496 5168 3576 5204 ie-

308 5241 401 5303 nit,
430 5259 528 5309 quo
548 5243 764 5309 posteris
793 5244 943 5295 etiam
973 5244 1319 5295 innocentiam
1346 5260 1491 5296 suam
1520 5243 1775 5312 cognitam
1800 5244 2009 5306 faceret.
2036 5240 2431 5308 pulcherrimum
2458 5240 2590 5295 illud
2622 5242 2683 5293 de
2709 5240 3063 5295 Consolatione
3093 5243 3343 5305 volumen,
3376 5242 3574 5296 Cicero.

307 5349 417 5384 nem
449 5334 698 5400 imitatus,
732 5332 1052 5401 conscripsit.
1101 5332 1238 5388 Nam
1278 5335 1410 5387 sicut
1453 5332 1539 5385 ille
1563 5348 1662 5400 quo
1692 5330 1817 5397 ﬁlia:
1844 5330 2154 5383 desiderium
2186 5333 2395 5406 levaret,
2439 5332 2503 5384 de
2537 5332 2824 5384 animorum
2868 5332 3249 5385 immortalitate
3283 5334 3574 5402 disceptans

306 5422 529 5477 Tulliam
555 5428 874 5495 supervivere
902 5436 1175 5492 monstrat,
1208 5428 1280 5480 ita
1308 5426 1581 5479 Severinus
1604 5425 1667 5476 de
1689 5424 1823 5491 falso
1849 5434 1895 5476 et
1928 5439 2043 5476 vero
2065 5424 2218 5485 bona,
2251 5424 2409 5490 deque
2433 5425 2749 5491 providentia
2769 5424 3018 5493 disputat,
3047 5437 3092 5477 et
3119 5426 3288 5478 omnia
3314 5428 3576 5481 voluntate

304 5517 350 5569 d-
361 5532 387 5567 ii
398 5518 476 5569 ’na
504 5520 800 5574 mortalibus
813 5521 1007 5574 evenire
1023 5521 1268 5573 declarat.
1286 5519 1471 5572 Verum
1485 5520 1536 5569 in
1555 5534 1613 5570 eo
1629 5532 1782 5585 opere
1792 5516 1972 5570 Cicero
1984 5532 2185 5570 carmen
2202 5533 2300 5569 non
2316 5515 2719 5586 uttigit.Boeiius
2737 5526 2999 5587 utramque
3009 5517 3283 5570 orationem
3298 5518 3573 5581 admiscet,

304 5614 544 5678 atqueita
568 5612 811 5664 admiscet
838 5620 892 5664 ut
913 5611 1066 5681 facile
1092 5612 1363 5680 unicuique
1384 5609 1613 5663 ostendat
1635 5608 1889 5677 ingenium
1910 5610 2007 5663 sibi
2027 5608 2275 5675 quidquid
2292 5618 2530 5662 ten'assrt
2548 5624 2803 5676 nunquam
2824 5609 3064 5677 defuisse.
3086 5608 3190 5663 Sed
3207 5610 3332 5679 quid
3346 5614 3577 5664 naturali

303 5700 623 5769 pbi'osophia
637 5701 929 5769 diﬁcilius?
952 5702 1074 5771 quid
1095 5702 1361 5757 dialectica
1383 5701 1675 5771 spinosius?
1702 5699 1761 5753 At
1790 5710 2054 5771 utramque
2074 5700 2393 5769 disciplinam
2416 5701 2488 5754 sic
2513 5701 2740 5753 oratione
2762 5717 2852 5754 sua
2881 5713 3178 5770 pervagatus
3205 5714 3369 5765 est,.ut
3395 5706 3553 5757 abdi-
