3998 6368
253 303 365 356 sus
1393 297 1901 354 muwcontzm
1940 297 2365 355 canamus.
3424 284 3528 354 sto

252 415 444 467 tissima
470 428 686 485 quaeque
708 414 864 468 cuivis
890 420 1123 483 prompta
1155 411 1457 465 reddiderit.
1494 411 1667 480 Neque
1690 428 1811 468 vero
1838 414 2079 465 selectum
2108 427 2279 465 unum
2320 411 2532 481 aliquod
2558 423 2912 482 argumen'um
2944 410 3174 464 oratione
3208 419 3525 464 consectatus

253 514 348 567 est,
380 504 471 556 sed
501 503 836 574 philosopltite
859 500 1135 570 penetra'ia
1163 501 1436 569 ingressus,
1467 516 1527 553 ea
1558 499 1753 552 Latinis
1777 500 2068 554 Itont‘nibus
2097 501 2291 569 primus
2320 500 2589 565 reseravit,
2623 516 2736 568 qua:
2758 502 2988 570 princeps
3038 500 3332 553 Aristoteles
3355 500 3419 553 de
3448 500 3526 552 in-

254 595 443 648 dustria
473 592 708 665 pluribus
736 582 1090 647 occultaverat.
1128 592 1242 658 Qua
1272 592 1324 643 in
1350 608 1404 644 re
1433 608 1498 652 op
1523 592 1649 643 imos
1670 608 1894 662 quosque
1913 592 2189 657 consuluit,
2216 591 2625 663 Theophrastum
2645 593 2777 646 dico.
2811 591 3115 657 Eudemum,
3144 590 3517 653 Andronicum,

256 686 544 751 Aspasium,
573 682 899 747 Herminum,
931 682 1226 735 Alexandra
1247 698 1301 743 n,
1334 680 1641 749 Sgrianum,
1683 680 2047 749 Porphyrium,
2076 678 2435 742 Themistium,
2468 682 2532 733 de
2560 696 2773 749 quorum
2795 684 3073 747 sententiis,
3106 693 3343 748 tanquam
3365 680 3527 734 Itono-

257 773 417 825 rarius
438 773 649 834 arbiter,
676 772 951 841 dijudicat.
981 772 1260 824 Attestatur
1290 771 1384 823 hoc
1412 771 1663 839 expositio
1692 770 1743 822 in
1778 769 1965 823 librum
1995 770 2282 825 Aristotelis
2308 772 2370 824 de
2397 770 2761 824 Enuntiatione
2798 782 2899 824 tam
2937 774 3102 840 printa
3156 773 3349 824 duobus
3379 788 3528 842 quam

257 865 473 915 secunda
494 880 585 917 seu:
617 864 759 916 libris
782 863 1037 924 absoluta,
1069 862 1119 913 in
1150 877 1368 927 quorum
1386 861 1533 914 tertio
1556 876 1670 913 cum
1698 863 1760 914 de
1786 863 1947 914 tribus
1969 862 2365 933 contingentium
2394 864 2560 917 modis
2582 880 2635 916 se
2659 864 2841 917 melius
2869 865 3127 933 scripsisse
3143 866 3280 918 dicat
3305 868 3356 919 in
3383 868 3527 921 libris

260 955 501 1025 physicis,
526 956 895 1026 suspicandum
925 955 1126 1023 reliquit
1154 969 1206 1006 se
1232 953 1518 1005 naturalem
1541 969 1742 1022 quoque
1776 952 2161 1021 philosophiam
2200 954 2509 1019 enucleasse,
2544 971 2716 1007 verum
2753 954 2994 1008 hartenus
3022 967 3122 1009 tant
3154 957 3205 1009 lti
3235 957 3528 1010 desideran-

262 1056 336 1099 tur
362 1049 733 1112 commentarii,
766 1049 879 1100 licet
907 1046 1095 1113 furrint
1126 1043 1220 1097 ται
1240 1046 1425 1097 visium
1451 1044 1570 1097 hinc
1594 1062 1745 1114 nuper
1778 1047 2049 1111 asportati,
2074 1062 2224 1114 quant
2254 1047 2333 1100 illi
2354 1063 2478 1116 quos
2506 1047 2555 1099 in
2586 1047 2752 1115 Analy
2777 1047 2887 1100 icen
2911 1060 2955 1099 et
2980 1046 3194 1117 Topicet
3226 1050 3410 1103 emisit.
3443 1049 3528 1103 Si-

263 1139 460 1207 quidem
491 1148 539 1189 et
570 1137 660 1190 hos
690 1137 799 1205 ipse
820 1138 959 1197 citat,
984 1148 1031 1188 et
1060 1137 1111 1187 in
1146 1136 1290 1204 topic.
1317 1152 1365 1186 ιη
1404 1132 1660 1188 Ciceronis
1688 1144 1878 1197 septem
1910 1136 2068 1189 libros
2105 1154 2136 1189 a
2179 1153 2232 1190 se
2268 1139 2524 1203 conf-ctos
2553 1139 2842 1206 proﬁtetur,
2873 1156 3000 1201 opus
3041 1141 3234 1194 varium
3254 1183 3268 1205 ,
3298 1143 3521 1210 difficile.

263 1232 530 1292 eruditum,
561 1244 650 1281 nec
674 1246 705 1281 a
738 1242 993 1297 quoquam
1022 1242 1173 1280 antea
1204 1242 1353 1293 quant
1383 1243 1413 1277 a
1443 1224 1705 1278 Victorino
1739 1230 1932 1293 frustra
1976 1234 2247 1279 tentatum.
2282 1224 2519 1279 Platonis
2547 1228 2775 1297 dialogos
2803 1231 2909 1297 ipse
2936 1226 3147 1282 Latinos
3191 1233 3446 1297 facturum
3476 1246 3529 1282 se

264 1321 460 1390 recepit,
486 1320 646 1388 facto~
678 1320 1008 1374 Cassiodorus
1040 1332 1314 1380 asseverat,
1346 1316 1563 1368 mirarer
1588 1315 1848 1385 quomodo
1878 1326 2020 1368 tanta
2050 1325 2294 1385 praestare
2316 1320 2557 1386 potuerit,
2591 1321 2687 1373 nisi
2721 1320 2891 1373 divina
2918 1320 3010 1374 illa
3039 1321 3090 1372 in
3123 1320 3307 1374 librum
3338 1324 3531 1375 Aristo-

265 1416 369 1465 telis
394 1414 458 1467 de
478 1411 910 1479 lnterpretatione
930 1410 1291 1465 commentaria
1321 1408 1523 1462 biennio
1552 1407 1731 1461 scirem
1760 1405 1829 1459 ab
1852 1422 1908 1458 eo
1934 1408 2188 1476 confecta,
2218 1409 2355 1476 quod
2402 1423 2599 1477 tempus
2639 1412 2723 1465 vix
2749 1410 3037 1466 evolvendis
3064 1422 3135 1465 tot
3166 1412 3531 1479 expositoribus

265 1503 379 1554 satis
410 1502 568 1569 fuisse
590 1502 801 1563 videtur,
826 1500 1011 1553 nedum
1043 1514 1218 1551 eorum
1244 1497 1507 1551 sententiis
1528 1498 1826 1563 plerumque
1853 1500 2186 1550 controversis
2216 1506 2260 1549 et
2292 1499 2663 1567 dijudit'andis,
2697 1511 2743 1553 tt
2772 1500 3035 1572 eligendis,
3069 1516 3113 1555 et
3143 1502 3533 1555 accommodan-

267 1595 359 1645 σεε.
390 1590 533 1645 Inter
563 1590 928 1654 Peripateticos
954 1588 1085 1643 enim
1105 1586 1318 1641 celebris
1342 1596 1415 1640 est
1439 1588 1598 1656 ferme
1624 1585 1800 1638 nullus
1831 1586 1917 1654 qui
1941 1586 1993 1638 in
2021 1585 2158 1638 hunc
2192 1586 2377 1639 librum
2415 1605 2516 1640 non
2550 1606 2630 1642 scr
2652 1591 2828 1658 pserit.
2862 1593 2998 1658 quod
3022 1602 3066 1643 et
3090 1608 3393 1661 magnopere
3419 1592 3533 1661 qui-

268 1686 372 1737 den
400 1684 713 1736 necessarius
737 1683 822 1747 sit,
853 1690 902 1735 et
927 1681 1087 1734 multa
1107 1680 1337 1733 doctrina
1360 1682 1600 1748 refertus,
1627 1679 1714 1731 sed
1739 1678 1972 1729 acumine
1993 1679 2352 1732 sententiarum
2378 1692 2424 1732 et
2445 1679 2711 1733 verborum
2741 1682 2977 1735 lrevitate
3005 1684 3373 1752 perobscurus;
3396 1699 3534 1736 com-

269 1776 581 1829 mutabatur
606 1784 777 1827 autent
802 1772 910 1826 htec
935 1787 1035 1841 quo
1058 1782 1282 1839 tempore
1304 1768 1660 1823 Theudoricus
1680 1770 1936 1840 superatis
1959 1770 2042 1834 Αι,
2062 1770 2169 1821 ibus
2193 1769 2524 1825 C!otlo:'eiunt
2547 1786 2777 1825 socerum
2810 1769 3125 1825 Francorum
3152 1789 3316 1844 regem
3337 1772 3528 1843 ingenti

273 1870 448 1938 praelia
470 1866 776 1937 proﬂigavit.
812 1865 1061 1919 Cteterum
1090 1860 1365 1919 Severinus
1388 1878 1489 1915 non
1514 1870 1711 1915 tantum
1742 1865 1793 1915 in
1824 1864 2205 1929 interpretando
2230 1871 2276 1914 et
2296 1861 2592 1929 exponendo
2631 1863 2701 1915 Ar
2723 1864 2899 1916 stotele
2926 1873 3146 1917 versatus
3172 1873 3267 1926 est,
3289 1865 3380 1917 sed
3409 1868 3521 1935 ple-

272 1977 421 2031 mque
449 1961 602 2011 etiam
626 1959 732 2028 ipse
759 1958 909 2010 veluti
935 1956 1434 2024 procreatit,horum
1458 1956 1508 2006 in
1530 1970 1743 2007 numero
1769 1963 1883 2005 sunt
1913 1954 2244 2023 pulcherrimi
2267 1952 2344 2006 illi
2364 1964 2583 2023 quatuor
2611 1956 2674 2008 de
2703 1954 3015 2021 Differentiis
3040 1958 3218 2027 topicis
3246 1958 3383 2022 libri,
3411 1958 3532 2026 qui—

274 2054 360 2105 bus
391 2050 683 2103 dialecticos
713 2048 848 2100 locos
877 2064 909 2099 a
935 2045 1205 2097 rhetoricis
1231 2044 1451 2105 dirimit,
1495 2054 1544 2096 et
1581 2044 1785 2095 totidem
1816 2043 1906 2095 alii
1938 2045 1998 2095 de
2038 2055 2248 2111 utroque
2278 2044 2596 2113 syllogismo,
2638 2054 2754 2097 item
2798 2047 2861 2098 de
2899 2047 3143 2100 divisione
3171 2057 3215 2101 et
3245 2048 3536 2117 deﬁnitione

274 2143 479 2213 s‘ngnli.
508 2140 646 2194 Nam
673 2139 760 2208 qui
785 2139 851 2192 ad
870 2136 1195 2207 syllogismos
1221 2136 1531 2205 categoricos
1570 2134 1973 2187 intraductorius
1996 2134 2304 2199 inscribitur,
2340 2135 2546 2189 titulum
2586 2136 2915 2190 subornatum
2940 2136 3110 2203 habet,
3139 2155 3251 2191 cum
3274 2139 3389 2191 libri
3418 2141 3537 2191 Ari-

275 2232 465 2284 stotelis
495 2231 559 2303 de
582 2228 968 2292 Enuntiatione,
996 2227 1072 2281 vel
1096 2226 1400 2279 breviarium
1428 2228 1515 2291 sit,
1542 2236 1595 2279 ut
1616 2227 1724 2296 ipse
1743 2226 1989 2296 appellat,
2016 2224 2092 2279 vel
2117 2236 2250 2281 certe
2276 2228 2407 2281 idem
2429 2230 2564 2294 quod
2589 2228 2784 2298 primus
2808 2230 2869 2283 de
2889 2232 3178 2300 categoricis
3207 2231 3536 2301 syllogismis.

279 2327 414 2395 Opus
441 2340 642 2395 quoque
661 2311 724 2374 de
753 2321 1060 2375 scholastica
1090 2319 1388 2389 disciplina,
1422 2336 1523 2371 non
1551 2319 1754 2373 titulum
1783 2320 1954 2376 modo.
1979 2319 2065 2371 sed
2090 2329 2134 2371 et
2161 2318 2497 2372 elocutionem
2526 2331 2573 2373 et
2599 2321 2934 2375 intentionem
2956 2324 3211 2389 mentitur,
3243 2325 3392 2377 aliter
3410 2325 3541 2378 enim

281 2416 483 2469 Boetius
509 2413 813 2481 scripsisset,
845 2412 891 2464 si
915 2426 976 2462 ea
1000 2413 1063 2463 de
1095 2427 1149 2465 re
1172 2412 1389 2466 scribere
1414 2410 1673 2464 voluisset.
1702 2409 1808 2465 Sed
1839 2411 2004 2480 ipsum
2038 2412 2318 2471 mittamus.
2342 2429 2403 2465 ac
2427 2413 2491 2465 de
2516 2412 2913 2466 hebdomadibus
2940 2415 3136 2483 aliquid
3166 2417 3330 2485 potius
3354 2416 3406 2467 in
3430 2432 3542 2468 me-

278 2513 413 2562 dium
444 2505 745 2574 offeramus.
771 2505 904 2560 Sunt
933 2516 1103 2559 autem
1133 2504 1469 2559 hebdontades
1500 2521 1656 2575 opera
1678 2513 1870 2575 septem
1896 2504 2124 2573 partibus
2154 2504 2447 2569 distributa,
2474 2508 2622 2561 sicuti
2652 2509 2829 2561 decem
2861 2508 3005 2561 libris
3032 2508 3269 2573 decades,
3296 2517 3342 2561 et
3367 2514 3542 2561 novent

278 2606 549 2665 euneades.
581 2603 941 2656 "ebdomadas
978 2601 1138 2655 Varro
1174 2602 1369 2671 primus
1394 2600 1676 2671 inscripsit.
1709 2601 1891 2655 deinde
1915 2600 1997 2652 hic
2026 2604 2151 2668 ipse,
2178 2618 2240 2654 ex
2280 2602 2461 2668 quibus
2490 2602 2694 2655 libellus
2724 2602 2789 2654 de
2825 2602 3121 2655 substantia:
3146 2602 3299 2667 bono,
3336 2612 3383 2655 et
3409 2602 3545 2655 alius

281 2701 341 2753 de
359 2701 555 2753 unitate
565 2708 607 2751 et
626 2713 727 2750 uno
742 2705 973 2763 sumptus
988 2705 1081 2757 est,
1099 2693 1294 2762 reliqua
1308 2705 1394 2746 aut
1408 2693 1547 2745 edita
1569 2710 1668 2744 non
1687 2701 1822 2755 sunt,
1844 2694 1982 2761 quod
2003 2709 2061 2744 ea
2084 2694 2200 2757 sibi,
2218 2704 2269 2744 ut
2290 2693 2580 2762 significare
2596 2694 2812 2760 videtur,
2831 2716 2843 2740 ι
2860 2703 3191 2746 ammentatus
3206 2703 3354 2758 esset,
3377 2705 3465 2746 aut
3478 2700 3545 2745 ad

283 2807 375 2846 nos
399 2806 558 2860 usque
582 2805 683 2842 non
705 2794 1050 2854 pervenerunt.
1108 2784 1466 2838 Hebdomades
1479 2786 1688 2855 juvenis
1715 2785 2018 2851 composuit,
2039 2784 2170 2835 velut
2197 2791 2245 2835 et
2276 2785 2339 2834 de
2365 2784 2562 2835 duabus
2586 2784 2785 2837 naturis
2801 2795 2846 2837 et
2875 2800 2976 2837 una
2996 2800 3211 2850 persona
3228 2784 3438 2847 Christi,
3454 2785 3547 2837 hoc

286 2895 340 2937 ut
370 2886 442 2935 ita
464 2882 742 2935 existimem
758 2880 868 2944 eius
899 2880 1043 2930 verba
1073 2877 1286 2948 faciunt.
1314 2874 1619 2943 Ep'sctpns,
1652 2876 1812 2940 inquit
1839 2876 2057 2940 scriptor
2079 2876 2329 2943 epistolae,
2363 2884 2605 2941 tanquam
2626 2874 2773 2925 valde
2793 2875 3128 2926 necessarium
3154 2890 3267 2926 cum
3296 2876 3547 2942 praterire

288 2974 546 3031 noluisset.
564 2987 592 3024 e
618 2969 815 3034 duabus
842 2969 1038 3021 naturis
1065 2964 1324 3020 Christum
1347 2966 1489 3017 consi
1518 2973 1644 3030 tere,
1669 2977 1715 3017 et
1747 2966 1799 3017 in
1822 2965 2018 3017 duabus
2044 2964 2309 3034 wqualiter
2332 2950 2606 3017 catholicos
2628 2963 2850 3021 credere.
2877 2965 3095 3017 novitate
3121 2964 3241 3016 dicti
3267 2965 3548 3034 perculsus,

290 3063 573 3117 meditabar
591 3076 762 3113 omnes
782 3060 952 3112 animo
970 3059 1290 3123 quwstiones.
1312 3055 1580 3110 Decretum
1603 3057 1697 3108 hoc
1719 3060 1882 3125 fite-at
1906 3058 2121 3109 concilio
2144 3053 2459 3109 Chalcedone
2487 3056 2756 3122 celebrato,
2782 3057 3003 3127 illucque
3036 3056 3134 3109 Leo
3169 3056 3426 3108 llomanus
3444 3058 3549 3124 epi-

288 3174 473 3227 scOpus
490 3163 712 3219 venerat,
742 3155 886 3224 cujus
916 3150 1132 3218 epistola
1154 3151 1365 3203 Romam
1400 3150 1467 3201 mi
1494 3165 1573 3216 sa,
1601 3166 1714 3201 cum
1734 3160 1929 3217 postea,
1959 3150 2232 3201 nitentibus
2247 3149 2514 3215 Acephulis
2547 3152 2932 3203 condemnatum
2958 3151 3064 3218 iam
3088 3151 3271 3219 dogma
3299 3165 3550 3213 revocare,

290 3248 525 3319 pluribus
552 3244 834 3300 convocatis
866 3243 1040 3295 Roma
1081 3242 1334 3309 legerent,
1373 3257 1463 3294 nec
1492 3243 1616 3294 satis
1650 3245 1761 3310 jam
1784 3241 1906 3308 quid
1929 3240 2217 3293 decerneret
2241 3241 2615 3311 intelligerent,
2646 3258 2823 3296 ansam
2866 3240 3042 3297 Boetio
3066 3244 3203 3295 dedit
3223 3259 3336 3295 eum
3366 3243 3551 3296 lobrum

290 3338 633 3408 componendi
655 3348 831 3390 contra
851 3335 1168 3395 Nestorium,
1187 3335 1271 3403 qui
1292 3336 1492 3387 duabus
1515 3335 1711 3388 naturis
1735 3351 1981 3403 personas
2006 3336 2217 3391 totidem
2240 3337 2575 3408 atljungebat,
2592 3345 2637 3388 et
2668 3336 2952 3407 Eutychen,
2976 3338 3062 3407 qui
3090 3339 3289 3390 unicum
3316 3346 3550 3389 naturam

291 3444 339 3486 et
367 3446 635 3501 personam
667 3429 917 3481 tuebatur.
961 3424 1005 3477 E
1035 3441 1098 3495 go
1126 3426 1171 3478 si
1200 3433 1311 3479 auls
1340 3425 1401 3477 ab
1439 3426 1748 3491 imperatore
1778 3424 1964 3490 Leone,
1993 3428 2081 3497 qui
2120 3432 2357 3500 rejectam
2385 3432 2478 3482 sub
2506 3428 2769 3482 Martiano
2804 3427 3029 3482 A'estorii
3066 3439 3113 3483 et
3151 3426 3407 3497 Etttgcltes
3437 3432 3553 3496 api-

292 3525 396 3575 nio:
418 3539 497 3576 em
528 3520 740 3590 fovebat,
772 3518 839 3570 ad
865 3515 1125 3570 Iustinum
1161 3531 1317 3585 usque
1346 3528 1581 3585 supputet
1610 3533 1793 3581 annos,
1825 3518 1982 3583 paulo
2028 3520 2192 3572 minus
2218 3520 2589 3591 quinquaginta
2618 3519 2921 3586 deprendet,
2952 3520 3133 3590 quibus
3173 3522 3235 3573 de
3264 3518 3425 3573 Boetit
3457 3521 3554 3573 vita

293 3614 565 3677 detractis,
598 3614 761 3683 prima
782 3610 1066 3682 juventutis
1096 3618 1324 3679 tempora
1354 3610 1720 3679 relinquentur.
1762 3609 1949 3662 Verum
1979 3615 2086 3663 ha'c
2116 3620 2167 3664 nt
2196 3612 2397 3665 libuerit
2421 3612 2627 3681 quisque
2646 3611 2886 3678 accipiat,
2917 3612 3049 3665 illttd
3078 3622 3212 3665 certo
3242 3629 3341 3665 non
3370 3613 3558 3666 admit-

294 3707 508 3759 tendum
547 3703 918 3766 contenderim,
962 3699 1190 3753 Boetiunt
1236 3710 1396 3754 morte
1441 3710 1750 3772 prteventum
1781 3700 2035 3755 Musicam
2084 3718 2183 3755 non
2214 3703 2505 3758 absolvisse.
2541 3704 2678 3757 Nam
2707 3704 2845 3772 quod
2892 3705 3139 3773 objiciunt
3182 3706 3341 3774 aliqui
3379 3707 3557 3759 titulos

295 3815 471 3851 eorum
502 3811 615 3865 qua:
641 3796 817 3848 desunt
847 3792 914 3846 ad
955 3808 1015 3845 nc
1044 3806 1332 3862 superesse,
1366 3791 1419 3845 id
1447 3810 1536 3846 nos
1567 3794 1620 3845 in
1648 3793 1961 3846 contrarian
1988 3794 2286 3847 sententiam
2319 3796 2485 3860 potius
2516 3795 2707 3859 trahit,
2741 3797 3019 3848 absurdum
3050 3812 3154 3849 .sse
3207 3797 3555 3853 existimantes

294 3890 530 3942 nondum
557 3889 788 3955 conscrip
811 3885 853 3937 is
874 3884 1017 3936 rebus
1046 3884 1173 3937 velle
1202 3900 1379 3936 nomen
1404 3885 1681 3950 imponere.
1719 3888 1864 3951 Quod
1890 3886 1935 3939 si
1961 3888 2084 3953 quid
2114 3887 2463 3956 imperfectum
2496 3887 2769 3942 Severinus
2796 3889 3016 3956 reliquit,
3040 3891 3092 3941 id
3123 3892 3229 3960 ipse
3254 3894 3558 3962 theologiam

295 3984 457 4049 fuisse
497 3979 799 4034 censuerim.
843 3977 984 4032 Satis
1013 3978 1145 4030 enim
1172 3993 1421 4047 superque
1461 3975 1855 4046 Philosophum
1884 3978 2252 4039 illustraver..-t.
2286 3982 2453 4050 itaque
2479 3981 2649 4035 divina
2675 3962 2954 4050 restabant,
2984 3992 3031 4036 et
3048 3985 3160 4054 jnnt
3192 3982 3405 4035 nmltum
3436 4000 3559 4053 pro-

295 4085 523 4127 cesserat
543 4074 880 4139 Augustinum
907 4079 1127 4134 secutus,
1157 4080 1211 4122 ut
1238 4070 1348 4136 ipse
1374 4071 1438 4123 de
1466 4068 1606 4122 Trini
1631 4082 1715 4123 ate
1743 4071 1811 4122 ad
1834 4056 2129 4139 Symmacht
2150 4087 2199 4124 m
2228 4074 2446 4129 scribens
2477 4074 2690 4143 affini-at
2712 4090 2731 4129 :
2770 4074 2943 4140 Vob's,
2978 4078 3121 4147 inqui
3131 4093 3163 4143 ι,
3190 4079 3560 4144 inspiciendum

294 4176 369 4219 est
398 4183 467 4217 an
495 4181 558 4217 ex
588 4164 716 4217 bea‘i
746 4163 1011 4232 Augustini
1048 4163 1246 4230 scriptis
1276 4163 1474 4217 semina
1515 4164 1777 4215 rationum
1807 4164 1860 4215 in
1891 4181 1980 4218 nos
2020 4165 2268 4218 venient'a
2296 4169 2495 4235 fructus
2529 4167 2727 4235 aliquos
2770 4169 3060 4224 intulerint.
3104 4169 3185 4223 Et:
3227 4172 3406 4241 quibus
3432 4170 3561 4224 illud

295 4259 453 4312 etiam
478 4258 730 4325 conjicere
759 4271 1047 4324 possumus,
1078 4270 1169 4306 cur
1200 4271 1330 4307 nono
1360 4256 1561 4307 demum
1594 4271 1729 4307 anno
1765 4254 2108 4309 Tlteodoricus
2132 4255 2428 4312 Severinum
2454 4266 2501 4309 et
2529 4256 2899 4328 Symmachum
2930 4262 3141 4326 necarit,
3171 4276 3238 4314 an
3266 4254 3385 4327 quia
3409 4277 3563 4314 senex

295 4352 353 4422 in
380 4349 672 4416 Opinionem
700 4348 807 4400 Arii
834 4346 1038 4415 defecit,
1063 4358 1105 4398 et
1128 4347 1360 4398 inimicus
1386 4346 1512 4398 adeo
1538 4345 1799 4399 catholicis
1824 4348 2004 4413 evasit,
2032 4357 2087 4399 ut
2112 4364 2286 4401 eorum
2310 4347 2497 4417 templa
2526 4351 2728 4404 dituere
2748 4352 2800 4403 in
2824 4351 2846 4402 l
2856 4352 2980 4404 talia
3003 4351 3235 4416 voluerit,
3261 4354 3305 4405 si
3325 4352 3564 4408 Justinus

292 4440 521 4495 Arianos
550 4441 603 4493 in
629 4440 747 4491 Asia
776 4454 877 4490 non
906 4449 1007 4489 rest
1031 4445 1049 4489 t
1069 4447 1207 4490 teret.
1240 4435 1652 4505 Propttqnatores
1678 4450 1847 4491 autem
1876 4440 1988 4492 sani
2016 4439 2266 4510 dogmatis
2288 4456 2401 4503 cum
2426 4441 2558 4494 alias
2585 4458 2804 4512 semper,
2832 4453 2937 4496 tum
2966 4447 3220 4513 praecipue
3251 4463 3307 4499 eo
3341 4456 3565 4515 tempore

298 4532 513 4585 Boetius
536 4542 584 4586 et
617 4525 955 4600 Symmachus
984 4532 1301 4584 exstiterunt.
1339 4530 1675 4596 Quamobrem
1712 4542 1959 4600 tyrannus
1992 4535 2246 4602 conjectos
2286 4532 2338 4585 in
2368 4548 2619 4586 carcerem
2662 4516 2953 4587 obtruncari
2972 4538 3090 4608 juss
3116 4547 3153 4588 t.
3182 4533 3349 4589 Ticini
3379 4539 3562 4591 incolas

298 4640 502 4693 semper
516 4642 545 4675 a
563 4622 835 4693 majoribus
849 4623 1094 4676 traditum
1112 4631 1400 4677 consmnter
1415 4620 2174 4711 asseverant,Severinum,cum
2189 4622 2357 4693 regius
2371 4623 2650 4693 spiculator
2666 4622 2852 4675 lethale
2866 4624 3050 4677 vulnus
3067 4626 3338 4691 intulisset,
3356 4640 3567 4699 utraque

296 4733 461 4769 manu
486 4714 742 4768 divulsum
772 4725 923 4785 caput
949 4713 1248 4768 sustinuisse
1266 4754 1279 4773 ,
1322 4714 1780 4783 interrogatumque
1806 4728 1839 4765 a
1879 4727 2099 4777 quonam
2131 4728 2184 4764 se
2228 4729 2524 4779 percussum
2552 4713 2898 4779 existimaret,
2927 4714 2987 4766 ab
3024 4715 3194 4783 impiis
3222 4719 3564 4784 respondisse,

297 4818 457 4877 atque
477 4810 549 4859 ita
575 4821 689 4858 cum
713 4806 766 4858 in
790 4806 1011 4858 vicinum
1032 4795 1277 4871 templum
1298 4805 1531 4867 venisset,
1554 4812 1599 4856 et
1628 4804 1775 4870 flexis
1799 4806 2007 4873 genibus
2035 4814 2152 4857 ante
2172 4803 2334 4855 altare
2354 4821 2499 4857 sarra
2527 4805 2851 4872 percepisset,
2882 4815 2992 4871 post
3021 4805 3231 4867 paulum
3260 4809 3565 4876 enpirassc.

299 4902 608 4956 Ezstinctus
637 4901 833 4953 divinos
860 4902 1075 4954 honores
1099 4916 1131 4952 a
1156 4900 1340 4951 nostris
1364 4909 1657 4953 consecutus
1685 4910 1778 4963 est,
1808 4901 1945 4970 quod
1974 4917 2064 4966 pro
2092 4901 2359 4954 catholicis
2385 4910 2561 4952 contra
2587 4900 2853 4967 perﬁdiam
2880 4902 2990 4954 Arii
3014 4913 3226 4958 mortem
3252 4907 3565 4959 sustinuerit.

295 4996 443 5047 Sunt
467 4995 555 5062 qui
580 4992 800 5046 scribant
826 4994 995 5060 ipsum
1022 5000 1173 5044 antea
1198 4991 1489 5044 Ravennam
1514 4989 1835 5052 accersitum,
1861 4992 2204 5060 pra'torioqne
2228 4991 2362 5058 regis
2395 4992 2741 5060 prtepositmn,
2762 5008 2880 5047 mox
2899 5010 3014 5046 cum
3039 4994 3232 5062 aliquot
3253 4996 3571 5048 senatoribus

294 5086 552 5150 occisum,
578 5084 715 5155 quod
742 5082 1054 5151 Symmacho
1084 5082 1253 5150 potius
1274 5080 1540 5133 convenire
1568 5080 1783 5133 videtur.
1822 5079 2000 5132 Turris
2020 5081 2154 5132 enim
2186 5079 2409 5133 lateritio
2438 5080 2609 5146 lapide
2636 5082 2916 5152 fabrefacta
2937 5086 3213 5138 etiamnum
3239 5083 3407 5138 Ticini
3426 5100 3544 5137 mon

296 5187 531 5241 stratur,
562 5175 727 5229 Boetii
772 5190 943 5228 carcer
976 5175 1363 5241 sepulcrumque
1398 5173 1505 5241 ejus
1547 5171 1599 5224 in
1641 5172 1751 5224 tzde
1793 5170 1923 5223 beati
1954 5168 2227 5241 Augustini
2264 5171 2465 5235 visitur,
2494 5188 2593 5240 qua
2623 5181 2770 5241 parte
2798 5173 2850 5227 in
2879 5174 3090 5244 adytum
3118 5173 3296 5243 templi
3332 5188 3568 5227 ascensus

296 5274 515 5342 incipit,
549 5273 642 5325 hoc
670 5272 749 5343 epi
772 5268 927 5341 apltio
955 5269 1169 5322 incisum
1195 5283 1213 5321 :

932 5362 1133 5411 Μεροπίδι
1158 5362 1274 5409 etin
1305 5358 1436 5408 Latia
1456 5358 1619 5413 lingua
1644 5357 1954 5421 clarissimus,
1981 5367 2033 5408 et
2055 5360 2137 5421 qui

843 5422 1017 5473 Consul
1044 5436 1175 5471 erum
1201 5422 1293 5483 hic,
1316 5422 1437 5481 perii
1463 5422 1636 5467 missus
1658 5421 1704 5466 in
1726 5419 1972 5467 exsilium.

934 5486 991 5533 Et
1014 5498 1124 5545 quia
1148 5481 1472 5544 morsrapuit,
1499 5486 1713 5545 protritus
1730 5496 1815 5545 tne
1840 5485 1977 5530 vexit
1995 5481 2053 5529 ad
2076 5493 2237 5543 auras,

846 5546 917 5596 En
939 5544 1065 5594 nunc.
1090 5547 1208 5592 fama
1233 5548 1367 5605 viget
1391 5558 1615 5603 tttnxtmu,
1645 5544 1759 5591 vivit
1783 5555 1921 5603 opus.

300 5633 687 5701 tiirrumfertur
717 5639 762 5682 et
794 5630 936 5682 aliud
978 5627 1200 5697 elogium
1224 5642 1321 5694 quo
1362 5627 1646 5694 sepulcrum
1684 5624 1795 5694 ejus
1823 5623 2166 5677 exornabatur
2190 5632 2497 5691 anteaquam
2525 5621 2634 5674 illic
2662 5637 2693 5672 a
2725 5618 3078 5682 Luithprando
3113 5612 3566 5687 Langobardorum

326 5741 435 5793 (ge
473 5724 825 5777 collocarent“.
862 5719 1032 5787 'pl‘tm
1063 5720 1181 5788 quia
1213 5719 1384 5785 paucis
1415 5718 1572 5771 multa
1603 5717 1820 5770 continet
1849 5716 1917 5767 ad
1947 5716 2058 5783 ejus
2080 5715 2241 5765 vitam
2272 5714 2513 5781 facientia
2534 5708 2927 5775 subjunrimus:
3208 5711 3213 5716 ‘
