3998 6368
409 307 508 360 sn
1582 306 1691 361 AN.
1733 306 1940 363 MANL.
1983 280 2135 361 Sus.
2191 304 2499 361 BOE'I‘IUS.
3568 306 3676 361 ius

1029 419 1150 469 Ecce
1178 419 1393 468 Hor-thus
1416 419 1550 467 adest
1573 418 1619 465 in
1640 417 1762 467 οωιο
1788 430 2008 478 magnus,
2037 422 2085 464 et
2104 420 2231 463 o-rai

1090 481 1383 539 Persia-etus
1406 480 1601 534 ηιιιηιιη,
1624 483 1778 527 mirus
1805 482 2054 527 habendus
2080 480 2239 526 humu.

1028 544 1119 600 Qui
1147 542 1448 590 Tltemlorico
1472 542 1577 599 regi
1597 542 1788 589 delatus
1814 543 1980 602 iniquo

1078 604 1228 651 'l'icini
1249 604 1437 651 senium
1459 606 1597 650 duxit.
1623 605 1668 649 in
1693 603 1884 652 exsilio.

1028 663 1080 714 In
1105 679 1196 724 qua
1216 679 1272 711 se
1298 672 1521 711 Intestina
1546 666 1704 712 solum
1726 666 1858 711 dt'll“
1885 664 2005 711 urbe
2032 660 2271 718 libellum.

1096 727 1208 776 Post
1231 729 1353 774 ictus
1376 726 1554 786 gladio.
1587 726 1706 773 exiit
1734 738 1763 772 e
1791 728 1970 772 taedio.

412 807 511 861 llic
536 808 651 875 ﬁnis
675 808 768 863 viri
793 807 1064 862 clarissimi
1085 811 1183 877 fuit
1205 811 1291 877 qui
1315 808 1578 877 facundia,
1606 810 1877 878 probitate,
1906 808 2163 868 doctrina,
2193 806 2471 876 plurimum
2493 807 2752 871 excelluit,
2782 808 2993 860 ultimus
3020 807 3246 860 omnium
3268 808 3356 877 qui
3374 825 3433 862 ex
3458 806 3681 877 antiquis

410 898 650 953 Romanis
680 900 873 969 aliquid
897 902 1181 955 litterarum
1210 903 1544 953 monumentis
1593 901 1981 965 consecrarint,
2040 901 2238 971 primus
2286 900 2512 951 omnium
2564 901 2652 969 qui
2700 898 3070 952 Aristotelicum
3108 896 3435 966 disciplinam
3482 900 3683 953 Latinis

406 993 584 1047 litteris
613 995 871 1047 illustrare
896 996 1164 1063 coeperint,
1210 1004 1364 1049 tanta:
1392 995 1533 1061 apud
1578 1006 1806 1061 posteros
1852 996 2208 1059 auctoritatis,
2244 1005 2298 1047 ut
2351 994 2414 1046 ab
2453 995 2561 1062 ejus
2606 996 2866 1047 sententiis
2907 995 3052 1047 nulla
3085 996 3242 1061 ferme
3266 996 3331 1048 sit
3360 995 3679 1063 provocatio.

412 1085 460 1138 11
468 1088 584 1155 ujus
605 1098 763 1140 morte
791 1104 1027 1157 magnam
1054 1105 1159 1141 rem
1185 1087 1465 1150 amisimus,
1491 1096 1536 1139 et
1561 1090 1753 1155 frustra
1776 1104 1809 1139 a
1833 1087 2004 1139 multis
2027 1097 2197 1155 postea
2220 1095 2483 1152 tentatum,
2514 1085 2745 1138 Platonis
2770 1094 2815 1138 et
2839 1085 3125 1138 Aristotelis
3149 1086 3498 1148 concordiam,
3522 1100 3681 1153 quam

407 1179 666 1244 utriusque
694 1177 1029 1247 pliilosOphite
1053 1177 1386 1247 peritissimus
1413 1188 1457 1228 et
1488 1176 1744 1244 pollicitus
1776 1180 1961 1244 fuerat,
1993 1186 2040 1230 et
2073 1177 2173 1229 nisi
2200 1176 2351 1228 vitam
2376 1175 2674 1243 eripuissent
2702 1176 2936 1243 improbi,
2968 1185 3216 1245 pra’stare
3244 1177 3385 1229 solus
3409 1177 3674 1246 potuisset.

408 1271 551 1327 Ultio
581 1281 748 1324 tamen
779 1273 929 1339 paulo
959 1278 1071 1340 post
1097 1273 1319 1322 insecuta
1344 1279 1417 1322 est
1457 1270 1700 1321 divinitus
1733 1284 1751 1321 :
1784 1285 1899 1320 nam
1930 1268 2153 1322 comanti
2183 1266 2500 1320 Theodoriro
2533 1282 2648 1318 cum
2680 1266 2832 1332 piscis
2859 1275 3010 1333 caput
3036 1268 3239 1319 illatum
3263 1277 3415 1331 esset,
3440 1270 3575 1320 visus
3602 1276 3679 1319 est

408 1365 502 1419 sibi
530 1380 620 1417 res:
645 1367 695 1416 in
725 1379 782 1415 eo
817 1363 987 1415 videre
1018 1361 1311 1431 Symmachi
1340 1361 1522 1429 fariem
1552 1361 1764 1428 inferius
1792 1362 1991 1414 labrum
2017 1362 2276 1414 mordicus
2301 1360 2787 1429 apprehendentem,
2822 1362 3072 1430 torrisque
3098 1361 3259 1413 oculis
3288 1361 3499 1413 subinde
3523 1360 3678 1413 mini-

405 1465 617 1515 tantem,
639 1472 698 1509 eo
725 1454 1014 1524 spectaculo
1036 1462 1389 1505 consternatus
1417 1460 1662 1521 tyrannus
1690 1452 1743 1504 in
1768 1452 1995 1503 morbum
2024 1452 2221 1511 incidit,
2240 1461 2284 1502 et
2315 1449 2469 1503 simul
2499 1459 2649 1518 atque
2672 1450 2810 1516 quod
2832 1452 3023 1503 viderat
3052 1453 3106 1503 id
3129 1468 3181 1503 se
3203 1451 3387 1503 vidisse
3417 1450 3677 1520 confessus

410 1555 507 1611 at,
532 1546 831 1615 aspicit.
870 1543 987 1596 Ictu
1007 1542 1275 1610 sanguinis
1288 1550 1545 1593 mortuum
1566 1541 1649 1592 sui
1668 1539 2023 1609 divulgarunt,
2043 1555 2215 1592 verum
2238 1539 2591 1592 Amolasiunta
2612 1538 2685 1594 rii
2708 1538 2913 1592 conscia
2937 1557 3050 1592 cum
3076 1539 3129 1593 in
3152 1555 3307 1610 regno
3332 1540 3673 1600 successisset,

408 1638 565 1697 patris
582 1647 697 1690 acta
721 1648 896 1690 contra
910 1636 998 1704 jus
1018 1643 1065 1687 et
1088 1635 1170 1703 fas
1191 1633 1395 1685 decreta
1413 1632 1639 1696 rescidit,
1658 1642 1706 1684 et
1725 1633 1957 1687 δασεῖ-ἰπὶ
1982 1633 2360 1705 πενιαωὶ
2382 1634 2513 1686 bona
2533 1635 2587 1686 in
2610 1636 2790 1703 fiscum
2814 1635 3017 1688 redacta
3038 1651 3211 1686 rarum
3238 1633 3407 1687 liberis
3433 1634 3675 1695 restituit,

408 1732 582 1794 paucis
601 1734 748 1783 ann's
770 1737 915 1781 antea
944 1742 1095 1795 quam
1123 1724 1401 1777 Belisarius
1432 1740 1463 1774 a
1484 1721 1785 1776 Iustiniano
1816 1726 1998 1781 missus
2024 1728 2183 1781 Italia
2207 1724 2407 1780 Gothos
2428 1744 2601 1782 omnes
2628 1727 2841 1799 expulit.
2872 1726 3038 1782 Porro
3062 1726 3227 1780 Boetii
3253 1727 3400 1779 multi
3431 1732 3676 1796 fuerunt:

409 1824 600 1889 primus
630 1821 862 1885 S'oicus,
902 1820 965 1895 de
1007 1834 1105 1889 quo
1139 1816 1440 1869 mentionem
1470 1815 1591 1883 facit
1626 1814 1871 1886 Diogenes
1912 1819 1961 1869 in
2002 1817 2221 1872 Zenonis
2251 1817 2406 1882 Vita;
2449 1818 2704 1871 secundus
2744 1817 3054 1888 Epicureus,
3087 1833 3234 1886 quem
3264 1815 3574 1870 Plutarchus
3618 1817 3675 1871 iu

409 1916 655 1972 Conriviis
681 1914 988 1977 introducit;
1016 1912 1192 1966 tertius
1219 1910 1491 1973 Cretensis,
1527 1909 1812 1962 Aristotelis
1841 1910 2102 1964 studiosus
2131 1918 2177 1964 et
2208 1912 2282 1963 vir
2305 1908 2590 1965 consularis
2616 1929 2647 1965 a
2679 1910 2872 1963 Caleno
2894 1909 3200 1964 celebratus.
3239 1909 3437 1963 Prcter
3460 1909 3558 1963 hos
3581 1910 3677 1963 alii

409 2010 609 2063 luerunt
634 2016 683 2059 et
707 2003 1000 2076 philosophi
1029 2002 1174 2055 ambo
1199 2012 1245 2055 et
1274 2001 1625 2071 Peripatetici,
1650 2016 1784 2053 unus
1810 2001 1891 2051 hic
1920 2003 2025 2066 ipse
2052 2005 2113 2053 dc
2151 2019 2251 2070 quo
2289 2003 2414 2054 satis
2433 2004 2547 2073 jam
2577 2002 2766 2054 dictum
2806 2010 2910 2065 est,
2942 2000 3201 2056 Patricius
3235 2000 3519 2066 Romanus,
3545 2001 3679 2054 alter

409 2103 615 2159 Graecus
650 2110 698 2153 et
736 2096 1013 2163 antiquior,
1048 2109 1196 2163 quem
1238 2103 1285 2147 et
1327 2093 1410 2145 hic
1456 2093 1565 2161 ipse
1604 2093 1658 2145 in
1695 2090 1984 2173 Porpligrio
2015 2102 2062 2145 et
2098 2094 2395 2147 Ammonius
2432 2105 2581 2161 atque
2608 2093 2909 2162 Simplicius
2948 2104 3000 2146 ut
3040 2094 3324 2147 Aristotelis
3348 2093 3679 2161 interpreteris

410 2206 706 2266 agnoscunt.
756 2192 983 2246 Fuerunt
1040 2192 1215 2245 itidem
1259 2198 1305 2241 et
1358 2190 1460 2241 duo
1510 2186 1805 2257 Symmachi
1858 2202 2059 2257 magna:
2102 2188 2154 2239 in
2207 2188 2387 2239 litteris
2434 2189 2826 2242 existimationis
2873 2199 3079 2253 uterque
3109 2204 3128 2240 :
3185 2187 3379 2255 primus
3435 2188 3653 2240 Gratian

410 2296 452 2340 σε
492 2282 831 2338 Valentiniani
879 2279 1185 2351 temporibus
1219 2292 1237 2342 ;
1284 2276 1534 2329 secundus
1568 2273 1785 2327 Zenonis
1828 2284 1876 2328 et
1924 2276 2181 2328 Anastasii
2216 2292 2232 2333 :
2278 2276 2417 2328 illius
2464 2275 2693 2345 epistola:
2736 2278 3165 2343 circumferuntur
3212 2277 3484 2345 crebraque
3515 2280 3578 2329 de
3614 2294 3675 2329 re

410 2379 457 2429 in
501 2373 748 2427 Macrobii
789 2366 1148 2426 Saturnalibus
1187 2366 1373 2418 mentio
1408 2364 1643 2417 habetur.
1688 2363 1858 2433 llujus
1905 2363 2032 2416 nihil
2068 2366 2272 2432 quidem
2311 2375 2472 2419 exstat
2501 2383 2513 2425 ;
2545 2368 2654 2421 sed.
2683 2377 2737 2417 ut
2771 2366 2933 2419 Roetii
2973 2367 3317 2419 testimonium
3355 2376 3674 2435 printeream,

410 2467 701 2521 Priscianus
728 2460 1054 2517 Ciesariensis
1089 2459 1152 2509 de
1195 2456 1503 2509 ponderibus
1542 2456 1792 2518 scribens,
1829 2454 1900 2505 sic
1929 2469 2044 2506 eum
2072 2454 2276 2521 laudat,
2316 2466 2370 2509 ut
2396 2472 2568 2510 omnes
2610 2458 2835 2510 omnium
2872 2458 3259 2528 disciplinarum
3298 2457 3465 2526 apices
3492 2475 3675 2511 come~

364 2598 367 2603 -
412 2569 550 2612 tutus
588 2556 861 2609 rideretur.

1045 2764 1805 2880 OPERUM
1854 2766 2341 2881 PARS
2390 2767 3057 2882 PRIMA.

875 2950 1549 3100 OPERA
1635 2953 3199 3102 PHILOSOPHICA.

480 3282 730 3406 DE
803 3274 2237 3404 CONSOLATIONE
2315 3278 3594 3410 PHILOSOPIH/E

1746 3478 1753 3479 ί
1805 3478 2115 3560 LIBRI
2162 3477 2275 3559 V.

1575 3610 1669 3673 (Ex
1692 3611 1910 3661 editione
1955 3612 2013 3659 ad
2050 3624 2189 3660 nsum
2216 3609 2493 3673 Delphini.)

1603 3814 2206 3888 PBOLEGOM
2220 3817 2472 3890 ENA.

1332 4047 1939 4227 @pistola
1985 4051 2788 4190 achicatoria.

484 4285 906 4349 St-rcnissimo
930 4287 1248 4366 Delphina
1273 4290 1496 4349 Petrus
1529 4288 1812 4367 Callyus.

483 4389 801 4468 Quidquid
837 4390 1196 4450 Ludovicus
1248 4390 1542 4466 Magnus,
1594 4402 1896 4467 augustas
1929 4411 2155 4471 parens
2186 4403 2329 4453 tuus
2373 4394 2658 4469 molitur,
2708 4396 3129 4461 Sanamssmu
3171 4404 3536 4481 DELPHINE,
3594 4410 3660 4470 id

403 4508 575 4550 omne
603 4509 887 4569 magnum
922 4501 1055 4559 est;
1090 4512 1192 4551 seu
1225 4492 1494 4571 populos
1529 4494 1730 4568 regit:
1775 4513 1877 4551 seu
1908 4494 2111 4553 hostes
2142 4506 2496 4573 expugnat;
2543 4515 2648 4565 seu
2683 4502 2962 4577 utrisque
3001 4521 3291 4563 concessa
3320 4526 3473 4582 pace
3495 4528 3662 4587 θνα..

404 4594 702 4671 tiﬁcatur.
754 4595 876 4655 Sed
932 4595 1171 4656 indoles
1216 4606 1273 4654 et
1320 4595 1641 4655 institutio
1696 4604 1801 4656 tua
1852 4596 2167 4673 regiorum
2207 4615 2459 4673 operum
2501 4616 2685 4674 opera
2720 4608 2866 4657 sunt
2910 4603 3200 4663 maxima.
3250 4608 3343 4665 Tu
3385 4609 3657 4687 quidem.

405 4694 566 4752 velut
611 4695 814 4754 nobile
844 4696 1181 4771 speculum,
1232 4694 1468 4772 regales
1513 4714 1648 4757 cum
1699 4696 1925 4771 animi,
1983 4704 2109 4755 tum
2140 4698 2427 4772 corporis
2473 4698 2642 4758 dotes
2672 4698 2745 4759 ab
2790 4702 2925 4778 ipso
2972 4716 3251 4782 acceptas
3294 4710 3384 4768 sic
3417 4711 3653 4777 reddis.

401 4793 563 4853 nihil
597 4803 663 4854 ut
694 4795 759 4854 in
790 4803 844 4853 te
880 4794 1257 4855 desideretur
1298 4794 1465 4873 quod
1523 4794 1941 4872 imperatorii:
1975 4797 2313 4874 majestatis
2344 4816 2463 4857 esse
2490 4801 2690 4875 possit
2721 4821 2739 4867 ;
2777 4798 2944 4861 tu'iin
2978 4822 3119 4864 vero
3154 4807 3651 4883 institutionem,

401 4914 581 4975 quam
624 4913 739 4956 rex
783 4896 888 4956 ille
934 4896 1409 4973 sapientissimis
1456 4897 1586 4955 suis
1625 4896 1904 4957 consiliis
1956 4914 2216 4955 exorsus
2255 4908 2366 4965 est,
2411 4901 2942 4979 selectissimisque
2987 4906 3141 4965 viris
3192 4910 3658 4980 corroboravit.

402 4998 1011 5077 magnificentissimo
1044 4990 1348 5058 librorum
1379 5009 1691 5076 apparatu
1719 5000 1809 5058 ita
1840 5000 2102 5077 perﬁcit,
2131 5010 2196 5059 ut
2222 5000 2527 5080 ineffabili
2556 5004 2818 5081 quadam
2848 5008 3328 5085 necessitudine,
3359 5027 3660 5092 quantum

402 5099 570 5179 filius
595 5109 876 5178 parente,
916 5108 1156 5159 tantum
1181 5118 1407 5179 parens
1435 5101 1564 5171 filio
1588 5117 1801 5177 regum
1833 5103 2102 5160 omnium
2134 5106 2557 5177 prtestantiam
2588 5105 2819 5165 vincat.
2854 5108 3037 5176 Ecce,
3072 5113 3446 5173 continuato
3493 5117 3670 5176 illius

399 5204 600 5278 jussu,
631 5200 802 5260 inter
826 5203 1115 5280 antiquos
1147 5210 1433 5262 auctores
1462 5203 1680 5261 emicat
1707 5202 2066 5262 SEVERINUS
2096 5202 2395 5273 Boarws,
2432 5222 2607 5283 seque
2642 5205 2756 5267 tibi
2780 5209 2978 5277 sistit,
3014 5222 3080 5269 ut
3118 5214 3361 5274 meliori
3390 5218 3660 5294 quodam

399 5307 560 5386 iure,
597 5306 688 5365 sic
713 5304 942 5383 majori
970 5324 1071 5383 spe
1100 5307 1425 5384 fructuum
1453 5305 1930 5365 uberrimorum.
2506 5316 2509 5317 '
2736 5306 2743 5311 “

479 5404 771 5465 Omnium
804 5414 966 5465 certe
998 5408 1297 5485 ejusmodi
1318 5416 1647 5467 auctorum
1676 5406 2072 5465 meritissimo
2109 5405 2383 5467 Bourms
2411 5406 2526 5468 tibi
2552 5427 2613 5468 se
2642 5410 2833 5473 sistit.
2867 5413 2978 5473 Illi
3000 5414 3158 5473 enim
3180 5415 3430 5478 advena:
3456 5417 3665 5477 Galli-

401 5526 731 5587 corumque
755 5509 1192 5569 institutorum
1224 5509 1474 5586 penitus
1510 5509 1745 5585 ignari,
1791 5526 2075 5586 praecone
2101 5508 2492 5586 indigebant,
2530 5513 3029 5591 qui,prtedicata
3078 5536 3283 5576 eorum
3334 5518 3672 5593 dignitate,

398 5610 665 5686 aliquam
689 5612 756 5672 in
786 5611 935 5670 aula
964 5609 1173 5671 iisdem
1198 5618 1585 5686 compararet
1629 5610 2157 5669 existimationem
2190 5631 2207 5670 :
2238 5610 2336 5669 hic
2353 5611 2592 5688 pridem
2614 5633 2650 5671 a
2678 5614 2977 5693 Philippo
3022 5616 3292 5675 Pulchro
3316 5617 3673 5679 Galliarum

400 5725 559 5783 rege,
599 5708 949 5770 litterarum
993 5709 1534 5786 litteratorumqus
1569 5708 1994 5768 amantissimo
2036 5710 2350 5787 principe,
2398 5709 3023 5788 honoriﬁcentissime
3084 5724 3408 5789 exceptus,
3436 5735 3670 5791 ~.prope
