  <div class='ocr_page' id='page_1' title='image "/cluster/home/n/w/nwhite01/storage/ocr_20150623/63/hvd.32044015469307/278.png"; bbox 0 0 3998 6368; ppageno 0'>
   <div class='ocr_carea' id='block_1_1' title="bbox 256 292 1827 352">
    <p class='ocr_par' dir='ltr' id='par_1_1' title="bbox 256 292 1827 349">
     <span class='ocr_line' id='line_1_1' title="bbox 256 292 1827 349; baseline 0.002 -7"><span class='ocrx_word' id='word_1_1' title='bbox 256 292 352 344; x_wconf 64' lang='lat' dir='ltr'><strong><em>3M9</em></strong></span> <span class='ocrx_word' id='word_1_2' title='bbox 804 295 866 348; x_wconf 68' lang='lat' dir='ltr'><strong><em>IN</em></strong></span> <span class='ocrx_word' id='word_1_3' title='bbox 908 294 1147 349; x_wconf 72' lang='lat' dir='ltr'><strong>LIBROS</strong></span> <span class='ocrx_word' id='word_1_4' title='bbox 1189 292 1271 347; x_wconf 80' lang='lat' dir='ltr'><strong><em>DE</em></strong></span> <span class='ocrx_word' id='word_1_5' title='bbox 1307 292 1780 349; x_wconf 69' lang='lat' dir='ltr'><strong><em>COSOLATIONE</em></strong></span> <span class='ocrx_word' id='word_1_6' title='bbox 1823 293 1827 345; x_wconf 65' lang='grc'><strong>1</strong></span> 
     </span>
    </p>
   </div>
   <div class='ocr_carea' id='block_1_2' title="bbox 1939 292 3523 352">
    <p class='ocr_par' dir='ltr' id='par_1_2' title="bbox 1939 292 3523 352">
     <span class='ocr_line' id='line_1_2' title="bbox 1939 292 3523 352; baseline 0.004 -6"><span class='ocrx_word' id='word_1_7' title='bbox 1939 292 2303 348; x_wconf 65' lang='grc' dir='ltr'>ιυδοριιιίιζ</span> <span class='ocrx_word' id='word_1_8' title='bbox 2355 294 2863 351; x_wconf 66' lang='lat' dir='ltr'><strong><em>PROLEGUMENA</em></strong></span> <span class='ocrx_word' id='word_1_9' title='bbox 2880 336 2892 349; x_wconf 94' lang='lat'><strong><em>.</em></strong></span> <span class='ocrx_word' id='word_1_10' title='bbox 3418 298 3523 352; x_wconf 62' lang='lat'><strong><em>£550</em></strong></span> 
     </span>
    </p>
   </div>
   <div class='ocr_carea' id='block_1_3' title="bbox 253 407 3519 488">
    <p class='ocr_par' dir='ltr' id='par_1_3' title="bbox 253 407 3519 488">
     <span class='ocr_line' id='line_1_3' title="bbox 253 407 3519 488; baseline 0.001 -21"><span class='ocrx_word' id='word_1_11' title='bbox 253 409 617 469; x_wconf 78' lang='lat' dir='ltr'><strong><em>domesticus</em></strong></span> <span class='ocrx_word' id='word_1_12' title='bbox 652 419 763 480; x_wconf 87' lang='lat' dir='ltr'><strong><em>est,</em></strong></span> <span class='ocrx_word' id='word_1_13' title='bbox 791 409 1265 487; x_wconf 70' lang='lat' dir='ltr'><strong><em>aulicorumque</em></strong></span> <span class='ocrx_word' id='word_1_14' title='bbox 1293 425 1534 468; x_wconf 88' lang='lat' dir='ltr'><strong><em>morum</em></strong></span> <span class='ocrx_word' id='word_1_15' title='bbox 1564 415 1689 467; x_wconf 90' lang='lat' dir='ltr'><strong><em>tam</em></strong></span> <span class='ocrx_word' id='word_1_16' title='bbox 1725 424 1987 484; x_wconf 85' lang='lat' dir='ltr'><strong><em>gnarus.</em></strong></span> <span class='ocrx_word' id='word_1_17' title='bbox 2034 426 2217 486; x_wconf 89' lang='lat' dir='ltr'><strong><em>quam</em></strong></span> <span class='ocrx_word' id='word_1_18' title='bbox 2244 407 2321 468; x_wconf 90' lang='lat' dir='ltr'><strong><em>ab</em></strong></span> <span class='ocrx_word' id='word_1_19' title='bbox 2351 410 2577 470; x_wconf 85' lang='lat' dir='ltr'><strong><em>aulicis</em></strong></span> <span class='ocrx_word' id='word_1_20' title='bbox 2612 419 2825 469; x_wconf 89' lang='lat' dir='ltr'><strong><em>notus.</em></strong></span> <span class='ocrx_word' id='word_1_21' title='bbox 2861 409 2968 470; x_wconf 80' lang='lat' dir='ltr'><strong><em>Illi</em></strong></span> <span class='ocrx_word' id='word_1_22' title='bbox 3000 412 3277 488; x_wconf 69' lang='lat' dir='ltr'><strong><em>profani.</em></strong></span> <span class='ocrx_word' id='word_1_23' title='bbox 3317 410 3519 485; x_wconf 89' lang='lat' dir='ltr'><strong><em>nulla,</em></strong></span> 
     </span>
    </p>
   </div>
   <div class='ocr_carea' id='block_1_4' title="bbox 252 506 3519 585">
    <p class='ocr_par' dir='ltr' id='par_1_4' title="bbox 252 506 3519 585">
     <span class='ocr_line' id='line_1_4' title="bbox 252 506 3519 585; baseline 0.001 -21"><span class='ocrx_word' id='word_1_24' title='bbox 252 506 374 564; x_wconf 89' lang='lat' dir='ltr'><strong><em>nisi</em></strong></span> <span class='ocrx_word' id='word_1_25' title='bbox 403 524 589 584; x_wconf 87' lang='lat' dir='ltr'><strong><em>quam</em></strong></span> <span class='ocrx_word' id='word_1_26' title='bbox 621 508 788 583; x_wconf 90' lang='lat' dir='ltr'><strong><em>forte</em></strong></span> <span class='ocrx_word' id='word_1_27' title='bbox 839 528 877 565; x_wconf 80' lang='grc' dir='ltr'><strong><em>ιι</em></strong></span> <span class='ocrx_word' id='word_1_28' title='bbox 921 506 1105 566; x_wconf 86' lang='lat' dir='ltr'><strong><em>novis</em></strong></span> <span class='ocrx_word' id='word_1_29' title='bbox 1143 506 1587 585; x_wconf 73' lang='lat' dir='ltr'><strong><em>interpretibus</em></strong></span> <span class='ocrx_word' id='word_1_30' title='bbox 1628 515 2023 583; x_wconf 90' lang='lat' dir='ltr'><strong><em>acceperunt,</em></strong></span> <span class='ocrx_word' id='word_1_31' title='bbox 2068 507 2299 579; x_wconf 81' lang='lat' dir='ltr'><strong><em>pietate</em></strong></span> <span class='ocrx_word' id='word_1_32' title='bbox 2342 510 2851 569; x_wconf 87' lang='lat' dir='ltr'><strong><em>commendantur</em></strong></span> <span class='ocrx_word' id='word_1_33' title='bbox 2884 530 2903 576; x_wconf 92' lang='lat'><strong><em>;</em></strong></span> <span class='ocrx_word' id='word_1_34' title='bbox 2964 512 3063 571; x_wconf 89' lang='lat' dir='ltr'><strong><em>hic</em></strong></span> <span class='ocrx_word' id='word_1_35' title='bbox 3099 527 3293 578; x_wconf 89' lang='lat' dir='ltr'><strong><em>sacer,</em></strong></span> <span class='ocrx_word' id='word_1_36' title='bbox 3328 510 3519 571; x_wconf 78' lang='lat' dir='ltr'><strong><em>Chri-</em></strong></span> 
     </span>
    </p>
   </div>
   <div class='ocr_carea' id='block_1_5' title="bbox 253 590 3512 684">
    <p class='ocr_par' dir='ltr' id='par_1_5' title="bbox 253 590 3512 684">
     <span class='ocr_line' id='line_1_5' title="bbox 253 590 3512 684; baseline 0.003 -24"><span class='ocrx_word' id='word_1_37' title='bbox 253 604 452 661; x_wconf 87' lang='lat' dir='ltr'><strong><em>stiana</em></strong></span> <span class='ocrx_word' id='word_1_38' title='bbox 500 607 801 681; x_wconf 80' lang='lat' dir='ltr'><strong><em>martyris</em></strong></span> <span class='ocrx_word' id='word_1_39' title='bbox 834 603 1224 682; x_wconf 87' lang='lat' dir='ltr'><strong><em>splendidius</em></strong></span> <span class='ocrx_word' id='word_1_40' title='bbox 1275 623 1455 682; x_wconf 85' lang='lat' dir='ltr'><strong><em>quam</em></strong></span> <span class='ocrx_word' id='word_1_41' title='bbox 1504 606 1781 664; x_wconf 85' lang='lat' dir='ltr'><strong><em>Romana</em></strong></span> <span class='ocrx_word' id='word_1_42' title='bbox 1822 605 2085 683; x_wconf 82' lang='lat' dir='ltr'><strong><em>patricii</em></strong></span> <span class='ocrx_word' id='word_1_43' title='bbox 2138 606 2321 664; x_wconf 89' lang='lat' dir='ltr'><strong><em>micat</em></strong></span> <span class='ocrx_word' id='word_1_44' title='bbox 2375 590 2684 684; x_wconf 81' lang='lat' dir='ltr'><strong><em>purpura.</em></strong></span> <span class='ocrx_word' id='word_1_45' title='bbox 2747 610 2855 671; x_wconf 85' lang='lat' dir='ltr'><strong><em>Illi</em></strong></span> <span class='ocrx_word' id='word_1_46' title='bbox 2908 612 2974 670; x_wconf 91' lang='lat' dir='ltr'><strong><em>in</em></strong></span> <span class='ocrx_word' id='word_1_47' title='bbox 3016 630 3141 670; x_wconf 89' lang='lat' dir='ltr'><strong><em>uno</em></strong></span> <span class='ocrx_word' id='word_1_48' title='bbox 3196 609 3512 670; x_wconf 74' lang='lat' dir='ltr'><strong><em>duntaxat</em></strong></span> 
     </span>
    </p>
   </div>
   <div class='ocr_carea' id='block_1_6' title="bbox 251 700 3509 779">
    <p class='ocr_par' dir='ltr' id='par_1_6' title="bbox 251 700 3509 779">
     <span class='ocr_line' id='line_1_6' title="bbox 251 700 3509 779; baseline 0.006 -21"><span class='ocrx_word' id='word_1_49' title='bbox 251 700 494 765; x_wconf 84' lang='lat' dir='ltr'><strong><em>dicendi</em></strong></span> <span class='ocrx_word' id='word_1_50' title='bbox 538 719 757 779; x_wconf 84' lang='lat' dir='ltr'><strong><em>genere</em></strong></span> <span class='ocrx_word' id='word_1_51' title='bbox 798 702 1034 762; x_wconf 88' lang='lat' dir='ltr'><strong><em>versati</em></strong></span> <span class='ocrx_word' id='word_1_52' title='bbox 1055 747 1072 776; x_wconf 92' lang='lat'><strong><em>,</em></strong></span> <span class='ocrx_word' id='word_1_53' title='bbox 1101 711 1207 760; x_wconf 89' lang='lat' dir='ltr'><strong><em>aut</em></strong></span> <span class='ocrx_word' id='word_1_54' title='bbox 1240 703 1509 761; x_wconf 94' lang='lat' dir='ltr'><strong><em>solutam</em></strong></span> <span class='ocrx_word' id='word_1_55' title='bbox 1536 705 1669 763; x_wconf 87' lang='lat' dir='ltr'><strong><em>sine</em></strong></span> <span class='ocrx_word' id='word_1_56' title='bbox 1699 704 1948 773; x_wconf 86' lang='lat' dir='ltr'><strong><em>stricta,</em></strong></span> <span class='ocrx_word' id='word_1_57' title='bbox 2000 712 2110 761; x_wconf 91' lang='lat' dir='ltr'><strong><em>aut</em></strong></span> <span class='ocrx_word' id='word_1_58' title='bbox 2143 704 2425 763; x_wconf 85' lang='lat' dir='ltr'><strong><em>strictam</em></strong></span> <span class='ocrx_word' id='word_1_59' title='bbox 2463 707 2594 765; x_wconf 86' lang='lat' dir='ltr'><strong><em>sine</em></strong></span> <span class='ocrx_word' id='word_1_60' title='bbox 2624 708 2833 767; x_wconf 88' lang='lat' dir='ltr'><strong><em>soluta</em></strong></span> <span class='ocrx_word' id='word_1_61' title='bbox 2867 711 3208 770; x_wconf 90' lang='lat' dir='ltr'><strong><em>orationem</em></strong></span> <span class='ocrx_word' id='word_1_62' title='bbox 3236 710 3457 771; x_wconf 79' lang='lat' dir='ltr'><strong><em>habent</em></strong></span> <span class='ocrx_word' id='word_1_63' title='bbox 3489 732 3509 776; x_wconf 86' lang='lat'><strong><em>:</em></strong></span> 
     </span>
    </p>
   </div>
   <div class='ocr_carea' id='block_1_7' title="bbox 250 802 3508 886">
    <p class='ocr_par' dir='ltr' id='par_1_7' title="bbox 250 802 3508 886">
     <span class='ocr_line' id='line_1_7' title="bbox 250 802 3508 886; baseline 0.002 -25"><span class='ocrx_word' id='word_1_64' title='bbox 250 802 345 863; x_wconf 88' lang='lat' dir='ltr'><strong><em>hic</em></strong></span> <span class='ocrx_word' id='word_1_65' title='bbox 374 805 702 882; x_wconf 88' lang='lat' dir='ltr'><strong><em>utriusque</em></strong></span> <span class='ocrx_word' id='word_1_66' title='bbox 746 805 1047 863; x_wconf 87' lang='lat' dir='ltr'><strong><em>sermonis</em></strong></span> <span class='ocrx_word' id='word_1_67' title='bbox 1076 804 1545 879; x_wconf 86' lang='lat' dir='ltr'><strong><em>scientissimus,</em></strong></span> <span class='ocrx_word' id='word_1_68' title='bbox 1577 816 1645 864; x_wconf 89' lang='lat' dir='ltr'><strong><em>ut</em></strong></span> <span class='ocrx_word' id='word_1_69' title='bbox 1671 804 2007 883; x_wconf 81' lang='lat' dir='ltr'><strong><em>persuadet</em></strong></span> <span class='ocrx_word' id='word_1_70' title='bbox 2040 815 2261 863; x_wconf 85' lang='lat' dir='ltr'><strong><em>orator</em></strong></span> <span class='ocrx_word' id='word_1_71' title='bbox 2291 805 2577 883; x_wconf 75' lang='lat' dir='ltr'><strong><em>eloquens</em></strong></span> <span class='ocrx_word' id='word_1_72' title='bbox 2604 853 2617 872; x_wconf 95' lang='lat'><strong><em>.</em></strong></span> <span class='ocrx_word' id='word_1_73' title='bbox 2655 811 2744 868; x_wconf 91' lang='lat' dir='ltr'><strong><em>sic</em></strong></span> <span class='ocrx_word' id='word_1_74' title='bbox 2770 820 2957 886; x_wconf 90' lang='lat' dir='ltr'><strong><em>poeta</em></strong></span> <span class='ocrx_word' id='word_1_75' title='bbox 2987 814 3194 873; x_wconf 86' lang='lat' dir='ltr'><strong><em>suavis</em></strong></span> <span class='ocrx_word' id='word_1_76' title='bbox 3224 812 3508 872; x_wconf 90' lang='lat' dir='ltr'><strong><em>delectat.</em></strong></span> 
     </span>
    </p>
   </div>
   <div class='ocr_carea' id='block_1_8' title="bbox 251 905 3511 982">
    <p class='ocr_par' dir='ltr' id='par_1_8' title="bbox 251 905 3511 982">
     <span class='ocr_line' id='line_1_8' title="bbox 251 905 3511 982; baseline 0.001 -16"><span class='ocrx_word' id='word_1_77' title='bbox 251 906 362 966; x_wconf 87' lang='lat' dir='ltr'><strong><em>Illi</em></strong></span> <span class='ocrx_word' id='word_1_78' title='bbox 408 907 616 965; x_wconf 82' lang='lat' dir='ltr'><strong><em>Musis</em></strong></span> <span class='ocrx_word' id='word_1_79' title='bbox 654 905 1047 965; x_wconf 84' lang='lat' dir='ltr'><strong><em>mollioribus</em></strong></span> <span class='ocrx_word' id='word_1_80' title='bbox 1098 907 1422 982; x_wconf 77' lang='lat' dir='ltr'><strong><em>inspirati.</em></strong></span> <span class='ocrx_word' id='word_1_81' title='bbox 1476 908 1608 965; x_wconf 89' lang='lat' dir='ltr'><strong><em>suis</em></strong></span> <span class='ocrx_word' id='word_1_82' title='bbox 1643 908 1967 967; x_wconf 80' lang='lat' dir='ltr'><strong><em>sententiis</em></strong></span> <span class='ocrx_word' id='word_1_83' title='bbox 2011 908 2067 966; x_wconf 88' lang='lat' dir='ltr'><strong><em>si</em></strong></span> <span class='ocrx_word' id='word_1_84' title='bbox 2102 926 2233 967; x_wconf 92' lang='lat' dir='ltr'><strong><em>non</em></strong></span> <span class='ocrx_word' id='word_1_85' title='bbox 2284 906 2543 975; x_wconf 75' lang='lat' dir='ltr'><strong><em>(cedunt.</em></strong></span> <span class='ocrx_word' id='word_1_86' title='bbox 2594 908 2795 968; x_wconf 78' lang='lat' dir='ltr'><strong><em>(cesam</em></strong></span> <span class='ocrx_word' id='word_1_87' title='bbox 2841 910 3177 970; x_wconf 90' lang='lat' dir='ltr'><strong><em>ostendunt</em></strong></span> <span class='ocrx_word' id='word_1_88' title='bbox 3229 920 3511 977; x_wconf 89' lang='lat' dir='ltr'><strong><em>mentem.</em></strong></span> 
     </span>
    </p>
   </div>
   <div class='ocr_carea' id='block_1_9' title="bbox 248 1005 3516 1084">
    <p class='ocr_par' dir='ltr' id='par_1_9' title="bbox 248 1005 3516 1084">
     <span class='ocr_line' id='line_1_9' title="bbox 248 1005 3516 1084; baseline 0.003 -22"><span class='ocrx_word' id='word_1_89' title='bbox 248 1023 429 1082; x_wconf 84' lang='lat' dir='ltr'><strong><em>quam</em></strong></span> <span class='ocrx_word' id='word_1_90' title='bbox 463 1020 687 1062; x_wconf 85' lang='lat' dir='ltr'><strong><em>sanare</em></strong></span> <span class='ocrx_word' id='word_1_91' title='bbox 721 1013 1037 1082; x_wconf 91' lang='lat' dir='ltr'><strong><em>nequeunt</em></strong></span> <span class='ocrx_word' id='word_1_92' title='bbox 1070 1024 1089 1072; x_wconf 92' lang='lat'><strong><em>;</em></strong></span> <span class='ocrx_word' id='word_1_93' title='bbox 1120 1005 1245 1077; x_wconf 89' lang='lat' dir='ltr'><strong><em>hic,</em></strong></span> <span class='ocrx_word' id='word_1_94' title='bbox 1291 1005 1547 1066; x_wconf 90' lang='lat' dir='ltr'><strong><em>docente</em></strong></span> <span class='ocrx_word' id='word_1_95' title='bbox 1592 1007 1894 1065; x_wconf 88' lang='lat' dir='ltr'><strong><em>severiori</em></strong></span> <span class='ocrx_word' id='word_1_96' title='bbox 1950 1006 2376 1083; x_wconf 79' lang='lat' dir='ltr'><strong><em>philosophia,</em></strong></span> <span class='ocrx_word' id='word_1_97' title='bbox 2412 1007 2941 1084; x_wconf 87' lang='lat' dir='ltr'><strong><em>perturbationes,</em></strong></span> <span class='ocrx_word' id='word_1_98' title='bbox 2994 1026 3275 1071; x_wconf 89' lang='lat' dir='ltr'><strong><em>errorum</em></strong></span> <span class='ocrx_word' id='word_1_99' title='bbox 3321 1013 3516 1073; x_wconf 87' lang='lat' dir='ltr'><strong><em>vitio-</em></strong></span> 
     </span>
    </p>
   </div>
   <div class='ocr_carea' id='block_1_10' title="bbox 246 1102 3077 1184">
    <p class='ocr_par' dir='ltr' id='par_1_10' title="bbox 246 1102 3077 1184">
     <span class='ocr_line' id='line_1_10' title="bbox 246 1102 3077 1184; baseline 0.002 -23"><span class='ocrx_word' id='word_1_100' title='bbox 246 1122 504 1182; x_wconf 85' lang='lat' dir='ltr'><strong><em>rumque</em></strong></span> <span class='ocrx_word' id='word_1_101' title='bbox 532 1122 771 1170; x_wconf 90' lang='lat' dir='ltr'><strong><em>causas,</em></strong></span> <span class='ocrx_word' id='word_1_102' title='bbox 798 1104 890 1162; x_wconf 92' lang='lat' dir='ltr'><strong><em>ita</em></strong></span> <span class='ocrx_word' id='word_1_103' title='bbox 913 1102 1163 1180; x_wconf 88' lang='lat' dir='ltr'><strong><em>detegit,</em></strong></span> <span class='ocrx_word' id='word_1_104' title='bbox 1194 1113 1267 1161; x_wconf 88' lang='lat' dir='ltr'><strong><em>ut</em></strong></span> <span class='ocrx_word' id='word_1_105' title='bbox 1297 1102 1378 1162; x_wconf 88' lang='lat' dir='ltr'><strong><em>ad</em></strong></span> <span class='ocrx_word' id='word_1_106' title='bbox 1406 1103 1626 1161; x_wconf 88' lang='lat' dir='ltr'><strong><em>mentis</em></strong></span> <span class='ocrx_word' id='word_1_107' title='bbox 1661 1103 1920 1163; x_wconf 87' lang='lat' dir='ltr'><strong><em>salutem</em></strong></span> <span class='ocrx_word' id='word_1_108' title='bbox 1958 1104 2223 1163; x_wconf 85' lang='lat' dir='ltr'><strong><em>multum</em></strong></span> <span class='ocrx_word' id='word_1_109' title='bbox 2253 1106 2533 1183; x_wconf 84' lang='lat' dir='ltr'><strong><em>conferre</em></strong></span> <span class='ocrx_word' id='word_1_110' title='bbox 2559 1124 2737 1184; x_wconf 88' lang='lat' dir='ltr'><strong><em>posse</em></strong></span> <span class='ocrx_word' id='word_1_111' title='bbox 2768 1107 3077 1167; x_wconf 91' lang='lat' dir='ltr'><strong><em>videatur.</em></strong></span> 
     </span>
    </p>
   </div>
   <div class='ocr_carea' id='block_1_11' title="bbox 324 1205 3515 1292">
    <p class='ocr_par' dir='ltr' id='par_1_11' title="bbox 324 1205 3515 1292">
     <span class='ocr_line' id='line_1_11' title="bbox 324 1205 3515 1292; baseline 0.003 -26"><span class='ocrx_word' id='word_1_112' title='bbox 324 1207 399 1266; x_wconf 88' lang='lat' dir='ltr'><strong><em>Si</em></strong></span> <span class='ocrx_word' id='word_1_113' title='bbox 422 1224 568 1266; x_wconf 89' lang='lat' dir='ltr'><strong><em>vero</em></strong></span> <span class='ocrx_word' id='word_1_114' title='bbox 600 1214 826 1265; x_wconf 90' lang='lat' dir='ltr'><strong><em>auctor</em></strong></span> <span class='ocrx_word' id='word_1_115' title='bbox 861 1206 966 1265; x_wconf 87' lang='lat' dir='ltr'><strong><em>ille</em></strong></span> <span class='ocrx_word' id='word_1_116' title='bbox 998 1205 1213 1281; x_wconf 80' lang='lat' dir='ltr'><strong><em>faciles</em></strong></span> <span class='ocrx_word' id='word_1_117' title='bbox 1244 1206 1324 1266; x_wconf 92' lang='lat' dir='ltr'><strong><em>ad</em></strong></span> <span class='ocrx_word' id='word_1_118' title='bbox 1352 1214 1407 1264; x_wconf 90' lang='lat' dir='ltr'><strong><em>te</em></strong></span> <span class='ocrx_word' id='word_1_119' title='bbox 1443 1206 1729 1268; x_wconf 83' lang='lat' dir='ltr'><strong><em>habuerit</em></strong></span> <span class='ocrx_word' id='word_1_120' title='bbox 1773 1210 2010 1277; x_wconf 88' lang='lat' dir='ltr'><strong><em>aditus,</em></strong></span> <span class='ocrx_word' id='word_1_121' title='bbox 2044 1209 2466 1269; x_wconf 73' lang='lat' dir='ltr'><strong><em>SERENISSIME</em></strong></span> <span class='ocrx_word' id='word_1_122' title='bbox 2499 1211 2857 1281; x_wconf 70' lang='grc' dir='ltr'>Πειριιιιιε,</span> <span class='ocrx_word' id='word_1_123' title='bbox 2886 1214 3178 1292; x_wconf 85' lang='lat' dir='ltr'><strong><em>majorem</em></strong></span> <span class='ocrx_word' id='word_1_124' title='bbox 3210 1213 3515 1274; x_wconf 71' lang='lat' dir='ltr'><strong><em>doctrina!</em></strong></span> 
     </span>
    </p>
   </div>
   <div class='ocr_carea' id='block_1_12' title="bbox 246 1306 3509 1389">
    <p class='ocr_par' dir='ltr' id='par_1_12' title="bbox 246 1306 3509 1389">
     <span class='ocr_line' id='line_1_12' title="bbox 246 1306 3509 1389; baseline 0.002 -22"><span class='ocrx_word' id='word_1_125' title='bbox 246 1308 620 1386; x_wconf 84' lang='lat' dir='ltr'><strong><em>virtutisque</em></strong></span> <span class='ocrx_word' id='word_1_126' title='bbox 654 1308 1061 1367; x_wconf 80' lang='lat' dir='ltr'><strong><em>accessionem</em></strong></span> <span class='ocrx_word' id='word_1_127' title='bbox 1091 1326 1163 1365; x_wconf 84' lang='lat' dir='ltr'><strong><em>se</em></strong></span> <span class='ocrx_word' id='word_1_128' title='bbox 1180 1306 1455 1383; x_wconf 91' lang='lat' dir='ltr'><strong><em>sperabit</em></strong></span> <span class='ocrx_word' id='word_1_129' title='bbox 1490 1308 1833 1385; x_wconf 86' lang='lat' dir='ltr'><strong><em>facturum,</em></strong></span> <span class='ocrx_word' id='word_1_130' title='bbox 1872 1328 1998 1369; x_wconf 87' lang='lat' dir='ltr'><strong><em>non</em></strong></span> <span class='ocrx_word' id='word_1_131' title='bbox 2026 1309 2225 1368; x_wconf 81' lang='lat' dir='ltr'><strong><em>soluat</em></strong></span> <span class='ocrx_word' id='word_1_132' title='bbox 2258 1311 2321 1369; x_wconf 89' lang='lat' dir='ltr'><strong><em>in</em></strong></span> <span class='ocrx_word' id='word_1_133' title='bbox 2353 1319 2451 1379; x_wconf 90' lang='lat' dir='ltr'><strong><em>te;</em></strong></span> <span class='ocrx_word' id='word_1_134' title='bbox 2499 1311 2604 1371; x_wconf 88' lang='lat' dir='ltr'><strong><em>sed</em></strong></span> <span class='ocrx_word' id='word_1_135' title='bbox 2634 1314 2699 1372; x_wconf 89' lang='lat' dir='ltr'><strong><em>in</em></strong></span> <span class='ocrx_word' id='word_1_136' title='bbox 2733 1314 3017 1371; x_wconf 85' lang='lat' dir='ltr'><strong><em>omnibus</em></strong></span> <span class='ocrx_word' id='word_1_137' title='bbox 3042 1314 3227 1373; x_wconf 90' lang='lat' dir='ltr'><strong><em>etiam</em></strong></span> <span class='ocrx_word' id='word_1_138' title='bbox 3281 1314 3460 1374; x_wconf 80' lang='lat' dir='ltr'><strong><em>adole</em></strong></span> <span class='ocrx_word' id='word_1_139' title='bbox 3502 1357 3509 1389; x_wconf 51' lang='grc' dir='ltr'><strong>ί</strong></span> 
     </span>
    </p>
   </div>
   <div class='ocr_carea' id='block_1_13' title="bbox 246 1408 3249 1490">
    <p class='ocr_par' dir='ltr' id='par_1_13' title="bbox 246 1408 3249 1490">
     <span class='ocr_line' id='line_1_13' title="bbox 246 1408 3249 1490; baseline 0.002 -21"><span class='ocrx_word' id='word_1_140' title='bbox 246 1409 580 1482; x_wconf 84' lang='lat' dir='ltr'><strong><em>scentibus,</em></strong></span> <span class='ocrx_word' id='word_1_141' title='bbox 608 1410 688 1469; x_wconf 91' lang='lat' dir='ltr'><strong><em>ad</em></strong></span> <span class='ocrx_word' id='word_1_142' title='bbox 712 1427 889 1488; x_wconf 87' lang='lat' dir='ltr'><strong><em>quos,</em></strong></span> <span class='ocrx_word' id='word_1_143' title='bbox 922 1408 1091 1467; x_wconf 92' lang='lat' dir='ltr'><strong><em>velut</em></strong></span> <span class='ocrx_word' id='word_1_144' title='bbox 1119 1427 1154 1466; x_wconf 92' lang='lat' dir='ltr'><strong><em>a</em></strong></span> <span class='ocrx_word' id='word_1_145' title='bbox 1194 1411 1395 1485; x_wconf 89' lang='lat' dir='ltr'><strong><em>capite</em></strong></span> <span class='ocrx_word' id='word_1_146' title='bbox 1418 1409 1497 1468; x_wconf 92' lang='lat' dir='ltr'><strong><em>ad</em></strong></span> <span class='ocrx_word' id='word_1_147' title='bbox 1532 1409 1817 1477; x_wconf 89' lang='lat' dir='ltr'><strong><em>membra.</em></strong></span> <span class='ocrx_word' id='word_1_148' title='bbox 1847 1415 2031 1489; x_wconf 75' lang='lat' dir='ltr'><strong><em>regia:</em></strong></span> <span class='ocrx_word' id='word_1_149' title='bbox 2061 1422 2177 1471; x_wconf 73' lang='lat' dir='ltr'><strong><em>tute</em></strong></span> <span class='ocrx_word' id='word_1_150' title='bbox 2213 1413 2639 1473; x_wconf 83' lang='lat' dir='ltr'><strong><em>institutionis</em></strong></span> <span class='ocrx_word' id='word_1_151' title='bbox 2674 1414 2873 1490; x_wconf 89' lang='lat' dir='ltr'><strong><em>forma</em></strong></span> <span class='ocrx_word' id='word_1_152' title='bbox 2904 1414 3249 1475; x_wconf 81' lang='lat' dir='ltr'><strong><em>derivatur.</em></strong></span> 
     </span>
    </p>
   </div>
   <div class='ocr_carea' id='block_1_14' title="bbox 322 1509 3506 1593">
    <p class='ocr_par' dir='ltr' id='par_1_14' title="bbox 322 1509 3506 1593">
     <span class='ocr_line' id='line_1_14' title="bbox 322 1509 3506 1593; baseline 0 -21"><span class='ocrx_word' id='word_1_153' title='bbox 322 1514 625 1590; x_wconf 84' lang='lat' dir='ltr'><strong><em>Magnum</em></strong></span> <span class='ocrx_word' id='word_1_154' title='bbox 654 1511 897 1590; x_wconf 87' lang='lat' dir='ltr'><strong><em>quidem</em></strong></span> <span class='ocrx_word' id='word_1_155' title='bbox 928 1519 1038 1584; x_wconf 92' lang='lat' dir='ltr'><strong><em>est,</em></strong></span> <span class='ocrx_word' id='word_1_156' title='bbox 1074 1518 1131 1569; x_wconf 91' lang='lat' dir='ltr'><strong><em>te</em></strong></span> <span class='ocrx_word' id='word_1_157' title='bbox 1155 1509 1619 1588; x_wconf 88' lang='lat' dir='ltr'><strong><em>geographiam,</em></strong></span> <span class='ocrx_word' id='word_1_158' title='bbox 1643 1512 2141 1589; x_wconf 89' lang='lat' dir='ltr'><strong><em>chronologiam,</em></strong></span> <span class='ocrx_word' id='word_1_159' title='bbox 2169 1512 2495 1573; x_wconf 83' lang='lat' dir='ltr'><strong><em>historiam</em></strong></span> <span class='ocrx_word' id='word_1_160' title='bbox 2520 1522 2642 1571; x_wconf 90' lang='lat' dir='ltr'><strong><em>tam</em></strong></span> <span class='ocrx_word' id='word_1_161' title='bbox 2668 1516 3001 1592; x_wconf 64' lang='lat' dir='ltr'><strong><em>profanam</em></strong></span> <span class='ocrx_word' id='word_1_162' title='bbox 3032 1534 3215 1593; x_wconf 87' lang='lat' dir='ltr'><strong><em>quam</em></strong></span> <span class='ocrx_word' id='word_1_163' title='bbox 3241 1535 3506 1589; x_wconf 87' lang='lat' dir='ltr'><strong><em>sacram,</em></strong></span> 
     </span>
    </p>
   </div>
   <div class='ocr_carea' id='block_1_15' title="bbox 247 1613 3493 1699">
    <p class='ocr_par' dir='ltr' id='par_1_15' title="bbox 247 1613 3493 1699">
     <span class='ocr_line' id='line_1_15' title="bbox 247 1613 3493 1699; baseline 0.004 -28"><span class='ocrx_word' id='word_1_164' title='bbox 247 1616 473 1675; x_wconf 73' lang='lat' dir='ltr'><strong><em>eximia</em></strong></span> <span class='ocrx_word' id='word_1_165' title='bbox 524 1615 870 1675; x_wconf 83' lang='lat' dir='ltr'><strong><em>Latinitate</em></strong></span> <span class='ocrx_word' id='word_1_166' title='bbox 914 1613 1285 1685; x_wconf 87' lang='lat' dir='ltr'><strong><em>cumulatas,</em></strong></span> <span class='ocrx_word' id='word_1_167' title='bbox 1322 1615 1762 1691; x_wconf 80' lang='lat' dir='ltr'><strong><em>perfectissime</em></strong></span> <span class='ocrx_word' id='word_1_168' title='bbox 1792 1618 2045 1684; x_wconf 89' lang='lat' dir='ltr'><strong><em>callere;</em></strong></span> <span class='ocrx_word' id='word_1_169' title='bbox 2090 1618 2194 1677; x_wconf 90' lang='lat' dir='ltr'><strong><em>sed</em></strong></span> <span class='ocrx_word' id='word_1_170' title='bbox 2237 1619 2417 1694; x_wconf 82' lang='lat' dir='ltr'><strong><em>longe</em></strong></span> <span class='ocrx_word' id='word_1_171' title='bbox 2461 1620 2683 1697; x_wconf 88' lang='lat' dir='ltr'><strong><em>majus.</em></strong></span> <span class='ocrx_word' id='word_1_172' title='bbox 2732 1620 2943 1686; x_wconf 88' lang='lat' dir='ltr'><strong><em>illius.</em></strong></span> <span class='ocrx_word' id='word_1_173' title='bbox 3002 1642 3185 1699; x_wconf 90' lang='lat' dir='ltr'><strong><em>quam</em></strong></span> <span class='ocrx_word' id='word_1_174' title='bbox 3238 1626 3493 1685; x_wconf 87' lang='lat' dir='ltr'><strong><em>insitam</em></strong></span> 
     </span>
    </p>
   </div>
   <div class='ocr_carea' id='block_1_16' title="bbox 246 1715 3509 1799">
    <p class='ocr_par' dir='ltr' id='par_1_16' title="bbox 246 1715 3509 1799">
     <span class='ocr_line' id='line_1_16' title="bbox 246 1715 3509 1799; baseline 0.001 -22"><span class='ocrx_word' id='word_1_175' title='bbox 246 1718 418 1777; x_wconf 83' lang='lat' dir='ltr'><strong><em>habes</em></strong></span> <span class='ocrx_word' id='word_1_176' title='bbox 469 1735 605 1776; x_wconf 91' lang='lat' dir='ltr'><strong><em>cum</em></strong></span> <span class='ocrx_word' id='word_1_177' title='bbox 653 1715 723 1775; x_wconf 90' lang='lat' dir='ltr'><strong><em>de</em></strong></span> <span class='ocrx_word' id='word_1_178' title='bbox 752 1724 831 1790; x_wconf 90' lang='lat' dir='ltr'><strong><em>te,</em></strong></span> <span class='ocrx_word' id='word_1_179' title='bbox 868 1724 993 1774; x_wconf 89' lang='lat' dir='ltr'><strong><em>tum</em></strong></span> <span class='ocrx_word' id='word_1_180' title='bbox 1045 1715 1117 1773; x_wconf 93' lang='lat' dir='ltr'><strong><em>de</em></strong></span> <span class='ocrx_word' id='word_1_181' title='bbox 1157 1715 1308 1785; x_wconf 90' lang='lat' dir='ltr'><strong><em>Deo,</em></strong></span> <span class='ocrx_word' id='word_1_182' title='bbox 1345 1715 1595 1776; x_wconf 77' lang='lat' dir='ltr'><strong><em>notitite</em></strong></span> <span class='ocrx_word' id='word_1_183' title='bbox 1627 1717 2155 1795; x_wconf 86' lang='lat' dir='ltr'><strong><em>philosophicum.</em></strong></span> <span class='ocrx_word' id='word_1_184' title='bbox 2212 1719 2378 1797; x_wconf 90' lang='lat' dir='ltr'><strong><em>quod</em></strong></span> <span class='ocrx_word' id='word_1_185' title='bbox 2420 1719 2693 1780; x_wconf 71' lang='lat' dir='ltr'><strong><em>Bonnus</em></strong></span> <span class='ocrx_word' id='word_1_186' title='bbox 2739 1720 2839 1780; x_wconf 92' lang='lat' dir='ltr'><strong><em>hic</em></strong></span> <span class='ocrx_word' id='word_1_187' title='bbox 2874 1724 3178 1799; x_wconf 85' lang='lat' dir='ltr'><strong><em>suggerit,</em></strong></span> <span class='ocrx_word' id='word_1_188' title='bbox 3232 1726 3509 1799; x_wconf 84' lang='lat' dir='ltr'><strong><em>accipere</em></strong></span> 
     </span>
    </p>
   </div>
   <div class='ocr_carea' id='block_1_17' title="bbox 247 1818 3498 1903">
    <p class='ocr_par' dir='ltr' id='par_1_17' title="bbox 247 1818 3498 1903">
     <span class='ocr_line' id='line_1_17' title="bbox 247 1818 3498 1903; baseline 0.001 -22"><span class='ocrx_word' id='word_1_189' title='bbox 247 1824 681 1881; x_wconf 87' lang='lat' dir='ltr'><strong><em>incrementum</em></strong></span> <span class='ocrx_word' id='word_1_190' title='bbox 709 1840 730 1879; x_wconf 92' lang='lat'><strong><em>:</em></strong></span> <span class='ocrx_word' id='word_1_191' title='bbox 766 1819 889 1878; x_wconf 71' lang='lat' dir='ltr'><strong><em>illa</em></strong></span> <span class='ocrx_word' id='word_1_192' title='bbox 912 1818 1131 1877; x_wconf 88' lang='lat' dir='ltr'><strong><em>etenim</em></strong></span> <span class='ocrx_word' id='word_1_193' title='bbox 1156 1818 1407 1895; x_wconf 90' lang='lat' dir='ltr'><strong><em>priores</em></strong></span> <span class='ocrx_word' id='word_1_194' title='bbox 1437 1818 1789 1895; x_wconf 70' lang='lat' dir='ltr'><strong><em>disciplina:</em></strong></span> <span class='ocrx_word' id='word_1_195' title='bbox 1823 1820 2371 1898; x_wconf 83' lang='lat' dir='ltr'><strong><em>huicposteriori,</em></strong></span> <span class='ocrx_word' id='word_1_196' title='bbox 2400 1838 2525 1879; x_wconf 92' lang='lat' dir='ltr'><strong><em>non</em></strong></span> <span class='ocrx_word' id='word_1_197' title='bbox 2552 1840 2722 1879; x_wconf 88' lang='lat' dir='ltr'><strong><em>secus</em></strong></span> <span class='ocrx_word' id='word_1_198' title='bbox 2758 1841 2830 1882; x_wconf 93' lang='lat' dir='ltr'><strong><em>ac</em></strong></span> <span class='ocrx_word' id='word_1_199' title='bbox 2860 1826 3171 1903; x_wconf 84' lang='lat' dir='ltr'><strong><em>mancipia</em></strong></span> <span class='ocrx_word' id='word_1_200' title='bbox 3207 1825 3498 1893; x_wconf 69' lang='lat' dir='ltr'><strong><em>dominre.</em></strong></span> 
     </span>
    </p>
   </div>
   <div class='ocr_carea' id='block_1_18' title="bbox 247 1923 3511 2003">
    <p class='ocr_par' dir='ltr' id='par_1_18' title="bbox 247 1923 3511 2003">
     <span class='ocr_line' id='line_1_18' title="bbox 247 1923 3511 2003; baseline 0 -23"><span class='ocrx_word' id='word_1_201' title='bbox 247 1923 653 1999; x_wconf 89' lang='lat' dir='ltr'><strong><em>famulantur.</em></strong></span> <span class='ocrx_word' id='word_1_202' title='bbox 684 1923 819 1982; x_wconf 83' lang='lat' dir='ltr'><strong><em>Hac</em></strong></span> <span class='ocrx_word' id='word_1_203' title='bbox 850 1924 1298 2001; x_wconf 80' lang='lat' dir='ltr'><strong><em>informatione</em></strong></span> <span class='ocrx_word' id='word_1_204' title='bbox 1318 1923 1607 2001; x_wconf 89' lang='lat' dir='ltr'><strong><em>princeps</em></strong></span> <span class='ocrx_word' id='word_1_205' title='bbox 1638 1933 1812 1981; x_wconf 89' lang='lat' dir='ltr'><strong><em>tanto</em></strong></span> <span class='ocrx_word' id='word_1_206' title='bbox 1838 1924 2029 1983; x_wconf 85' lang='lat' dir='ltr'><strong><em>altius</em></strong></span> <span class='ocrx_word' id='word_1_207' title='bbox 2059 1926 2328 2001; x_wconf 80' lang='lat' dir='ltr'><strong><em>populos</em></strong></span> <span class='ocrx_word' id='word_1_208' title='bbox 2352 1923 2788 2000; x_wconf 82' lang='lat' dir='ltr'><strong><em>supereminet,</em></strong></span> <span class='ocrx_word' id='word_1_209' title='bbox 2816 1934 3047 2003; x_wconf 89' lang='lat' dir='ltr'><strong><em>quanto</em></strong></span> <span class='ocrx_word' id='word_1_210' title='bbox 3069 1926 3171 1984; x_wconf 90' lang='lat' dir='ltr'><strong><em>sui</em></strong></span> <span class='ocrx_word' id='word_1_211' title='bbox 3192 1929 3511 1989; x_wconf 84' lang='lat' dir='ltr'><strong><em>conscius.</em></strong></span> 
     </span>
    </p>
   </div>
   <div class='ocr_carea' id='block_1_19' title="bbox 247 2020 3513 2102">
    <p class='ocr_par' dir='ltr' id='par_1_19' title="bbox 247 2020 3513 2102">
     <span class='ocr_line' id='line_1_19' title="bbox 247 2020 3513 2102; baseline -0 -18"><span class='ocrx_word' id='word_1_212' title='bbox 247 2023 726 2100; x_wconf 86' lang='lat' dir='ltr'><strong><em>Conditorisque</em></strong></span> <span class='ocrx_word' id='word_1_213' title='bbox 753 2020 1433 2099; x_wconf 79' lang='lat' dir='ltr'><strong><em>intelligens..divitiis,</em></strong></span> <span class='ocrx_word' id='word_1_214' title='bbox 1480 2021 1849 2091; x_wconf 88' lang='lat' dir='ltr'><strong><em>honoribus,</em></strong></span> <span class='ocrx_word' id='word_1_215' title='bbox 1896 2025 2405 2102; x_wconf 82' lang='lat' dir='ltr'><strong><em>voluptatumque</em></strong></span> <span class='ocrx_word' id='word_1_216' title='bbox 2437 2020 2762 2092; x_wconf 87' lang='lat' dir='ltr'><strong><em>illecebris.</em></strong></span> <span class='ocrx_word' id='word_1_217' title='bbox 2800 2024 3023 2102; x_wconf 86' lang='lat' dir='ltr'><strong><em>quibus</em></strong></span> <span class='ocrx_word' id='word_1_218' title='bbox 3052 2024 3258 2101; x_wconf 85' lang='lat' dir='ltr'><strong><em>regale</em></strong></span> <span class='ocrx_word' id='word_1_219' title='bbox 3284 2024 3513 2084; x_wconf 72' lang='lat' dir='ltr'><strong><em>solium</em></strong></span> 
     </span>
    </p>
   </div>
   <div class='ocr_carea' id='block_1_20' title="bbox 246 2124 3509 2206">
    <p class='ocr_par' dir='ltr' id='par_1_20' title="bbox 246 2124 3509 2206">
     <span class='ocr_line' id='line_1_20' title="bbox 246 2124 3509 2206; baseline -0.002 -21"><span class='ocrx_word' id='word_1_220' title='bbox 246 2128 663 2206; x_wconf 85' lang='lat' dir='ltr'><strong><em>circumfundi</em></strong></span> <span class='ocrx_word' id='word_1_221' title='bbox 680 2127 829 2187; x_wconf 90' lang='lat' dir='ltr'><strong><em>solet</em></strong></span> <span class='ocrx_word' id='word_1_222' title='bbox 858 2173 875 2199; x_wconf 91' lang='lat'><strong><em>,</em></strong></span> <span class='ocrx_word' id='word_1_223' title='bbox 927 2127 1328 2203; x_wconf 62' lang='lat' dir='ltr'><strong><em>contemptis,</em></strong></span> <span class='ocrx_word' id='word_1_224' title='bbox 1359 2134 1413 2185; x_wconf 91' lang='lat' dir='ltr'><strong><em>et</em></strong></span> <span class='ocrx_word' id='word_1_225' title='bbox 1455 2125 1817 2186; x_wconf 86' lang='lat' dir='ltr'><strong><em>humiliores</em></strong></span> <span class='ocrx_word' id='word_1_226' title='bbox 1851 2125 1925 2185; x_wconf 92' lang='lat' dir='ltr'><strong><em>de</em></strong></span> <span class='ocrx_word' id='word_1_227' title='bbox 1957 2127 2281 2203; x_wconf 89' lang='lat' dir='ltr'><strong><em>semetipso</em></strong></span> <span class='ocrx_word' id='word_1_228' title='bbox 2336 2134 2393 2185; x_wconf 93' lang='lat' dir='ltr'><strong><em>et</em></strong></span> <span class='ocrx_word' id='word_1_229' title='bbox 2427 2127 2813 2188; x_wconf 88' lang='lat' dir='ltr'><strong><em>sublimiores</em></strong></span> <span class='ocrx_word' id='word_1_230' title='bbox 2849 2124 2922 2184; x_wconf 92' lang='lat' dir='ltr'><strong><em>de</em></strong></span> <span class='ocrx_word' id='word_1_231' title='bbox 2950 2125 3164 2184; x_wconf 81' lang='lat' dir='ltr'><strong><em>divina</em></strong></span> <span class='ocrx_word' id='word_1_232' title='bbox 3191 2124 3509 2202; x_wconf 73' lang='lat' dir='ltr'><strong><em>majestate</em></strong></span> 
     </span>
    </p>
   </div>
   <div class='ocr_carea' id='block_1_21' title="bbox 246 2225 3509 2305">
    <p class='ocr_par' dir='ltr' id='par_1_21' title="bbox 246 2225 3509 2305">
     <span class='ocr_line' id='line_1_21' title="bbox 246 2225 3509 2305; baseline -0.001 -19"><span class='ocrx_word' id='word_1_233' title='bbox 246 2228 516 2305; x_wconf 81' lang='lat' dir='ltr'><strong><em>concipit</em></strong></span> <span class='ocrx_word' id='word_1_234' title='bbox 543 2244 779 2284; x_wconf 87' lang='lat' dir='ltr'><strong><em>sensus.</em></strong></span> <span class='ocrx_word' id='word_1_235' title='bbox 810 2226 953 2287; x_wconf 86' lang='lat' dir='ltr'><strong><em>Non</em></strong></span> <span class='ocrx_word' id='word_1_236' title='bbox 985 2225 1333 2286; x_wconf 72' lang='lat' dir='ltr'><strong><em>omittenda!</em></strong></span> <span class='ocrx_word' id='word_1_237' title='bbox 1358 2232 1538 2285; x_wconf 90' lang='lat' dir='ltr'><strong><em>erant</em></strong></span> <span class='ocrx_word' id='word_1_238' title='bbox 1566 2244 1646 2285; x_wconf 71' lang='lat' dir='ltr'><strong><em>ea:</em></strong></span> <span class='ocrx_word' id='word_1_239' title='bbox 1673 2243 1805 2302; x_wconf 68' lang='lat' dir='ltr'><strong><em>qua</em></strong></span> <span class='ocrx_word' id='word_1_240' title='bbox 1830 2226 2036 2284; x_wconf 89' lang='lat' dir='ltr'><strong><em>animo</em></strong></span> <span class='ocrx_word' id='word_1_241' title='bbox 2072 2233 2177 2283; x_wconf 91' lang='lat' dir='ltr'><strong><em>tuo</em></strong></span> <span class='ocrx_word' id='word_1_242' title='bbox 2212 2242 2349 2286; x_wconf 90' lang='lat' dir='ltr'><strong><em>vere</em></strong></span> <span class='ocrx_word' id='word_1_243' title='bbox 2383 2228 2555 2303; x_wconf 78' lang='lat' dir='ltr'><strong><em>regio</em></strong></span> <span class='ocrx_word' id='word_1_244' title='bbox 2588 2226 2897 2301; x_wconf 67' lang='lat' dir='ltr'><strong><em>impressa</em></strong></span> <span class='ocrx_word' id='word_1_245' title='bbox 2928 2231 3098 2289; x_wconf 87' lang='lat' dir='ltr'><strong><em>sunt.</em></strong></span> <span class='ocrx_word' id='word_1_246' title='bbox 3136 2233 3302 2282; x_wconf 87' lang='lat' dir='ltr'><strong><em>artes</em></strong></span> <span class='ocrx_word' id='word_1_247' title='bbox 3331 2226 3509 2299; x_wconf 51' lang='lat' dir='ltr'><strong><em>inge.-</em></strong></span> 
     </span>
    </p>
   </div>
   <div class='ocr_carea' id='block_1_22' title="bbox 245 2320 3510 2404">
    <p class='ocr_par' dir='ltr' id='par_1_22' title="bbox 245 2320 3510 2404">
     <span class='ocr_line' id='line_1_22' title="bbox 245 2320 3510 2404; baseline -0.003 -18"><span class='ocrx_word' id='word_1_248' title='bbox 245 2347 376 2387; x_wconf 79' lang='lat' dir='ltr'><strong><em>nute</em></strong></span> <span class='ocrx_word' id='word_1_249' title='bbox 404 2347 422 2393; x_wconf 90' lang='lat'><strong><em>;</em></strong></span> <span class='ocrx_word' id='word_1_250' title='bbox 473 2327 580 2387; x_wconf 88' lang='lat' dir='ltr'><strong><em>sed</em></strong></span> <span class='ocrx_word' id='word_1_251' title='bbox 610 2326 720 2386; x_wconf 90' lang='lat' dir='ltr'><strong><em>illa</em></strong></span> <span class='ocrx_word' id='word_1_252' title='bbox 755 2344 934 2404; x_wconf 88' lang='lat' dir='ltr'><strong><em>quam</em></strong></span> <span class='ocrx_word' id='word_1_253' title='bbox 964 2328 1239 2386; x_wconf 71' lang='lat' dir='ltr'><strong><em>Bomws</em></strong></span> <span class='ocrx_word' id='word_1_254' title='bbox 1268 2325 1561 2403; x_wconf 87' lang='lat' dir='ltr'><strong><em>inspirat.</em></strong></span> <span class='ocrx_word' id='word_1_255' title='bbox 1615 2324 1896 2383; x_wconf 69' lang='lat' dir='ltr'><strong><em>humane:</em></strong></span> <span class='ocrx_word' id='word_1_256' title='bbox 1933 2324 2275 2403; x_wconf 68' lang='lat' dir='ltr'><strong><em>divinaque</em></strong></span> <span class='ocrx_word' id='word_1_257' title='bbox 2304 2332 2550 2384; x_wconf 73' lang='lat' dir='ltr'><strong><em>naturae</em></strong></span> <span class='ocrx_word' id='word_1_258' title='bbox 2583 2322 2818 2383; x_wconf 89' lang='lat' dir='ltr'><strong><em>notitia</em></strong></span> <span class='ocrx_word' id='word_1_259' title='bbox 2862 2320 2982 2381; x_wconf 87' lang='lat' dir='ltr'><strong><em>tibi</em></strong></span> <span class='ocrx_word' id='word_1_260' title='bbox 3020 2320 3271 2380; x_wconf 89' lang='lat' dir='ltr'><strong><em>omnino</em></strong></span> <span class='ocrx_word' id='word_1_261' title='bbox 3300 2340 3510 2380; x_wconf 83' lang='lat' dir='ltr'><strong><em>neces-</em></strong></span> 
     </span>
    </p>
   </div>
   <div class='ocr_carea' id='block_1_23' title="bbox 247 2418 3509 2500">
    <p class='ocr_par' dir='ltr' id='par_1_23' title="bbox 247 2418 3509 2500">
     <span class='ocr_line' id='line_1_23' title="bbox 247 2418 3509 2500; baseline -0.002 -17"><span class='ocrx_word' id='word_1_262' title='bbox 247 2427 405 2487; x_wconf 72' lang='lat' dir='ltr'><strong><em>saria</em></strong></span> <span class='ocrx_word' id='word_1_263' title='bbox 434 2426 722 2491; x_wconf 89' lang='lat' dir='ltr'><strong><em>videtur;</em></strong></span> <span class='ocrx_word' id='word_1_264' title='bbox 777 2425 908 2483; x_wconf 88' lang='lat' dir='ltr'><strong><em>suis</em></strong></span> <span class='ocrx_word' id='word_1_265' title='bbox 958 2427 1140 2482; x_wconf 90' lang='lat' dir='ltr'><strong><em>etiam</em></strong></span> <span class='ocrx_word' id='word_1_266' title='bbox 1185 2432 1428 2500; x_wconf 89' lang='lat' dir='ltr'><strong><em>sceptra</em></strong></span> <span class='ocrx_word' id='word_1_267' title='bbox 1474 2439 1603 2479; x_wconf 89' lang='lat' dir='ltr'><strong><em>non</em></strong></span> <span class='ocrx_word' id='word_1_268' title='bbox 1646 2429 1854 2479; x_wconf 83' lang='lat' dir='ltr'><strong><em>carent</em></strong></span> <span class='ocrx_word' id='word_1_269' title='bbox 1885 2422 2185 2495; x_wconf 83' lang='lat' dir='ltr'><strong><em>miseriis,</em></strong></span> <span class='ocrx_word' id='word_1_270' title='bbox 2222 2420 2449 2499; x_wconf 90' lang='lat' dir='ltr'><strong><em>quibus</em></strong></span> <span class='ocrx_word' id='word_1_271' title='bbox 2491 2418 2992 2499; x_wconf 83' lang='lat' dir='ltr'><strong><em>philosophicum</em></strong></span> <span class='ocrx_word' id='word_1_272' title='bbox 3027 2418 3191 2479; x_wconf 87' lang='lat' dir='ltr'><strong><em>illud</em></strong></span> <span class='ocrx_word' id='word_1_273' title='bbox 3234 2421 3509 2479; x_wconf 86' lang='lat' dir='ltr'><strong><em>consulis</em></strong></span> 
     </span>
    </p>
   </div>
   <div class='ocr_carea' id='block_1_24' title="bbox 247 2520 1731 2599">
    <p class='ocr_par' dir='ltr' id='par_1_24' title="bbox 247 2520 1731 2599">
     <span class='ocr_line' id='line_1_24' title="bbox 247 2520 1731 2599; baseline -0.007 -11"><span class='ocrx_word' id='word_1_274' title='bbox 247 2526 509 2588; x_wconf 75' lang='lat' dir='ltr'><strong><em>Romani</em></strong></span> <span class='ocrx_word' id='word_1_275' title='bbox 539 2524 872 2585; x_wconf 87' lang='lat' dir='ltr'><strong><em>remedium</em></strong></span> <span class='ocrx_word' id='word_1_276' title='bbox 903 2522 1151 2582; x_wconf 73' lang='lat' dir='ltr'><strong><em>utiliter</em></strong></span> <span class='ocrx_word' id='word_1_277' title='bbox 1184 2529 1385 2599; x_wconf 85' lang='lat' dir='ltr'><strong><em>potest</em></strong></span> <span class='ocrx_word' id='word_1_278' title='bbox 1424 2520 1731 2579; x_wconf 73' lang='lat' dir='ltr'><strong><em>adhiberi.</em></strong></span> 
     </span>
    </p>
   </div>
   <div class='ocr_carea' id='block_1_25' title="bbox 319 2622 3511 2702">
    <p class='ocr_par' dir='ltr' id='par_1_25' title="bbox 319 2622 3511 2702">
     <span class='ocr_line' id='line_1_25' title="bbox 319 2622 3511 2702; baseline -0.001 -17"><span class='ocrx_word' id='word_1_279' title='bbox 319 2626 617 2702; x_wconf 80' lang='lat' dir='ltr'><strong><em>Quamvis</em></strong></span> <span class='ocrx_word' id='word_1_280' title='bbox 647 2634 845 2683; x_wconf 89' lang='lat' dir='ltr'><strong><em>autem</em></strong></span> <span class='ocrx_word' id='word_1_281' title='bbox 873 2631 1207 2701; x_wconf 87' lang='lat' dir='ltr'><strong><em>augustum</em></strong></span> <span class='ocrx_word' id='word_1_282' title='bbox 1237 2629 1412 2681; x_wconf 88' lang='lat' dir='ltr'><strong><em>tuum</em></strong></span> <span class='ocrx_word' id='word_1_283' title='bbox 1434 2640 1625 2698; x_wconf 91' lang='lat' dir='ltr'><strong><em>genus</em></strong></span> <span class='ocrx_word' id='word_1_284' title='bbox 1691 2633 1743 2680; x_wconf 90' lang='lat' dir='ltr'><strong><em>et</em></strong></span> <span class='ocrx_word' id='word_1_285' title='bbox 1783 2622 2303 2699; x_wconf 77' lang='lat' dir='ltr'><strong><em>prastantissima</em></strong></span> <span class='ocrx_word' id='word_1_286' title='bbox 2340 2630 2449 2680; x_wconf 90' lang='lat' dir='ltr'><strong><em>tua</em></strong></span> <span class='ocrx_word' id='word_1_287' title='bbox 2478 2622 2750 2683; x_wconf 88' lang='lat' dir='ltr'><strong><em>eruditio</em></strong></span> <span class='ocrx_word' id='word_1_288' title='bbox 2782 2632 2837 2682; x_wconf 92' lang='lat' dir='ltr'><strong><em>te</em></strong></span> <span class='ocrx_word' id='word_1_289' title='bbox 2863 2624 3010 2683; x_wconf 92' lang='lat' dir='ltr'><strong><em>adeo</em></strong></span> <span class='ocrx_word' id='word_1_290' title='bbox 3041 2623 3409 2693; x_wconf 75' lang='lat' dir='ltr'><strong><em>evexissent.</em></strong></span> <span class='ocrx_word' id='word_1_291' title='bbox 3441 2634 3511 2682; x_wconf 88' lang='lat' dir='ltr'><strong><em>ut</em></strong></span> 
     </span>
    </p>
   </div>
   <div class='ocr_carea' id='block_1_26' title="bbox 244 2721 3505 2803">
    <p class='ocr_par' dir='ltr' id='par_1_26' title="bbox 244 2721 3505 2803">
     <span class='ocr_line' id='line_1_26' title="bbox 244 2721 3505 2803; baseline -0.002 -16"><span class='ocrx_word' id='word_1_292' title='bbox 244 2748 468 2788; x_wconf 88' lang='lat' dir='ltr'><strong><em>aureus</em></strong></span> <span class='ocrx_word' id='word_1_293' title='bbox 514 2728 615 2788; x_wconf 88' lang='lat' dir='ltr'><strong><em>hic</em></strong></span> <span class='ocrx_word' id='word_1_294' title='bbox 643 2725 797 2788; x_wconf 89' lang='lat' dir='ltr'><strong><em>liber</em></strong></span> <span class='ocrx_word' id='word_1_295' title='bbox 821 2742 1044 2803; x_wconf 88' lang='lat' dir='ltr'><strong><em>magno</em></strong></span> <span class='ocrx_word' id='word_1_296' title='bbox 1081 2722 1194 2783; x_wconf 89' lang='lat' dir='ltr'><strong><em>tibi</em></strong></span> <span class='ocrx_word' id='word_1_297' title='bbox 1230 2722 1514 2799; x_wconf 84' lang='lat' dir='ltr'><strong><em>deinceps</em></strong></span> <span class='ocrx_word' id='word_1_298' title='bbox 1542 2723 1685 2781; x_wconf 88' lang='lat' dir='ltr'><strong><em>usui</em></strong></span> <span class='ocrx_word' id='word_1_299' title='bbox 1718 2741 1840 2779; x_wconf 80' lang='lat' dir='ltr'><strong><em>esse</em></strong></span> <span class='ocrx_word' id='word_1_300' title='bbox 1870 2740 1996 2779; x_wconf 92' lang='lat' dir='ltr'><strong><em>non</em></strong></span> <span class='ocrx_word' id='word_1_301' title='bbox 2026 2730 2257 2799; x_wconf 78' lang='lat' dir='ltr'><strong><em>posset.</em></strong></span> <span class='ocrx_word' id='word_1_302' title='bbox 2288 2721 2523 2799; x_wconf 83' lang='lat' dir='ltr'><strong><em>grande</em></strong></span> <span class='ocrx_word' id='word_1_303' title='bbox 2556 2732 2751 2781; x_wconf 91' lang='lat' dir='ltr'><strong><em>tamen</em></strong></span> <span class='ocrx_word' id='word_1_304' title='bbox 2782 2731 2954 2781; x_wconf 91' lang='lat' dir='ltr'><strong><em>tuum</em></strong></span> <span class='ocrx_word' id='word_1_305' title='bbox 2989 2723 3295 2782; x_wconf 65' lang='lat' dir='ltr'><strong><em>Daunum</em></strong></span> <span class='ocrx_word' id='word_1_306' title='bbox 3320 2723 3505 2783; x_wconf 83' lang='lat' dir='ltr'><strong><em>decus</em></strong></span> 
     </span>
    </p>
   </div>
   <div class='ocr_carea' id='block_1_27' title="bbox 244 2822 3511 2906">
    <p class='ocr_par' dir='ltr' id='par_1_27' title="bbox 244 2822 3511 2906">
     <span class='ocr_line' id='line_1_27' title="bbox 244 2822 3511 2906; baseline -0.003 -14"><span class='ocrx_word' id='word_1_307' title='bbox 244 2834 305 2892; x_wconf 90' lang='lat' dir='ltr'><strong><em>id</em></strong></span> <span class='ocrx_word' id='word_1_308' title='bbox 336 2852 373 2891; x_wconf 95' lang='lat' dir='ltr'><strong><em>a</em></strong></span> <span class='ocrx_word' id='word_1_309' title='bbox 410 2842 468 2890; x_wconf 91' lang='lat' dir='ltr'><strong><em>te</em></strong></span> <span class='ocrx_word' id='word_1_310' title='bbox 498 2829 744 2889; x_wconf 87' lang='lat' dir='ltr'><strong><em>videtur</em></strong></span> <span class='ocrx_word' id='word_1_311' title='bbox 769 2828 1111 2906; x_wconf 89' lang='lat' dir='ltr'><strong><em>postulare.</em></strong></span> <span class='ocrx_word' id='word_1_312' title='bbox 1146 2824 1324 2883; x_wconf 89' lang='lat' dir='ltr'><strong><em>illum</em></strong></span> <span class='ocrx_word' id='word_1_313' title='bbox 1360 2832 1427 2882; x_wconf 91' lang='lat' dir='ltr'><strong><em>ut</em></strong></span> <span class='ocrx_word' id='word_1_314' title='bbox 1474 2822 1702 2883; x_wconf 87' lang='lat' dir='ltr'><strong><em>librum</em></strong></span> <span class='ocrx_word' id='word_1_315' title='bbox 1740 2822 1855 2882; x_wconf 83' lang='lat' dir='ltr'><strong><em>tibi</em></strong></span> <span class='ocrx_word' id='word_1_316' title='bbox 1893 2822 2015 2899; x_wconf 89' lang='lat' dir='ltr'><strong><em>legi</em></strong></span> <span class='ocrx_word' id='word_1_317' title='bbox 2050 2840 2245 2886; x_wconf 88' lang='lat' dir='ltr'><strong><em>cures.</em></strong></span> <span class='ocrx_word' id='word_1_318' title='bbox 2302 2841 2437 2881; x_wconf 88' lang='lat' dir='ltr'><strong><em>cum</em></strong></span> <span class='ocrx_word' id='word_1_319' title='bbox 2470 2822 2628 2881; x_wconf 86' lang='lat' dir='ltr'><strong><em>alias</em></strong></span> <span class='ocrx_word' id='word_1_320' title='bbox 2666 2822 2738 2881; x_wconf 93' lang='lat' dir='ltr'><strong><em>ob</em></strong></span> <span class='ocrx_word' id='word_1_321' title='bbox 2773 2842 3015 2889; x_wconf 81' lang='lat' dir='ltr'><strong><em>causas.</em></strong></span> <span class='ocrx_word' id='word_1_322' title='bbox 3072 2831 3201 2881; x_wconf 82' lang='lat' dir='ltr'><strong><em>tun</em></strong></span> <span class='ocrx_word' id='word_1_323' title='bbox 3249 2825 3511 2885; x_wconf 71' lang='lat' dir='ltr'><strong><em>maxime</em></strong></span> 
     </span>
    </p>
   </div>
   <div class='ocr_carea' id='block_1_28' title="bbox 243 2920 3511 3003">
    <p class='ocr_par' dir='ltr' id='par_1_28' title="bbox 243 2920 3511 3003">
     <span class='ocr_line' id='line_1_28' title="bbox 243 2920 3511 3003; baseline -0.003 -12"><span class='ocrx_word' id='word_1_324' title='bbox 243 2941 306 2991; x_wconf 86' lang='lat' dir='ltr'><strong><em>ut</em></strong></span> <span class='ocrx_word' id='word_1_325' title='bbox 337 2933 615 2991; x_wconf 69' lang='lat' dir='ltr'><strong><em>Boarws</em></strong></span> <span class='ocrx_word' id='word_1_326' title='bbox 651 2926 910 2989; x_wconf 84' lang='lat' dir='ltr'><strong><em>Gallicis</em></strong></span> <span class='ocrx_word' id='word_1_327' title='bbox 939 2924 1293 2989; x_wconf 88' lang='lat' dir='ltr'><strong><em>academiis.</em></strong></span> <span class='ocrx_word' id='word_1_328' title='bbox 1320 2942 1355 2981; x_wconf 95' lang='lat' dir='ltr'><strong><em>a</em></strong></span> <span class='ocrx_word' id='word_1_329' title='bbox 1383 2921 1608 3001; x_wconf 78' lang='lat' dir='ltr'><strong><em>quibus</em></strong></span> <span class='ocrx_word' id='word_1_330' title='bbox 1633 2923 1777 2997; x_wconf 66' lang='lat' dir='ltr'><strong><em>piri</em></strong></span> <span class='ocrx_word' id='word_1_331' title='bbox 1834 2940 1954 2999; x_wconf 88' lang='lat' dir='ltr'><strong><em>qua</em></strong></span> <span class='ocrx_word' id='word_1_332' title='bbox 1986 2922 2132 2991; x_wconf 88' lang='lat' dir='ltr'><strong><em>olim</em></strong></span> <span class='ocrx_word' id='word_1_333' title='bbox 2160 2941 2196 2979; x_wconf 93' lang='lat' dir='ltr'><strong><em>a</em></strong></span> <span class='ocrx_word' id='word_1_334' title='bbox 2232 2922 2531 2981; x_wconf 83' lang='lat' dir='ltr'><strong><em>Romanis</em></strong></span> <span class='ocrx_word' id='word_1_335' title='bbox 2588 2920 2883 2982; x_wconf 72' lang='lat' dir='ltr'><strong><em>manibus</em></strong></span> <span class='ocrx_word' id='word_1_336' title='bbox 2927 2923 3248 3003; x_wconf 80' lang='lat' dir='ltr'><strong><em>injustitia</em></strong></span> <span class='ocrx_word' id='word_1_337' title='bbox 3280 2923 3511 2982; x_wconf 86' lang='lat' dir='ltr'><strong><em>dudum</em></strong></span> 
     </span>
    </p>
   </div>
   <div class='ocr_carea' id='block_1_29' title="bbox 245 3018 3510 3104">
    <p class='ocr_par' dir='ltr' id='par_1_29' title="bbox 245 3018 3510 3104">
     <span class='ocr_line' id='line_1_29' title="bbox 245 3018 3510 3104; baseline -0.004 -12"><span class='ocrx_word' id='word_1_338' title='bbox 245 3033 579 3101; x_wconf 77' lang='lat' dir='ltr'><strong><em>exsulavit,</em></strong></span> <span class='ocrx_word' id='word_1_339' title='bbox 613 3036 719 3087; x_wconf 91' lang='lat' dir='ltr'><strong><em>tuo</em></strong></span> <span class='ocrx_word' id='word_1_340' title='bbox 752 3026 947 3104; x_wconf 84' lang='lat' dir='ltr'><strong><em>regali</em></strong></span> <span class='ocrx_word' id='word_1_341' title='bbox 978 3022 1251 3102; x_wconf 77' lang='lat' dir='ltr'><strong><em>exemplo</em></strong></span> <span class='ocrx_word' id='word_1_342' title='bbox 1284 3022 1703 3087; x_wconf 86' lang='lat' dir='ltr'><strong><em>restituatur;</em></strong></span> <span class='ocrx_word' id='word_1_343' title='bbox 1735 3030 1915 3096; x_wconf 87' lang='lat' dir='ltr'><strong><em>turpe</em></strong></span> <span class='ocrx_word' id='word_1_344' title='bbox 1950 3018 2244 3078; x_wconf 90' lang='lat' dir='ltr'><strong><em>nimirum</em></strong></span> <span class='ocrx_word' id='word_1_345' title='bbox 2280 3037 2467 3097; x_wconf 85' lang='lat' dir='ltr'><strong><em>regno</em></strong></span> <span class='ocrx_word' id='word_1_346' title='bbox 2500 3019 3034 3080; x_wconf 80' lang='lat' dir='ltr'><strong><em>Christiant&#39;ssimo</em></strong></span> <span class='ocrx_word' id='word_1_347' title='bbox 3071 3038 3317 3078; x_wconf 91' lang='lat' dir='ltr'><strong><em>sacrum</em></strong></span> <span class='ocrx_word' id='word_1_348' title='bbox 3347 3019 3510 3080; x_wconf 87' lang='lat' dir='ltr'><strong><em>hanc</em></strong></span> 
     </span>
    </p>
   </div>
   <div class='ocr_carea' id='block_1_30' title="bbox 243 3120 3508 3207">
    <p class='ocr_par' dir='ltr' id='par_1_30' title="bbox 243 3120 3508 3207">
     <span class='ocr_line' id='line_1_30' title="bbox 243 3120 3508 3207; baseline -0.005 -13"><span class='ocrx_word' id='word_1_349' title='bbox 243 3135 561 3194; x_wconf 89' lang='lat' dir='ltr'><strong><em>doctorem</em></strong></span> <span class='ocrx_word' id='word_1_350' title='bbox 622 3128 918 3207; x_wconf 83' lang='lat' dir='ltr'><strong><em>Virgilio,</em></strong></span> <span class='ocrx_word' id='word_1_351' title='bbox 948 3125 1261 3193; x_wconf 88' lang='lat' dir='ltr'><strong><em>Ciceroni.</em></strong></span> <span class='ocrx_word' id='word_1_352' title='bbox 1312 3121 1669 3187; x_wconf 82' lang='lat' dir='ltr'><strong><em>Aristoteli.</em></strong></span> <span class='ocrx_word' id='word_1_353' title='bbox 1719 3121 2071 3199; x_wconf 68' lang='lat' dir='ltr'><strong><em>ceterisque</em></strong></span> <span class='ocrx_word' id='word_1_354' title='bbox 2112 3120 2439 3198; x_wconf 86' lang='lat' dir='ltr'><strong><em>religionis</em></strong></span> <span class='ocrx_word' id='word_1_355' title='bbox 2477 3122 2845 3183; x_wconf 71' lang='lat' dir='ltr'><strong><em>Christiana:</em></strong></span> <span class='ocrx_word' id='word_1_356' title='bbox 2879 3120 3158 3182; x_wconf 89' lang='lat' dir='ltr'><strong><em>hostibus</em></strong></span> <span class='ocrx_word' id='word_1_357' title='bbox 3184 3125 3508 3198; x_wconf 88' lang='lat' dir='ltr'><strong><em>postponi.</em></strong></span> 
     </span>
    </p>
   </div>
   <div class='ocr_carea' id='block_1_31' title="bbox 242 3222 3511 3314">
    <p class='ocr_par' dir='ltr' id='par_1_31' title="bbox 242 3222 3511 3314">
     <span class='ocr_line' id='line_1_31' title="bbox 242 3222 3511 3314; baseline -0.004 -19"><span class='ocrx_word' id='word_1_358' title='bbox 242 3255 428 3314; x_wconf 89' lang='lat' dir='ltr'><strong><em>eoque</em></strong></span> <span class='ocrx_word' id='word_1_359' title='bbox 469 3234 694 3310; x_wconf 89' lang='lat' dir='ltr'><strong><em>magis,</em></strong></span> <span class='ocrx_word' id='word_1_360' title='bbox 747 3230 916 3309; x_wconf 91' lang='lat' dir='ltr'><strong><em>quod</em></strong></span> <span class='ocrx_word' id='word_1_361' title='bbox 949 3228 1055 3288; x_wconf 92' lang='lat' dir='ltr'><strong><em>ille</em></strong></span> <span class='ocrx_word' id='word_1_362' title='bbox 1086 3244 1213 3285; x_wconf 92' lang='lat' dir='ltr'><strong><em>non</em></strong></span> <span class='ocrx_word' id='word_1_363' title='bbox 1246 3224 1637 3299; x_wconf 88' lang='lat' dir='ltr'><strong><em>intelligendi</em></strong></span> <span class='ocrx_word' id='word_1_364' title='bbox 1666 3222 1866 3281; x_wconf 89' lang='lat' dir='ltr'><strong><em>solum</em></strong></span> <span class='ocrx_word' id='word_1_365' title='bbox 1896 3270 1911 3295; x_wconf 92' lang='lat'><strong><em>,</em></strong></span> <span class='ocrx_word' id='word_1_366' title='bbox 1962 3226 2068 3282; x_wconf 86' lang='lat' dir='ltr'><strong><em>sed</em></strong></span> <span class='ocrx_word' id='word_1_367' title='bbox 2095 3225 2275 3284; x_wconf 91' lang='lat' dir='ltr'><strong><em>etiam</em></strong></span> <span class='ocrx_word' id='word_1_368' title='bbox 2308 3224 2558 3286; x_wconf 80' lang='lat' dir='ltr'><strong><em>dicendi</em></strong></span> <span class='ocrx_word' id='word_1_369' title='bbox 2597 3226 3002 3303; x_wconf 90' lang='lat' dir='ltr'><strong><em>gravissimus</em></strong></span> <span class='ocrx_word' id='word_1_370' title='bbox 3032 3234 3255 3283; x_wconf 90' lang='lat' dir='ltr'><strong><em>auctor</em></strong></span> <span class='ocrx_word' id='word_1_371' title='bbox 3285 3232 3341 3283; x_wconf 93' lang='lat' dir='ltr'><strong><em>et</em></strong></span> <span class='ocrx_word' id='word_1_372' title='bbox 3385 3243 3511 3281; x_wconf 85' lang='lat' dir='ltr'><strong><em>ma-</em></strong></span> 
     </span>
    </p>
   </div>
   <div class='ocr_carea' id='block_1_32' title="bbox 242 3322 3509 3417">
    <p class='ocr_par' dir='ltr' id='par_1_32' title="bbox 242 3322 3509 3417">
     <span class='ocr_line' id='line_1_32' title="bbox 242 3322 3509 3417; baseline -0.005 -20"><span class='ocrx_word' id='word_1_373' title='bbox 242 3340 434 3417; x_wconf 87' lang='lat' dir='ltr'><strong><em>gister</em></strong></span> <span class='ocrx_word' id='word_1_374' title='bbox 487 3345 738 3394; x_wconf 78' lang='lat' dir='ltr'><strong><em>nostras</em></strong></span> <span class='ocrx_word' id='word_1_375' title='bbox 789 3329 1291 3392; x_wconf 75' lang='lat' dir='ltr'><strong><em>Christianorum</em></strong></span> <span class='ocrx_word' id='word_1_376' title='bbox 1348 3322 1588 3382; x_wconf 89' lang='lat' dir='ltr'><strong><em>scholas</em></strong></span> <span class='ocrx_word' id='word_1_377' title='bbox 1640 3322 2049 3401; x_wconf 79' lang='lat' dir='ltr'><strong><em>affluentibus</em></strong></span> <span class='ocrx_word' id='word_1_378' title='bbox 2103 3324 2538 3384; x_wconf 88' lang='lat' dir='ltr'><strong><em>doctrinarum</em></strong></span> <span class='ocrx_word' id='word_1_379' title='bbox 2604 3324 2875 3384; x_wconf 88' lang='lat' dir='ltr'><strong><em>omnium</em></strong></span> <span class='ocrx_word' id='word_1_380' title='bbox 2932 3325 3131 3402; x_wconf 90' lang='lat' dir='ltr'><strong><em>copiis</em></strong></span> <span class='ocrx_word' id='word_1_381' title='bbox 3183 3323 3509 3383; x_wconf 83' lang='lat' dir='ltr'><strong><em>ditaverit.</em></strong></span> 
     </span>
    </p>
   </div>
   <div class='ocr_carea' id='block_1_33' title="bbox 243 3424 3511 3508">
    <p class='ocr_par' dir='ltr' id='par_1_33' title="bbox 243 3424 3511 3508">
     <span class='ocr_line' id='line_1_33' title="bbox 243 3424 3511 3508; baseline -0.006 -7"><span class='ocrx_word' id='word_1_382' title='bbox 243 3438 745 3501; x_wconf 81' lang='lat' dir='ltr'><strong><em>Grammaticam.</em></strong></span> <span class='ocrx_word' id='word_1_383' title='bbox 774 3434 991 3508; x_wconf 88' lang='lat' dir='ltr'><strong><em>fugata</em></strong></span> <span class='ocrx_word' id='word_1_384' title='bbox 1032 3426 1337 3495; x_wconf 85' lang='lat' dir='ltr'><strong><em>barbarie,</em></strong></span> <span class='ocrx_word' id='word_1_385' title='bbox 1362 3434 1633 3495; x_wconf 52' lang='lat' dir='ltr'><strong><em>,sanctos</em></strong></span> <span class='ocrx_word' id='word_1_386' title='bbox 1658 3424 2016 3504; x_wconf 88' lang='lat' dir='ltr'><strong><em>fabularum</em></strong></span> <span class='ocrx_word' id='word_1_387' title='bbox 2044 3444 2193 3484; x_wconf 90' lang='lat' dir='ltr'><strong><em>usus</em></strong></span> <span class='ocrx_word' id='word_1_388' title='bbox 2224 3426 2443 3485; x_wconf 87' lang='lat' dir='ltr'><strong><em>docuit</em></strong></span> <span class='ocrx_word' id='word_1_389' title='bbox 2475 3446 2493 3493; x_wconf 92' lang='lat'><strong><em>;</em></strong></span> <span class='ocrx_word' id='word_1_390' title='bbox 2523 3425 2893 3486; x_wconf 82' lang='lat' dir='ltr'><strong><em>rhetoricam</em></strong></span> <span class='ocrx_word' id='word_1_391' title='bbox 2934 3425 3280 3485; x_wconf 69' lang='lat' dir='ltr'><strong><em>lectissimis</em></strong></span> <span class='ocrx_word' id='word_1_392' title='bbox 3313 3424 3511 3484; x_wconf 89' lang='lat' dir='ltr'><strong><em>verbis</em></strong></span> 
     </span>
    </p>
   </div>
   <div class='ocr_carea' id='block_1_34' title="bbox 243 3518 3508 3613">
    <p class='ocr_par' dir='ltr' id='par_1_34' title="bbox 243 3518 3508 3613">
     <span class='ocr_line' id='line_1_34' title="bbox 243 3518 3508 3613; baseline -0.009 -13"><span class='ocrx_word' id='word_1_393' title='bbox 243 3536 699 3613; x_wconf 67' lang='lat' dir='ltr'><strong><em>verissimisque</em></strong></span> <span class='ocrx_word' id='word_1_394' title='bbox 727 3530 1047 3590; x_wconf 86' lang='lat' dir='ltr'><strong><em>sententiis</em></strong></span> <span class='ocrx_word' id='word_1_395' title='bbox 1074 3525 1362 3593; x_wconf 88' lang='lat' dir='ltr'><strong><em>ornavit;</em></strong></span> <span class='ocrx_word' id='word_1_396' title='bbox 1398 3523 1859 3602; x_wconf 84' lang='lat' dir='ltr'><strong><em>philosophiam</em></strong></span> <span class='ocrx_word' id='word_1_397' title='bbox 1903 3522 2284 3585; x_wconf 90' lang='lat' dir='ltr'><strong><em>obscuritate</em></strong></span> <span class='ocrx_word' id='word_1_398' title='bbox 2320 3518 2645 3584; x_wconf 86' lang='lat' dir='ltr'><strong><em>liberatam</em></strong></span> <span class='ocrx_word' id='word_1_399' title='bbox 2684 3528 2775 3585; x_wconf 88' lang='lat' dir='ltr'><strong><em>ita</em></strong></span> <span class='ocrx_word' id='word_1_400' title='bbox 2817 3526 3119 3596; x_wconf 74' lang='lat' dir='ltr'><strong><em>excoluit,</em></strong></span> <span class='ocrx_word' id='word_1_401' title='bbox 3155 3533 3224 3584; x_wconf 88' lang='lat' dir='ltr'><strong><em>ut</em></strong></span> <span class='ocrx_word' id='word_1_402' title='bbox 3251 3527 3508 3605; x_wconf 84' lang='lat' dir='ltr'><strong><em>quicun-</em></strong></span> 
     </span>
    </p>
   </div>
   <div class='ocr_carea' id='block_1_35' title="bbox 242 3628 3003 3717">
    <p class='ocr_par' dir='ltr' id='par_1_35' title="bbox 242 3628 3003 3717">
     <span class='ocr_line' id='line_1_35' title="bbox 242 3628 3003 3717; baseline -0.004 -19"><span class='ocrx_word' id='word_1_403' title='bbox 242 3659 353 3717; x_wconf 85' lang='lat' dir='ltr'><strong><em>que</em></strong></span> <span class='ocrx_word' id='word_1_404' title='bbox 383 3638 530 3695; x_wconf 91' lang='lat' dir='ltr'><strong><em>huic</em></strong></span> <span class='ocrx_word' id='word_1_405' title='bbox 557 3650 775 3712; x_wconf 89' lang='lat' dir='ltr'><strong><em>parere</em></strong></span> <span class='ocrx_word' id='word_1_406' title='bbox 808 3630 1101 3703; x_wconf 85' lang='lat' dir='ltr'><strong><em>voluerit,</em></strong></span> <span class='ocrx_word' id='word_1_407' title='bbox 1152 3628 1205 3686; x_wconf 91' lang='lat' dir='ltr'><strong><em>is</em></strong></span> <span class='ocrx_word' id='word_1_408' title='bbox 1236 3645 1406 3685; x_wconf 91' lang='lat' dir='ltr'><strong><em>omne</em></strong></span> <span class='ocrx_word' id='word_1_409' title='bbox 1434 3628 1638 3687; x_wconf 72' lang='lat' dir='ltr'><strong><em>atatis</em></strong></span> <span class='ocrx_word' id='word_1_410' title='bbox 1672 3638 1904 3702; x_wconf 89' lang='lat' dir='ltr'><strong><em>tempus</em></strong></span> <span class='ocrx_word' id='word_1_411' title='bbox 1929 3628 2127 3705; x_wconf 88' lang='lat' dir='ltr'><strong><em>possit</em></strong></span> <span class='ocrx_word' id='word_1_412' title='bbox 2154 3631 2286 3687; x_wconf 90' lang='lat' dir='ltr'><strong><em>sine</em></strong></span> <span class='ocrx_word' id='word_1_413' title='bbox 2320 3630 2601 3690; x_wconf 90' lang='lat' dir='ltr'><strong><em>molestia</em></strong></span> <span class='ocrx_word' id='word_1_414' title='bbox 2634 3630 3003 3706; x_wconf 86' lang='lat' dir='ltr'><strong><em>transigere.</em></strong></span> 
     </span>
    </p>
   </div>
   <div class='ocr_carea' id='block_1_36' title="bbox 325 3730 3511 3815">
    <p class='ocr_par' dir='ltr' id='par_1_36' title="bbox 325 3730 3511 3815">
     <span class='ocr_line' id='line_1_36' title="bbox 325 3730 3511 3815; baseline -0.004 -10"><span class='ocrx_word' id='word_1_415' title='bbox 325 3748 550 3805; x_wconf 83' lang='lat' dir='ltr'><strong><em>Patere</em></strong></span> <span class='ocrx_word' id='word_1_416' title='bbox 594 3757 764 3815; x_wconf 87' lang='lat' dir='ltr'><strong><em>ergo.</em></strong></span> <span class='ocrx_word' id='word_1_417' title='bbox 820 3739 1241 3795; x_wconf 61' lang='lat' dir='ltr'><strong><em>SERENISHMB</em></strong></span> <span class='ocrx_word' id='word_1_418' title='bbox 1292 3732 1884 3800; x_wconf 67' lang='lat' dir='ltr'><strong><em>Dm.rtttxt=:,.virum</em></strong></span> <span class='ocrx_word' id='word_1_419' title='bbox 1905 3732 2151 3807; x_wconf 86' lang='lat' dir='ltr'><strong><em>pariter</em></strong></span> <span class='ocrx_word' id='word_1_420' title='bbox 2177 3730 2463 3802; x_wconf 87' lang='lat' dir='ltr'><strong><em>nobilem,</em></strong></span> <span class='ocrx_word' id='word_1_421' title='bbox 2511 3732 2763 3791; x_wconf 90' lang='lat' dir='ltr'><strong><em>doctum</em></strong></span> <span class='ocrx_word' id='word_1_422' title='bbox 2816 3742 2871 3791; x_wconf 93' lang='lat' dir='ltr'><strong><em>et</em></strong></span> <span class='ocrx_word' id='word_1_423' title='bbox 2914 3742 3224 3803; x_wconf 89' lang='lat' dir='ltr'><strong><em>sanctum.</em></strong></span> <span class='ocrx_word' id='word_1_424' title='bbox 3276 3735 3511 3810; x_wconf 86' lang='lat' dir='ltr'><strong><em>regiam</em></strong></span> 
     </span>
    </p>
   </div>
   <div class='ocr_carea' id='block_1_37' title="bbox 244 3832 3506 3922">
    <p class='ocr_par' dir='ltr' id='par_1_37' title="bbox 244 3832 3506 3922">
     <span class='ocr_line' id='line_1_37' title="bbox 244 3832 3506 3922; baseline -0.005 -17"><span class='ocrx_word' id='word_1_425' title='bbox 244 3842 515 3922; x_wconf 88' lang='lat' dir='ltr'><strong><em>ingredi,</em></strong></span> <span class='ocrx_word' id='word_1_426' title='bbox 546 3836 776 3899; x_wconf 69' lang='lat' dir='ltr'><strong><em>caeteris</em></strong></span> <span class='ocrx_word' id='word_1_427' title='bbox 806 3832 1168 3894; x_wconf 80' lang='lat' dir='ltr'><strong><em>auctoribus</em></strong></span> <span class='ocrx_word' id='word_1_428' title='bbox 1201 3834 1323 3892; x_wconf 90' lang='lat' dir='ltr'><strong><em>tuis</em></strong></span> <span class='ocrx_word' id='word_1_429' title='bbox 1351 3832 1779 3897; x_wconf 86' lang='lat' dir='ltr'><strong><em>annumerari.</em></strong></span> <span class='ocrx_word' id='word_1_430' title='bbox 1822 3841 1878 3889; x_wconf 87' lang='lat' dir='ltr'><strong><em>et</em></strong></span> <span class='ocrx_word' id='word_1_431' title='bbox 1908 3832 2068 3890; x_wconf 90' lang='lat' dir='ltr'><strong><em>inter</em></strong></span> <span class='ocrx_word' id='word_1_432' title='bbox 2100 3832 2266 3894; x_wconf 90' lang='lat' dir='ltr'><strong><em>illas.</em></strong></span> <span class='ocrx_word' id='word_1_433' title='bbox 2296 3851 2449 3909; x_wconf 91' lang='lat' dir='ltr'><strong><em>quas</em></strong></span> <span class='ocrx_word' id='word_1_434' title='bbox 2490 3833 2556 3891; x_wconf 92' lang='lat' dir='ltr'><strong><em>in</em></strong></span> <span class='ocrx_word' id='word_1_435' title='bbox 2586 3832 2817 3891; x_wconf 90' lang='lat' dir='ltr'><strong><em>litteris</em></strong></span> <span class='ocrx_word' id='word_1_436' title='bbox 2850 3832 3124 3909; x_wconf 79' lang='lat' dir='ltr'><strong><em>feliciter</em></strong></span> <span class='ocrx_word' id='word_1_437' title='bbox 3172 3836 3506 3904; x_wconf 73' lang='lat' dir='ltr'><strong><em>consumis,</em></strong></span> 
     </span>
    </p>
   </div>
   <div class='ocr_carea' id='block_1_38' title="bbox 246 3931 3509 4025">
    <p class='ocr_par' dir='ltr' id='par_1_38' title="bbox 246 3931 3509 4025">
     <span class='ocr_line' id='line_1_38' title="bbox 246 3931 3509 4025; baseline -0.006 -20"><span class='ocrx_word' id='word_1_438' title='bbox 246 3964 465 4025; x_wconf 88' lang='lat' dir='ltr'><strong><em>aperas</em></strong></span> <span class='ocrx_word' id='word_1_439' title='bbox 498 3942 613 4003; x_wconf 86' lang='lat' dir='ltr'><strong><em>tibi</em></strong></span> <span class='ocrx_word' id='word_1_440' title='bbox 646 3938 1023 4000; x_wconf 88' lang='lat' dir='ltr'><strong><em>audiendum</em></strong></span> <span class='ocrx_word' id='word_1_441' title='bbox 1052 3935 1370 4011; x_wconf 88' lang='lat' dir='ltr'><strong><em>proponi;</em></strong></span> <span class='ocrx_word' id='word_1_442' title='bbox 1412 3932 1807 3990; x_wconf 86' lang='lat' dir='ltr'><strong><em>sanctitatem</em></strong></span> <span class='ocrx_word' id='word_1_443' title='bbox 1836 3931 1935 3991; x_wconf 90' lang='lat' dir='ltr'><strong><em>hic</em></strong></span> <span class='ocrx_word' id='word_1_444' title='bbox 1969 3951 2106 3990; x_wconf 87' lang='lat' dir='ltr'><strong><em>cum</em></strong></span> <span class='ocrx_word' id='word_1_445' title='bbox 2147 3932 2463 3999; x_wconf 87' lang='lat' dir='ltr'><strong><em>doctrina.</em></strong></span> <span class='ocrx_word' id='word_1_446' title='bbox 2502 3941 2828 4009; x_wconf 83' lang='lat' dir='ltr'><strong><em>utramque</em></strong></span> <span class='ocrx_word' id='word_1_447' title='bbox 2877 3950 3011 3991; x_wconf 89' lang='lat' dir='ltr'><strong><em>cum</em></strong></span> <span class='ocrx_word' id='word_1_448' title='bbox 3052 3931 3379 3991; x_wconf 87' lang='lat' dir='ltr'><strong><em>nobilitate</em></strong></span> <span class='ocrx_word' id='word_1_449' title='bbox 3419 3935 3509 3991; x_wconf 81' lang='lat' dir='ltr'><strong><em>sic</em></strong></span> 
     </span>
    </p>
   </div>
   <div class='ocr_carea' id='block_1_39' title="bbox 244 4028 3509 4117">
    <p class='ocr_par' dir='ltr' id='par_1_39' title="bbox 244 4028 3509 4117">
     <span class='ocr_line' id='line_1_39' title="bbox 244 4028 3509 4117; baseline -0.006 -10"><span class='ocrx_word' id='word_1_450' title='bbox 244 4038 701 4109; x_wconf 81' lang='lat' dir='ltr'><strong><em>animadvertes</em></strong></span> <span class='ocrx_word' id='word_1_451' title='bbox 754 4043 1173 4117; x_wconf 76' lang='lat' dir='ltr'><strong><em>coniunctam.</em></strong></span> <span class='ocrx_word' id='word_1_452' title='bbox 1214 4042 1285 4093; x_wconf 89' lang='lat' dir='ltr'><strong><em>ut</em></strong></span> <span class='ocrx_word' id='word_1_453' title='bbox 1315 4032 1621 4112; x_wconf 84' lang='lat' dir='ltr'><strong><em>quidquid</em></strong></span> <span class='ocrx_word' id='word_1_454' title='bbox 1668 4032 1891 4092; x_wconf 87' lang='lat' dir='ltr'><strong><em>ibidem</em></strong></span> <span class='ocrx_word' id='word_1_455' title='bbox 1934 4028 2051 4091; x_wconf 91' lang='lat' dir='ltr'><strong><em>erit</em></strong></span> <span class='ocrx_word' id='word_1_456' title='bbox 2094 4030 2363 4103; x_wconf 87' lang='lat' dir='ltr'><strong><em>obvium,</em></strong></span> <span class='ocrx_word' id='word_1_457' title='bbox 2400 4031 2465 4091; x_wconf 90' lang='lat' dir='ltr'><strong><em>id</em></strong></span> <span class='ocrx_word' id='word_1_458' title='bbox 2510 4042 2776 4109; x_wconf 87' lang='lat' dir='ltr'><strong><em>augusta</em></strong></span> <span class='ocrx_word' id='word_1_459' title='bbox 2819 4041 2927 4091; x_wconf 91' lang='lat' dir='ltr'><strong><em>tua</em></strong></span> <span class='ocrx_word' id='word_1_460' title='bbox 2964 4029 3131 4089; x_wconf 90' lang='lat' dir='ltr'><strong><em>haud</em></strong></span> <span class='ocrx_word' id='word_1_461' title='bbox 3181 4030 3509 4107; x_wconf 89' lang='lat' dir='ltr'><strong><em>indignum</em></strong></span> 
     </span>
    </p>
   </div>
   <div class='ocr_carea' id='block_1_40' title="bbox 246 4131 3510 4228">
    <p class='ocr_par' dir='ltr' id='par_1_40' title="bbox 246 4131 3510 4228">
     <span class='ocr_line' id='line_1_40' title="bbox 246 4131 3510 4228; baseline -0.006 -18"><span class='ocrx_word' id='word_1_462' title='bbox 246 4152 510 4228; x_wconf 87' lang='lat' dir='ltr'><strong><em>origine,</em></strong></span> <span class='ocrx_word' id='word_1_463' title='bbox 560 4156 615 4205; x_wconf 90' lang='lat' dir='ltr'><strong><em>et</em></strong></span> <span class='ocrx_word' id='word_1_464' title='bbox 659 4142 740 4203; x_wconf 83' lang='lat' dir='ltr'><strong><em>ad</em></strong></span> <span class='ocrx_word' id='word_1_465' title='bbox 780 4152 946 4201; x_wconf 90' lang='lat' dir='ltr'><strong><em>tuam</em></strong></span> <span class='ocrx_word' id='word_1_466' title='bbox 999 4138 1321 4198; x_wconf 81' lang='lat' dir='ltr'><strong><em>scientiam</em></strong></span> <span class='ocrx_word' id='word_1_467' title='bbox 1347 4134 1690 4213; x_wconf 83' lang='lat' dir='ltr'><strong><em>augendam</em></strong></span> <span class='ocrx_word' id='word_1_468' title='bbox 1726 4144 1779 4192; x_wconf 89' lang='lat' dir='ltr'><strong><em>et</em></strong></span> <span class='ocrx_word' id='word_1_469' title='bbox 1821 4134 1901 4193; x_wconf 84' lang='lat' dir='ltr'><strong><em>ad</em></strong></span> <span class='ocrx_word' id='word_1_470' title='bbox 1946 4152 2242 4194; x_wconf 88' lang='lat' dir='ltr'><strong><em>coronam</em></strong></span> <span class='ocrx_word' id='word_1_471' title='bbox 2290 4146 2605 4205; x_wconf 69' lang='lat' dir='ltr'><strong><em>mternam,</em></strong></span> <span class='ocrx_word' id='word_1_472' title='bbox 2659 4134 2762 4194; x_wconf 89' lang='lat' dir='ltr'><strong><em>cui</em></strong></span> <span class='ocrx_word' id='word_1_473' title='bbox 2811 4151 2982 4211; x_wconf 88' lang='lat' dir='ltr'><strong><em>reges</em></strong></span> <span class='ocrx_word' id='word_1_474' title='bbox 3032 4151 3234 4192; x_wconf 89' lang='lat' dir='ltr'><strong><em>omnes</em></strong></span> <span class='ocrx_word' id='word_1_475' title='bbox 3264 4131 3510 4191; x_wconf 80' lang='lat' dir='ltr'><strong><em>studere</em></strong></span> 
     </span>
    </p>
   </div>
   <div class='ocr_carea' id='block_1_41' title="bbox 246 4235 3465 4325">
    <p class='ocr_par' dir='ltr' id='par_1_41' title="bbox 246 4235 3465 4325">
     <span class='ocr_line' id='line_1_41' title="bbox 246 4235 3465 4325; baseline -0.006 -12"><span class='ocrx_word' id='word_1_476' title='bbox 246 4253 483 4315; x_wconf 87' lang='lat' dir='ltr'><strong><em>debent.</em></strong></span> <span class='ocrx_word' id='word_1_477' title='bbox 518 4243 998 4325; x_wconf 86' lang='lat' dir='ltr'><strong><em>consequendam</em></strong></span> <span class='ocrx_word' id='word_1_478' title='bbox 1030 4238 1371 4300; x_wconf 88' lang='lat' dir='ltr'><strong><em>conducere</em></strong></span> <span class='ocrx_word' id='word_1_479' title='bbox 1402 4238 1745 4316; x_wconf 89' lang='lat' dir='ltr'><strong><em>plurimum</em></strong></span> <span class='ocrx_word' id='word_1_480' title='bbox 1774 4238 1995 4315; x_wconf 87' lang='lat' dir='ltr'><strong><em>possit.</em></strong></span> <span class='ocrx_word' id='word_1_481' title='bbox 2032 4235 2291 4298; x_wconf 84' lang='lat' dir='ltr'><strong><em>Cadami</em></strong></span> <span class='ocrx_word' id='word_1_482' title='bbox 2324 4238 2439 4297; x_wconf 82' lang='lat' dir='ltr'><strong><em>cal.</em></strong></span> <span class='ocrx_word' id='word_1_483' title='bbox 2476 4236 2767 4299; x_wconf 82' lang='lat' dir='ltr'><strong><em>Novemb.</em></strong></span> <span class='ocrx_word' id='word_1_484' title='bbox 2800 4256 2963 4295; x_wconf 89' lang='lat' dir='ltr'><strong><em>anno</em></strong></span> <span class='ocrx_word' id='word_1_485' title='bbox 2998 4236 3255 4295; x_wconf 86' lang='lat' dir='ltr'><strong><em>Domini</em></strong></span> <span class='ocrx_word' id='word_1_486' title='bbox 3288 4235 3465 4296; x_wconf 78' lang='lat'><strong>1679.</strong></span> 
     </span>
    </p>
   </div>
   <div class='ocr_carea' id='block_1_42' title="bbox 1553 4415 2193 4499">
    <p class='ocr_par' dir='ltr' id='par_1_42' title="bbox 1553 4415 2193 4499">
     <span class='ocr_line' id='line_1_42' title="bbox 1553 4415 2193 4499; baseline -0.014 0"><span class='ocrx_word' id='word_1_487' title='bbox 1553 4415 2193 4499; x_wconf 59' lang='lat' dir='ltr'><strong><em>PREFATIO.</em></strong></span> 
     </span>
    </p>
   </div>
   <div class='ocr_carea' id='block_1_43' title="bbox 317 4549 3511 4629">
    <p class='ocr_par' dir='ltr' id='par_1_43' title="bbox 317 4549 3511 4629">
     <span class='ocr_line' id='line_1_43' title="bbox 317 4549 3511 4629; baseline -0.006 -8"><span class='ocrx_word' id='word_1_488' title='bbox 317 4569 459 4621; x_wconf 86' lang='lat' dir='ltr'><strong><em>Inter</em></strong></span> <span class='ocrx_word' id='word_1_489' title='bbox 476 4564 700 4629; x_wconf 71' lang='lat' dir='ltr'><strong><em>plurima</em></strong></span> <span class='ocrx_word' id='word_1_490' title='bbox 724 4560 886 4614; x_wconf 65' lang='lat' dir='ltr'><strong><em>lloetii</em></strong></span> <span class='ocrx_word' id='word_1_491' title='bbox 915 4560 1079 4613; x_wconf 76' lang='lat' dir='ltr'><strong><em>nostri</em></strong></span> <span class='ocrx_word' id='word_1_492' title='bbox 1115 4556 1819 4627; x_wconf 47' lang='lat' dir='ltr'><strong><em>Opermprahtantiseinmm</em></strong></span> <span class='ocrx_word' id='word_1_493' title='bbox 1852 4560 1895 4617; x_wconf 82' lang='grc' dir='ltr'><strong>Α</strong></span> <span class='ocrx_word' id='word_1_494' title='bbox 1932 4552 2070 4605; x_wconf 81' lang='grc' dir='ltr'><strong><em>ιηπηί</em></strong></span> <span class='ocrx_word' id='word_1_495' title='bbox 2099 4552 2395 4621; x_wconf 81' lang='lat' dir='ltr'><strong><em>Tlmringi?</em></strong></span> <span class='ocrx_word' id='word_1_496' title='bbox 2426 4569 2491 4603; x_wconf 82' lang='lat' dir='ltr'><strong><em>an</em></strong></span> <span class='ocrx_word' id='word_1_497' title='bbox 2524 4568 2639 4618; x_wconf 73' lang='lat' dir='ltr'><strong><em>qua:</em></strong></span> <span class='ocrx_word' id='word_1_498' title='bbox 2668 4552 2850 4603; x_wconf 76' lang='lat' dir='ltr'><strong><em>ltenati</em></strong></span> <span class='ocrx_word' id='word_1_499' title='bbox 2888 4550 3073 4602; x_wconf 70' lang='lat' dir='ltr'><strong><em>vallati</em></strong></span> <span class='ocrx_word' id='word_1_500' title='bbox 3120 4549 3511 4605; x_wconf 70' lang='lat' dir='ltr'><strong><em>Nanm&#39;lcnsis?</em></strong></span> 
     </span>
    </p>
   </div>
   <div class='ocr_carea' id='block_1_44' title="bbox 250 4362 487 4370">
    <p class='ocr_par' dir='ltr' id='par_1_44' title="bbox 250 4362 487 4370">
     <span class='ocr_line' id='line_1_44' title="bbox 250 4362 487 4370; baseline 0.004 -1"><span class='ocrx_word' id='word_1_501' title='bbox 250 4362 487 4370; x_wconf 46' lang='grc' dir='ltr'><strong><em>βψ-</em></strong></span> 
     </span>
    </p>
   </div>
   <div class='ocr_carea' id='block_1_45' title="bbox 246 4645 1826 4722">
    <p class='ocr_par' dir='ltr' id='par_1_45' title="bbox 246 4645 1826 4722">
     <span class='ocr_line' id='line_1_45' title="bbox 246 4645 1826 4722; baseline -0.013 -6"><span class='ocrx_word' id='word_1_502' title='bbox 246 4660 771 4722; x_wconf 74' lang='lat' dir='ltr'><strong><em>celeberrimumqno</em></strong></span> <span class='ocrx_word' id='word_1_503' title='bbox 792 4661 869 4705; x_wconf 80' lang='lat' dir='ltr'><strong><em>est</em></strong></span> <span class='ocrx_word' id='word_1_504' title='bbox 905 4651 1027 4703; x_wconf 76' lang='grc' dir='ltr'>ιΙιιιιΙ</span> <span class='ocrx_word' id='word_1_505' title='bbox 1059 4650 1198 4718; x_wconf 86' lang='lat' dir='ltr'><strong><em>quod</em></strong></span> <span class='ocrx_word' id='word_1_506' title='bbox 1244 4649 1549 4702; x_wconf 80' lang='lat' dir='ltr'><strong><em>inscribitur</em></strong></span> <span class='ocrx_word' id='word_1_507' title='bbox 1579 4645 1826 4698; x_wconf 64' lang='lat' dir='ltr'><strong><em>Consula-</em></strong></span> 
     </span>
    </p>
   </div>
   <div class='ocr_carea' id='block_1_46' title="bbox 245 4738 1829 4821">
    <p class='ocr_par' dir='ltr' id='par_1_46' title="bbox 245 4738 1829 4821">
     <span class='ocr_line' id='line_1_46' title="bbox 245 4738 1829 4821; baseline -0.009 -17"><span class='ocrx_word' id='word_1_508' title='bbox 245 4756 317 4806; x_wconf 88' lang='lat' dir='ltr'><strong><em>tio</em></strong></span> <span class='ocrx_word' id='word_1_509' title='bbox 348 4750 689 4821; x_wconf 68' lang='lat' dir='ltr'><strong><em>philosophice</em></strong></span> <span class='ocrx_word' id='word_1_510' title='bbox 758 4745 861 4800; x_wconf 76' lang='lat' dir='ltr'><strong><em>Sed</em></strong></span> <span class='ocrx_word' id='word_1_511' title='bbox 904 4759 1021 4811; x_wconf 73' lang='lat' dir='ltr'><strong><em>qua:</em></strong></span> <span class='ocrx_word' id='word_1_512' title='bbox 1064 4743 1321 4796; x_wconf 71' lang='lat' dir='ltr'><strong><em>hactenus</em></strong></span> <span class='ocrx_word' id='word_1_513' title='bbox 1349 4741 1489 4794; x_wconf 81' lang='lat' dir='ltr'><strong><em>edita</em></strong></span> <span class='ocrx_word' id='word_1_514' title='bbox 1519 4748 1643 4792; x_wconf 83' lang='lat' dir='ltr'><strong><em>sunt.</em></strong></span> <span class='ocrx_word' id='word_1_515' title='bbox 1674 4738 1829 4803; x_wconf 77' lang='lat' dir='ltr'><strong><em>hujus</em></strong></span> 
     </span>
    </p>
   </div>
   <div class='ocr_carea' id='block_1_47' title="bbox 246 4828 1828 4909">
    <p class='ocr_par' dir='ltr' id='par_1_47' title="bbox 246 4828 1828 4909">
     <span class='ocr_line' id='line_1_47' title="bbox 246 4828 1828 4909; baseline -0.012 -10"><span class='ocrx_word' id='word_1_516' title='bbox 246 4846 429 4909; x_wconf 76' lang='lat' dir='ltr'><strong><em>oneris</em></strong></span> <span class='ocrx_word' id='word_1_517' title='bbox 454 4835 856 4895; x_wconf 79' lang='lat' dir='ltr'><strong><em>commentaria.</em></strong></span> <span class='ocrx_word' id='word_1_518' title='bbox 886 4834 999 4888; x_wconf 66' lang='lat' dir='ltr'><strong><em>hanc</em></strong></span> <span class='ocrx_word' id='word_1_519' title='bbox 1032 4841 1136 4885; x_wconf 80' lang='lat' dir='ltr'><strong><em>tam</em></strong></span> <span class='ocrx_word' id='word_1_520' title='bbox 1162 4832 1465 4898; x_wconf 79' lang='lat' dir='ltr'><strong><em>imperfecta</em></strong></span> <span class='ocrx_word' id='word_1_521' title='bbox 1501 4828 1733 4887; x_wconf 82' lang='lat' dir='ltr'><strong><em>fuerunt,</em></strong></span> <span class='ocrx_word' id='word_1_522' title='bbox 1772 4837 1828 4880; x_wconf 78' lang='grc' dir='ltr'><strong><em>ιιι</em></strong></span> 
     </span>
    </p>
   </div>
   <div class='ocr_carea' id='block_1_48' title="bbox 248 4918 1827 4986">
    <p class='ocr_par' dir='ltr' id='par_1_48' title="bbox 248 4918 1827 4986">
     <span class='ocr_line' id='line_1_48' title="bbox 248 4918 1827 4986; baseline -0.01 0"><span class='ocrx_word' id='word_1_523' title='bbox 248 4949 358 4986; x_wconf 83' lang='lat' dir='ltr'><strong><em>non</em></strong></span> <span class='ocrx_word' id='word_1_524' title='bbox 399 4930 661 4984; x_wconf 86' lang='lat' dir='ltr'><strong><em>immerito</em></strong></span> <span class='ocrx_word' id='word_1_525' title='bbox 698 4928 763 4981; x_wconf 84' lang='lat' dir='ltr'><strong><em>ad</em></strong></span> <span class='ocrx_word' id='word_1_526' title='bbox 809 4940 961 4979; x_wconf 83' lang='lat' dir='ltr'><strong><em>usum</em></strong></span> <span class='ocrx_word' id='word_1_527' title='bbox 1002 4922 1344 4976; x_wconf 71' lang='lat' dir='ltr'><strong><em>Surenissitni</em></strong></span> <span class='ocrx_word' id='word_1_528' title='bbox 1394 4918 1640 4985; x_wconf 73' lang='lat' dir='ltr'><strong><em>Delphini</em></strong></span> <span class='ocrx_word' id='word_1_529' title='bbox 1693 4932 1827 4970; x_wconf 79' lang='lat' dir='ltr'><strong><em>nova</em></strong></span> 
     </span>
    </p>
   </div>
   <div class='ocr_carea' id='block_1_49' title="bbox 246 5015 1827 5083">
    <p class='ocr_par' dir='ltr' id='par_1_49' title="bbox 246 5015 1827 5083">
     <span class='ocr_line' id='line_1_49' title="bbox 246 5015 1827 5083; baseline -0.009 -7"><span class='ocrx_word' id='word_1_530' title='bbox 246 5022 453 5077; x_wconf 79' lang='lat' dir='ltr'><strong><em>institui</em></strong></span> <span class='ocrx_word' id='word_1_531' title='bbox 481 5019 814 5072; x_wconf 75' lang='lat' dir='ltr'><strong><em>mandentur.</em></strong></span> <span class='ocrx_word' id='word_1_532' title='bbox 846 5016 919 5069; x_wconf 78' lang='lat' dir='ltr'><strong><em>De.</em></strong></span> <span class='ocrx_word' id='word_1_533' title='bbox 942 5015 1175 5083; x_wconf 77' lang='lat' dir='ltr'><strong><em>antiquis</em></strong></span> <span class='ocrx_word' id='word_1_534' title='bbox 1213 5016 1472 5080; x_wconf 82' lang='lat' dir='ltr'><strong><em>novisque</em></strong></span> <span class='ocrx_word' id='word_1_535' title='bbox 1499 5025 1662 5079; x_wconf 72' lang='lat' dir='ltr'><strong><em>pauca</em></strong></span> <span class='ocrx_word' id='word_1_536' title='bbox 1691 5026 1751 5077; x_wconf 79' lang='grc' dir='ltr'>ιιι·</span> <span class='ocrx_word' id='word_1_537' title='bbox 1770 5028 1827 5061; x_wconf 80' lang='lat' dir='ltr'><strong><em>c-</em></strong></span> 
     </span>
    </p>
   </div>
   <div class='ocr_carea' id='block_1_50' title="bbox 249 5114 459 5181">
    <p class='ocr_par' dir='ltr' id='par_1_50' title="bbox 249 5114 459 5181">
     <span class='ocr_line' id='line_1_50' title="bbox 249 5114 459 5181; baseline -0.01 -16"><span class='ocrx_word' id='word_1_538' title='bbox 249 5114 459 5181; x_wconf 80' lang='lat' dir='ltr'><strong><em>loquar.</em></strong></span> 
     </span>
    </p>
   </div>
   <div class='ocr_carea' id='block_1_51' title="bbox 320 5285 1828 5360">
    <p class='ocr_par' dir='ltr' id='par_1_51' title="bbox 320 5285 1828 5360">
     <span class='ocr_line' id='line_1_51' title="bbox 320 5285 1828 5360; baseline -0.008 -14"><span class='ocrx_word' id='word_1_539' title='bbox 320 5292 574 5360; x_wconf 79' lang='lat' dir='ltr'><strong><em>Antiqua,</em></strong></span> <span class='ocrx_word' id='word_1_540' title='bbox 604 5290 843 5357; x_wconf 77' lang='lat' dir='ltr'><strong><em>inquam,</em></strong></span> <span class='ocrx_word' id='word_1_541' title='bbox 872 5286 1252 5341; x_wconf 73' lang='lat' dir='ltr'><strong><em>consolationis</em></strong></span> <span class='ocrx_word' id='word_1_542' title='bbox 1286 5285 1697 5353; x_wconf 70' lang='lat' dir='ltr'><strong><em>philosoplticm,</em></strong></span> <span class='ocrx_word' id='word_1_543' title='bbox 1736 5291 1828 5334; x_wconf 77' lang='lat' dir='ltr'><strong><em>aut</em></strong></span> 
     </span>
    </p>
   </div>
   <div class='ocr_carea' id='block_1_52' title="bbox 248 5374 1827 5450">
    <p class='ocr_par' dir='ltr' id='par_1_52' title="bbox 248 5374 1827 5450">
     <span class='ocr_line' id='line_1_52' title="bbox 248 5374 1827 5450; baseline -0.004 -17"><span class='ocrx_word' id='word_1_544' title='bbox 248 5400 317 5450; x_wconf 73' lang='grc' dir='ltr'>ιιι)</span> <span class='ocrx_word' id='word_1_545' title='bbox 347 5383 428 5435; x_wconf 85' lang='lat' dir='ltr'><strong><em>ius</em></strong></span> <span class='ocrx_word' id='word_1_546' title='bbox 456 5384 630 5435; x_wconf 87' lang='lat' dir='ltr'><strong><em>minus</em></strong></span> <span class='ocrx_word' id='word_1_547' title='bbox 657 5381 883 5432; x_wconf 77' lang='lat' dir='ltr'><strong><em>teconlia</em></strong></span> <span class='ocrx_word' id='word_1_548' title='bbox 910 5394 940 5432; x_wconf 90' lang='lat' dir='ltr'><strong><em>c</em></strong></span> <span class='ocrx_word' id='word_1_549' title='bbox 980 5380 1291 5431; x_wconf 79' lang='lat' dir='ltr'><strong><em>mutentaria</em></strong></span> <span class='ocrx_word' id='word_1_550' title='bbox 1323 5389 1442 5430; x_wconf 87' lang='lat' dir='ltr'><strong><em>sunt</em></strong></span> <span class='ocrx_word' id='word_1_551' title='bbox 1473 5374 1781 5443; x_wconf 65' lang='lat' dir='ltr'><strong><em>imperitet-ta</em></strong></span> <span class='ocrx_word' id='word_1_552' title='bbox 1814 5390 1827 5426; x_wconf 90' lang='lat'><strong>:</strong></span> 
     </span>
    </p>
   </div>
   <div class='ocr_carea' id='block_1_53' title="bbox 244 5468 1829 5539">
    <p class='ocr_par' dir='ltr' id='par_1_53' title="bbox 244 5468 1829 5539">
     <span class='ocr_line' id='line_1_53' title="bbox 244 5468 1829 5539; baseline -0.002 -14"><span class='ocrx_word' id='word_1_553' title='bbox 244 5488 375 5539; x_wconf 62' lang='lat' dir='ltr'><strong><em>quae</em></strong></span> <span class='ocrx_word' id='word_1_554' title='bbox 403 5475 542 5527; x_wconf 82' lang='lat' dir='ltr'><strong><em>enim</em></strong></span> <span class='ocrx_word' id='word_1_555' title='bbox 571 5469 947 5524; x_wconf 76' lang='lat' dir='ltr'><strong><em>commendes?</em></strong></span> <span class='ocrx_word' id='word_1_556' title='bbox 974 5484 1108 5523; x_wconf 84' lang='lat' dir='ltr'><strong><em>eane</em></strong></span> <span class='ocrx_word' id='word_1_557' title='bbox 1130 5485 1246 5537; x_wconf 71' lang='lat' dir='ltr'><strong><em>qua:</em></strong></span> <span class='ocrx_word' id='word_1_558' title='bbox 1267 5468 1323 5521; x_wconf 88' lang='lat' dir='ltr'><strong><em>S.</em></strong></span> <span class='ocrx_word' id='word_1_559' title='bbox 1348 5468 1566 5520; x_wconf 78' lang='lat' dir='ltr'><strong><em>Tlioma:</em></strong></span> <span class='ocrx_word' id='word_1_560' title='bbox 1588 5468 1829 5522; x_wconf 77' lang='lat' dir='ltr'><strong><em>tribuun-</em></strong></span> 
     </span>
    </p>
   </div>
   <div class='ocr_carea' id='block_1_54' title="bbox 246 5559 1833 5629">
    <p class='ocr_par' dir='ltr' id='par_1_54' title="bbox 246 5559 1833 5629">
     <span class='ocr_line' id='line_1_54' title="bbox 246 5559 1833 5629; baseline -0.001 -16"><span class='ocrx_word' id='word_1_561' title='bbox 246 5561 374 5615; x_wconf 82' lang='lat' dir='ltr'><strong><em>tur?</em></strong></span> <span class='ocrx_word' id='word_1_562' title='bbox 398 5576 462 5614; x_wconf 81' lang='lat' dir='ltr'><strong><em>an</em></strong></span> <span class='ocrx_word' id='word_1_563' title='bbox 498 5575 561 5616; x_wconf 81' lang='lat' dir='ltr'><strong><em>ea</em></strong></span> <span class='ocrx_word' id='word_1_564' title='bbox 600 5576 718 5628; x_wconf 69' lang='lat' dir='ltr'><strong><em>nunc</em></strong></span> <span class='ocrx_word' id='word_1_565' title='bbox 754 5570 878 5615; x_wconf 81' lang='lat' dir='ltr'><strong><em>sunt</em></strong></span> <span class='ocrx_word' id='word_1_566' title='bbox 924 5559 1215 5629; x_wconf 59' lang='lat' dir='ltr'><strong><em>linyamndi</em></strong></span> <span class='ocrx_word' id='word_1_567' title='bbox 1270 5560 1499 5611; x_wconf 63' lang='lat' dir='ltr'><strong><em>I’nlasini</em></strong></span> <span class='ocrx_word' id='word_1_568' title='bbox 1565 5559 1833 5613; x_wconf 61' lang='lat' dir='ltr'><strong><em>Allncnsis</em></strong></span> 
     </span>
    </p>
   </div>
   <div class='ocr_carea' id='block_1_55' title="bbox 243 5650 1830 5719">
    <p class='ocr_par' dir='ltr' id='par_1_55' title="bbox 243 5650 1830 5719">
     <span class='ocr_line' id='line_1_55' title="bbox 243 5650 1830 5719; baseline -0.004 -12"><span class='ocrx_word' id='word_1_569' title='bbox 243 5654 381 5707; x_wconf 82' lang='lat' dir='ltr'><strong><em>dicti</em></strong></span> <span class='ocrx_word' id='word_1_570' title='bbox 411 5652 707 5707; x_wconf 74' lang='lat' dir='ltr'><strong><em>Vultlcrici?</em></strong></span> <span class='ocrx_word' id='word_1_571' title='bbox 738 5668 801 5705; x_wconf 76' lang='lat' dir='ltr'><strong><em>an</em></strong></span> <span class='ocrx_word' id='word_1_572' title='bbox 850 5670 967 5719; x_wconf 72' lang='grc' dir='ltr'>ιιιιυ</span> <span class='ocrx_word' id='word_1_573' title='bbox 1007 5651 1191 5705; x_wconf 79' lang='lat' dir='ltr'><strong><em>Janci</em></strong></span> <span class='ocrx_word' id='word_1_574' title='bbox 1242 5651 1385 5703; x_wconf 67' lang='lat' dir='ltr'><strong><em>“alii</em></strong></span> <span class='ocrx_word' id='word_1_575' title='bbox 1441 5650 1720 5704; x_wconf 69' lang='lat' dir='ltr'><strong><em>Ascensii?</em></strong></span> <span class='ocrx_word' id='word_1_576' title='bbox 1765 5668 1830 5702; x_wconf 72' lang='lat' dir='ltr'><strong><em>an</em></strong></span> 
     </span>
    </p>
   </div>
   <div class='ocr_carea' id='block_1_56' title="bbox 246 5740 1823 5810">
    <p class='ocr_par' dir='ltr' id='par_1_56' title="bbox 246 5740 1823 5810">
     <span class='ocr_line' id='line_1_56' title="bbox 246 5740 1823 5810; baseline -0.001 -17"><span class='ocrx_word' id='word_1_577' title='bbox 246 5759 378 5808; x_wconf 65' lang='lat' dir='ltr'><strong><em>qua:</em></strong></span> <span class='ocrx_word' id='word_1_578' title='bbox 402 5742 612 5803; x_wconf 61' lang='lat' dir='ltr'><strong><em>Jo&#39;nnis</em></strong></span> <span class='ocrx_word' id='word_1_579' title='bbox 640 5743 891 5795; x_wconf 71' lang='grc' dir='ltr'><strong><em>Βιστιιηνιίί</em></strong></span> <span class='ocrx_word' id='word_1_580' title='bbox 920 5741 1129 5810; x_wconf 77' lang='lat' dir='ltr'><strong><em>B-:lg-.c?</em></strong></span> <span class='ocrx_word' id='word_1_581' title='bbox 1155 5758 1219 5793; x_wconf 85' lang='lat' dir='ltr'><strong><em>:m</em></strong></span> <span class='ocrx_word' id='word_1_582' title='bbox 1251 5757 1366 5806; x_wconf 68' lang='lat' dir='ltr'><strong><em>tunc</em></strong></span> <span class='ocrx_word' id='word_1_583' title='bbox 1394 5740 1658 5793; x_wconf 80' lang='lat' dir='ltr'><strong><em>Theodori</em></strong></span> <span class='ocrx_word' id='word_1_584' title='bbox 1690 5740 1823 5793; x_wconf 78' lang='lat' dir='ltr'><strong><em>Siu-</em></strong></span> 
     </span>
    </p>
   </div>
   <div class='ocr_carea' id='block_1_57' title="bbox 1942 4638 3512 4711">
    <p class='ocr_par' dir='ltr' id='par_1_57' title="bbox 1942 4638 3512 4711">
     <span class='ocr_line' id='line_1_57' title="bbox 1942 4638 3512 4711; baseline -0.001 -15"><span class='ocrx_word' id='word_1_585' title='bbox 1942 4645 2117 4707; x_wconf 79' lang='lat' dir='ltr'><strong><em>Plura,</em></strong></span> <span class='ocrx_word' id='word_1_586' title='bbox 2149 4645 2309 4697; x_wconf 76' lang='lat' dir='ltr'><strong><em>etiam</em></strong></span> <span class='ocrx_word' id='word_1_587' title='bbox 2352 4642 2754 4711; x_wconf 67' lang='lat' dir='ltr'><strong><em>dilianllS~illle</em></strong></span> <span class='ocrx_word' id='word_1_588' title='bbox 2805 4642 3125 4707; x_wconf 81' lang='lat' dir='ltr'><strong><em>conquisita.</em></strong></span> <span class='ocrx_word' id='word_1_589' title='bbox 3185 4638 3367 4694; x_wconf 79' lang='lat' dir='ltr'><strong><em>videre</em></strong></span> <span class='ocrx_word' id='word_1_590' title='bbox 3409 4657 3512 4695; x_wconf 89' lang='lat' dir='ltr'><strong><em>non</em></strong></span> 
     </span>
    </p>
   </div>
   <div class='ocr_carea' id='block_1_58' title="bbox 1940 4731 3512 4807">
    <p class='ocr_par' dir='ltr' id='par_1_58' title="bbox 1940 4731 3512 4807">
     <span class='ocr_line' id='line_1_58' title="bbox 1940 4731 3512 4807; baseline -0.002 -18"><span class='ocrx_word' id='word_1_591' title='bbox 1940 4736 2104 4807; x_wconf 76' lang='lat' dir='ltr'><strong><em>potui.</em></strong></span> <span class='ocrx_word' id='word_1_592' title='bbox 2139 4734 2242 4789; x_wconf 83' lang='lat' dir='ltr'><strong><em>Sed</em></strong></span> <span class='ocrx_word' id='word_1_593' title='bbox 2274 4736 2385 4787; x_wconf 68' lang='lat' dir='ltr'><strong><em>haec</em></strong></span> <span class='ocrx_word' id='word_1_594' title='bbox 2414 4737 2592 4787; x_wconf 75' lang='lat' dir='ltr'><strong><em>omnia</em></strong></span> <span class='ocrx_word' id='word_1_595' title='bbox 2625 4743 2713 4785; x_wconf 76' lang='lat' dir='ltr'><strong><em>aut</em></strong></span> <span class='ocrx_word' id='word_1_596' title='bbox 2746 4733 2965 4786; x_wconf 71' lang='lat' dir='ltr'><strong><em>riiicula</em></strong></span> <span class='ocrx_word' id='word_1_597' title='bbox 2998 4741 3141 4793; x_wconf 82' lang='lat' dir='ltr'><strong><em>sunt.</em></strong></span> <span class='ocrx_word' id='word_1_598' title='bbox 3174 4743 3258 4784; x_wconf 83' lang='lat' dir='ltr'><strong><em>aut</em></strong></span> <span class='ocrx_word' id='word_1_599' title='bbox 3283 4731 3346 4786; x_wconf 84' lang='lat' dir='ltr'><strong><em>ad</em></strong></span> <span class='ocrx_word' id='word_1_600' title='bbox 3370 4744 3512 4801; x_wconf 77' lang='lat' dir='ltr'><strong><em>pate-</em></strong></span> 
     </span>
    </p>
   </div>
   <div class='ocr_carea' id='block_1_59' title="bbox 1940 4824 3275 4893">
    <p class='ocr_par' dir='ltr' id='par_1_59' title="bbox 1940 4824 3275 4893">
     <span class='ocr_line' id='line_1_59' title="bbox 1940 4824 3275 4893; baseline -0.003 -11"><span class='ocrx_word' id='word_1_601' title='bbox 1940 4828 2204 4882; x_wconf 73' lang='lat' dir='ltr'><strong><em>facientlas</em></strong></span> <span class='ocrx_word' id='word_1_602' title='bbox 2235 4824 2401 4881; x_wconf 68' lang='grc' dir='ltr'><strong><em>Βηριἰί</em></strong></span> <span class='ocrx_word' id='word_1_603' title='bbox 2438 4825 3034 4893; x_wconf 64' lang='lat' dir='ltr'><strong><em>cogitationesunanimo</em></strong></span> <span class='ocrx_word' id='word_1_604' title='bbox 3066 4825 3275 4878; x_wconf 80' lang='lat' dir='ltr'><strong><em>idonea.</em></strong></span> 
     </span>
    </p>
   </div>
   <div class='ocr_carea' id='block_1_60' title="bbox 2012 4918 3513 4989">
    <p class='ocr_par' dir='ltr' id='par_1_60' title="bbox 2012 4918 3513 4989">
     <span class='ocr_line' id='line_1_60' title="bbox 2012 4918 3513 4989; baseline -0.001 -16"><span class='ocrx_word' id='word_1_605' title='bbox 2012 4920 2245 4974; x_wconf 83' lang='lat' dir='ltr'><strong><em>Primum</em></strong></span> <span class='ocrx_word' id='word_1_606' title='bbox 2279 4922 2416 4972; x_wconf 54' lang='lat' dir='ltr'><strong><em>titulun</em></strong></span> <span class='ocrx_word' id='word_1_607' title='bbox 2446 4936 2564 4989; x_wconf 77' lang='lat' dir='ltr'><strong><em>qua:</em></strong></span> <span class='ocrx_word' id='word_1_608' title='bbox 2605 4920 2663 4974; x_wconf 86' lang='lat' dir='ltr'><strong><em>S.</em></strong></span> <span class='ocrx_word' id='word_1_609' title='bbox 2699 4919 2921 4972; x_wconf 69' lang='lat' dir='ltr'><strong><em>Tltoma:</em></strong></span> <span class='ocrx_word' id='word_1_610' title='bbox 2955 4918 3262 4972; x_wconf 87' lang='lat' dir='ltr'><strong><em>tribuuntur</em></strong></span> <span class='ocrx_word' id='word_1_611' title='bbox 3294 4918 3345 4971; x_wconf 92' lang='lat' dir='ltr'><strong><em>in</em></strong></span> <span class='ocrx_word' id='word_1_612' title='bbox 3380 4918 3513 4971; x_wconf 83' lang='lat' dir='ltr'><strong><em>hanc</em></strong></span> 
     </span>
    </p>
   </div>
   <div class='ocr_carea' id='block_1_61' title="bbox 1940 5010 3512 5081">
    <p class='ocr_par' dir='ltr' id='par_1_61' title="bbox 1940 5010 3512 5081">
     <span class='ocr_line' id='line_1_61' title="bbox 1940 5010 3512 5081; baseline -0.003 -15"><span class='ocrx_word' id='word_1_613' title='bbox 1940 5013 2371 5066; x_wconf 76' lang='lat' dir='ltr'><strong><em>(Io-nsolntionem</em></strong></span> <span class='ocrx_word' id='word_1_614' title='bbox 2402 5012 2753 5081; x_wconf 71' lang='lat' dir='ltr'><strong><em>philusopltizc</em></strong></span> <span class='ocrx_word' id='word_1_615' title='bbox 2790 5010 3199 5074; x_wconf 79' lang='lat' dir='ltr'><strong><em>cmmnentaria,</em></strong></span> <span class='ocrx_word' id='word_1_616' title='bbox 3234 5010 3346 5062; x_wconf 73' lang='lat' dir='ltr'><strong><em>lucc</em></strong></span> <span class='ocrx_word' id='word_1_617' title='bbox 3386 5011 3512 5063; x_wconf 73' lang='lat' dir='ltr'><strong><em>ritil-</em></strong></span> 
     </span>
    </p>
   </div>
   <div class='ocr_carea' id='block_1_62' title="bbox 1875 5102 3510 5168">
    <p class='ocr_par' dir='ltr' id='par_1_62' title="bbox 1875 5102 3510 5168">
     <span class='ocr_line' id='line_1_62' title="bbox 1875 5102 3510 5168; baseline -0.006 -9"><span class='ocrx_word' id='word_1_618' title='bbox 1875 5133 1895 5151; x_wconf 79' lang='grc' dir='ltr'><strong><em>ο</em></strong></span> <span class='ocrx_word' id='word_1_619' title='bbox 1938 5106 2056 5159; x_wconf 78' lang='lat' dir='ltr'><strong><em>cola</em></strong></span> <span class='ocrx_word' id='word_1_620' title='bbox 2089 5115 2209 5157; x_wconf 80' lang='lat' dir='ltr'><strong><em>sntit</em></strong></span> <span class='ocrx_word' id='word_1_621' title='bbox 2236 5121 2247 5155; x_wconf 92' lang='lat'><strong>:</strong></span> <span class='ocrx_word' id='word_1_622' title='bbox 2282 5120 2424 5164; x_wconf 80' lang='lat' dir='ltr'><strong><em>nam,</em></strong></span> <span class='ocrx_word' id='word_1_623' title='bbox 2454 5114 2512 5156; x_wconf 80' lang='lat' dir='ltr'><strong><em>ut</em></strong></span> <span class='ocrx_word' id='word_1_624' title='bbox 2540 5104 2739 5156; x_wconf 78' lang='lat' dir='ltr'><strong><em>inﬁnita</em></strong></span> <span class='ocrx_word' id='word_1_625' title='bbox 2765 5103 3030 5165; x_wconf 82' lang='lat' dir='ltr'><strong><em>omittam,</em></strong></span> <span class='ocrx_word' id='word_1_626' title='bbox 3060 5102 3177 5168; x_wconf 78' lang='lat' dir='ltr'><strong><em>quis</em></strong></span> <span class='ocrx_word' id='word_1_627' title='bbox 3198 5109 3456 5165; x_wconf 72' lang='lat' dir='ltr'><strong><em>temperet</em></strong></span> <span class='ocrx_word' id='word_1_628' title='bbox 3484 5116 3510 5150; x_wconf 72' lang='grc' dir='ltr'><strong>ο</strong></span> 
     </span>
    </p>
   </div>
   <div class='ocr_carea' id='block_1_63' title="bbox 1940 5190 3510 5261">
    <p class='ocr_par' dir='ltr' id='par_1_63' title="bbox 1940 5190 3510 5261">
     <span class='ocr_line' id='line_1_63' title="bbox 1940 5190 3510 5261; baseline -0.006 -13"><span class='ocrx_word' id='word_1_629' title='bbox 1940 5196 2069 5259; x_wconf 86' lang='lat' dir='ltr'><strong><em>risu,</em></strong></span> <span class='ocrx_word' id='word_1_630' title='bbox 2101 5194 2323 5259; x_wconf 67' lang='lat' dir='ltr'><strong><em>legendo</em></strong></span> <span class='ocrx_word' id='word_1_631' title='bbox 2354 5194 2467 5248; x_wconf 70' lang='lat' dir='ltr'><strong><em>hanc</em></strong></span> <span class='ocrx_word' id='word_1_632' title='bbox 2508 5193 2602 5248; x_wconf 80' lang='lat' dir='ltr'><strong><em>lib.</em></strong></span> <span class='ocrx_word' id='word_1_633' title='bbox 2637 5210 2675 5258; x_wconf 87' lang='grc' dir='ltr'>ι,</span> <span class='ocrx_word' id='word_1_634' title='bbox 2709 5211 2853 5257; x_wconf 66' lang='grc' dir='ltr'>ιιιηις.</span> <span class='ocrx_word' id='word_1_635' title='bbox 2886 5195 2906 5246; x_wconf 77' lang='grc'>1</span> <span class='ocrx_word' id='word_1_636' title='bbox 2943 5212 2953 5244; x_wconf 85' lang='grc'>;</span> <span class='ocrx_word' id='word_1_637' title='bbox 2991 5192 3161 5261; x_wconf 59' lang='lat' dir='ltr'><strong><em>lileys,</em></strong></span> <span class='ocrx_word' id='word_1_638' title='bbox 3210 5190 3394 5256; x_wconf 84' lang='lat' dir='ltr'><strong><em>inquit,</em></strong></span> <span class='ocrx_word' id='word_1_639' title='bbox 3442 5199 3510 5239; x_wconf 79' lang='lat' dir='ltr'><strong><em>est</em></strong></span> 
     </span>
    </p>
   </div>
   <div class='ocr_carea' id='block_1_64' title="bbox 1935 5281 3511 5351">
    <p class='ocr_par' dir='ltr' id='par_1_64' title="bbox 1935 5281 3511 5351">
     <span class='ocr_line' id='line_1_64' title="bbox 1935 5281 3511 5351; baseline -0.004 -14"><span class='ocrx_word' id='word_1_640' title='bbox 1935 5286 2109 5337; x_wconf 83' lang='lat' dir='ltr'><strong><em>civitas</em></strong></span> <span class='ocrx_word' id='word_1_641' title='bbox 2130 5284 2362 5351; x_wconf 61' lang='lat' dir='ltr'><strong><em>lira-ciae,</em></strong></span> <span class='ocrx_word' id='word_1_642' title='bbox 2391 5286 2442 5337; x_wconf 90' lang='lat' dir='ltr'><strong><em>in</em></strong></span> <span class='ocrx_word' id='word_1_643' title='bbox 2467 5302 2565 5349; x_wconf 84' lang='lat' dir='ltr'><strong><em>qua</em></strong></span> <span class='ocrx_word' id='word_1_644' title='bbox 2587 5287 2775 5337; x_wconf 85' lang='lat' dir='ltr'><strong><em>studuit</em></strong></span> <span class='ocrx_word' id='word_1_645' title='bbox 2820 5286 3115 5336; x_wconf 71' lang='lat' dir='ltr'><strong><em>Aristoteles</em></strong></span> <span class='ocrx_word' id='word_1_646' title='bbox 3140 5297 3158 5333; x_wconf 90' lang='lat'><em>:</em></span> <span class='ocrx_word' id='word_1_647' title='bbox 3185 5281 3317 5332; x_wconf 85' lang='lat' dir='ltr'><strong><em>unde</em></strong></span> <span class='ocrx_word' id='word_1_648' title='bbox 3343 5282 3511 5331; x_wconf 79' lang='lat' dir='ltr'><strong><em>s‘mlm</em></strong></span> 
     </span>
    </p>
   </div>
   <div class='ocr_carea' id='block_1_65' title="bbox 1933 5373 3510 5451">
    <p class='ocr_par' dir='ltr' id='par_1_65' title="bbox 1933 5373 3510 5451">
     <span class='ocr_line' id='line_1_65' title="bbox 1933 5373 3510 5451; baseline -0.004 -22"><span class='ocrx_word' id='word_1_649' title='bbox 1933 5395 2025 5429; x_wconf 89' lang='lat' dir='ltr'><strong><em>sna</em></strong></span> <span class='ocrx_word' id='word_1_650' title='bbox 2043 5378 2283 5430; x_wconf 86' lang='lat' dir='ltr'><strong><em>dicuntur</em></strong></span> <span class='ocrx_word' id='word_1_651' title='bbox 2314 5376 2561 5432; x_wconf 83' lang='lat' dir='ltr'><strong><em>Eleatica.</em></strong></span> <span class='ocrx_word' id='word_1_652' title='bbox 2604 5379 2878 5431; x_wconf 80' lang='lat' dir='ltr'><strong><em>Academia</em></strong></span> <span class='ocrx_word' id='word_1_653' title='bbox 2910 5385 3076 5428; x_wconf 85' lang='lat' dir='ltr'><strong><em>autem</em></strong></span> <span class='ocrx_word' id='word_1_654' title='bbox 3114 5373 3408 5451; x_wconf 60' lang='lat' dir='ltr'><strong><em>fuitcit&#39;itas</em></strong></span> <span class='ocrx_word' id='word_1_655' title='bbox 3437 5374 3510 5423; x_wconf 54' lang='lat' dir='ltr'><strong><em>vrl</em></strong></span> 
     </span>
    </p>
   </div>
   <div class='ocr_carea' id='block_1_66' title="bbox 1937 5464 3509 5534">
    <p class='ocr_par' dir='ltr' id='par_1_66' title="bbox 1937 5464 3509 5534">
     <span class='ocr_line' id='line_1_66' title="bbox 1937 5464 3509 5534; baseline -0.002 -16"><span class='ocrx_word' id='word_1_656' title='bbox 1937 5468 2078 5530; x_wconf 82' lang='lat' dir='ltr'><strong><em>villa,</em></strong></span> <span class='ocrx_word' id='word_1_657' title='bbox 2112 5470 2161 5519; x_wconf 89' lang='lat' dir='ltr'><strong><em>in</em></strong></span> <span class='ocrx_word' id='word_1_658' title='bbox 2184 5484 2282 5534; x_wconf 84' lang='lat' dir='ltr'><strong><em>qua</em></strong></span> <span class='ocrx_word' id='word_1_659' title='bbox 2315 5468 2511 5521; x_wconf 79' lang='lat' dir='ltr'><strong><em>studuit</em></strong></span> <span class='ocrx_word' id='word_1_660' title='bbox 2550 5469 2738 5531; x_wconf 83' lang='lat' dir='ltr'><strong><em>Pla&#39;o;</em></strong></span> <span class='ocrx_word' id='word_1_661' title='bbox 2783 5468 2915 5519; x_wconf 84' lang='lat' dir='ltr'><strong><em>unde</em></strong></span> <span class='ocrx_word' id='word_1_662' title='bbox 2948 5466 3118 5519; x_wconf 88' lang='lat' dir='ltr'><strong><em>stadia</em></strong></span> <span class='ocrx_word' id='word_1_663' title='bbox 3145 5480 3237 5516; x_wconf 89' lang='lat' dir='ltr'><strong><em>sua</em></strong></span> <span class='ocrx_word' id='word_1_664' title='bbox 3272 5464 3509 5515; x_wconf 85' lang='lat' dir='ltr'><strong><em>dicuntur</em></strong></span> 
     </span>
    </p>
   </div>
   <div class='ocr_carea' id='block_1_67' title="bbox 1940 5553 3513 5621">
    <p class='ocr_par' dir='ltr' id='par_1_67' title="bbox 1940 5553 3513 5621">
     <span class='ocr_line' id='line_1_67' title="bbox 1940 5553 3513 5621; baseline -0.002 -14"><span class='ocrx_word' id='word_1_665' title='bbox 1940 5558 2272 5621; x_wconf 77' lang='lat' dir='ltr'><strong><em>Academico;</em></strong></span> <span class='ocrx_word' id='word_1_666' title='bbox 2302 5570 2389 5611; x_wconf 79' lang='lat' dir='ltr'><strong><em>aut</em></strong></span> <span class='ocrx_word' id='word_1_667' title='bbox 2441 5559 2555 5611; x_wconf 76' lang='lat' dir='ltr'><strong><em>lia-c</em></strong></span> <span class='ocrx_word' id='word_1_668' title='bbox 2604 5558 2695 5611; x_wconf 74' lang='lat' dir='ltr'><strong><em>liii.</em></strong></span> <span class='ocrx_word' id='word_1_669' title='bbox 2733 5574 2785 5618; x_wconf 83' lang='grc' dir='ltr'>ιι,</span> <span class='ocrx_word' id='word_1_670' title='bbox 2841 5569 2967 5607; x_wconf 79' lang='lat' dir='ltr'><strong><em>met.</em></strong></span> <span class='ocrx_word' id='word_1_671' title='bbox 3007 5558 3058 5613; x_wconf 66' lang='lat' dir='ltr'><strong><em>Ei.</em></strong></span> <span class='ocrx_word' id='word_1_672' title='bbox 3092 5553 3155 5606; x_wconf 81' lang='lat' dir='ltr'><strong><em>ad</em></strong></span> <span class='ocrx_word' id='word_1_673' title='bbox 3192 5556 3289 5607; x_wconf 78' lang='lat' dir='ltr'><strong><em>ista</em></strong></span> <span class='ocrx_word' id='word_1_674' title='bbox 3324 5554 3513 5617; x_wconf 72' lang='lat' dir='ltr'><strong><em>verba.</em></strong></span> 
     </span>
    </p>
   </div>
   <div class='ocr_carea' id='block_1_68' title="bbox 1938 5643 3508 5719">
    <p class='ocr_par' dir='ltr' id='par_1_68' title="bbox 1938 5643 3508 5719">
     <span class='ocr_line' id='line_1_68' title="bbox 1938 5643 3508 5719; baseline -0.004 -18"><span class='ocrx_word' id='word_1_675' title='bbox 1938 5649 2099 5719; x_wconf 84' lang='lat' dir='ltr'><strong><em>Tyrio</em></strong></span> <span class='ocrx_word' id='word_1_676' title='bbox 2132 5650 2356 5702; x_wconf 77' lang='lat' dir='ltr'><strong><em>miscere</em></strong></span> <span class='ocrx_word' id='word_1_677' title='bbox 2403 5664 2606 5700; x_wconf 74' lang='lat' dir='ltr'><strong><em>veneno</em></strong></span> <span class='ocrx_word' id='word_1_678' title='bbox 2633 5665 2642 5697; x_wconf 88' lang='lat'>:</span> <span class='ocrx_word' id='word_1_679' title='bbox 2678 5646 2880 5702; x_wconf 78' lang='lat' dir='ltr'><strong><em>&#39;I&#39;hiras.</em></strong></span> <span class='ocrx_word' id='word_1_680' title='bbox 2914 5646 3008 5705; x_wconf 73' lang='lat' dir='ltr'><strong><em>ait,</em></strong></span> <span class='ocrx_word' id='word_1_681' title='bbox 3041 5655 3111 5695; x_wconf 83' lang='lat' dir='ltr'><strong><em>est</em></strong></span> <span class='ocrx_word' id='word_1_682' title='bbox 3140 5659 3164 5692; x_wconf 87' lang='lat' dir='ltr'><strong><em>v</em></strong></span> <span class='ocrx_word' id='word_1_683' title='bbox 3185 5643 3317 5695; x_wconf 69' lang='lat' dir='ltr'><strong><em>ratis</em></strong></span> <span class='ocrx_word' id='word_1_684' title='bbox 3361 5658 3508 5695; x_wconf 80' lang='lat' dir='ltr'><strong><em>vene-</em></strong></span> 
     </span>
    </p>
   </div>
   <div class='ocr_carea' id='block_1_69' title="bbox 1939 5734 3508 5806">
    <p class='ocr_par' dir='ltr' id='par_1_69' title="bbox 1939 5734 3508 5806">
     <span class='ocr_line' id='line_1_69' title="bbox 1939 5734 3508 5806; baseline -0.004 -15"><span class='ocrx_word' id='word_1_685' title='bbox 1939 5756 2112 5805; x_wconf 85' lang='lat' dir='ltr'><strong><em>nosns,</em></strong></span> <span class='ocrx_word' id='word_1_686' title='bbox 2147 5741 2198 5791; x_wconf 90' lang='lat' dir='ltr'><strong><em>in</em></strong></span> <span class='ocrx_word' id='word_1_687' title='bbox 2228 5742 2375 5806; x_wconf 82' lang='lat' dir='ltr'><strong><em>cujus</em></strong></span> <span class='ocrx_word' id='word_1_688' title='bbox 2401 5738 2643 5805; x_wconf 81' lang='lat' dir='ltr'><strong><em>sanguine</em></strong></span> <span class='ocrx_word' id='word_1_689' title='bbox 2672 5734 2936 5799; x_wconf 79' lang='lat' dir='ltr'><strong><em>iatingi&#39;ur</em></strong></span> <span class='ocrx_word' id='word_1_690' title='bbox 2973 5747 3240 5801; x_wconf 84' lang='lat' dir='ltr'><strong><em>purpura;</em></strong></span> <span class='ocrx_word' id='word_1_691' title='bbox 3274 5753 3281 5783; x_wconf 92' lang='lat'><strong>:</strong></span> <span class='ocrx_word' id='word_1_692' title='bbox 3308 5750 3359 5785; x_wconf 88' lang='lat' dir='ltr'><strong><em>Il.</em></strong></span> <span class='ocrx_word' id='word_1_693' title='bbox 3395 5734 3508 5786; x_wconf 72' lang='lat' dir='ltr'><strong><em>lucc</em></strong></span> 
     </span>
    </p>
   </div>
  </div>
