3998 6368
518 278 612 365 ssi

1682 257 2037 362 AN.’3l.\‘.\'l..
2082 306 2239 375 δην.
2285 304 2596 363 BOETII'S.

3626 319 3715 375 53359.

518 416 607 471 lib.
652 431 725 480 m,
764 372 907 485 m3.
937 416 1005 471 8:
1041 417 1338 481 Att-totades,
1382 417 1566 487 inquit,
1600 397 1782 469 mittier
1832 418 1929 486 fuit
1966 419 2086 481 ναι-
2120 430 2170 487 Α
2266 416 2621 481 Quamonmn
2670 436 2731 473 σοι
2779 420 2864 474 his
2910 421 3080 475 tribus
3108 421 3333 489 primum
3364 424 3505 479 nobis
3540 430 3719 485 videtur

519 506 788 569 cherrima,
820 524 966 575 quam
992 508 1214 561 videntes
1260 508 1465 575 quidam
1513 508 1753 572 discipuli
1797 506 2088 562 Aristotelis

518 598 770 650 duxerunt
796 612 903 649 eam
932 600 997 651 ad
1011 597 1353 661 Aristotelem,
1372 600 1603 665 utipsam
1625 598 1840 657 videret;
1863 613 1962 665 qua
1984 598 2088 649 visa

518 686 648 739 dixit
670 701 689 738 :
715 686 773 739 Si
806 686 1034 739 homines
1059 686 1261 756 lynceos
1287 690 1460 741 oculos
1488 682 1748 751 haberent,
1794 696 2087 756 atqueque

518 774 767 827 obstantia
816 784 1147 841 penetrarent,
1182 778 1502 847 introspectis
1552 778 1857 842 visceribus,
1902 795 2089 844 corpus

516 864 655 929 quod
696 874 907 933 apparet
948 866 1373 931 pulcherrimum,
1410 868 1763 934 turpissimum
1804 870 2089 933 rideretur;

517 966 608 1007 aut
639 953 761 1009 lia-ce
779 956 1015 1024 ejusdem
1045 958 1159 1021 lib.,
1188 966 1315 1013 met.
1348 960 1403 1023 8,
1438 959 1505 1014 ad
1534 959 1669 1027 haec,
1698 961 1916 1029 Asperis
1946 962 2093 1013 celti-

519 1046 602 1099 nis
625 1062 638 1097 :
669 1045 895 1109 echinus,
924 1047 1111 1117 inquit,
1139 1057 1215 1101 est
1245 1049 1397 1117 piscis
1421 1064 1607 1118 parvus
1633 1049 1981 1117 semipedalis.
2007 1050 2092 1116 qui
2120 1064 2123 1065 '

517 1137 827 1191 adltmrendo
846 1139 1042 1194 videtur
1058 1142 1271 1193 retinere
1291 1154 1501 1193 navem:
1524 1140 1611 1194 ubi
1635 1142 1860 1211 ἐχενηὶς,
1887 1139 2093 1199 Latinis

517 1242 753 1290 remora,
786 1243 907 1282 cum
955 1229 1163 1284 echinis
1201 1231 1568 1286 confunditur.
1601 1216 1846 1286 inﬁnitus
1894 1231 2013 1288 sint.
2046 1232 2090 1283 si

517 1333 707 1372 omnes
734 1318 889 1386 hujus
914 1321 1202 1375 commenti
1234 1321 1409 1390 potius
1453 1337 1609 1391 quam
1640 1320 2010 1375 commentarii
2040 1320 2091 1375 in

517 1396 939 1475 grammatcam,
974 1413 1198 1478 pnes-im,
1231 1411 1532 1478 historiam,
1562 1421 1616 1465 et
1653 1422 1882 1465 ηιιιηιυιιι
1931 1410 2095 1479 ipsius‘

518 1497 685 1553 Boetii
716 1514 928 1553 errores
943 1502 1257 1554 contendam
1286 1516 1623 1556 enumerare.
1639 1501 1817 1568 Quare
1835 1499 1936 1554 hoc
1958 1515 2092 1569 opus

520 1603 629 1642 non
648 1590 969 1643 crediderim
1002 1608 1121 1645 esse
1147 1593 1206 1647 S.
1239 1593 1483 1647 Thomas.

595 1707 811 1762 Videtur
835 1720 1010 1763 autent
1038 1711 1140 1764 hoc
1179 1727 1314 1779 opus
1350 1727 1469 1767 esse
1517 1713 1741 1767 Thema:
1791 1715 2088 1783 enjnsdam,

520 1799 734 1853 natione
780 1800 951 1869 Angli,
998 1803 1161 1871 patria
1192 1804 1480 1866 Waleusis,
1513 1806 1699 1860 ordine
1729 1806 2082 1871 Dotninicatti,
2118 1790 2166 1850 Β

517 1886 604 1939 cui
630 1886 787 1941 etiam
813 1889 1062 1944 tribuitur
1081 1891 1298 1946 Summa
1320 1893 1524 1963 logicte,
1548 1909 1670 1963 qua:
1692 1901 1847 1966 vn'go
1867 1897 1923 1953 S.
1949 1900 1978 1950 Ἰ
1998 1899 2092 1951 lto-

518 1991 621 2028 utae
648 1976 852 2045 Aqniua
879 1978 923 2031 is
952 1980 1166 2039 nomine
1197 1983 1453 2050 impressa
1499 1985 1729 2052 legitur:
1759 1987 1897 2054 quod
1946 1988 2088 2041 enim

516 2063 751 2117 Thomas
782 2066 869 2119 ille
913 2068 1179 2123 diceretur
1210 2074 1474 2142 Anglicus.
1512 2084 1567 2128 et
1599 2075 1977 2134 Dominicauus
2007 2088 2088 2132 es-

517 2163 619 2217 set,
654 2165 868 2223 propter
898 2157 1143 2211 eumdem
1174 2160 1414 2215 ordinem
1441 2172 1494 2216 ct
1524 2168 1807 2232 quamdam
1848 2168 2089 2236 appella-

519 2241 679 2294 tionis
707 2242 1130 2310 similitudinem,
1164 2263 1349 2309 errore
1378 2260 1597 2322 typogra
1610 2255 1835 2322 phorum
1860 2257 1961 2311 dici
1992 2274 2087 2326 po-

519 2331 622 2386 tuit
659 2334 887 2411 primum
932 2336 1229 2404 Angelirus,
1270 2351 1452 2408 postea
1487 2344 1544 2397 S.
1579 2345 1831 2399 Thomas.
1867 2346 2000 2401 lliuc
2024 2348 2091 2402 ab

520 2421 624 2475 isto
649 2432 1016 2478 cOutmentore
1045 2426 1117 2478 lib
1172 2442 1230 2491 tt,
1260 2444 1386 2485 met.
1434 2433 1485 2497 l,
1517 2433 1711 2487 citatur
1736 2436 1958 2501 Alanus,
2000 2438 2088 2505 qni

524 2525 628 2564 non
659 2511 839 2581 ﬂoruit
865 2514 963 2567 nisi
1003 2518 1200 2570 sa'culo
1234 2519 1446 2575 decimo
1494 2534 1708 2593 quarto,
1749 2542 1868 2580 eum
1912 2538 2089 2585 tamen

522 2598 582 2654 S.
615 2599 847 2655 Thomas
878 2603 1070 2658 vixerit
1098 2621 1239 2662 anno
1267 2610 1425 2666 1274.
1458 2612 1590 2668 Hinc
1620 2626 1745 2683 puto
1782 2616 1921 2671 hunc
1942 2617 2089 2672 'l‘ho-

523 2701 662 2741 mam
688 2688 906 2757 Anglice
932 2693 1159 2751 locutum
1193 2698 1281 2752 lib.
1318 2716 1353 2761 ι,
1387 2718 1531 2772 pros.
1568 2705 1623 2768 4,
1658 2706 1770 2770 ubi,
1804 2706 2089 2777 Coentptio,

521 2774 711 2843 inquit,
740 2788 812 2831 est
840 2779 1090 2835 institutio
1130 2801 1283 2855 super
1306 2791 1478 2858 aliqua
1501 2794 1732 2862 portione
1756 2796 1929 2851 danda
1952 2774 2013 2850 de
2038 2774 2092 2854 re

515 2868 730 2920 eruenda
770 2871 847 2923 vel
890 2874 1173 2941 vendenda,
1206 2888 1250 2931 et
1285 2894 1507 2936 vocatur.
1532 2888 1805 2956 uulgariter
1850 2888 2087 2958 Usceur,

516 2974 819 3029 quanquam
849 2962 1005 3027 forte,
1032 2980 1247 3023 errante
1278 2976 1639 3044 typographo,
1664 2993 1843 3034 sermo
1870 2980 1966 3033 l'uit
1996 2983 2091 3035 de-

519 3060 789 3115 pravalus,
840 3053 1040 3110 Gallice
1088 3059 1313 3114 dicimus
1358 3068 1645 3132 ntonopole.
1689 3068 1882 3124 Nescio
1926 3074 2086 3127 etiam

513 3141 829 3229 qttontodoa
854 3143 909 3194 S.
941 3144 1143 3200 Tboina
1165 3149 1269 3203 dici
1300 3153 1563 3219 potuisset
1590 3157 1655 3209 ad
1689 3158 1849 3213 ﬁnem
1876 3160 1909 3214 2
1932 3164 2087 3217 metri
2117 3165 2165 3229 C

514 3227 607 3281 lib.
634 3244 671 3294 Ι,
705 3229 811 3283 hac:
838 3232 1199 3304 Marquardus.
1680 3238 1685 3241 ’
2070 3262 2075 3269 -

584 3352 661 3404 Ac
692 3368 756 3405 nc
811 3363 959 3420 putes
994 3373 1079 3412 me
1128 3361 1243 3416 bme
1292 3372 1492 3419 temere
1540 3367 1761 3438 lingere,
1810 3354 2092 3430 consulere

515 3440 712 3501 poteris
742 3456 864 3496 cum
916 3446 1207 3515 Vallinum,
1242 3462 1356 3507 tum
1405 3456 1564 3510 etiam
1612 3462 1951 3527 Ascensium,
2000 3467 2089 3533 qui

517 3528 717 3592 pariter
742 3542 935 3600 tti'gattl
960 3535 1016 3589 S.
1040 3535 1297 3594 Thomam
1329 3557 1448 3597 esse
1472 3544 1658 3600 horum
1685 3528 2091 3607 commentario—

513 3632 630 3691 rum
654 3629 944 3676 auctorem.
981 3623 1100 3679 Non
1120 3638 1287 3683 tamen
1309 3635 1549 3686 continuo
1576 3638 1741 3690 sancti
1760 3637 1970 3693 Tltontce
1983 3657 2089 3697 cre-

516 3714 756 3775 diderim,
805 3716 969 3787 inquit
1010 3723 1298 3779 Ascensius
1338 3729 1650 3795 pra-latione
1692 3731 1743 3785 in
1788 3733 1882 3788 hos
1917 3733 2085 3791 Boetii

511 3803 695 3870 libros,
723 3822 837 3859 cunt
867 3824 1022 3878 neque
1046 3812 1274 3881 pltrasim
1296 3816 1408 3885 ejus
1429 3817 1711 3886 reloleant,
1736 3839 1894 3892 neque
1911 3824 2089 3891 fecun-

512 3898 551 3944 rt
570 3903 723 3946 tatem
749 3896 891 3949 illam
920 3899 1221 3966 mirabilem,
1248 3920 1364 3973 qua:
1388 3905 1439 3958 in
1469 3910 1663 3962 caeteris
1701 3911 1946 3966 doctrinis
1976 3916 2088 3983 ejus

506 3993 599 4047 est,
627 3999 979 4055 assequuntur,
1006 4007 1167 4058 neque
1185 3996 1405 4064 tempori
1434 4009 1721 4068 congruant
1744 4014 1765 4055 :
1793 4018 1911 4054 nant
1932 4004 2088 4057 Alani

506 4077 778 4139 opuscula,
820 4093 967 4144 quem
1012 4080 1275 4143 plusculos
1312 4100 1479 4137 annos
1514 4097 1625 4156 post
1662 4089 1828 4155 ipsum
1854 4101 2085 4147 sanctum

509 4163 754 4218 Thomam
784 4167 966 4223 obiisse
984 4172 1197 4224 tradunt
1236 4189 1410 4229 earum
1440 4192 1608 4231 rerum
1638 4180 1808 4247 periti,
1842 4196 2082 4235 nonnun-

506 4269 655 4314 i,uam
680 4256 928 4327 allegant.

576 4376 777 4434 Deinde
800 4388 1185 4443 commentaria
1214 4388 1511 4459 Raymundi
1546 4394 1778 4451 Palasmi
1811 4398 2081 4456 Albieusis

503 4467 629 4522 dicti
666 4471 859 4526 \‘alder
879 4475 926 4528 ci
958 4475 1009 4529 iit
1044 4480 1214 4534 tribus
1244 4484 1542 4549 praesertim
1582 4497 1903 4544 versantur:
1940 4490 1993 4543 l'
2026 4495 2076 4545 in

504 4559 516 4610 l
538 4559 833 4615 r--vissimis
849 4566 1164 4631 quibusdam
1189 4572 1465 4625 nominum
1488 4574 1687 4643 aliquot
1702 4577 2074 4634 ob-curiorum

502 4646 1052 4720 interpretationibus,
1100 4661 1341 4730 margine
1390 4662 1509 4718 libri
1562 4664 1866 4734 inscriptis;
1918 4668 1978 4721 2'
2022 4670 2074 4724 in

501 4742 552 4796 lo
593 4745 726 4811 aiori
752 4748 981 4816 quadam
1010 4751 1239 4809 lectione
1269 4760 1652 4825 astronomiCa,
1698 4762 1764 4816 ad
1793 4778 2071 4833 exponen-

500 4835 596 4888 das
621 4835 761 4892 vices
789 4839 1008 4908 Ili-speri
1034 4846 1365 4902 occidentem
1397 4851 1558 4904 modo
1584 4854 1877 4922 sequentis,
1913 4857 2073 4912 modo

500 4926 759 4981 orientem
808 4933 1093 4998 pra-euntis
1130 4936 1339 4995 solem:
1374 4938 1479 4993 Pro
1521 4959 1739 5011 quorum
1788 4944 2071 5015 intellectu,

501 5016 669 5089 inquit
690 5022 757 5075 ad
790 5036 946 5077 metr.
975 5024 1008 5077 5
1038 5025 1129 5080 lib.
1160 5043 1195 5091 ι,
1225 5039 1300 5083 est
1329 5040 1470 5102 'optts
1510 5034 1883 5102 arcltimedare,
1917 5040 1973 5092 id
2001 5051 2075 5094 est

502 5110 743 5175 conﬁcere
779 5113 990 5182 ﬁguras,
1038 5134 1253 5185 quarum
1296 5122 1527 5177 inventor
1573 5126 1904 5183 Archimedes
1947 5132 2070 5199 fuit.
2124 5122 2136 5133 ’

504 5198 720 5257 Notetur
763 5204 887 5271 quid
931 5208 1169 5276 circulus,
1197 5213 1317 5279 quid
1342 5225 1592 5278 centrum,
1624 5220 1748 5285 quid
1773 5236 1915 5285 area,
1942 5198 2072 5291 quid

506 5295 891 5365 t'ircunferen'ia
912 5299 936 5350 ?
959 5299 1201 5371 Egregia:
1229 5304 1630 5364 adnotationes!
1656 5312 1722 5365 3°
1744 5328 1794 5366 .n
1821 5317 2072 5383 quaestio-

504 5384 669 5450 tibus,
700 5402 832 5456 quas
864 5401 1018 5444 vocat
1053 5392 1351 5450 Cratonicas
1378 5398 1519 5452 circa
1561 5400 1803 5468 quintum
1832 5403 2066 5460 librant:

498 5476 747 5543 Quarum,
788 5482 973 5551 inquit.
1004 5486 1112 5539 Ita'c
1133 5487 1429 5557 principalis
1452 5489 1627 5543 volitat
1654 5493 1887 5559 quastio,
1921 5493 2066 5547 vide-

495 5567 607 5618 licet
637 5580 826 5634 utrum,
866 5572 1039 5625 divina
1063 5574 1377 5643 providentia
1401 5576 1664 5641 existente,
1694 5577 1903 5631 liberum
1928 5581 2067 5633 arbi-

495 5656 645 5709 tritnn
667 5660 731 5712 sit
755 5661 1059 5719 nominibus.
1085 5665 1180 5719 Ubi
1218 5664 1482 5737 interpres
1508 5667 1599 5722 ille
1623 5667 1831 5723 videtur
1852 5678 2067 5725 senten-

499 5744 597 5799 tias
622 5747 787 5806 Boetii
819 5754 995 5807 animo
1023 5772 1124 5810 non
1153 5760 1642 5827 comprehendisse.

2109 4531 2158 4591 D

2194 520 2299 557 non
2331 509 2595 571 solliceto,
2627 514 2919 563 s‘cundut'tt
2971 512 3295 575 redundare,
3347 516 3540 570 tertium
3576 520 3721 590 impe.

2193 595 2433 649 dimento
2463 615 2582 651 isse
2619 601 2683 651 ad
2719 614 2950 653 tuentem
2986 600 3154 652 Boetii
3189 600 3273 654 hic
3315 606 3692 670 percipiendam.

2264 688 2457 743 Ρυδῑσιει
2487 692 2791 752 Αει-ριιεζυδ,
2828 702 2882 744 ιιι
2934 694 3047 759 ipse
3076 693 3280 761 iactitat
3308 695 3539 759 prmiicta
3562 700 3722 765 pnnfa.

2196 775 2361 844 tione,
2391 779 2563 829 docuit
2612 781 2896 832 carminum
2941 785 3099 852 leges,
3124 794 3172 837 et
3214 787 3321 836 vari
3354 793 3507 847 tates;
3538 791 3726 855 [atellas

2193 880 2390 934 quoque
2419 878 2462 920 et
2506 869 2745 921 Itistor.as
2783 872 3081 943 diligentius
3109 877 3369 937 recitavit;
3396 885 3438 928 et
3467 877 3726 933 Latinitatis

2194 963 2282 1005 aut
2312 968 2522 1009 strvatae
2542 967 2627 1008 aut
2658 960 2898 1028 neglectw
2924 964 3153 1016 virtutem
3179 975 3399 1034 aperuit,
3430 968 3591 1021 dolens
3612 974 3728 1038 quod

2194 1038 2374 1095 Graeca
2401 1046 2551 1098 verba
2571 1047 2782 1099 subinde
2808 1050 3001 1102 incerta
3024 1056 3243 1119 reperire
3270 1070 3508 1122 nusquam
3534 1062 3697 1126 potuit.
3776 1058 3787 1066 ’

2267 1131 2331 1184 At
2368 1134 2627 1201 interpres
2658 1138 2779 1201 iste,
2811 1155 3111 1206 quanquam
3157 1144 3255 1197 sibi
3298 1160 3604 1215 magnopere
3633 1163 3706 1215 pta

2192 1230 2334 1283 ceat,
2362 1224 2499 1289 apud
2522 1225 2657 1278 alios
2681 1238 2856 1281 tamen
2883 1233 3024 1285 male
3044 1233 3188 1286 audit
3216 1250 3228 1285 :
3260 1235 3518 1289 Ascensus
3538 1237 3728 1303 Badius,

2195 1308 2367 1379 inquit
2396 1313 2709 1371 Theodorus
2739 1318 3067 1382 Silzmanus,
3092 1323 3158 1375 de
3186 1339 3289 1391 quo
3322 1327 3497 1379 Statim
3524 1328 3728 1391 dicetur,

2193 1397 2326 1451 hunc
2349 1402 2573 1471 aliosque
2594 1407 2809 1475 optimos
2840 1417 3081 1473 auctores
3108 1412 3393 1481 quisquiliis
3417 1418 3645 1484 morisque
3661 1422 3733 1485 af-

2193 1489 2345 1557 faniis
2359 1490 2645 1559 inquinare,
2665 1495 2984 1564 impudenter
2996 1498 3183 1566 dicant,
3200 1518 3267 1554 an
3282 1503 3632 1573 imprudenter,
3651 1526 3735 1563 non

2193 1580 2457 1637 abstinuit.
2493 1585 2643 1650 Quod
2672 1586 2914 1641 Ascensii
2945 1589 3133 1643 vitium
3156 1595 3399 1660 quamvis
3430 1610 3528 1647 non
3557 1613 3736 1651 Cltttsm-

2114 1678 2117 1679 '
2196 1678 2302 1732 ret,
2339 1671 2476 1724 idem
2519 1674 2865 1728 nihilominus
2892 1675 3185 1732 Ascensius
3224 1682 3368 1749 ipsos
3398 1698 3497 1735 non
3525 1690 3738 1742 excessit

2191 1763 2551 1827 grammaticas
2596 1765 2810 1831 limites,
2852 1766 2985 1819 ultra
3026 1783 3160 1837 quos
3198 1771 3264 1823 ad
3312 1784 3606 1826 accuratam
3657 1774 3741 1827 lto-

2193 1864 2312 1903 runt
2344 1850 2600 1906 librorum
2641 1850 3046 1925 intelligentiam
3090 1858 3289 1928 aliquid
3336 1860 3438 1929 tnaj
3464 1877 3504 1915 is
3547 1864 3739 1917 deside-

2193 1950 2363 1995 ratur.
2732 2016 2733 2019 η

2263 2030 2412 2086 Subit
2445 2032 2681 2089 Joannes
2712 2035 3043 2103 Bernartius,
3073 2037 3182 2106 qui,
3216 2039 3397 2106 paucis
3425 2040 3473 2092 itt
3511 2040 3736 2104 solutam,

2194 2123 2647 2195 paucioribusque
2679 2130 2731 2181 itt
2778 2129 3017 2183 strictam
3060 2130 3198 2183 hanc
3246 2131 3415 2183 ltoetii
3469 2132 3743 2199 orationem

2191 2213 2411 2275 nctatis,
2443 2216 2680 2285 seipsum
2714 2218 2924 2271 videtur
2957 2220 3329 2273 illustrandum
3364 2233 3744 2290 ornandumque

2192 2300 2264 2353 ita
2294 2304 2619 2371 suscepiSse,
2652 2318 2710 2360 ut
2738 2307 2827 2361 ubi
2863 2308 3093 2377 pritnttm
3130 2311 3208 2363 Vt'l
3241 2312 3513 2364 minimam
3558 2312 3749 2365 nancis-

2193 2392 2335 2444 citur
2381 2397 2720 2453 occasionem
2752 2415 2938 2452 eorum
2969 2416 3193 2469 quorum
3243 2403 3556 2457 recmdatnr
3582 2394 3748 2456 dicen-

2190 2476 2403 2547 dorum,
2441 2483 2555 2539 Ita-c
2581 2488 2698 2542 sive
2722 2490 2787 2541 ad
2817 2489 3117 2544 institutum
3145 2494 3471 2557 conducant,
3501 2495 3608 2548 sive
3636 2510 3749 2555 non.

2193 2580 2471 2639 Congerat,
2518 2589 2669 2629 snam
2720 2579 2893 2646 potius
2931 2564 3286 2634 eruditionem
3333 2598 3493 2651 quam
3536 2584 3752 2639 auctoris

2193 2671 2426 2715 mentem
2458 2665 2648 2732 exposi
2675 2682 2823 2723 urus.
2860 2666 2973 2731 llic,
3010 2669 3179 2738 inquit
3209 2673 3498 2738 prmdictus
3538 2670 3753 2725 Simm-

2194 2763 2316 2814 nus,
2361 2750 2547 2805 l.brnm
2569 2754 2705 2807 hunc
2730 2757 2872 2810 nobis
2903 2758 3193 2812 tradidisset
3226 2760 3390 2813 multo
3417 2762 3687 2816 leniorem.
3713 2762 3755 2813 si

2192 2835 2417 2896 licuisset
2440 2860 2460 2897 :
2486 2845 2573 2897 sed
2601 2846 2873 2899 immatura
2902 2860 3061 2900 mone
3087 2847 3309 2903 s'tllarus
3330 2852 3384 2903 in
3410 2852 3655 2903 rationem
3680 2850 3757 2903 Li-

2191 2927 2362 2985 bitina:
2384 2936 2539 3001 venit,
2569 2933 2837 3002 telumque,
2861 2951 3013 3002 quam
3041 2947 3150 2992 erat
3170 2953 3403 3004 exorsus,
3423 2940 3758 3007 imperfectam

2192 3019 2411 3090 reliquit.

2265 3110 2515 3168 Succedit
2543 3111 2656 3183 ipse
2695 3112 3011 3168 Theodorus
3048 3116 3375 3182 Sitzmanus,
3402 3116 3496 3185 qui
3524 3127 3659 3172 totus
3686 3125 3761 3169 est

2197 3198 2249 3252 in
2274 3203 2663 3270 competiendis
2710 3202 2876 3256 variis
2922 3204 3258 3269 lectionibus,
3300 3215 3360 3258 ttt
3390 3222 3551 3272 quam
3582 3207 3759 3259 melius

2194 3304 2464 3360 exponere
2486 3309 2639 3349 sensa
2675 3292 2842 3347 Boetii
2875 3294 3284 3357 exi-tiniavet-i',
3314 3295 3458 3349 hanc
3495 3296 3763 3363 expunctis

2192 3391 2341 3433 cat-te.
2359 3384 2402 3436 is
2432 3394 2643 3437 moneat
2674 3382 3027 3437 retinendam.
3060 3401 3077 3432 ι
3116 3383 3319 3451 Quibus
3353 3395 3559 3447 tamen,
3584 3397 3636 3437 ut
3658 3384 3764 3452 ipse

2191 3466 2259 3522 de
2287 3471 2580 3539 semetipso
2608 3472 2702 3534 ait,
2756 3486 2859 3524 non
2908 3486 3031 3524 raro
3077 3471 3335 3541 ittspergil
3372 3474 3479 3527 alia
3507 3474 3760 3542 quamam,

2193 3562 2278 3616 vel
2305 3580 2368 3617 ex
2396 3564 2702 3633 philologia,
2724 3566 2807 3618 cui
2833 3563 2987 3617 unice
3014 3565 3269 3618 hactenus
3292 3565 3473 3619 fuerat
3500 3568 3763 3624 addictos:

2200 3655 2281 3704 vel
2312 3668 2376 3706 ex
2405 3654 2840 3722 jnrisprudentiat
2874 3653 3179 3721 ῃυΙίιιιορενθ
3212 3669 3382 3724 penu;
3424 3657 3512 3711 vel
3539 3673 3605 3711 ex
3648 3657 3768 3712 orbe

2192 3740 2280 3796 il'o
2306 3742 2732 3811 disciplinarum,
2755 3758 2874 3812 qua:
2896 3744 3073 3796 studio
3115 3744 3398 3811 sapientia-
3426 3745 3765 3811 famulantur,
3820 3778 3826 3786 -

2191 3833 2296 3901 pe‘i
2324 3849 2375 3888 a.
2428 3833 2577 3899 Quod
2627 3839 2873 3904 profecto,
2922 3833 3090 3898 addit,
3120 3850 3223 3887 non
3252 3836 3415 3900 aliam
3469 3840 3532 3890 ob
3572 3851 3772 3890 causam

2187 3925 2306 3994 feci,
2336 3941 2487 3994 quant
2510 3934 2562 3977 ut
2585 3937 2734 3996 grata
2761 3926 2864 3978 vice
2891 3941 3025 3977 nunc
3055 3925 3368 3991 prodessem,
3397 3942 3536 3979 nunc
3559 3926 3770 3978 delecta-

2185 4030 2312 4077 rem,
2343 4015 2436 4067 hoc
2457 4027 2553 4079 est,
2576 4017 2700 4069 utile
2720 4017 2857 4070 dulci
2879 4018 3162 4071 miscerem.
3206 4034 3225 4068 ι

2258 4106 2515 4160 Fidentine
2564 4107 2868 4161 liberaverit
2912 4120 3063 4162 suam
3110 4106 3195 4161 hic
3238 4107 3549 4173 interpres,
3598 4120 3772 4175 arquos

2185 4197 2356 4251 lector
2375 4196 2611 4262 jndicot.
2665 4200 2773 4267 Ego
2800 4213 2926 4253 vero
2955 4199 3237 4265 existimo,
3278 4201 3521 4266 primum
3567 4199 3775 4271 quidem

2184 4286 2355 4357 ipsum
2377 4287 2631 4342 orationis
2645 4290 2911 4343 Boetiante
2931 4299 3260 4354 coittextnm,
3286 4306 3457 4362 quem
3482 4292 3773 4355 recensuit,

2180 4381 2303 4434 aliis
2325 4380 2801 4449 perstricacioribus
2828 4381 2996 4434 oculis
3041 4381 3362 4449 indiguisse;
3402 4383 3613 4438 deinde
3640 4382 3777 4437 hunc

2184 4472 2530 4542 interpretem
2561 4472 2698 4527 alios
2731 4482 2966 4526 veterum
2998 4472 3250 4527 librorum
3304 4475 3643 4545 interpretes
3666 4476 3777 4528 inti-

2185 4572 2373 4627 tatum,
2407 4580 2511 4617 non
2542 4574 2648 4617 tam
2676 4564 2901 4618 aliorum
2929 4578 3087 4632 quam
3132 4566 3214 4620 sui
3241 4571 3421 4636 gratia
3450 4569 3776 4639 scripsisse:

2184 4656 2324 4709 unde
2355 4655 2424 4709 ita
2451 4655 2633 4708 citavit
2663 4656 2795 4709 alios
2824 4656 2940 4710 sive
2984 4667 3224 4712 oratores
3268 4660 3389 4713 sive
3436 4673 3654 4729 poetas,
3692 4658 3777 4727 qui

2182 4761 2329 4800 more
2364 4745 2531 4800 Boetii
2575 4746 2733 4801 locuti
2771 4746 3013 4813 fuerant,
3046 4758 3104 4801 ut
3132 4764 3253 4803 cum
3278 4765 3452 4805 unum
3506 4761 3777 4807 aucturum

2179 4838 2501 4908 suscepisset
2549 4839 2959 4907 explicandum,
3018 4840 3224 4908 plures,
3277 4843 3439 4895 nullo
3500 4845 3776 4913 exposito,

2178 4933 2333 4986 nobis
2365 4941 2624 5002 proponat
2669 4932 3120 5001 interpretandos,
3156 4934 3315 4988 homo
3361 4935 3546 4990 telicis
3579 4950 3781 4990 memo-

2179 5024 2289 5077 rite.

2250 5113 2486 5181 Denique
2514 5114 2778 5183 leinus,
2821 5125 3001 5170 nostro
3026 5116 3258 5184 judicio,
3290 5120 3551 5171 omnium
3583 5119 3782 5187 optime

2175 5210 2241 5266 de
2272 5211 2454 5265 Boctio
2488 5212 2825 5266 meritusrest
2858 5228 2873 5266 ε
2914 5222 3222 5265 contextum
3268 5214 3421 5265 enim
3477 5214 3781 5281 smpissitne

2176 5316 2484 5373 corruptum
2532 5305 2837 5357 etin-inlusit
2870 5321 2883 5355 :
2927 5302 3304 5371 quamobrem,
3344 5315 3405 5355 ttt
3456 5304 3581 5369 ipse
3618 5303 3691 5356 de
3727 5314 3780 5354 se

2176 5395 2270 5457 ait,
2301 5396 2517 5465 optimos
2536 5406 2760 5464 quosque
2779 5395 2921 5447 codic
2952 5410 2976 5446 s
2998 5393 3322 5448 consuluimu
3375 5404 3783 5459 contextumque

2173 5501 2235 5539 ea:
2275 5502 2449 5539 eorum
2478 5488 2770 5554 plerumque
2800 5501 3049 5537 consensu
3088 5485 3471 5537 recensuinttts.
3512 5482 3565 5536 Ii
3615 5494 3783 5535 autent

2174 5583 2317 5649 fuere
2341 5578 2442 5631 duo
2463 5594 2617 5631 manu
2644 5578 2842 5630 exarati
2868 5576 3045 5632 Sancti
3083 5575 3321 5638 Victoris;
3356 5578 3474 5627 duo
3507 5592 3576 5628 ex
3605 5574 3727 5627 bibli
3744 5595 3783 5619 ι·

2174 5671 2318 5722 tlteca
2345 5667 2559 5723 Tltuana
2582 5669 2830 5736 iidemque
2852 5667 3195 5728 vetustissimi;
3211 5682 3272 5719 ea:
3285 5667 3439 5735 regia
3458 5680 3626 5727 unus;
3646 5666 3788 5717 item~

2174 5778 2268 5830 quc
2297 5761 2400 5812 duo
2423 5761 2536 5827 me",
2568 5760 2654 5813 sed
2677 5761 2992 5813 recentiores.
3017 5757 3226 5811 (ira'cus
3247 5770 3462 5826 quoque
3484 5756 3788 5811 eorumdtm
