3998 6368
244 291 340 347 555

822 292 886 347 ΙΝ
929 287 1167 347 LIBROS
1209 291 1293 347 DE
1330 289 1855 348 CONSOLATIONE
1894 286 2364 346 PIIILOSOI‘IIIZE
2407 284 2933 345 PROLEGOMENA.

3399 284 3502 339 554

244 413 480 465 librorum
507 411 687 477 codex,
722 427 843 478 quos
872 410 1049 463 (ἰν-(εει
1076 408 1427 476 interpretatus
1450 419 1520 461 est
1564 408 1818 460 Maximus
1846 408 1895 467 Α
1925 419 2109 470 nosse,
2138 405 2262 460 ideo
2291 422 2483 473 propos
2510 417 2561 459 ta
2610 423 2741 460 ηυν.ι
2800 406 3025 459 lectione
3054 417 3200 465 veta,
3261 402 3505 457 arbitrati

248 503 338 557 Plu
378 504 502 555 ades
542 518 605 555 ex
633 503 808 555 eadem
852 501 1146 555 bibliotheca
1189 501 1347 569 regia.
1388 500 1465 553 Ex
1509 501 1659 553 editis
1706 516 1821 553 vero

246 597 569 649 Florentium
581 598 701 649 anui
724 597 856 650 1515
871 607 914 648 et
936 597 1069 649 alius
1081 597 1242 665 quivis
1263 596 1503 663 optimus.
1520 594 1819 661 Quinetiam

243 687 376 741 idem
409 686 653 740 Vallinus
692 687 952 755 quosdam
990 686 1146 754 lmjus
1188 684 1428 755 Opusculi
1470 684 1647 746 locos,
1690 697 1823 752 quos

244 777 580 833 obscuriores
610 781 832 846 putavit,
863 777 975 831 suis
1006 778 1145 831 notis
1174 778 1441 832 illustrare
1462 784 1688 831 conatus
1718 785 1818 830 est.

244 872 525 939 I’rop'erca
570 887 691 940 qua:
738 871 973 939 Lugduni
1006 871 1354 931 llatavorum,
1408 885 1595 922 novem
1628 868 1824 923 abhinc

241 977 304 1013 an
348 962 417 1025 is,
447 962 587 1029 typis
611 962 854 1014 mandata
875 969 1019 1024 sunt,
1042 960 1321 1013 Variorum
1344 958 1401 1013 in
1428 960 1561 1013 hanc
1586 959 1824 1025 philoso-

241 1055 377 1118 phiae
397 1052 830 1107 Consolationem
861 1053 1273 1113 commentaria,
1306 1052 1421 1104 haec
1448 1050 1672 1104 Joannis
1700 1051 1827 1104 Ber-

240 1145 422 1207 uattii,
454 1144 721 1199 Theodori
774 1143 1065 1210 Sitzmani,
1116 1152 1169 1197 et
1198 1144 1385 1196 Renati
1417 1142 1612 1197 Valliui
1664 1142 1825 1208 notis,

241 1237 383 1290 velut
412 1247 731 1292 caementum
763 1238 879 1291 sine
902 1236 1073 1302 calce,
1102 1245 1370 1290 constant.

309 1334 430 1399 Ipse
465 1342 642 1386 tamen
672 1330 932 1397 Vallinus,
959 1331 1159 1385 omissa
1190 1330 1335 1383 omni
1357 1328 1827 1384 verboruminter-

241 1423 579 1490 pretatione,
634 1423 899 1490 tacitaque
950 1421 1200 1475 Boetiaua
1247 1417 1551 1488 disputandi
1602 1417 1827 1480 ratione,

244 1527 398 1567 notas
426 1513 677 1567 adhibuit
700 1521 804 1566 tam
836 1527 988 1566 raras
1017 1520 1229 1580 tamque
1256 1510 1463 1574 breves,
1500 1508 1616 1577 ejus
1647 1515 1703 1560 ttt
1749 1506 1831 1560 la-

244 1606 361 1670 bor,
384 1604 585 1672 aliaqui
616 1604 791 1668 utilis,
824 1605 890 1657 ad
940 1602 1230 1671 perfectam
1258 1600 1414 1670 hujus
1443 1601 1623 1669 operis
1652 1598 1835 1667 cogni-

246 1699 443 1753 tionem
480 1697 777 1751 babcndatn
812 1698 1058 1751 sulticere
1088 1711 1193 1749 non
1227 1696 1413 1764 possit.
1460 1694 1527 1747 Et
1556 1692 1670 1747 haec
1697 1693 1834 1745 auti-

1928 511 2113 551 sumus
2151 497 2321 550 omitti
2356 511 2511 564 posse
2554 508 2789 551 veterem
2830 497 3115 561 ialsam,et
3171 494 3389 565 quidem
3444 510 3509 547 ea

1930 585 2219 648 lubentius,
2250 585 2391 654 quod
2429 600 2549 639 cum
2578 588 2753 640 nullus
2781 586 2891 640 fere
2939 586 3097 640 fuerit
3123 584 3283 650 hujus
3329 586 3511 652 operis

1930 679 2103 740 locus,
2135 676 2225 745 qtti
2256 675 2542 743 aliquando
2588 691 2692 730 non
2720 676 2882 731 fuerit
2908 684 3213 741 corruptus,
3248 674 3311 727 ad
3365 674 3511 729 fasti-

1928 768 2073 823 dium
2108 783 2276 839 usque
2305 767 3018 837 repeteudrel'uissentvariaa
3041 766 3314 821 lectiones.
3333 766 3513 832 Quan-

1929 875 2086 927 quam
2121 875 2187 914 ne
2228 858 2351 913 huic
2378 860 2537 912 etiam
2570 857 2747 911 ollicio
2776 856 3107 917 deessemus.
3139 856 3203 909 ad
3234 855 3393 908 ﬁnem
3418 872 3512 909 no-

1930 949 2026 1002 stri
2051 948 2230 1017 operis
2248 948 2423 1001 varias
2439 946 2695 1001 lectiones
2720 945 2912 1000 Vallini
2938 946 3219 1000 retulimus
3240 946 3305 1001 ad
3329 962 3515 1001 numee

1932 1056 2019 1094 ros
2042 1040 2199 1107 hujus
2221 1038 2338 1092 libri
2363 1038 2809 1093 aer-omniodatas.

2000 1128 2055 1182 2.
2100 1128 2483 1197 Proposuimus
2527 1126 2719 1196 duplex
2765 1140 2931 1189 genus
2962 1138 3427 1195 argumentorum,
3461 1113 3543 1181 utI

1934 1236 2037 1274 una
2071 1220 2239 1273 veluti
2293 1219 2617 1287 cogitatione
2662 1219 2830 1273 lector
2872 1217 3300 1273 animadvertere
3329 1222 3515 1285 |0$sil,

1933 1311 2057 1381 quid
2083 1311 2133 1364 in
2168 1319 2281 1364 toto
2322 1310 2413 1363 illo
2437 1323 2601 1375 opere
2652 1318 2706 1362 et
2734 1308 2972 1378 qualibet
2998 1308 3113 1377 ejus
3159 1316 3306 1377 parte
3350 1309 3518 1363 conti~

1935 1414 2145 1459 neatur.
2171 1403 2406 1457 Primum
2437 1413 2519 1458 est
2569 1403 2685 1457 idea
2718 1402 2881 1456 totius
2904 1403 3084 1471 operis
3113 1418 3127 1455 :
3159 1402 3246 1455 ubi
3279 1400 3520 1459 formatis

1935 1495 2249 1565 quibusdam
2283 1493 2851 1564 argumentationibus,
2882 1500 3115 1549 mentem
3150 1494 3380 1547 lectoris
3407 1493 3522 1547 eiii-

1936 1588 2115 1641 cacius
2136 1586 2552 1650 commovendo,
2579 1586 2749 1640 Boetii
2777 1600 2933 1639 sensa
2962 1585 3130 1654 magis
3155 1584 3522 1645 demonstrare

1937 1692 2123 1733 sumus
2151 1678 2350 1731 conati.
2383 1674 2621 1731 Alterum
2667 1685 2750 1730 est
2796 1678 3145 1731 summarium
3179 1677 3522 1746 uniuscujus-

244 1804 348 1858 qua
393 1797 556 1851 sunt,
603 1790 715 1842 sive
758 1790 931 1857 potius
962 1788 1138 1841 minus
1168 1789 1401 1841 recentia
1445 1784 1833 1841 Consolationis

1946 1783 2047 1837 que
2078 1768 2286 1835 capitis;
2333 1767 2385 1821 in
2417 1782 2524 1836 quo
2553 1782 2662 1821 non
2715 1767 2889 1821 solum
2921 1768 3145 1822 dicenda
3174 1809 3188 1831 ,
3216 1770 3309 1823 scd
3341 1769 3523 1824 dicen-

248 1880 633 1949 philosophiczc
660 1881 1063 1934 commentaria.

317 2062 580 2118 Prmdicta
612 2063 1113 2118 commentariorum
1150 2063 1200 2116 in
1250 2060 1679 2115 Coosolationcm
1714 2059 1834 2127 phi-

249 2159 575 2228 losophicam
630 2158 753 2211 vitia
785 2159 984 2227 optime
1038 2156 1411 2210 animadvertit
1442 2156 1520 2208 vir
1551 2163 1609 2207 ut
1649 2164 1829 2223 gente,

251 2255 319 2306 sic
350 2252 597 2306 doctrina
631 2253 883 2318 omnique
935 2252 1187 2303 virtutum
1217 2264 1411 2317 genere
1451 2246 1835 2317 praestantissi-

251 2359 398 2407 usus,
449 2339 675 2395 Carolus
729 2340 1246 2403 Saucta-hlaurrcus,
1294 2336 1634 2391 Montauserii
1690 2336 1834 2399 dux,

249 2430 592 2486 Serenissimi
618 2430 856 2499 Delphini
882 2429 1206 2493 moderator,
1258 2436 1313 2482 et
1336 2442 1431 2497 pro
1460 2426 1713 2495 singulari
1742 2437 1838 2479 sua

251 2526 297 2577 in
321 2524 484 2579 rebus
509 2524 811 2593 principum
835 2522 1176 2577 consulendis
1200 2519 1499 2587 prudentia,
1523 2533 1664 2587 aegre
1696 2519 1837 2581 tulit,

251 2618 378 2668 facta
438 2611 841 2683 prudentissimi
908 2612 1047 2667 illius
1110 2610 1327 2676 Aulici,
1385 2609 1536 2680 cujus
1603 2607 1840 2664 consiliis

248 2708 481 2777 quandiu
528 2720 657 2761 usus
707 2715 788 2761 est
843 2722 932 2760 rex
984 2704 1384 2767 Theodericus,
1436 2702 1617 2757 tandiu
1677 2701 1837 2755 vitam

250 2801 455 2865 optimo
489 2798 817 2867 imperatore
845 2796 1055 2866 dignam
1089 2795 1216 2863 egit,
1242 2792 1638 2847 obscurioribus
1666 2791 1839 2845 verbis

252 2894 424 2946 velata
485 2890 677 2943 latere.
740 2888 975 2956 ldipsum
1034 2887 1196 2941 etiam
1251 2886 1397 2939 novit
1454 2883 1839 2937 illustrissimus

252 2983 510 3037 Ecclesiae
535 2980 784 3050 princeps
809 2978 1041 3034 Jacobus
1066 2979 1335 3047 Benigous
1357 2976 1683 3037 Bossuetius,
1701 2974 1841 3029 Con-

249 3076 525 3129 domensis
553 3073 870 3142 episcopus,
910 3071 1154 3139 ejusdem
1204 3068 1546 3126 Sereuissimi
1592 3066 1838 3135 Βι-ιριιὶιιῖ

251 3141 677 3234 praeceptor,et
726 3179 821 3233 pro
863 3163 1056 3217 eximia
1090 3176 1183 3215 sua
1240 3161 1291 3215 in
1322 3159 1515 3214 divinis
1572 3160 1840 3229 mysteriis
1867 3141 1913 3203 (ἶ

250 3257 516 3328 sapientia
547 3256 757 3320 doluit,
792 3254 1019 3323 cogitata
1062 3250 1441 3321 sapientissimi
1470 3250 1608 3304 illius
1640 3249 1843 3305 theolo-

247 3350 318 3418 gi.
350 3364 461 3419 quo
484 3347 716 3402 docente
756 3347 986 3400 humana
1038 3344 1256 3398 libertas
1282 3357 1401 3397 cum
1433 3342 1617 3396 divina
1667 3342 1844 3410 provi-

250 3441 429 3494 dentia
480 3436 815 3501 conciliatur,
859 3435 1237 3504 compressiori
1278 3434 1506 3500 quodam
1541 3432 1840 3487 disserendi

250 3532 411 3585 modo
436 3530 703 3585 occultata
736 3529 989 3598 ignorari.
1019 3528 1075 3582 Id
1105 3543 1317 3597 quoque
1357 3526 1494 3582 vidit
1514 3526 1841 3581 clarissimus

249 3623 329 3676 vir
355 3623 553 3677 Petrus
600 3620 782 3674 Daniel
827 3620 1079 3683 lluetius,
1114 3626 1313 3673 nostra:
1358 3616 1625 3687 quondam
1670 3616 1840 3672 Cade-

250 3715 456 3766 mensis
502 3710 788 3764 acadetnia:
815 3710 1081 3773 alumnus;
1106 3710 1257 3776 cujus
1296 3708 1457 3763 etiam
1488 3722 1651 3777 opera
1701 3708 1838 3761 idem

251 3804 627 3858 Serenissimus
659 3804 890 3871 princeps
916 3803 980 3855 ad
1011 3803 1307 3857 litterarum
1348 3812 1402 3857 et
1427 3802 1703 3871 sapientia:
1729 3811 1840 3856 stu-

245 3897 329 3951 dia
353 3898 549 3961 utitur,
583 3904 635 3950 ct
664 3910 761 3963 pro
790 3895 1085 3950 incredibili
1117 3912 1211 3949 sua
1241 3897 1291 3950 in
1324 3896 1573 3951 omnibus
1599 3894 1841 3965 disciplio

247 3987 328 4041 nis
385 3986 695 4041 eruditione
752 3985 1347 4056 ingemuit,elegantia
1402 3986 1839 4043 excellentissimi

244 4077 409 4147 hujus
438 4093 562 4134 cum
609 4078 860 4144 oratoris,
891 4088 1000 4133 tum
1054 4088 1247 4148 poetas,
1277 4080 1330 4133 in
1360 4094 1467 4148 quo
1508 4089 1756 4148 tauquam
1787 4080 1837 4133 in

242 4170 439 4224 ultimo
467 4170 829 4224 Romanorum
862 4170 1073 4226 btercde
1110 4172 1250 4226 dites
1283 4173 1513 4240 purioris
1541 4172 1839 4227 Latinitatis

241 4261 492 4333 reliquias
520 4263 871 4318 servabantur
898 4264 1209 4328 reconditae,
1239 4264 1382 4319 dicta
1413 4266 1553 4319 inter
1583 4266 1839 4321 obscuros

240 4350 455 4407 barbari
488 4352 571 4406 sui
603 4353 782 4408 saeculi
833 4364 1083 4410 auctores
1116 4357 1371 4425 permista
1402 4357 1691 4411 contemni.
1720 4357 1836 4424 Illa,

240 4443 490 4511 inquam,
522 4444 777 4513 prmclara
809 4444 996 4499 Gallia:
1048 4455 1248 4500 nostrae
1289 4446 1485 4499 lumina
1540 4446 1835 4515 improbam

1937 1861 2127 1915 dorum
2166 1860 2407 1915 ordinem
2444 1860 2677 1914 breviter
2697 1859 2959 1928 complexi
2986 1875 3191 1914 sumus.

2006 1955 2059 2007 5.
2091 1952 2347 2020 Quamvis
2369 1954 2421 2006 bl
2454 1951 2610 2015 tituli,
2641 1950 2864 2005 Marum
2884 1992 2899 2017 ,
2930 1951 3112 2014 Prosa,
3156 1967 3182 2001 a
3216 1952 3521 2005 recentiori.

1937 2044 2035 2098 bus
2062 2046 2251 2099 horum
2283 2044 2538 2099 librorum
2582 2042 3051 2111 interpolatoribus
3081 2042 3275 2095 inierint
3304 2044 3518 2106 invecti,

1937 2146 1993 2193 et
2016 2136 2268 2207 juvandas
2299 2135 2552 2191 duntaxat
2583 2136 2854 2190 memoria:
2880 2150 3037 2189 causa
3070 2135 3316 2204 adpositi,
3349 2136 3520 2205 iisque

1938 2245 2126 2286 omnes
2150 2238 2358 2285 veteres
2386 2229 2537 2296 libri,
2571 2238 2623 2285 et
2644 2230 2843 2298 Optima
2876 2228 3041 2283 editio
3082 2228 3391 2283 Florentius
3437 2244 3523 2283 ca-

1938 2332 2115 2389 reant,
2147 2337 2204 2376 ut
2234 2323 2460 2378 advertit
2482 2322 2769 2392 praedictus
2800 2322 3060 2388 Vallinus,
3088 2321 3186 2376 hos
3210 2331 3387 2376 tamen
3420 2330 3525 2379 non

1938 2415 2263 2471 omittendos
2290 2431 2410 2470 csse
2436 2416 2723 2475 duximus;
2761 2416 3011 2485 quoniam
3044 2430 3183 2469 nunc
3233 2417 3299 2470 ita
3336 2416 3387 2470 in
3416 2426 3513 2471 uSu

1939 2517 2087 2573 sunt,
2123 2515 2183 2577 ιιι
2227 2509 2437 2577 quoties
2490 2508 2733 2562 laudatur
2783 2508 2997 2562 Boetius
3024 2507 3091 2561 de
3134 2506 3518 2563 Consolatione

1939 2598 2293 2669 philosophia:
2329 2597 2349 2669 (
2377 2598 2621 2651 laudatur
2650 2606 2825 2652 autem
2867 2597 3246 2667 saepissime),
3284 2599 3441 2653 toties
3469 2600 3522 2653 hi

1942 2694 2077 2750 tituli
2131 2694 2493 2748 nominentur.
2526 2692 2659 2759 Quid
2708 2706 2836 2747 vero
2883 2691 2979 2745 has
3024 2701 3179 2745 notas
3231 2693 3527 2760 neg'ex'sse

1943 2795 2155 2853 noceat,
2197 2794 2454 2856 expertus
2482 2793 2564 2838 est
2602 2782 2718 2851 ipse
2757 2780 2995 2834 Vallinus
3025 2794 3181 2833 :cum
3214 2781 3369 2848 hujus
3416 2781 3528 2834 edi-

1942 2878 2088 2933 tione
2115 2891 2220 2931 non
2249 2879 2365 2931 s'ne
2397 2887 2587 2941 magno
2638 2870 2892 2939 temporis
2920 2869 3225 2939 dispendio,
3255 2870 3321 2925 ad
3372 2870 3528 2925 Iidem

1942 2968 2179 3025 auctoris
2224 2967 2467 3022 Boetium
2504 2962 2822 3035 appellantis
2854 2962 3180 3032 probandam
3220 2962 3299 3017 uti
3351 2964 3527 3018 valea-
3594 3017 3601 3023 ,

1943 3075 2062 3115 mus
2095 3076 2109 3112 :
2144 3058 2283 3112 unde
2310 3057 2688 3112 contemnitur.

2015 3150 2068 3204 4.
2096 3151 2301 3204 Genera
2331 3162 2603 3212 versuum,
2626 3144 2822 3215 quibus
2868 3144 2953 3200 hic
3001 3158 3128 3199 usus
3154 3152 3238 3199 est
3289 3144 3524 3212 Boetius,

1945 3241 2232 3312 preposilis
2258 3253 2444 3293 eorum
2477 3237 2699 3307 legibus,
2744 3244 2870 3292 ante
2920 3236 3335 3303 nominavimus,
3364 3252 3523 3307 quam

1942 3332 2254 3389 corumdem
2282 3329 2777 3397 interpretationem
2808 3335 2863 3381 et
2891 3338 3043 3380 notas
3070 3328 3480 3396 aggredi-remur
3512 3347 3526 3383 :

1941 3423 2083 3494 quod
2139 3437 2206 3475 ex
2267 3420 2350 3474 his
2397 3420 2545 3489 plura
2600 3419 2711 3472 sint
2768 3417 2946 3471 minus
2982 3418 3198 3481 usitata,
3251 3412 3529 3489 tyronibus

1944 3513 2262 3585 praesertim,
2292 3526 2515 3581 quorum
2546 3510 2716 3579 gratia
2759 3508 2977 3564 Graecas
3001 3524 3214 3579 quoque
3246 3510 3528 3578 dictiones,

1941 3608 2136 3676 quibus
2182 3606 2236 3660 hi
2263 3620 2453 3661 versus
2479 3604 2765 3673 signiﬁcari
2820 3604 3016 3668 solent,
3044 3614 3227 3675 utpote
3254 3606 3531 3661 obscurio-

1941 3716 2050 3765 res,
2077 3697 2385 3753 vitavimus.
2411 3696 2616 3752 Versus
2664 3695 2716 3750 hi
2768 3696 3075 3763 multiplicis
3124 3709 3246 3752 sunt
3293 3701 3528 3768 generis.

1942 3805 2041 3846 nec
2092 3789 2321 3843 interest
2367 3785 2673 3849 numerari;
2724 3785 2815 3839 sed
2870 3787 3131 3851 carmina,
3159 3802 3279 3856 quae
3324 3804 3390 3842 ex
3448 3788 3530 3843 his

1940 3882 2183 3938 versibus
2209 3886 2478 3943 constant,
2511 3876 2576 3932 ad
2607 3891 2707 3933 sex
2740 3885 2794 3931 et
2821 3877 3003 3946 viginti
3032 3892 3228 3948 genera
3270 3895 3531 3935 revocan-

1942 3984 2047 4028 IUI'.

2118 4080 2457 4149 Subjecimus
2505 4079 3031 4148 interpretationem,
3074 4078 3274 4133 stricta:
3314 4078 3529 4149 quidem

1940 4172 2198 4229 orationis
2226 4170 2616 4235 continuatam,
2648 4171 2835 4224 soluta:
2863 4185 2995 4226 vero
3024 4170 3373 4238 interruptam
3403 4187 3531 4237 ;eo-

1942 4281 2057 4320 rum
2086 4279 2258 4327 more,
2288 4262 2378 4332 qui
2411 4271 2535 4317 ante
2584 4278 2682 4316 nos
2718 4262 2870 4331 jussu
2920 4263 3173 4317 Ludovici
3224 4264 3417 4333 Magni,
3464 4270 3530 4319 ad

1940 4372 2093 4412 usum
2138 4353 2481 4412 Serenissimi
2525 4353 2771 4423 Delphini
2830 4354 2883 4406 in
2938 4362 3124 4423 poetas
3180 4356 3531 4425 scripserunt,

1941 4456 2034 4503 aut
2076 4456 2318 4503 oratores
2375 4445 2615 4510 Latinos;
2662 4452 2720 4497 ut
2771 4444 2860 4513 qui
2915 4435 3285 4501 aduli-sce'utes
3342 4448 3533 4502 litteris

236 4509 381 4587 hanc
409 4509 773 4603 querebantur
800 4536 993 4602 Boetii,
1020 4535 1285 4607 hujusque
1306 4509 1696 4594 Consolationis
1718 4541 1835 4609 phi-
1869 4509 1917 4568 θ
1942 4552 2160 4608 operam
2198 4542 2415 4602 navant,
2451 4535 2534 4589 his
2566 4534 2694 4589 nihil
2728 4509 3061 4589 desideri-tur
3089 4550 3295 4601 eorum,
3325 4553 3444 4607 quae
3465 4542 3530 4593 ad

239 4623 537 4692 losnplticte
568 4632 790 4690 sortem,
814 4640 933 4679 cum
960 4626 1096 4694 jussi
1125 4642 1308 4682 sumus
1337 4627 1434 4681 bos
1467 4628 1633 4683 Boetii
1665 4630 1831 4684 libros

241 4716 300 4767 ad
331 4730 493 4769 usum
526 4716 870 4771 Sereuissfmi
896 4718 1139 4787 Delphini
1168 4720 1604 4791 interpretatione
1624 4723 1833 4777 etnotis

237 4808 533 4859 alornare.
564 4806 841 4872 Meliorne,
873 4822 939 4861 an
970 4810 1205 4864 deterior
1244 4811 1527 4878 prmteritis
1572 4811 1836 4867 videbitur

234 4906 429 4947 noster
459 4894 545 4949 hic
601 4896 750 4950 labor
799 4913 903 4951 non
937 4913 1219 4965 possumus
1246 4900 1489 4956 divinare
1521 4917 1537 4957 :
1570 4902 1661 4956 sed
1692 4916 1833 4971 prte-

232 4986 470 5051 seriptas
498 4986 655 5040 nobis
680 4987 795 5052 has,
828 5004 948 5058 quas
990 5001 1311 5058 sequuntur,
1344 4992 1487 5061 leges
1516 5008 1578 5047 ea
1610 5009 1709 5063 qua
1741 5009 1834 5061 po-

231 5080 445 5129 tuimus
483 5076 762 5146 diligentia
820 5080 1109 5135 observare
1154 5083 1482 5145 studuimus,
1528 5083 1595 5137 ad
1648 5099 1836 5153 perpe-

232 5176 391 5221 tuum
428 5168 714 5238 singularis
735 5172 786 5222 in
815 5171 980 5225 Deum
1002 5172 1241 5240 pietatis;
1265 5173 1317 5225 in
1340 5188 1518 5242 regem
1540 5176 1833 5230 observan-

230 5258 352 5322 tiae;
386 5270 445 5312 et
474 5261 524 5314 in
556 5261 760 5316 litteras
784 5264 983 5317 amoris
1010 5272 1443 5319 monumentum.

302 5351 359 5404 l.
399 5350 491 5406 Usi
520 5367 705 5407 sumus
760 5354 985 5410 lectione
1011 5371 1168 5424 quam
1188 5398 1203 5424 ,
1236 5360 1497 5414 consultis
1525 5360 1833 5417 sanioribus

228 5443 393 5496 libris
420 5482 437 5506 ,
485 5446 755 5499 recensuit
800 5446 1037 5503 Renatus
1070 5449 1306 5505 Vallinus
1329 5491 1345 5514 ,
1380 5456 1619 5521 exceptis
1652 5457 1833 5520 paucis

229 5534 469 5589 vocibus
516 5550 653 5605 quas
683 5576 697 5599 ,
748 5546 805 5591 ut
851 5539 1045 5594 ibidem
1104 5544 1443 5610 monuimus,
1495 5547 1833 5602 validissimis

227 5628 567 5696 conjecturis
612 5630 840 5683 convicti
873 5633 1155 5687 mutandas
1187 5635 1632 5691 existimavimus.
1684 5638 1829 5704 Quo-

226 5718 379 5770 nitm
417 5732 546 5773 vero
576 5733 760 5785 parum
789 5720 1026 5786 interest,
1063 5723 1313 5779 lectorem
1346 5736 1584 5783 veterum
1615 5743 1829 5785 errores

526 5814 794 5871 ΡΔτηοι..
845 5814 1066 5875 LXIII.

1937 4634 2195 4700 majorem
2220 4629 2272 4684 in
2302 4629 2508 4683 artibus
2531 4628 2773 4699 ingenuis
2806 4625 3103 4697 profectum
3137 4632 3345 4699 possint
3388 4646 3521 4687 con—

1938 4711 2099 4777 lierre.

2009 4840 2061 4894 6.
2092 4836 2253 4892 Notas
2277 4844 2488 4890 nostras
2518 4833 2817 4888 addidimus
2845 4850 2859 4898 ;
2895 4849 2999 4887 non
3026 4833 3143 4887 illas
3165 4828 3384 4904 quidem
3417 4834 3530 4888 Ion~

1937 4930 2139 5000 giores,
2173 4943 2239 4981 ne
2261 4927 2472 4981 inanem
2494 4924 2847 4977 eruditionem
2872 4923 3178 4978 videremur
3227 4932 3528 4984 ostentare;

1940 5033 2113 5086 neque
2151 5017 2310 5071 etiam
2335 5015 2635 5077 breviores,
2668 5026 2735 5067 ne
2761 5021 3067 5065 nostrorum
3113 5014 3528 5066 commentario-

1940 5122 2057 5160 rum
2086 5105 2187 5157 alia
2217 5101 2503 5171 quaerenda
2533 5109 2715 5155 essent
2757 5099 3139 5154 commentaria
3176 5115 3188 5151 :
3219 5099 3313 5152 sed
3358 5100 3421 5152 ad
3441 5100 3527 5165 ju-

1937 5193 2173 5249 ventutis
2197 5206 2351 5245 usum
2382 5198 2588 5258 aptatas
2620 5206 2634 5242 :
2666 5188 2715 5243 id
2737 5189 2932 5258 quippe
2959 5205 3121 5242 unum
3148 5197 3400 5257 optarunt
3428 5190 3526 5240 viri

1940 5281 2359 5354 sapientissimi,
2410 5295 2635 5349 qttorum
2685 5280 2828 5334 curis
2881 5279 3171 5333 commissa
3224 5280 3321 5331 fuit
3384 5280 3529 5346 regia

1942 5373 2283 5432 Serenissimi
2341 5372 2583 5441 Delphini
2644 5370 2927 5425 institutio.
2961 5370 3049 5427 Sic
3091 5370 3318 5439 principi
3374 5372 3525 5425 insti-

1939 5465 2133 5521 tuendu
2163 5461 2464 5524 studentes,
2488 5461 2710 5530 reliqua:
2748 5459 3014 5528 juventuti
3071 5458 3421 5512 informanda:
3453 5461 3528 5513 la-

1938 5558 2278 5617 boraverunt,
2312 5552 2375 5605 ad
2408 5565 2675 5619 summum
2722 5547 3030 5618 reipublicae
3076 5546 3349 5601 litterariae
3382 5562 3528 5604 com.

1939 5644 2178 5706 modum,
2205 5642 2465 5711 regnique
2494 5637 2679 5693 Gallici
2708 5634 2894 5688 decus.

2007 5737 2059 5787 7.
2094 5734 2283 5801 Opera:
2330 5729 2554 5797 pretium
2602 5723 3049 5784 existimavimus.
3111 5723 3375 5793 integrum
3427 5726 3525 5784 hoc

2941 5815 3015 5875 18
