3998 6368
515 340 621 393 555

1690 340 1795 393 AN.
1840 339 2046 395 MANL.
2088 339 2241 395 SEV.
2289 338 2599 395 BOETIUS.

3643 350 3728 404 556

513 458 649 521 0pus
672 452 1106 520 interpretatione
1136 461 1189 507 et
1211 452 1351 507 notis
1383 452 1698 506 illustratum
1725 451 1932 507 duobus
1962 451 2085 507 hinc
2112 458 2161 513 Α
2195 452 2454 507 meritatis
2506 450 2803 521 prtemium.
2866 450 2981 506 Non
3037 453 3215 509 omnia
3269 453 3526 526 novimus,
3574 458 3729 519 docm

513 542 637 595 inde
682 542 946 609 interponi
996 541 1277 605 indicibus;
1327 556 1551 609 quorum
1602 540 1747 610 prior
1774 551 1857 594 est
1905 556 2084 595 rerum

511 630 917 698 praecipuarum,
950 632 1135 699 quaain
1160 641 1269 686 toto
1297 630 1398 685 hoc
1426 646 1588 700 opere
1607 631 1871 700 explicato
1899 646 2086 685 occur-

507 730 651 784 runt;
687 721 947 789 poSIerior
1000 722 1401 786 vocabulorum,
1451 737 1569 789 qua:
1608 722 1659 775 in
1712 721 1794 775 his
1850 720 2085 791 quinque

505 809 895 862 Consolationis
928 809 1307 880 philosophicre
1359 813 1507 867 libris
1545 812 1793 879 leguntur
1822 829 1832 863 :
1865 812 1952 866 ubi
1992 828 2085 866 cu-

504 897 737 951 ravimus
764 898 1020 951 vocabula
1066 915 1185 967 qua:
1234 899 1388 953 nobis
1424 901 1533 954 visa
1568 910 1693 954 sunt
1723 900 1967 969 barbara,
1993 912 2086 956 aut

501 987 693 1039 saltem
723 988 897 1041 minus
928 988 1130 1053 Latina,
1154 990 1380 1045 diversis
1404 991 1802 1045 cltaracteribus
1824 991 2039 1047 formari
2064 1012 2077 1047 :

501 1083 558 1127 nt
585 1077 754 1131 lector
784 1077 833 1131 id
865 1076 1166 1133 Latinitatis
1197 1082 1381 1134 vitium
1415 1093 1745 1149 moneretur,
1780 1097 1877 1136 nec
1899 1094 2080 1138 nostra

501 1175 680 1219 tamen
727 1167 1111 1222 commentaria
1162 1169 1607 1238 frequentioribus
1646 1172 1907 1239 ejusmodi
1939 1174 2079 1227 notis

489 1266 795 1325 turgerent.
826 1258 883 1313 Si
910 1269 1148 1313 nostrum
1174 1262 1274 1314 hoc
1304 1276 1488 1315 ausum
1523 1264 1787 1317 doctiores
1814 1265 2077 1318 excitave-

500 1352 569 1403 rit
594 1351 660 1405 ad
710 1352 1127 1421 absolvendum,
1156 1354 1356 1422 prolata
1386 1356 1721 1419 auctoritate,
1771 1356 1984 1423 aliq'uod
2016 1371 2083 1410 ex

501 1442 760 1511 ejusmodi
791 1447 1079 1511 vocabulis,
1114 1448 1165 1501 id
1198 1463 1301 1502 non
1330 1449 1595 1517 ingratum
1636 1449 1737 1503 erit
1770 1456 1965 1503 uestra:
2006 1460 2082 1502 te-

2189 557 2401 614 semper
2430 544 2770 614 paratissimi.

2256 635 2646 705 Nihildenique
2675 636 2900 690 istorum
2930 637 3167 692 omnium
3201 640 3349 706 prius
3398 642 3732 712 attingendum

2188 726 2427 781 arbitrati
2471 742 2673 791 sumus,
2731 743 2887 795 quam
2940 728 3106 782 instar
3148 730 3375 783 aliorum
3426 730 3732 789 Serenissimi

2192 815 2437 885 Delphini
2461 818 2778 887 scriptorum
2810 818 3267 888 proposuerimus,
3292 820 3351 873 1ο
3378 820 3543 875 Vitam
3568 822 3736 890 Boetii;

2184 906 2244 958 2'
2277 908 2578 961 testimonia
2608 909 2876 962 variorum
2914 924 3033 962 cum
3064 910 3130 963 de
3162 910 3345 964 Boetio
3389 919 3494 964 tum
3525 914 3587 968 de
3609 914 3736 983 ejus-

2188 995 2308 1051 dem
2349 998 2594 1066 scriptis;
2634 996 2690 1052 3°
2736 999 3037 1067 generalem
3089 999 3347 1052 librorum
3377 999 3739 1061 Consolationis

2190 1087 2575 1158 philosophica:
2620 1090 2817 1155 ideam;
2850 1091 2904 1145 4°
2928 1092 3155 1160 aliquam
3201 1092 3461 1161 ejusmodi
3504 1094 3738 1153 librorum

2184 1193 2465 1234 censuram
2498 1198 2511 1233 :
2546 1181 2658 1236 haec
2681 1183 2822 1237 enim
2849 1183 3069 1251 quilibet
3096 1182 3288 1237 horum
3333 1184 3639 1252 scriptorum
3684 1188 3740 1248 da

2184 1282 2282 1322 suo
2307 1279 2526 1325 auctore
2552 1271 2757 1339 praefari
2779 1274 3076 1336 consuevit;
3104 1274 3148 1327 si
3171 1274 3444 1343 exceperis
3464 1278 3739 1345 generalem

2184 1362 2361 1428 operis
2389 1362 2581 1427 ideam,
2604 1364 2754 1431 cujus
2780 1366 3081 1433 exemplum
3109 1374 3205 1419 ets:
3231 1380 3335 1419 non
3358 1366 3660 1433 habeamus,
3683 1383 3741 1424 ex

2184 1450 2297 1519 ipsa
2322 1462 2523 1521 tamen,
2542 1454 2906 1523 utisperamus
2925 1494 2941 1521 ,
2969 1470 3071 1508 non
3096 1455 3383 1510 mediocris
3410 1457 3606 1511 utilitas
3630 1458 3741 1512 erit.

1132 1736 1317 1816 AN.
1380 1732 1732 1817 MANL.
1786 1736 2332 1819 SEVERINI
2392 1735 2779 1818 BOETII
2828 1736 3139 1819 VITA.

565 1982 781 2036 Bot‘tius
809 1992 964 2036 natus
994 1992 1075 2037 est
1123 1983 1307 2037 Roma:
1335 1984 1431 2054 (α),
1464 1986 1605 2040 circa
1635 2002 1831 2039 :tnnttnt
1863 1986 2072 2039 Domini

494 2075 1071 2145 quadringentesimum
1099 2079 1551 2146 septuagesimum
1576 2082 1843 2147 quintum,
1876 2095 2072 2146 nequa:-

494 2185 593 2223 vus
622 2169 811 2224 Joanni
842 2183 1051 2225 summo
1074 2171 1328 2241 pontiﬁci:
1355 2170 1563 2225 Justino
1592 2172 1922 2239 imperatori;
1950 2170 2063 2223 Fol-

492 2263 693 2331 gentio,
730 2263 975 2318 Ennodio
1024 2274 1077 2317 et
1113 2264 1438 2318 Cassiodoro
1468 2264 1776 2317 doctoribus
1822 2264 2075 2317 ecclesia-

492 2358 660 2412 sticis.
720 2357 924 2412 Nomen
954 2372 1229 2426 genusque
1262 2358 1447 2411 matris
1479 2373 1582 2410 non
1617 2357 1837 2420 scimus;
1862 2355 1954 2409 sed
1984 2371 2075 2424 pa-

491 2461 573 2504 ter
596 2451 713 2519 ejus
740 2450 1072 2506 fuitAnieius
1101 2452 1331 2505 Manlius
1359 2450 1571 2506 Flavius
1594 2450 1836 2513 Boetius,
1863 2449 1942 2502 vir
1961 2449 2075 2517 ipse

490 2542 815 2602 consularis.
848 2542 986 2597 filius
1042 2542 1211 2598 Boetii
1243 2542 1403 2606 illius,
1446 2544 1533 2611 qui
1581 2542 1655 2614 (b)
1702 2534 2072 2611 praefecturam

490 2633 724 2699 praetorii
753 2648 965 2703 gerens,
1020 2634 1317 2702 imperante
1348 2633 1727 2687 Valentiniano
1777 2642 1887 2686 tum
1940 2631 2074 2686 inte-

490 2735 731 2794 remptus
763 2724 876 2790 fuit,
898 2740 1017 2781 cum
1051 2726 1234 2780 Aetius
1265 2726 1537 2795 patricius,
1587 2726 1695 2779 dux
1729 2724 2067 2787 fortissimus,

489 2819 640 2884 tznjus
680 2826 735 2872 nt
768 2818 1003 2872 laborum
1041 2817 1117 2871 sic
1150 2818 1489 2871 victoriarum
1519 2817 1607 2871 ille
1646 2831 1857 2886 semper
1901 2815 2074 2869 fuerat

488 2910 775 2979 particeps,
799 2912 1039 2979 ejusdem
1079 2913 1415 2978 imperatoris
1449 2927 1605 2964 manu
1634 2910 2068 2965 interfectusest.

554 3187 649 3241 llic
672 3198 873 3249 autem,
914 3186 981 3241 de
1003 3201 1108 3256 quo
1140 3203 1280 3241 nunc
1329 3188 1556 3255 agimus,
1607 3195 1792 3240 auctor
1847 3196 2069 3239 vocatur

485 3280 555 3347 lc)
590 3281 804 3334 Anicius
855 3280 1084 3333 Manlius
1137 3282 1408 3335 Severinus
1459 3280 1693 3343 Boetius,
1738 3278 2065 3347 prtenontine
2093 3270 2139 3331 C

482 3377 684 3431 scilicet
729 3374 929 3429 nomini
961 3374 1370 3442 cognominique
1421 3372 1735 3441 postposito.
1792 3368 2054 3423 Nimirum

485 3469 582 3523 hoc
611 3478 723 3524 erat
753 3469 805 3522 in
852 3485 950 3522 usu
982 3467 1118 3537 apud
1150 3468 1476 3535 antiquiores
1507 3466 1795 3529 Romanos,
1819 3475 1877 3517 ut
1915 3463 2053 3516 idem

483 3563 642 3617 homo
667 3562 835 3616 tribus
863 3560 1150 3629 aliquando
1197 3560 1485 3613 dooaretur
1517 3559 1931 3625 appellationum
1960 3571 2053 3627 ge-

483 3656 714 3717 neribus,
744 3670 862 3724 quae
904 3654 1219 3707 dicebantur
1266 3652 1345 3723 (d)
1380 3666 1707 3721 praenomen,
1757 3665 1951 3704 nomen
2005 3658 2059 3703 et

482 3762 793 3817 cognomen.
828 3747 1141 3801 Prmnomen
1163 3787 1179 3809 ,
1209 3753 1266 3797 ut
1286 3760 1387 3797 vox
1420 3745 1531 3812 ipsa
1559 3752 1737 3806 sonat,
1763 3752 1844 3797 est
1868 3742 2048 3811 appelc

481 3842 765 3909 iatio,qu'.e
805 3836 1145 3906 appellationi
1189 3838 1363 3906 gentis
1408 3835 1643 3906 praeponi
1674 3835 1848 3888 Solet:
1881 3833 2058 3903 qualia

481 3941 601 3987 sunt
631 3931 845 3984 nomina
874 3946 991 3998 qua:
1036 3928 1173 3996 apud
1205 3944 1301 3982 nos
1327 3936 1584 3982 vocantur
1612 3926 1841 3995 propria,
1870 3936 1926 3978 ut
1957 3925 2058 3977 Lu-

480 4024 715 4083 doricas;
744 4036 958 4085 nomen,
990 4020 1272 4088 appellatio
1301 4019 1497 4088 gentis,
1530 4026 1589 4071 ut
1624 4015 1949 4080 Hectorides;
1971 4031 2063 4070 co-

482 4131 729 4183 gnomen,
759 4114 1039 4183 appellatio
1069 4112 1282 4165 familia:
1311 4110 1549 4179 ejusdem
1568 4110 1760 4178 gentis,
1790 4116 1848 4162 ut
1866 4107 2062 4163 Borbo-

484 4210 642 4263 uides.
678 4208 745 4263 Ut
790 4218 966 4261 antem
1013 4220 1155 4274 saepe
1188 4218 1491 4273 pra-nomen
1538 4203 1760 4265 nomini,
1787 4212 1842 4256 et
1868 4217 2060 4257 nomen

484 4302 780 4369 cognomini
827 4300 954 4352 olim
986 4298 1430 4367 anteponebatur,
1462 4294 1540 4349 sic
1566 4310 1671 4349 non
1701 4308 1844 4362 raro,
1880 4294 1955 4363 (e)
1979 4296 2061 4348 in-

485 4407 637 4447 verso
660 4392 868 4457 ordine,
904 4401 961 4445 ut
987 4405 1148 4453 nunc,
1182 4389 1367 4457 positis
1399 4389 1613 4441 nomine
1642 4397 1695 4441 et
1724 4386 2087 4456 cognomine,‘

485 4500 790 4553 praenomen
830 4490 907 4539 su'
927 4484 1229 4553 jiciebatur.
1260 4483 1347 4535 Sic
1373 4495 1502 4549 ergo
1529 4488 1716 4534 auctor
1760 4487 1941 4534 noster
1970 4493 2067 4531 no-

484 4578 624 4629 mine
649 4577 823 4645 gentis
845 4578 1038 4631 dicitur
1060 4576 1291 4639 Anicius;
1332 4575 1472 4643 quod
1501 4588 1566 4628 ex
1596 4572 1665 4642 (Ῑ)
1698 4572 2065 4641 antiquissima

486 4667 917 4735 nobilissimaque
953 4668 1255 4720 Aniciorum
1287 4674 1444 4733 gente
1474 4674 1615 4718 esset
1644 4673 1953 4733 prognatus.
1979 4662 2067 4716 Sic

486 4757 699 4812 nomine
747 4755 960 4810 familiae
989 4757 1186 4810 dicitur
1237 4755 1466 4809 Manlius
1513 4756 1809 4821 Severinus,
1848 4756 1969 4825 quia
2001 4772 2066 4811 ex

486 4850 696 4905 Manliis
721 4849 993 4905 Severinis
1022 4860 1168 4904 ortus
1189 4859 1303 4903 erat
1332 4868 1344 4903 ε
1380 4851 1494 4904 sive
1522 4849 1717 4904 fuerint
1766 4850 1883 4904 dua:
1914 4849 2068 4907 fami-

559 4990 632 5060 (a)
666 4990 935 5043 Cnosolat.
982 4990 1178 5044 Philus.
1206 4992 1241 5044 Ι.
1275 5008 1311 5055 ι,
1340 5010 1391 5060 p.
1424 4992 1456 5045 5
1484 5011 1495 5046 :
1527 4991 1655 5045 Tum
1680 4993 1897 5048 civitatis
1927 4998 2067 5050 anti-

487 5063 780 5132 quissimam
802 5061 978 5129 legem.

559 5132 631 5201 (ὁ)
653 5132 837 5185 Cassio
858 5138 1000 5186 lorus
1029 5131 1078 5185 in
1102 5131 1367 5188 Chronico
1399 5134 1462 5188 ad
1488 5135 1823 5188 consulatum
1854 5134 1991 5190 Aetii
2014 5144 2067 5191 et

486 5204 656 5257 Sttnlii
683 5220 823 5256 anno
844 5204 1038 5255 Christi
1062 5202 1185 5257 4.34.

560 5274 634 5342 (c)
676 5274 764 5329 Sic
812 5273 1171 5328 inscribuntur
1219 5274 1337 5328 libri
1389 5274 1780 5329 Consolationis
1830 5275 2071 5329 Philoso—

488 5346 649 5415 phiae.
1470 5356 1473 5361 '

560 5416 637 5485 (ti)
669 5416 911 5471 Valerius
935 5416 1192 5470 Maximus
1207 5417 1323 5469 sive
1352 5416 1554 5469 Probus
1577 5416 1756 5470 libello
1778 5417 1844 5470 de
1864 5431 2073 5485 praeno-

490 5503 654 5541 "Nile.

565 5558 633 5625 (υ)
664 5556 731 5611 Ut
762 5556 977 5609 Flavius
1022 5556 1413 5623 Vespasianus,
1465 5569 1518 5609 et
1576 5555 1791 5609 Flavius
1844 5556 2075 5610 Sabinus

493 5626 703 5687 fratres,
735 5629 869 5692 apud
902 5630 1237 5683 Suetonium.

565 5698 631 5766 (Γ)
672 5699 727 5752 S.
762 5699 975 5749 “it‘ltill.
1003 5712 1091 5765 ep.
1124 5700 1188 5750 ad
1221 5696 1609 5751 Demetriadem
1641 5713 1654 5749 :
1689 5696 1915 5750 “lustris
1953 5713 2076 5751 sat:-

470 5771 661 5835 ηψιυιέε
709 5784 881 5833 genus,
908 5769 956 5817 in
988 5784 1086 5831 quo
1117 5778 1205 5821 aret
1232 5770 1400 5821 nullus
1428 5777 1511 5819 (mi
1558 5784 1703 5820 rarus
1758 5779 1829 5820 est
1859 5770 1947 5838 qui
1978 5788 2076 5823 non

496 5848 730 5892 merrtem
753 5853 843 5889 con
859 5839 1091 5892 «totum.

2096 4725 2149 4785 D

2106 1894 2153 1953 Β
2182 1892 2287 1958 ιὶτρ,
2307 1908 2527 1961 quarum
2550 1894 2790 1957 a'teram,
2815 1894 3062 1947 nimirum
3088 1894 3399 1950 Manliornm
3422 1912 3513 1967 per
3534 1905 3744 1966 patrem.

2178 1988 2400 2041 alterum
2430 1987 2678 2041 videlicet
2706 1988 3081 2042 Severinorum
3114 2005 3207 2057 per
3238 2000 3464 2044 matrem
3496 1992 3744 2062 attigerit:

2176 2078 2288 2130 sive
2314 2077 2502 2131 eadem
2534 2078 2689 2131 fuerit
2732 2078 2929 2132 familia
2958 2082 3278 2148 cognomine
3306 2084 3476 2136 altero
3504 2082 3637 2137 dicta
3661 2082 3746 2138 δρα

2176 2170 2506 2235 verinorum,
2535 2179 2752 2238 propter
2784 2170 2925 2223 illam
2954 2173 3316 2237 severitatem,
3356 2188 3460 2242 qua
3504 2173 3567 2228 Τ.
3618 2175 3749 2227 Mans

2177 2262 2298 2325 lins,
2326 2263 2416 2331 qui
2444 2262 2511 2315 ob
2538 2262 2831 2317 detractum
2857 2262 3128 2318 Gallorum
3169 2266 3291 2319 duci
3322 2284 3352 2320 a
3382 2282 3440 2320 se
3463 2270 3636 2321 occiso
3656 2279 3747 2320 tor-

2176 2371 2345 2425 quem,
2375 2354 2499 2407 inde
2524 2354 2769 2423 Torquati
2790 2370 3085 2425 cognomen
3112 2356 3162 2409 in
3192 2357 3449 2410 familiam
3477 2358 3669 2424 intulit,
3697 2359 3749 2410 ti-

2179 2445 2304 2499 lium
2340 2444 2415 2517 (g)
2445 2445 2619 2499 securi
2650 2445 2779 2499 caedi
2807 2447 2984 2515 jussit,
3013 2449 3151 2517 quod
3170 2460 3355 2502 contra
3383 2450 3633 2516 edictum,
3664 2449 3750 2502 du-

2176 2546 2382 2591 ctorem
2412 2536 2835 2592 Tusculanorum
2868 2540 3118 2607 singulari
3148 2541 3446 2594 certamine
3474 2555 3753 2609 provocan-

2178 2641 2281 2685 tem
2311 2630 2658 2685 interfecerit.
2689 2630 2777 2684 Sie
2825 2634 3038 2699 proprio
3065 2633 3279 2686 nomine
3307 2632 3507 2686 dicitur
3533 2631 3749 2695 Boetius,

2174 2723 2285 2776 sive
2303 2734 2357 2776 ttt
2379 2722 2690 2791 quibusdam
2706 2723 2956 2777 scribitur
2975 2723 3243 2790 Boethius,
3262 2734 3355 2777 aut
3371 2726 3496 2778 aliis
3515 2724 3749 2788 Boethus,

2174 2817 2241 2868 ab
2281 2817 2517 2879 auxilio,
2562 2815 2702 2883 quod
2742 2815 2971 2883 primus,
3013 2815 3095 2869 cui
3142 2816 3279 2868 istud
3320 2832 3415 2885 pra
3439 2830 3634 2869 nomen
3664 2816 3755 2868 fuit

2174 2904 2504 2973 impositum,
2532 2907 2650 2959 tulit
2681 2924 2693 2959 :
2728 2906 2907 2981 βοηθὸς
2937 2906 3131 2974 quippe
3171 2906 3378 2960 Crtecis
3412 2915 3495 2958 t-st.
3525 2906 3749 2976 adjutor:

2175 3009 2454 3068 propterea
2481 2998 2662 3067 plures
2682 2999 2831 3059 olim,
2864 3007 2919 3050 ut
2952 2998 3090 3065 apud
3122 2997 3199 3065 (It)
3228 2997 3525 3059 Laertinm,
3557 2997 3755 3049 Plutar-

2172 3095 2332 3147 clmm
2355 3092 2450 3161 (i),
2474 3092 2645 3159 ipsum
2671 3105 2768 3142 nos
2796 3104 2910 3142 rttm
2936 3089 3286 3161 (j)auctorem
3308 3091 3413 3143 hoc
3438 3089 3757 3157 prtenomine

2172 3185 2352 3240 donati
2382 3193 2526 3238 sunt.

2930 3274 3011 3331 lli.

2236 3390 2369 3444 Cum
2397 3404 2523 3444 vero
2550 3403 2731 3445 noster
2771 3389 2982 3444 Boetius
3021 3390 3094 3460 (It)
3126 3390 3409 3445 duodecim
3454 3391 3643 3445 saltem
3673 3403 3759 3442 an-

2160 3484 2243 3537 nis
2274 3494 2426 3537 natus
2452 3483 2719 3537 amisisset
2741 3491 2964 3551 patrem,
3000 3483 3084 3537 hic
3114 3483 3185 3554 (ι)
3224 3485 3528 3539 amicorum
3555 3486 3761 3554 prepin-

2160 3590 2493 3643 quorumque
2518 3574 2660 3627 curis
2696 3574 3033 3638 commissus,
3069 3573 3253 3629 Romae
3282 3577 3551 3645 primum,
3587 3587 3759 3642 postea

2165 3666 2260 3737 (m)
2296 3665 2521 3719 Athenis
2543 3664 2775 3719 studuit:
2802 3666 2889 3720 ubi
2917 3666 2968 3719 in
2996 3667 3364 3734 grammatica.
3403 3667 3761 3736 philosophia,

2164 3758 2658 3826 mathematicisqne
2682 3757 2975 3824 disciplinis
3008 3767 3213 3812 tantum
3253 3760 3511 3828 profecit,
3539 3768 3595 3811 ut
3622 3759 3760 3825 plura

2163 3866 2267 3904 non
2297 3849 2469 3904 solum
2516 3849 2772 3911 Euclidis,
2822 3848 3157 3915 Nicomachi,
3204 3849 3562 3919 Pythagorte,
3591 3848 3764 3903 Ptole-

2165 3941 2285 3995 m:ei
2337 3950 2394 3995 et
2425 3940 2788 4008 Archimedis,
2834 3956 3018 3995 verum
3046 3941 3204 3994 etiam
3247 3939 3420 4009 ipsius
3463 3938 3765 3995 Aristmelis

2165 4032 2245 4102 (η)
2275 4030 2459 4085 Graeca
2497 4045 2659 4100 opera
2690 4031 2877 4085 Latine
2916 4031 3232 4095 reddiderit,
3276 4033 3497 4101 reliqua
3520 4029 3759 4099 ejusdem

2165 4123 2466 4194 philosophi
2489 4138 2649 4192 opera
2680 4124 2928 4178 similiter
2955 4124 3285 4191 redditurus,
3316 4123 3620 4195 ipsumque
3649 4137 3764 4175 ettm

2166 4215 2417 4284 magistro
2444 4229 2543 4268 suo
2572 4214 2791 4268 Platone
2827 4214 3235 4278 conciliaturus,
3267 4218 3310 4267 si
3358 4214 3472 4267 fata
3504 4216 3769 4267 tulissent.

2236 4307 2419 4377 Neque
2460 4323 2589 4361 vero
2645 4306 2725 4359 vir
2775 4306 2863 4360 ille
2915 4306 3260 4360 doctissimus
3316 4306 3371 4359 in
3432 4303 3772 4373 exponendis

2169 4397 2329 4452 modo
2354 4409 2633 4453 auctorum
2654 4398 2908 4466 operibus
2933 4408 3175 4451 versatus
3208 4408 3309 4461 εει,
3344 4398 3446 4451 sed
3479 4399 3634 4465 plura
3664 4395 3771 4462 ipse

2170 4492 2510 4560 enegitavit,
2566 4491 2974 4558 excogitataque
3029 4490 3093 4543 ad
3129 4490 3339 4543 felicem
3400 4490 3615 4543 exitum
3661 4499 3773 4555 per-

2170 4582 2338 4637 duxit.
2372 4583 2549 4637 Testis
2580 4590 2668 4636 e~t
2709 4581 3024 4636 admirabile
3054 4581 3085 4633 h
3124 4596 3152 4635 c
3176 4581 3547 4649 philosophia:
3576 4577 3773 4633 Conso-

2174 4676 2387 4729 lationis
2409 4690 2541 4743 opus
2568 4691 2581 4725 :
2617 4673 2702 4726 ubi
2727 4672 3041 4726 Ciceronem
3065 4671 3132 4725 de
3162 4672 3473 4724 animorum
3505 4671 3777 4723 immorta-

2174 4770 2344 4831 litate,
2374 4782 2477 4835 quo
2508 4766 2581 4819 tili
2602 4784 2627 4817 ιι
2654 4765 2686 4819 d
2724 4764 2977 4818 siderium
3004 4765 3223 4826 levaret,
3245 4762 3634 4829 dieputatttettt
3665 4758 3777 4811 inti-

2177 4870 2337 4927 tatus,
2365 4860 2415 4912 in
2449 4858 2552 4912 hoc
2578 4856 2891 4911 Ciceronem
2918 4856 3205 4926 superavit.
3239 4856 3411 4923 quod,
3445 4870 3575 4909 cum
3601 4853 3781 4906 Cicero

2248 4995 2323 5065 (ῃ)
2361 4994 2550 5063 Virgil.
2588 5008 2639 5045 vr
2681 4991 2960 5056 Aineidos,
2998 5006 3049 5043 v.
3082 4988 3184 5045 8'23
3216 5006 3228 5040 :
3276 4988 3599 5059 Servumque
3625 4984 3781 5041 sectm'

2177 5067 2360 5134 Aspice
2390 5065 2728 5134 Torquatum.

2247 5135 2327 5203 (It)
2371 5136 2427 5187 In
2459 5135 2577 5188 Vita
2621 5133 2872 5186 Zetmnis.

2249 5208 2315 5277 (i)
2370 5205 2425 5258 ln
2467 5204 2848 5277 Symposiaels.

2248 5272 2316 5345 ii)
2366 5272 2664 5330 Comment.
2704 5273 2755 5345 in
2788 5272 3048 5342 porphyr.

2253 5338 2327 5416 (It)
2377 5348 2590 5413 Elapso,
2651 5344 2858 5416 scilicet
2894 5338 3049 5416 'atitto
3096 5342 3294 5397 Christi
3320 5342 3473 5405 487;
3522 5338 3784 5410 siquidem

2180 5414 2297 5487 ejus
2328 5430 2475 5485 pater
2499 5416 2693 5487 consul
2720 5414 2825 5487 fuit,
2848 5414 2951 5479 huc,
2974 5414 3093 5487 ipso
3119 5433 3279 5469 anno.

2253 5482 2784 5557 (l)'Consol.philos.
2818 5486 2852 5539 l.
2906 5501 2975 5549 tt,
3010 5486 3157 5539 Pros.
3204 5489 3280 5538 ὗε
3327 5482 3649 5536 Desolatum
3694 5496 3779 5548 pa-

2177 5570 2316 5613 rente
2338 5572 2649 5611 summorum
2680 5566 2725 5607 te
2752 5558 2973 5609 virorum
2995 5573 3116 5608 cura
3137 5557 3373 5620 sttsrepit.

2256 5632 2349 5695 (m)
2389 5629 2692 5681 Cassiodor.
2745 5629 2779 5679 Ι.
2831 5644 2843 5678 l
2901 5627 3046 5687 Vztr.,
3100 5641 3185 5694 ep.
3226 5629 3337 5680 45):
3386 5623 3788 5676 Atheniensium

2181 5702 2381 5752 scholas
2416 5701 2563 5764 longe
2593 5699 2788 5765 positus
2815 5696 3056 5748 introisti.

2257 5770 2334 5834 (η)
2378 5770 2432 5821 S.
2470 5762 2767 5821 Antoninus
2796 5768 2967 5821 citans
2989 5766 3342 5835 Sigebertnm,
3368 5764 3409 5817 9.
3447 5773 3599 5835 ῃςιτι.
3634 5762 3789 5825 Ili-L,

2186 5839 2272 5893 tit.
2306 5840 2394 5905 11,
2418 5852 2535 5905 cap.
2568 5838 2651 5890 15.
