3998 6368
212 376 303 438 55⁸1

210 496 444 552 carmine
490 505 620 552 tunc
650 512 754 552 non
782 507 980 563 utatur,
1034 500 1253 554 Boetius
1280 509 1564 570 utramque
1600 501 1800 555 oratio-
1833 502 1885 561 Α

212 603 326 643 nem
356 588 428 642 ita
463 587 770 656 permiscet,
825 600 882 644 ut
933 590 1191 660 quidquid
1240 592 1581 656 eruditionis,
1631 601 1724 647 aut
1772 609 1801 647 a

210 680 573 751 grammatica,
616 688 707 734 aut
734 696 763 733 a
802 681 1068 735 rhetorica
1100 684 1401 753 exspectari
1449 693 1645 751 potest,
1676 684 1801 738 illud

212 773 403 828 ibidem
431 774 627 827 mirum
665 774 720 827 in
750 773 967 828 modum
1015 776 1246 829 eluceat.
1297 777 1470 830 Testis
1514 776 1603 831 illa
1637 777 1803 833 Boetii

210 866 424 937 Logica,
455 866 545 921 ubi
568 875 762 936 praeter
782 869 1028 937 antiquas
1059 868 1361 940 Porphyrii.
1394 870 1803 937 Aristotelisque

209 959 513 1027 opiniones,
554 973 705 1013 suam
751 960 864 1027 ipse
903 960 1184 1029 proposuit
1221 961 1289 1015 de
1322 959 1623 1030 Categoriis,
1674 962 1807 1015 divi-

210 1051 367 1114 sione,
401 1051 702 1116 deﬁnitione
756 1062 810 1105 et
832 1050 1141 1121 syllogismis
1181 1052 1503 1120 doctrinam,
1530 1070 1631 1124 qua
1666 1056 1803 1109 ratio

211 1142 341 1195 bene
362 1142 664 1198 disserendi
703 1144 990 1212 plurimutn
1020 1146 1323 1213 promoveri
1372 1156 1571 1216 potest.
1623 1151 1803 1203 'l‘estis

195 1250 340 1304 'opus
372 1234 503 1287 illud
536 1234 587 1288 in
633 1244 837 1304 septem
871 1244 1052 1305 partes
1081 1236 1454 1302 distributum,
1501 1238 1644 1305 quod
1674 1254 1801 1307 pro-

208 1337 417 1394 pterea,
451 1326 713 1382 Varronis
739 1329 1011 1398 exemplo,
1065 1328 1419 1383 Hebdomades
1466 1331 1801 1398 inscribitur,

208 1418 260 1471 in
284 1432 415 1486 quo,
438 1418 616 1486 quoad
664 1429 935 1489 superest,
971 1420 1474 1477 mathematicorum
1506 1437 1656 1476 more
1684 1437 1805 1491 pro-

210 1509 398 1577 positis
425 1509 751 1579 quibusdam
799 1510 972 1565 ell'atis
998 1552 1011 1573 ,
1057 1512 1224 1565 multa
1256 1512 1416 1566 docet
1468 1512 1537 1567 de
1564 1528 1631 1567 eo
1661 1512 1802 1582 quod

209 1603 396 1653 bonum
446 1609 550 1665 est,
603 1610 657 1655 et
706 1618 887 1655 unum.
939 1602 1127 1657 Testes
1174 1602 1296 1657 libri
1327 1604 1561 1673 quinque
1590 1604 1659 1659 de
1692 1605 1808 1658 Mu-

207 1694 337 1757 sica,
370 1692 528 1761 cujus
579 1694 651 1747 ita
681 1696 884 1762 peritus
938 1694 1055 1757 fuit,
1082 1704 1144 1749 ut
1186 1695 1532 1749 instrumenti
1585 1698 1800 1765 musici,

208 1785 367 1854 vulgo
397 1784 473 1853 (a)
508 1787 743 1838 chiterini
791 1786 1034 1840 inventor
1065 1786 1342 1841 habeatur.
1399 1787 1577 1841 Testis
1622 1788 1805 1856 singu-

209 1875 321 1931 lare
370 1876 504 1929 illud
547 1877 620 1945 (b)
667 1876 905 1931 externis
957 1877 1118 1931 etiam
1147 1878 1360 1946 regibus
1391 1886 1571 1931 notum
1602 1880 1803 1946 expeti-
1841 1877 1885 1935 Β

210 1981 432 2036 tumque
461 1968 735 2023 inventum
755 1969 981 2023 duorum
1012 1970 1445 2038 horologiorum;
1480 1987 1707 2039 quorum
1729 1973 1807 2025 al-

211 2068 383 2115 terum
420 2058 496 2128 (c)
520 2059 667 2128 aquis
696 2060 788 2113 sub
834 2061 1043 2113 modulo
1092 2063 1366 2129 ﬂuentibus
1398 2062 1809 2131 temperabatur;

212 2152 438 2205 alterum
481 2151 609 2204 solis
652 2152 882 2205 immensi
921 2154 1286 2223 comprehensa
1316 2153 1702 2209 illnntinatione
1730 2156 1810 2208 di-

216 2244 602 2313 stinguebetur.

281 2334 419 2399 Quin
452 2334 615 2389 etiam
666 2334 881 2389 Boetius
912 2334 980 2388 de
1013 2334 1281 2405 theologis
1312 2337 1513 2406 optime
1564 2337 1807 2405 meritus,

214 2428 429 2495 scripsit
478 2442 603 2482 cum
650 2429 715 2482 de
764 2430 1023 2495 mysterio
1062 2430 1415 2485 sanctissima:
1455 2431 1719 2485 Trinitatis
1744 2434 1809 2488 ad

213 2522 622 2592 Symmachum,
651 2534 704 2577 et
732 2525 798 2577 ad
826 2523 1087 2579 Joannem
1132 2527 1383 2581 Ecclesia:
1411 2526 1665 2583 Romanae
1694 2530 1811 2582 dia.

214 2628 445 2678 conum;
484 2624 596 2667 tum
642 2615 708 2669 de
754 2614 1141 2669 Incarnatione.
1185 2619 1257 2673 De
1292 2618 1369 2687 (ά)
1415 2618 1663 2673 Trinitate
1690 2620 1810 2688 qui-

214 2704 358 2766 dem,
392 2719 462 2759 ne
492 2716 777 2772 suspectus
802 2708 940 2761 foret
961 2706 1304 2770 Christianis.
1327 2710 1468 2778 quod
1500 2724 1568 2764 ex
1598 2712 1807 2781 synodo

214 2806 397 2851 contra
442 2797 727 2852 haereticos
755 2808 1076 2870 congregata
1119 2816 1240 2855 sese
1270 2801 1638 2863 subduxisset,
1684 2803 1814 2857 veri-

214 2895 299 2941 tus
326 2903 394 2941 ne
419 2888 525 2941 sibi
552 2898 770 2957 pr0pter
798 2904 947 2943 suam
980 2890 1344 2961 eloquentiam
1366 2908 1525 2947 causa
1560 2893 1812 2948 commit-

216 2989 420 3035 teretur
450 2982 659 3049 agenda
692 3002 705 3036 :
740 2983 803 3036 de
837 2982 907 3053 (e)
942 2981 1308 3038 lncarnalione
1336 3001 1486 3055 vero,
1518 2995 1575 3040 ut
1604 2988 1813 3040 extremi

216 3070 410 3137 sibique
438 3072 687 3123 contrarii
718 3071 945 3127 Nestmii
989 3085 1141 3144 atque
1180 3074 1424 3146 Eutgcnis
1452 3077 1812 3132 submoreren-

217 3171 302 3215 tur
326 3177 553 3217 errores.

995 3261 1077 3313 IV.

297 3348 402 3403 Sed
448 3358 654 3418 quanto
695 3349 795 3405 doc
819 3353 901 3405 ior
934 3351 1167 3417 Boetius,
1213 3363 1359 3408 tanto
1402 3354 1592 3423 majori
1646 3356 1823 3410 studio

218 3441 389 3494 coluit
421 3450 700 3504 virtutem,
743 3457 841 3497 suo
884 3460 1009 3512 erga
1057 3447 1220 3500 Deum
1263 3456 1319 3501 ct
1363 3448 1608 3503 homines
1645 3450 1824 3505 officio

218 3532 637 3601 diligentissime
668 3532 898 3588 functus.
942 3537 1137 3602 Quales
1178 3538 1378 3593 fuerint
1422 3540 1567 3595 illius
1601 3542 1655 3596 in
1684 3542 1825 3597 divi-

220 3636 342 3675 tum
386 3624 727 3691 maiestatem
772 3626 1121 3695 cogitationes
1162 3630 1243 3683 vel
1284 3644 1348 3683 ex
1384 3632 1463 3685 eis
1502 3642 1668 3701 patet,
1707 3650 1827 3703 qua:

218 3714 525 3784 inspirante
574 3717 914 3788 philosopha
974 3720 1026 3773 in
1081 3736 1247 3776 aureo
1296 3724 1387 3779 illo
1441 3725 1827 3795 philosophica:

218 3806 624 3862 Consolationis
653 3812 910 3876 Opusculo
941 3811 1009 3883 (ί)
1062 3816 1286 3880 protulit
1316 3833 1328 3867 :
1375 3816 1505 3869 nihil
1533 3820 1676 3871 enitn
1711 3828 1821 3873 tum

219 3899 428 3964 docuit,
461 3902 565 3956 ni~i
594 3904 733 3970 quod
758 3903 872 3972 ipse
900 3904 978 3975 (g)
1005 3906 1214 3971 fecerit,
1256 3924 1354 3962 nec
1392 3918 1539 3963 tanta
1569 3910 1825 3967 lacilitate

220 3999 351 4044 tunc
382 4001 647 4061 prter-tare
679 3996 871 4061 potuit,
919 3996 1021 4050 nisi
1051 3997 1190 4064 quod
1223 4013 1252 4050 a
1281 4001 1481 4054 teneris
1512 4002 1667 4055 annis
1695 4017 1827 4057 con-

218 4081 429 4135 tinuata
464 4083 995 4150 pietateexercueiit.
1026 4088 1097 4141 At
1121 4090 1410 4159 singularis
1451 4092 1827 4150 benevolentia

217 4171 397 4227 Boetii
430 4175 483 4227 in
506 4190 696 4228 omnes
727 4176 989 4242 homines,
1023 4180 1250 4235 miseros
1288 4186 1610 4252 praesertim,
1632 4201 1695 4240 ex
1727 4186 1829 4243 hoc

217 4267 382 4320 ctiam
412 4275 497 4319 est
524 4267 827 4336 manifesta,
858 4270 999 4340 quod
1028 4288 1148 4328 cum
1181 4274 1260 4344 (Ii)
1286 4274 1486 4343 ingenti
1507 4278 1693 4333 salutis
1718 4294 1831 4333 suae

217 4360 469 4427 periculo
499 4369 747 4414 senatum
780 4364 1111 4433 populosque
1140 4380 1329 4421 omnes
1359 4383 1480 4422 cum
1509 4370 1828 4437 gravissima

219 4452 496 4516 oratione,
546 4462 658 4505 tum
718 4454 880 4508 etiam
932 4456 1139 4526 objecta
1203 4459 1455 4527 periculis
1514 4466 1831 4518 auctoritate

218 4546 525 4610 protexerit
555 4562 569 4599 :
596 4546 847 4617 quodque
872 4549 933 4619 (i)
968 4550 1131 4605 fuerit
1175 4552 1226 4605 in
1275 4568 1537 4623 pauperes
1566 4554 1826 4611 liberalis.

298 4732 383 4793 (α)
429 4730 482 4781 lu
517 4732 781 4799 supplem.
814 4732 1069 4787 Chronic.

290 4802 377 4865 ειν)
420 4801 727 4873 ςςςεεβίηάοιδ.
760 4802 795 4855 Ι.
822 4819 837 4856 ι
869 4802 1019 4867 Van,
1046 4820 1132 4873 ep.
1164 4804 1253 4859 45.

286 4874 372 4936 (τ)
420 4869 555 4923 uno.

293 4942 385 5008 (di
436 4942 918 5010 Magdehnrgenses
947 4946 1186 4999 centuria
1214 4947 1265 5011 6,
1297 4962 1345 5000 c.
1387 4948 1475 5011 lU,
1506 4955 1562 5001 et
1580 4956 1705 5001 ante
1729 4946 1828 5000 hos

218 5010 271 5059 ς.
314 5013 687 5091 Aptoninusﬂ
718 5027 856 5082 part.
891 5014 1051 5080 Hist.,
1085 5018 1163 5069 tit.
1196 5017 1285 5083 ll,
1316 5031 1431 5087 cap.
1464 5010 1565 5084 l5,
1596 5033 1662 5071 ex
1694 5017 1826 5071 Vin-

215 5095 436 5133 t‘ettlltl.

295 5156 380 5217 (e)
427 5152 516 5206 Sic
554 5153 789 5221 loquitur
834 5154 949 5222 ipse
981 5157 1199 5211 Boetius
1249 5157 1286 5210 Ι.
1336 5157 1405 5213 de
1437 5157 1603 5212 Duab.
1636 5157 1827 5215 Natur.

215 5234 264 5275 ιιι
310 5237 428 5274 una
458 5238 680 5290 persona
711 5222 933 5279 Christi.

287 5294 370 5360 (f)
424 5294 725 5347 Prmsertim
757 5298 824 5347 ah
857 5296 1006 5351 initio
1034 5297 1155 5351 libri
1189 5297 1361 5351 tertii.

214 5363 709 5486 Bglolinnozlius
752 5367 990 5435 episcop.
1037 5368 1361 5432 Ticinensis,
1426 5370 1463 5424 Ι.
1486 5385 1582 5438 v.t,
1618 5383 1704 5439 ep.
1738 5371 1826 5435 l3,

263 5456 273 5479 t
370 5451 382 5483 ι
438 5473 451 5486 ο

263 5447 451 5487 οειιο.

294 5503 391 5571 (h)
440 5502 652 5558 Consol.
684 5506 823 5560 Phil.
857 5507 894 5560 l.‘
928 5523 974 5575 t,
1005 5523 1150 5577 pros.
1182 5508 1217 5561 4
1244 5528 1257 5563 :
1292 5507 1424 5563 Inde
1445 5527 1557 5563 cum
1587 5509 1830 5581 improbis

214 5589 418 5643 graces
436 5613 450 5634 ,
474 5589 577 5627 e:c.

292 5644 366 5715 (i)
405 5644 968 5719 Magdehttrgensesex
991 5649 1251 5719 Procopio
1279 5655 1349 5707 l.t
1372 5652 1440 5708 dc
1472 5652 1614 5706 Bello
1631 5650 1821 5717 60th.,

214 5726 330 5769 etc.
360 5753 380 5777 ,
416 5726 560 5766 cent.
594 5715 648 5780 6,
681 5732 729 5769 c.
760 5719 847 5770 lt).

291 5786 373 5853 (i)
418 5784 649 5861 Consol.
694 5787 887 5853 philos.
922 5788 1012 5845 lib.
1072 5806 1143 5857 tt,
1194 5807 1339 5861 pros.
1369 5794 1447 5847 ὃς
1500 5793 1625 5847 Cum
1686 5802 1827 5847 tanto

216 5856 518 5922 sptenzlorc
542 5872 851 5911 socerorum.

774 383 834 439 ΙΝ
875 383 1117 441 LIBROS
1161 384 1249 440 DE
1302 384 1827 442 CONSULATIONE
1868 382 2344 440 PHILOSOPHUS
2385 381 2921 439 PROLEGOHENA.

3386 383 3491 437 558

2678 498 2714 551 ν

1979 590 2150 656 Atque
2183 597 2401 656 propter
2432 588 2531 643 has
2556 589 2846 658 praeclaras
2875 591 3041 644 animi
3080 594 3232 645 dotes
3264 591 3490 651 factum,

1904 689 1963 735 ut
2006 681 2197 736 Festus
2237 681 2309 751 (ί)
2338 691 2559 736 senatus
2604 682 2851 751 princeps
2900 683 3061 736 ﬁliam
3093 698 3243 738 suam
3294 684 3495 752 llelpen

1903 774 2103 831 Siciliae
2152 776 2422 828 alumnam
2466 775 2651 830 Boetio
2683 778 2947 846 prepriam
2977 778 3255 843 dicaverit,
3288 777 3498 831 stabili-

1904 884 2009 938 que
2046 868 2286 937 junxerit
2336 869 2625 923 connubio.
2686 868 2764 922 Ea
2814 880 2985 923 autem
3038 870 3260 941 llelpes,
3322 870 3502 939 inquit

1905 964 2149 1018 Vallinus
2171 961 2269 1033 (lt),
2300 963 2501 1016 dotibus
2529 963 2689 1015 animi
2716 963 2864 1033 longe
2915 965 3143 1035 corporis
3178 966 3503 1033 '[ortunteque

1905 1053 2035 1106 bona
2064 1054 2326 1120 superavit
2360 1068 2377 1104 :
2408 1053 2611 1121 scripsit
2640 1053 2773 1105 enim
2823 1068 2993 1106 versus
3025 1054 3462 1108 emendatissimos
3483 1092 3499 1117 ,

1906 1145 2244 1211 scribentique
2274 1143 2457 1195 marito
2486 1144 2819 1197 suavissimus
2860 1146 3044 1212 genius
3082 1144 3303 1197 adsedit.
3352 1143 3503 1197 Desi-

1907 1236 2099 1290 deravit
2130 1245 2299 1288 autem
2344 1251 2406 1289 ex
2430 1252 2489 1289 ea
2520 1237 2702 1289 liberos
2734 1251 2754 1291 :
2799 1251 3103 1307 quanquam
3153 1238 3394 1291 nonnulli
3422 1237 3504 1291 di-

1906 1336 2051 1391 cant,
2086 1327 2327 1381 Boetinm
2370 1342 2434 1381 ex
2469 1342 2529 1381 ea
2578 1328 2713 1381 duos
2756 1327 2893 1381 filios
2922 1327 3199 1381 l’atritium
3242 1335 3296 1381 et
3326 1326 3504 1397 Hypa-

1907 1418 2039 1472 tium
2080 1420 2402 1487 suscepisse.
2451 1418 2667 1472 Addunt
2705 1419 2951 1473 eumdem
2998 1418 3240 1473 Boetium
3272 1427 3503 1473 amatam

1909 1509 2046 1563 hanc
2086 1525 2235 1563 suam
2269 1524 2495 1563 uxorem
2530 1509 2631 1563 hoc
2662 1510 2851 1564 ultimo
2887 1510 3127 1565 carmine
3164 1518 3504 1579 prosecutum

1911 1602 2075 1657 fuisse
2105 1620 2117 1655 :

2097 1691 2283 1749 llelpes
2304 1693 2428 1741 dicta
2455 1692 2539 1749 fui,
2565 1693 2743 1741 Sicnlte
2767 1695 2987 1751 regionis
3011 1694 3221 1748 alumna,

2158 1757 2308 1811 Quam
2337 1769 2403 1815 pm
2426 1756 2501 1801 cul
2528 1763 2674 1816 apatt
2692 1758 2733 1802 ia
2759 1756 2977 1816 conjugis
3000 1759 3103 1813 egit
3125 1768 3258 1802 amor
3284 1770 3295 1804 :

2096 1817 2199 1873 Quo
2224 1818 2262 1863 si
2286 1832 2329 1863 te
2352 1824 2518 1863 mmsta
2543 1815 2669 1873 dies,
2697 1830 2789 1863 nox
2820 1815 2980 1871 anxia,
3008 1816 3185 1865 flebilis
3210 1818 3345 1876 liora,

2160 1878 2261 1925 Nec
2279 1878 2435 1925 solum
2455 1890 2586 1933 citro,
2613 1878 2701 1926 sed
2724 1881 2925 1939 spiritus
2950 1891 3075 1926 unus
3096 1887 3221 1927 erat.

2101 1937 2199 1986 Lux
2224 1953 2331 1986 mea
2358 1953 2449 1987 non
2473 1940 2632 1987 clausa
2658 1937 2855 1998 est,'tali
2881 1948 3170 1988 remanente
3197 1942 3384 2000 marito,

2163 2001 2433 2061 Majoriquc
2459 2002 2629 2048 animae
2657 2008 2795 2062 parte
2822 2011 3074 2060 superstes
3099 2014 3200 2049 ero.

2099 2062 2209 2109 Port
2222 2064 2372 2109 icihus
2389 2063 2540 2110 sacris
2558 2064 2654 2122 jam
2678 2076 2807 2109 nune
2831 2066 3098 2122 peregrina
3116 2063 3316 2123 quiesco

2160 2124 2345 2172 Jttdicis
2370 2124 2541 2171 aeterni
2563 2124 2813 2171 testilicata
2842 2126 3087 2173 thronum.

2100 2183 2171 2232 Ne
2194 2198 2286 2241 qua
2312 2197 2480 2231 manus
2505 2186 2694 2232 bustum
2721 2186 2886 2243 violet,
2914 2187 3005 2233 nisi
3029 2185 3154 2233 forte
3174 2185 3352 2244 jugalis

2162 2246 2281 2294 Rrec
2307 2247 2483 2293 iterum
2504 2249 2665 2303 cupiat
2686 2248 2896 2306 iungere
2918 2246 3137 2294 membra
3159 2251 3260 2294 suis
3275 2286 3288 2304 ,

2101 2308 2163 2356 L't
2193 2308 2383 2355 thalami
2404 2307 2675 2369 tumulique
2697 2321 2863 2357 comes
2885 2321 2975 2357 nec
2998 2315 3155 2357 morte
3181 2308 3411 2370 retellar,

2166 2370 2225 2417 Et
2249 2373 2404 2417 socios
2431 2372 2539 2417 \itte
2563 2376 2728 2417 nectat
2753 2377 2963 2431 uterque
2988 2371 3130 2417 cinis.

1915 2451 2018 2507 Sel
2055 2453 2167 2505 hzec
2192 2461 2465 2505 venustam
2501 2452 2669 2505 Boetii
2704 2454 2907 2521 poesim
2942 2469 3046 2507 non
3077 2451 3323 2507 redolent
3353 2469 3367 2507 :
3408 2452 3510 2507 sal-

1919 2553 2025 2597 tem
2060 2542 2346 2596 maximam
2388 2551 2615 2607 partem.

1987 2634 2211 2701 Propter
2232 2634 2417 2687 eadem
2452 2633 2711 2687 doctrinae
2738 2634 3053 2703 virtutisque
3088 2647 3401 2690 ornamenta
3444 2633 3512 2706 (ι)

1919 2723 2294 2795 Symmachus,
2329 2725 2575 2793 princeps
2599 2740 2809 2793 quoque
2832 2735 3073 2789 senatus,
3108 2725 3358 2781 defuncta
3388 2727 3514 2782 Hel-

1918 2832 2020 2885 pe,
2062 2815 2427 2869 llusticianam
2480 2815 2642 2869 filiam
2699 2832 2849 2870 suam
2904 2816 3077 2871 eidem
3130 2818 3316 2873 Boetio
3366 2820 3514 2879 dedit

1918 2921 2161 2969 uxorem,
2197 2921 2263 2959 ex
2286 2921 2413 2975 qua,
2438 2906 2579 2959 inter
2603 2905 2739 2961 alios
2767 2906 2987 2971 liberos,
3015 2908 3151 2963 duos
3191 2911 3429 2980 suscepit
3452 2912 3515 2964 fi-

1919 2999 2038 3059 lios.
2084 3013 2323 3068 quorum
2356 2998 2493 3051 alter
2530 2996 2672 3051 avito
2702 3002 2919 3053 nomine
2958 3000 3333 3069 Symmachus,
3377 3001 3514 3057 alter

1920 3102 2145 3157 paterno
2169 3089 2383 3143 Boetius
2410 3088 2586 3143 dictus
2615 3088 2712 3142 fuit
2737 3105 2750 3154 ;
2783 3090 2980 3158 quique
3009 3090 3182 3144 adhuc
3225 3092 3374 3161 pueri
3415 3091 3510 3164 (in)

1922 3182 2171 3237 consules
2204 3182 2325 3234 lacti
2364 3192 2531 3235 sunt:
2572 3181 2694 3235 ideo
2740 3183 2881 3235 enim
2931 3181 2984 3235 hi
3028 3183 3122 3237 lilii
3169 3198 3197 3237 a
3238 3198 3335 3238 suo
3364 3194 3514 3254 patro

1848 3249 1894 3311 ο
1926 3273 2178 3329 dicuntur
2200 3272 2276 3344 (η)
2302 3274 2394 3326 viri
2410 3274 2718 3340 consulares,
2744 3290 2959 3341 quorum
2970 3274 3085 3345 jam
3108 3284 3161 3327 ut
3188 3276 3241 3328 in
3269 3276 3322 3328 id
3350 3277 3514 3330 (etatis

1927 3366 2099 3437 pueris
2126 3366 2204 3419 vel
2230 3366 2431 3435 paterni
2459 3364 2535 3419 vel
2563 3366 2683 3419 aviti
2708 3366 2960 3436 specimen
2990 3368 3150 3420 elucet
3178 3368 3394 3438 ingenii.

2682 3459 2771 3514 Vl.

2002 3556 2072 3609 At
2096 3569 2224 3608 vero
2252 3553 2510 3623 singulari
2534 3568 2656 3607 cum
2688 3552 2968 3619 doctrinae,
3001 3560 3111 3606 tum
3142 3553 3302 3608 etiam
3334 3555 3517 3613 virtuti

1931 3644 2100 3699 Boetii
2133 3645 2320 3699 referri
2348 3643 2508 3698 debet
2537 3652 2838 3711 acceptum,
2869 3645 3008 3711 quod
3040 3644 3126 3698 ille
3160 3646 3244 3699 vel
3284 3647 3352 3700 ab
3382 3646 3517 3702 ado-

1930 3738 2187 3791 lescentia
2213 3738 2438 3791 summis
2458 3736 2804 3807 dignitatibus
2828 3746 3045 3791 ornatus
3074 3738 3254 3792 fuerit.
3280 3739 3518 3795 Primum

1930 3830 2145 3898 quidem
2181 3830 2357 3884 adhuc
2394 3830 2607 3897 juvenis
2639 3829 2716 3897 (ο)
2758 3829 2809 3882 in
2853 3839 3060 3897 patrum
3101 3841 3518 3901 senatorumque

1932 3918 2120 3973 Ordine
2147 3918 2377 3988 positus,
2411 3917 2663 3985 patricius
2692 3915 2810 3971 fuit.
2849 3916 3051 3971 Deinde
3080 3932 3222 3971 anno
3251 3933 3359 3971 suze
3390 3927 3518 3973 arta-

1935 4011 2002 4063 tis
2022 4010 2233 4065 circiter
2263 4009 2539 4079 trigesimo
2561 4009 2749 4079 quinto
2776 4007 2874 4063 fuit
2895 4009 2970 4079 (ρ)
2995 4010 3206 4063 consul.
3237 4008 3518 4064 Postremo

1934 4108 2091 4153 aetate
2123 4101 2425 4168 provectior
2473 4099 2725 4167 magister
2755 4099 2853 4152 luit
2881 4096 2954 4168 (ᾳ)
3000 4098 3341 4152 officiorum:
3384 4113 3517 4168 quas
3610 4114 3613 4117 λ

1934 4190 2146 4260 quidem
2188 4191 2473 4261 dignitates
2525 4200 2583 4244 ut
2631 4204 2734 4244 non
2783 4192 3037 4258 suscepit,
3065 4193 3143 4246 sic
3187 4206 3291 4245 non
3330 4195 3517 4261 gessit,

1937 4281 2037 4334 nisi
2083 4282 2153 4352 (r)
2203 4283 2474 4336 communi
2525 4280 2785 4338 bonorum
2835 4283 3073 4335 omnium
3124 4282 3347 4337 studio:
3396 4282 3520 4337 hinc

1937 4371 2134 4442 iniquis
2177 4374 2540 4443 improborum
2586 4374 2823 4427 omnium
2865 4374 3106 4428 consiliis
3146 4387 3265 4428 sese
3308 4389 3521 4443 semper

1936 4466 2187 4534 opposuit
2220 4482 2231 4515 :
2268 4465 2391 4518 hinc
2422 4465 2495 4534 (s)
2542 4464 2886 4534 Conigastum
2930 4472 3255 4525 exactorem,
3297 4465 3521 4519 misero-

1940 4573 2055 4611 rum
2086 4557 2281 4613 civium
2315 4556 2553 4612 fortunas
2583 4556 2943 4620 invadentem,
2983 4554 3181 4624 saepius
3222 4559 3518 4624 repressit:

1856 4742 1914 4803 D
2012 4738 2088 4807 llr)
2132 4740 2187 4793 In
2218 4740 2332 4793 Vita
2389 4740 2579 4795 Boetii.
2621 4738 2818 4794 Eadem
2868 4739 2997 4794 dicit
3036 4736 3201 4794 Lilius
3230 4740 3521 4809 Gregorius

1933 4809 2197 4879 Gyraldus
2224 4810 2291 4864 de
2317 4812 2525 4865 Poetar.
2555 4810 2688 4865 llist.
2713 4811 2841 4864 dial.
2874 4811 2927 4864 5.

2008 4881 2072 4947 (ι)
2110 4880 2327 4933 Consol.
2364 4882 2492 4949 phil.
2544 4884 2579 4935 l.
2624 4896 2662 4948 l,
2710 4895 2854 4949 pro~.
2888 4881 2921 4932 ιι
2954 4879 3151 4935 :Socer
3179 4882 3332 4935 ctiam
3361 4882 3518 4951 Sym-

1934 4951 2145 5002 machus
2175 4961 2398 5006 sanctus.

2006 5020 2103 5087 (in)
2145 5020 2302 5083 lbid.,
2351 5023 2441 5074 lib.
2485 5037 2543 5085 tt,
2589 5036 2733 5089 pros.
2767 5023 2833 5077 ’ὅς
2873 5020 3017 5074 Duos
3057 5023 3248 5089 pariter
3289 5022 3520 5074 consules

1935 5089 2092 5162 libero
2158 5104 2270 5162 :uos
2312 5092 2463 5144 domo
2500 5092 2704 5158 provehi
2741 5096 2831 5145 sub
2860 5094 3145 5162 frequentia
3173 5102 3395 5159 patrum,
3427 5094 3519 5143 sub

1937 5159 2099 5229 plebis
2129 5161 2391 5215 alacritate
2415 5162 2607 5214 uidisti.

2011 5232 2094 5301 (η)
2134 5231 2288 5293 lbid.,
2322 5248 2466 5300 pros.
2501 5231 2553 5284 4.

2007 5305 2081 5367 (ο)
2122 5302 2341 5357 Consol.
2378 5304 2574 5372 philos.
2622 5304 2658 5356 l.
2699 5320 2754 5362 ιι,
2790 5318 2931 5370 pros.
2968 5305 3000 5356 5
3034 5318 3046 5354 :
3094 5303 3347 5356 l'raztereo
3384 5316 3523 5351 sum-

1939 5380 2052 5439 ptas
2074 5373 2503 5443 iniadolescentia
2533 5382 2743 5443 negatas
2773 5374 2974 5425 senibus
3007 5373 3301 5441 dignitates.
3584 5376 3597 5387 ’

2012 5441 2090 5509 (p)
2136 5442 2409 5498 Erinodius
2442 5445 2478 5498 ι.
2512 5441 2624 5504 viti.
2656 5446 2811 5509 epist.
2842 5445 2892 5498 l.

2011 5507 2091 5581 (ᾳ)
2129 5510 2350 5569 Consol.
2392 5514 2586 5582 philos.
2631 5507 2786 5577 1.-111,
2830 5528 2970 5580 pros.
2998 5514 3030 5565 4
3062 5530 3071 5563 :
3103 5510 3231 5564 Cum
3275 5507 3521 5561 Decoran

1938 5599 2110 5653 gerere
2140 5587 2514 5653 magistratum.

2014 5655 2085 5722 (r)
2130 5647 2284 5717 lbid.,
2319 5655 2411 5707 ιιι).
2442 5670 2477 5718 1,
2510 5668 2654 5722 pros.
2688 5654 2721 5704 4
2755 5670 2766 5703 ;
2801 5650 3020 5722 Nullum
3051 5665 3130 5703 me
3155 5647 3224 5722 ad
3250 5647 3519 5722 magig'm-

1944 5720 2075 5785 tum,
2108 5725 2207 5776 nisi
2240 5720 2783 5777 communeﬁbonorum
2823 5720 3045 5775 omnium
3080 5720 3328 5787 studium,
3370 5720 3521 5773 detu-

1944 5796 2082 5847 lisse.

2016 5864 2087 5933 (ε)
2129 5861 2265 5916 Ibid.
