3998 6368
244 347 333 394 561
826 343 889 396 IN
929 342 1174 398 LIBROS
1214 342 1302 397 DE
1342 342 1861 399 CONSOLATIONE
1900 342 2372 400 PHILOSOPHUS
2410 344 2940 404 PROLEGOMENA.

3404 348 3510 407 562
3538 318 3543 327 ’

242 457 343 513 sia's
374 456 632 511 Romana:
658 457 927 527 religionis
952 458 1054 512 ritu
1085 458 1410 514 consecrari.
1463 458 1825 514 Theodericus
1853 461 1905 520 Α
1934 472 2120 513 ναηηω
2168 460 2422 513 memoria
2463 459 2771 531 Symmachi
2823 461 3008 531 quinto
3048 459 3297 517 calendas
3334 460 3507 522 Junii;

242 552 453 607 Arianis
487 552 553 606 ad
586 568 643 606 se
672 550 1095 619 confugientibus
1126 551 1177 605 id
1208 552 1353 606 novit
1386 570 1398 605 :
1431 568 1597 623 quare
1643 553 1823 607 missis

243 642 762 712 Constantinopolim
794 642 868 713 (α)
902 644 1109 712 legatis,
1145 643 1351 698 Joanne
1392 659 1583 714 nempe
1612 644 1825 700 Thusco

243 739 495 806 episcopo
532 736 803 802 Romano,
843 744 899 791 et
934 736 1184 804 episcopo
1222 735 1649 802 Ravennatensi;
1689 736 1827 807 Aga-

246 838 366 896 peto
406 836 461 881 et
498 827 729 881 Patricio
768 826 1079 880 consulibus
1115 826 1404 890 Romanis;
1465 836 1624 897 atque
1650 827 1826 882 Theo-

245 919 371 971 doro
392 927 447 972 et
473 918 782 988 lmportuno
808 916 1167 983 senatoribus,
1190 917 1318 977 viris
1340 917 1825 987 praestantissimis,

246 1010 520 1078 postulare
546 1010 614 1064 ab
654 1009 861 1065 Justino
886 1008 1065 1079 jussit,
1098 1019 1154 1064 ut
1183 1009 1360 1065 Ariani
1389 1010 1624 1079 episcopi
1654 1019 1706 1064 et
1736 1026 1826 1065 sa-

210 1120 217 1133 κ
245 1100 493 1156 cerdotes
519 1100 637 1156 loco
658 1116 756 1154 suo
781 1101 909 1155 moti
936 1101 1384 1156 restituerentur:
1413 1103 1552 1171 quod
1578 1103 1630 1157 ni
1655 1102 1822 1167 ﬁeret,

244 1194 355 1249 fore
377 1201 437 1249 ut
458 1193 607 1249 brevi
633 1193 798 1249 ltoma
826 1201 879 1249 et
909 1201 1017 1249 tota
1041 1194 1186 1249 Italia
1211 1194 1445 1249 credibns
1467 1205 1520 1250 et
1565 1195 1827 1252 incendi‘s

242 1304 455 1361 quoque
514 1290 797 1345 adversum
842 1288 1172 1346 orthodoxos
1227 1290 1513 1360 repleatur.
1569 1291 1646 1360 (ὁ)
1695 1292 1826 1347 Cum

242 1390 420 1435 autem
458 1380 620 1450 legati
650 1381 703 1435 in
743 1379 931 1435 itinere
961 1381 1209 1450 opinione
1241 1381 1438 1438 diutius
1469 1393 1825 1447 morarentur,

242 1471 610 1526 Theodericus
640 1470 787 1526 rabie
826 1470 1122 1541 iniquitatis
1163 1485 1275 1526 suae
1314 1472 1641 1537 stimulatus;
1671 1472 1829 1540 Sym-

242 1564 495 1619 machum
538 1573 593 1618 et
637 1563 879 1618 Boetium
934 1565 1289 1631 exconsules,
1343 1566 1483 1621 viros
1534 1566 1828 1621 catholicos

240 1656 418 1726 gladio
447 1655 756 1711 trucidavit.
801 1655 872 1727 (c)
906 1656 1105 1712 Deinde
1139 1657 1399 1713 Joannem
1428 1674 1620 1729 papam
1651 1676 1714 1715 ex
1748 1661 1829 1715 le-

242 1748 456 1817 gatione
497 1763 805 1813 reversum,
838 1764 903 1804 eo
930 1750 1072 1818 quod
1103 1751 1393 1807 honoriﬁce
1426 1753 1493 1808 ab
1522 1753 1827 1808 orthodoxo

1929 550 2067 619 quod
2097 558 2319 620 uterque
2349 565 2446 619 pro
2475 551 2580 607 ﬁde
2607 561 2792 607 contra
2821 553 3048 608 Arianos
3075 561 3303 607 mortem
3340 567 3508 621 oppe-

1929 641 2094 696 tierit.
3464 648 3474 662 '

2002 732 2134 787 llinc
2171 733 2330 788 etiam
2365 734 2446 805 (g)
2476 734 2711 804 ejusdem
2745 734 2912 791 Boetii
2951 735 3325 807 sepulchrum,
3368 736 3510 806 quod

1929 824 2098 880 Ticini
2132 826 2186 879 in
2218 825 2332 880 aede
2362 826 2418 882 S.
2445 827 2745 896 Augustino
2773 842 2948 895 sacra,
2975 828 3267 884 etiamnum
3296 830 3506 895 visitur,

1930 918 2169 987 pluribus
2197 917 2386 987 elogiis
2416 917 2724 974 decoratum
2754 919 2850 973 fuit
2883 936 2895 972 :
2926 920 3052 974 olim
3080 920 3295 990 quidem
3322 920 3434 975 sic:

2112 1028 2240 1079 Ecce
2264 1031 2479 1079 Boethus
2499 1030 2638 1079 adest
2654 1032 2701 1079 in
2728 1029 2853 1078 ctrlo
2876 1044 3097 1092 magnus,
3126 1041 3176 1080 et
3194 1033 3323 1080 omni

2179 1092 2472 1152 Petspectus
2492 1093 2689 1149 mundo,
2717 1094 2865 1139 mirus
2891 1093 3082 1141 habend
3117 1108 3141 1141 s
3158 1094 3315 1143 homo.

2112 1154 2202 1215 Qui
2222 1152 2525 1202 'l'lteodorico
2548 1155 2658 1214 regi
2681 1152 2876 1202 delatus
2897 1155 3064 1215 iniquo

2177 1214 2331 1263 Ticini
2352 1218 2542 1263 senium
2560 1216 2701 1263 duxit
2726 1216 2771 1262 in
2796 1215 2989 1264 exsilio.

2113 1274 2165 1324 In
2180 1289 2283 1339 _qua
2308 1290 2362 1323 se
2386 1284 2609 1339 incestum
2632 1276 2792 1325 solans
2809 1276 2947 1325 dedit
2970 1277 3091 1325 urbe
3111 1274 3355 1339 Iibel'um;

2176 1337 2295 1388 Post
2320 1341 2442 1388 ictus
2462 1338 2642 1401 gladio,
2668 1340 2794 1388 exiit
2816 1352 2846 1388 e
2871 1339 3047 1388 medio.

1929 1437 2078 1493 Nunc
2105 1454 2230 1494 vero
2254 1441 2366 1495 sic:

2116 1552 2317 1617 Maeonia
2348 1562 2400 1604 et
2421 1554 2555 1605 Latia
2579 1555 2743 1617 lingua
2762 1557 3071 1617 clarissimus,
3098 1562 3150 1606 et
3171 1558 3254 1613 qui

2175 1614 2350 1679 Consul
2372 1629 2524 1677 eram,
2548 1619 2625 1665 hic
2648 1614 2770 1679 perii
2803 1620 2980 1668 missus
3002 1614 3323 1668 in’exsilinm.

2112 1675 2303 1742 Et_quia
2328 1691 2457 1742 mors
2478 1675 2663 1741 rapuit,
2686 1682 2904 1741 probitas
2924 1694 3004 1730 me
3030 1682 3167 1731 vexit
3188 1682 3247 1730 ad
3266 1694 3428 1742 auras,

2178 1737 2248 1786 En
2274 1752 2400 1788 nunc
2424 1737 2546 1789 fama
2564 1737 2699 1803 viget
2721 1744 2947 1803 maxima,
2974 1745 3088 1793 vivit
3106 1756 3244 1805 opus.

242 1839 572 1903 imperatore
614 1848 889 1909 exceptus,
923 1850 977 1895 et
1006 1842 1319 1896 muneribus
1358 1842 1585 1897 donatus
1618 1843 1823 1912 fuisset,
1860 1836 1906 1895 B
2001 1839 2123 1895 Suis
2158 1842 2325 1911 igitur:
2350 1843 2565 1906 Boetius
2602 1845 2853 1900 notabilis
2882 1855 2965 1900 est
2991 1845 3306 1916 majoribus,
3337 1845 3512 1902 crudi-

242 1944 359 1985 cum
393 1930 580 1995 sociis,
604 1929 873 1985 Ravenna:
919 1931 971 1984 in
1013 1932 1224 1985 vincula
1254 1933 1555 2000 conjectum
1584 1935 1824 2003 pmdme,

243 2021 329 2075 siti
372 2032 427 2076 et
476 2022 652 2076 inedia
702 2024 908 2076 necavit
951 2041 962 2076 ς
1006 2024 1099 2078 sed
1131 2023 1210 2093 (ιι)
1270 2040 1361 2078 rex
1394 2026 1586 2093 impius
1610 2027 1826 2097 digntnn

242 2128 453 2183 quoque
496 2113 653 2168 factis
691 2116 804 2168 suis
846 2116 1055 2170 invenit
1086 2117 1206 2170 vita:
1241 2118 1440 2171 exitum
1477 2136 1488 2171 :
1522 2134 1641 2174 nam
1673 2136 1737 2173 ex
1764 2136 1829 2173 eo

245 2217 513 2275 tempore,
535 2221 641 2275 quo
664 2207 1064 2277 Symmachum,
1096 2208 1356 2274 Boetinm,
1389 2209 1646 2267 Joannem
1678 2210 1827 2266 Thn-
1880 2207 1882 2210 ’

244 2318 392 2357 scum
425 2304 739 2373 episc0pum
771 2305 1092 2371 Romanum,
1136 2317 1190 2362 et
1228 2307 1363 2363 alios
1394 2306 1587 2377 injnSIe
1615 2306 1830 2361 interfe-

243 2396 334 2459 cit,
368 2396 420 2449 in
444 2413 715 2452 summum
743 2399 902 2453 animi
937 2414 1220 2454 mterorem
1250 2398 1458 2464 incidit,
1493 2400 1562 2454 ita
1594 2406 1650 2452 ut
1677 2398 1828 2453 obla-

245 2501 323 2547 tos
352 2490 408 2545 in
446 2507 634 2547 mensa
669 2493 842 2563 pisces
879 2495 1261 2564 imaginaretur
1301 2496 1704 2551 interfectorum
1743 2510 1830 2550 ca-

246 2584 350 2653 pita
389 2599 535 2640 esse.
588 2585 828 2640 Tandem
877 2602 1005 2642 vero
1052 2587 1399 2657 nonagesimo
1442 2586 1530 2643 die
1581 2604 1612 2641 a
1659 2597 1831 2643 morte

243 2675 467 2731 Joannis
496 2691 648 2747 papa:
679 2677 956 2732 subitanea
986 2689 1158 2734 morte
1184 2678 1361 2749 periit.

995 2768 1088 2827 IX.

312 2859 509 2915 Modus
556 2875 721 2929 porro
764 2876 869 2930 quo
898 2862 1113 2917 Boetius
1141 2860 1456 2918 interfectus
1492 2869 1576 2918 est
1609 2877 1713 2917 non
1759 2862 1835 2917 ita

242 2961 454 3006 constat
493 2969 505 3004 :
545 2952 641 3006 sed
684 2952 757 3021 (ε)
793 2952 963 3007 Ticini
1008 2962 1335 3009 monstratur
1374 2954 1535 3009 turris
1583 2954 1829 3019 tateritia,

243 3040 409 3096 Boetii
465 3056 673 3102 carcer.
721 3057 829 3111 quo
872 3042 1043 3099 Ticini
1091 3044 1277 3098 incolae
1320 3060 1349 3098 a
1393 3043 1684 3115 majoribus
1722 3046 1834 3100 suis

242 3132 378 3188 docti
411 3144 668 3189 asserunt
702 3137 894 3190 missos
923 3152 950 3187 a
981 3135 1315 3191 Theoderico
1355 3137 1623 3191 tribunum
1661 3147 1715 3191 et
1747 3151 1833 3191 sa-

1933 1932 2101 1997 tione,
2131 1933 2437 2000 virtutibus,
2470 1936 2751 2003 uxoribus,
2786 1936 2988 2005 liberis,
3014 1936 3383 2008 dignitatibus,
3415 1938 3511 1992 ini‘

1934 2025 2088 2078 micis
2138 2034 2192 2080 et
2221 2036 2413 2081 morte.
2494 2028 2552 2081 1°
2578 2028 2808 2098 Majores
2837 2029 2974 2098 ejus,
3002 2031 3165 2085 Anitii
3199 2030 3431 2095 fuerunt,
3462 2041 3512 2088 et

1934 2115 2136 2185 Manlii,
2161 2118 2259 2172 viri
2290 2118 2429 2174 inter
2454 2120 2702 2191 antiquos
2732 2123 3046 2192 nobilesque
3071 2122 3340 2179 Romanos
3362 2125 3514 2189 tanti,

1932 2220 2132 2275 paucos
2169 2220 2226 2261 ut
2263 2207 2549 2264 habuerint
2588 2224 2767 2281 pares,
2801 2212 3103 2280 superiores
3135 2212 3282 2268 certe
3314 2213 3511 2267 nullos.

1930 2297 1995 2351 2°
2040 2298 2285 2354 Eruditio
2335 2300 2575 2370 ejusdem
2622 2302 2943 2373 singularis,
3009 2320 3110 2367 qua
3184 2315 3244 2360 ut
3300 2305 3516 2361 ultimus

1933 2390 2174 2445 omnium
2244 2408 2309 2448 ex
2371 2395 2604 2464 antiquis
2653 2384 2909 2452 Romanis
2970 2397 3169 2468 aliquid
3222 2398 3516 2453 litterarum

1935 2483 2298 2539 monumentis
2324 2486 2676 2553 consecravit,
2710 2487 2788 2543 sic
2815 2488 3017 2556 primus
3047 2488 3283 2542 omnium
3312 2488 3515 2543 Aristo-

1936 2574 2145 2627 telicam
2189 2575 2525 2646 disciplinam
2558 2578 2761 2653 Latinis
2793 2580 2982 2635 litteris
3027 2580 3294 2635 illustrare
3322 2581 3513 2650 carpit:

1935 2676 2096 2722 tantae
2145 2679 2397 2724 caaterum
2448 2672 2587 2740 apud
2644 2659 2886 2740 posteros
2945 2675 3297 2740 auctoritatis,
3349 2682 3406 2729 ut
3452 2674 3515 2730 ab

1934 2760 2176 2829 ejusdem
2243 2763 2510 2818 sententia
2584 2764 2727 2818 nulla
2801 2764 2971 2820 ferme
3042 2767 3111 2820 sit
3189 2766 3515 2836 provocatio.

1934 2853 1991 2909 5⁸
2025 2853 2205 2909 Virtus
2246 2854 2386 2909 illius
2424 2857 2478 2909 in
2520 2864 2810 2925 tempestate
2838 2858 3008 2927 quieta
3039 2858 3165 2927 fuit;
3202 2857 3330 2911 luxit
3362 2858 3414 2911 in
3448 2865 3518 2911 te-

1936 2946 2133 3007 nebris;
2162 2946 2313 3015 pulsa
2343 2946 2465 3000 loco.
2483 2948 2667 3001 mansit
2695 2955 2866 3001 tamen
2894 2956 3044 3015 atque
3070 2946 3216 3001 ha’ait
3241 2948 3294 3000 in
3319 2948 3517 3016 patria,-

1936 3038 2191 3106 apleuduit
2217 3053 2307 3108 per
2332 3054 2439 3091 sese
2467 3054 2678 3108 semper,
2708 3054 2797 3091 nec
2826 3038 3256 3107 alienistunquam
3285 3038 3521 3091 sordibus

1936 3128 2195 3182 obsolevit.
2248 3128 2306 3181 4°
2355 3127 2584 3193 Uxores,
2632 3129 2835 3183 soceris
2878 3128 3038 3183 Festo
3084 3138 3137 3182 et
3177 3127 3518 3197 Symmacho,

244 3226 501 3290 tellitem;
536 3227 705 3293 illum,
733 3227 798 3281 ad
826 3228 1150 3284 monendum
1180 3229 1442 3293 Boetium,
1473 3239 1550 3294 ut,
1582 3230 1627 3283 si
1656 3230 1834 3283 salvus
1862 3216 1908 3279 C
1941 3221 2177 3290 patriciis
2204 3224 2348 3275 Otlmi
2380 3222 2537 3276 laude
2568 3221 2877 3291 majoribus.
2912 3212 3143 3285 εἰωλὶινδς
3190 3234 3412 3290 quarum
3444 3220 3521 3273 3"

243 3335 362 3376 esse
409 3321 604 3386 vellet,
645 3321 901 3391 quidquid
960 3331 1079 3378 erat
1120 3322 1510 3390 conjurationis
1564 3322 1825 3391 aperiret;

244 3410 384 3466 hunc
413 3411 482 3465 ad
516 3412 967 3479 interﬁciendum,
997 3413 1039 3467 si
1074 3423 1321 3468 renueret
1360 3428 1476 3482 apet
1493 3414 1590 3468 ire.
1622 3412 1835 3467 Addunt

241 3503 551 3566 satellitem,
581 3503 671 3557 ubi
702 3504 914 3560 Boetius
942 3519 999 3558 se
1030 3505 1226 3559 nullius
1255 3506 1306 3559 in
1334 3520 1512 3574 regem
1550 3505 1669 3559 facti
1706 3520 1835 3560 con-

244 3594 410 3647 scium
441 3609 566 3649 esse
594 3594 845 3663 dixisset,
876 3596 1119 3663 ejusdem
1150 3595 1316 3650 Boetii
1346 3597 1609 3650 cervicem
1643 3597 1713 3650 ita
1741 3596 1835 3651 de-

244 3691 545 3749 truncasse,
578 3683 716 3739 hanc
743 3693 800 3738 ut
828 3686 943 3754 ipse
968 3686 1182 3741 Boetius
1216 3696 1441 3757 utraque
1470 3702 1627 3741 manu
1664 3688 1836 3742 divnl-

239 3789 352 3828 sam
394 3776 741 3840 snstinuerit;
789 3777 982 3832 deinde
1025 3779 1383 3839 interromtus
1425 3794 1455 3832 a
1496 3794 1730 3848 quonam
1774 3793 1835 3835 se

241 3881 556 3933 percussum
598 3870 953 3935 existimaret,
995 3872 1331 3941 responderit
1365 3874 1433 3927 ab
1471 3872 1677 3943 impiis;
1723 3884 1832 3927 tum

242 3958 517 4026 profectus
543 3962 594 4014 in
620 3961 851 4017 vicinum
879 3963 1156 4032 templum,
1186 3963 1336 4018 ﬂexis
1358 3964 1421 4018 ad
1444 3978 1564 4017 aras
1585 3964 1833 4033 genibus,

240 4064 390 4102 sacra
425 4051 759 4119 perceperit;
806 4051 1128 4122 tandemque
1154 4064 1410 4107 mternam
1439 4052 1663 4123 gloriam
1704 4067 1835 4108 con-

239 4152 527 4195 secuturus
569 4144 945 4211 exspiraverit.

314 4231 448 4286 Ilinc
490 4234 708 4288 Boetius
742 4236 807 4304 (n
853 4237 902 4288 in
940 4252 1164 4290 numero
1203 4247 1507 4291 sanctorum
1540 4246 1835 4307 martyrum

242 4319 483 4385 habitus,
531 4324 757 4393 ejusque
810 4328 1066 4382 memoria
1111 4329 1282 4383 Tit-ini
1327 4330 1535 4385 decimo
1584 4331 1834 4385 calendas

242 4411 566 4469 Novembris
597 4418 886 4483 quotannis
916 4418 1218 4473 celebratur
1253 4438 1262 4470 :
1321 4436 1426 4473 non
1459 4435 1613 4475 secus
1643 4436 1703 4475 ac
1731 4421 1835 4477 Ra-

313 4611 385 4681 (α)
427 4614 747 4683 Sabellicus,
783 4616 817 4669 l.
855 4632 909 4682 ιι,
939 4620 1180 4675 cuneadc
1208 4619 1261 4673 8.

318 4687 389 4751 (ιι)
434 4687 754 4759 gitiellicus,
794 4687 933 4759 ibul.
966 4690 1155 4744 Paulus
1184 4690 1467 4759 Diaconos,
1503 4692 1538 4747 l.
1573 4706 1661 4756 xv,
1690 4705 1737 4744 c.
1769 4690 1821 4747 5.

313 4762 385 4819 (ί)
442 4755 606 4830 Vetus
660 4756 825 4830 Boetii
873 4767 1044 4830 statua
1094 4776 1426 4821 marmorea,
1456 4755 1597 4830 'quze
1644 4755 1827 4817 [inmte

237 4835 487 4877 servatur
534 4829 587 4878 in
631 4828 835 4880 a'dibns
873 4829 1153 4885 Jusﬁniani
1184 4848 1233 4884 v.
1268 4846 1318 4884 c.
1352 4828 1542 4885 indicat
1588 4832 1826 4887 Boetinm

234 4895 502 4948 sublatum
547 4898 714 4950 fuisse
751 4900 888 4953 circa
923 4916 1119 4955 annum
1153 4901 1276 4955 vita:
1314 4917 1424 4955 sine
1455 4903 1828 4972 quinquagesi-

232 4980 405 5015 ΙΙΙΙΙΙΙΙ.

1938 3320 2049 3365 tera
2074 3310 2426 3364 versiﬁcando
2449 3310 2647 3366 imitata
2677 3318 2790 3375 est;
2816 3310 2980 3365 altera
3012 3310 3228 3380 pulchra
3256 3309 3405 3379 prole
3434 3325 3522 3377 pa-

1940 3411 2143 3457 rentem
2175 3400 2297 3455 fecit
2328 3402 2597 3456 maritum.
2628 3402 2685 3456 5°
2716 3404 2827 3455 Duo
2852 3401 2965 3469 ﬁlii,
2990 3412 3232 3472 paterna:
3258 3400 3524 3469 avitatquo

1941 3497 2151 3551 virtutis
2182 3495 2455 3561 hmredes,
2500 3496 2776 3566 frequente
2818 3506 3028 3565 senatu,
3072 3496 3387 3566 populisque
3433 3495 3524 3549 ΙιΒ·

1942 3589 2197 3651 tantibus,
2240 3588 2475 3657 proVecti
2521 3597 2645 3642 runt
2678 3588 2876 3657 pariter
2914 3587 3166 3642 consules
3212 3602 3279 3643 ex
3325 3586 3523 3642 adibus

1942 3681 2177 3749 paternis
2219 3679 2532 3744 incuriam,
2574 3679 2660 3733 ubi
2700 3682 2870 3748 pate'r,
2910 3678 3098 3734 iisdem
3143 3678 3357 3734 curules
3400 3678 3524 3733 insi-

1937 3770 2210 3839 dentibus,
2242 3771 2400 3840 regiae
2428 3770 2603 3824 laudis
2631 3780 2833 3835 orator,
2863 3770 3059 3840 ingenii
3090 3769 3312 3839 gloriam
3344 3770 3525 3824 facun-

1937 3862 2146 3931 dia‘que
2174 3862 2386 3917 meruit.
2438 3862 2499 3918 6°
2528 3862 2823 3932 Dignitates
2846 3862 2970 3917 huic
2992 3862 3205 3916 familiae
3231 3862 3524 3916 credideris

1939 3953 2146 4007 innatas
2177 3971 2189 4005 :
2224 3954 2319 4009 bas
2345 3953 2563 4025 quippe,
2591 3954 2753 4009 etiam
2786 3954 3006 4009 senibus
3036 3963 3277 4019 negatas,
3309 3951 3523 4006 Boetius

1939 4029 2053 4113 ipse
2085 4044 2266 4099 habuit
2302 4044 2368 4098 ab
2401 4044 2783 4100 adolescentia.
2830 4044 2886 4099 7°
2921 4043 3030 4099 Nec
3076 4043 3275 4098 inimici
3315 4042 3524 4096 fuerunt

1940 4137 2043 4191 nisi
2083 4137 2332 4205 improbi,
2365 4152 2613 4207 magnum
2644 4136 2856 4192 eximia:
2886 4135 3097 4191 virtutis
3125 4143 3519 4204 argumentum.

1938 4227 1995 4284 8'
2023 4227 2260 4296 Denique
2298 4228 2511 4284 Boetius
2556 4230 2724 4283 Deum
2772 4228 2928 4283 unice
2951 4228 3197 4299 diligens,
3244 4242 3341 4293 pro
3384 4226 3523 4278 avita

1938 4322 2196 4392 religione
2228 4323 2543 4392 sanguinem
2572 4322 2742 4389 fudit;
2776 4324 2915 4378 circa
2948 4338 3144 4377 annum
3168 4320 3366 4377 Christi
3395 4314 3521 4383 525,

1936 4420 2109 4474 aetatis
2140 4433 2252 4473 sua:
2285 4417 2374 4474 50.

2009 4620 2087 4691 (ά)
2132 4621 2327 4676 Paulus
2376 4620 2632 4675 diaconus
2681 4620 2719 4674 l.
2764 4635 2868 4691 xv;
2920 4618 3211 4688 Procopius
3250 4617 3346 4675 lib.
3398 4636 3412 4674 ι
3457 4621 3525 4677 de

1936 4690 2083 4747 Bello
2108 4692 2364 4753 Gothico;
2406 4691 2729 4760 anpOnius
2765 4690 2955 4752 Laetus,
2989 4704 3095 4744 etc.

2009 4763 2087 4902 ((3
2123 4764 2292 4887 .llltiti’us
2320 4762 2609 4817 Martianus
2638 4762 2791 4822 ltuta,
2824 4761 2876 4815 in
2903 4760 3018 4815 Vita
3046 4760 3236 4815 Boetii.

2168 4852 2219 4888 ut
2243 4874 2256 4887 .

2010 4908 2086 4975 (g)
2126 4906 2255 4958 Ibid.

1401 5109 1891 5170 TESTIMONIA
1931 5109 2034 5168 VA
2047 5107 2350 5167 [{IORUM

1007 5241 1163 5321 DE
1217 5241 1650 5322 BOETIO
1693 5242 1845 5324 ET
1889 5241 2021 5324 EJ
2030 5243 2174 5324 US
2233 5241 2784 5335 SCRIPTIS,

355 5393 605 5435 ABIPSA
643 5393 855 5435 BOETH
908 5394 1128 5436 ETATIE

1192 5397 1270 5437 ΔΙ)
1305 5396 1546 5440 NOSTRA
1588 5398 1793 5450 USQUE
1826 5401 1830 5414 ‘

1939 5399 2153 5457 lPORA,
2186 5402 2307 5443 NON
2342 5400 2743 5443 INTERRUP’FA
2780 5396 3168 5441 SECULOBUM
3208 5396 3416 5454 SERIE,

1659 5499 2085 5543 CONTINUATA.

294 5596 557 5665 Quamvis
584 5610 690 5649 non
723 5594 862 5649 idem
898 5598 1057 5653 fuerit
1076 5601 1415 5670 surculorum,
1441 5619 1561 5673 quae
1586 5619 1614 5657 a
1641 5603 1829 5659 Boetio
1852 5624 1859 5629 τ

221 5690 291 5745 ad
328 5702 435 5743 nos
468 5702 637 5757 usque
660 5686 953 5757 ﬂuxerunt,
976 5690 1029 5746 in
1072 5692 1275 5749 litteras
1311 5709 1501 5762 amor,
1528 5696 1829 5766 Stepiusque

220 5779 451 5839 idcirco
466 5780 767 5849 interrupta
786 5778 945 5838 fuerit
969 5782 1205 5840 virorum
1228 5785 1583 5843 litteratorum
1613 5802 1822 5843 memo-

1936 5604 2036 5669 ria,
2067 5605 2323 5675 singulari
2350 5614 2527 5659 tamen
2554 5603 2649 5657 Dei
2671 5599 2946 5672 privilegio
2970 5598 3188 5663 factum,
3215 5606 3273 5653 ut
3291 5612 3387 5654 sua
3414 5599 3518 5654 sint

1933 5696 2256 5765 quibuslibet
2307 5697 2389 5750 bis
2422 5694 2633 5751 saeculis
2664 5693 2730 5749 de
2762 5689 2968 5746 meritis
2996 5689 3165 5747 Boetii
3196 5691 3514 5747 testimonia.

1935 5788 2208 5859 Principua
2248 5789 2556 5859 seligemus.
