  <div class='ocr_page' id='page_1' title='image "/cluster/home/n/w/nwhite01/storage/ocr_20150623/63/hvd.32044015469307/285.png"; bbox 0 0 3998 6368; ppageno 0'>
   <div class='ocr_carea' id='block_1_1' title="bbox 504 254 3714 326">
    <p class='ocr_par' dir='ltr' id='par_1_1' title="bbox 504 254 3714 326">
     <span class='ocr_line' id='line_1_1' title="bbox 504 254 3714 326; baseline 0.002 -8"><span class='ocrx_word' id='word_1_1' title='bbox 504 264 608 320; x_wconf 71' lang='lat'><strong><em>563</em></strong></span> <span class='ocrx_word' id='word_1_2' title='bbox 1683 256 1797 316; x_wconf 73' lang='lat' dir='ltr'><strong><em>AN.</em></strong></span> <span class='ocrx_word' id='word_1_3' title='bbox 1839 256 2052 314; x_wconf 74' lang='lat' dir='ltr'><strong>MANL.</strong></span> <span class='ocrx_word' id='word_1_4' title='bbox 2091 254 2247 312; x_wconf 84' lang='lat' dir='ltr'><strong><em>SEV.</em></strong></span> <span class='ocrx_word' id='word_1_5' title='bbox 2289 255 2604 315; x_wconf 86' lang='lat' dir='ltr'><strong><em>BOETIUS.</em></strong></span> <span class='ocrx_word' id='word_1_6' title='bbox 3625 265 3714 326; x_wconf 70' lang='grc' dir='ltr'><strong><em>δδι</em></strong></span> 
     </span>
    </p>
   </div>
   <div class='ocr_carea' id='block_1_2' title="bbox 2114 369 3720 443">
    <p class='ocr_par' dir='ltr' id='par_1_2' title="bbox 2114 369 3720 443">
     <span class='ocr_line' id='line_1_2' title="bbox 2114 369 3720 443; baseline 0.007 -17"><span class='ocrx_word' id='word_1_7' title='bbox 2114 375 2164 433; x_wconf 79' lang='grc' dir='ltr'>Λ</span> <span class='ocrx_word' id='word_1_8' title='bbox 2193 372 2338 442; x_wconf 88' lang='lat' dir='ltr'><strong><em>quasi</em></strong></span> <span class='ocrx_word' id='word_1_9' title='bbox 2362 372 2696 443; x_wconf 73' lang='lat' dir='ltr'><strong><em>singulariter</em></strong></span> <span class='ocrx_word' id='word_1_10' title='bbox 2725 369 2922 424; x_wconf 89' lang='lat' dir='ltr'><strong><em>videtur</em></strong></span> <span class='ocrx_word' id='word_1_11' title='bbox 2963 369 3190 438; x_wconf 91' lang='lat' dir='ltr'><strong><em>palmata</em></strong></span> <span class='ocrx_word' id='word_1_12' title='bbox 3232 372 3466 442; x_wconf 85' lang='lat' dir='ltr'><strong><em>conferre.</em></strong></span> <span class='ocrx_word' id='word_1_13' title='bbox 3500 374 3628 432; x_wconf 83' lang='lat' dir='ltr'><strong><em>Venit</em></strong></span> <span class='ocrx_word' id='word_1_14' title='bbox 3662 384 3720 437; x_wconf 87' lang='lat' dir='ltr'><strong><em>ad</em></strong></span> 
     </span>
    </p>
   </div>
   <div class='ocr_carea' id='block_1_3' title="bbox 2193 462 3718 541">
    <p class='ocr_par' dir='ltr' id='par_1_3' title="bbox 2193 462 3718 541">
     <span class='ocr_line' id='line_1_3' title="bbox 2193 462 3718 541; baseline 0.005 -23"><span class='ocrx_word' id='word_1_15' title='bbox 2193 480 2273 518; x_wconf 88' lang='lat' dir='ltr'><strong><em>me</em></strong></span> <span class='ocrx_word' id='word_1_16' title='bbox 2293 465 2524 534; x_wconf 78' lang='lat' dir='ltr'><strong><em>equidem</em></strong></span> <span class='ocrx_word' id='word_1_17' title='bbox 2551 464 2718 535; x_wconf 84' lang='lat' dir='ltr'><strong><em>portio</em></strong></span> <span class='ocrx_word' id='word_1_18' title='bbox 2748 463 2811 516; x_wconf 90' lang='lat' dir='ltr'><strong><em>de</em></strong></span> <span class='ocrx_word' id='word_1_19' title='bbox 2839 462 3040 526; x_wconf 89' lang='lat' dir='ltr'><strong><em>curuli;</em></strong></span> <span class='ocrx_word' id='word_1_20' title='bbox 3095 462 3185 515; x_wconf 89' lang='lat' dir='ltr'><strong><em>sed</em></strong></span> <span class='ocrx_word' id='word_1_21' title='bbox 3238 463 3280 516; x_wconf 89' lang='lat' dir='ltr'><strong><em>si</em></strong></span> <span class='ocrx_word' id='word_1_22' title='bbox 3324 465 3440 518; x_wconf 87' lang='lat' dir='ltr'><strong><em>mihi</em></strong></span> <span class='ocrx_word' id='word_1_23' title='bbox 3466 473 3718 541; x_wconf 76' lang='lat' dir='ltr'><strong><em>conceditis,</em></strong></span> 
     </span>
    </p>
   </div>
   <div class='ocr_carea' id='block_1_4' title="bbox 2194 554 3726 628">
    <p class='ocr_par' dir='ltr' id='par_1_4' title="bbox 2194 554 3726 628">
     <span class='ocr_line' id='line_1_4' title="bbox 2194 554 3726 628; baseline -0.002 -18"><span class='ocrx_word' id='word_1_24' title='bbox 2194 556 2310 628; x_wconf 84' lang='lat' dir='ltr'><strong><em>plus</em></strong></span> <span class='ocrx_word' id='word_1_25' title='bbox 2347 557 2514 628; x_wconf 88' lang='lat' dir='ltr'><strong><em>erigor</em></strong></span> <span class='ocrx_word' id='word_1_26' title='bbox 2542 558 2605 610; x_wconf 90' lang='lat' dir='ltr'><strong><em>de</em></strong></span> <span class='ocrx_word' id='word_1_27' title='bbox 2636 556 2783 627; x_wconf 87' lang='lat' dir='ltr'><strong><em>genio</em></strong></span> <span class='ocrx_word' id='word_1_28' title='bbox 2813 563 2858 608; x_wconf 90' lang='lat' dir='ltr'><strong><em>et</em></strong></span> <span class='ocrx_word' id='word_1_29' title='bbox 2883 554 3068 609; x_wconf 89' lang='lat' dir='ltr'><strong><em>studiis</em></strong></span> <span class='ocrx_word' id='word_1_30' title='bbox 3090 555 3360 611; x_wconf 90' lang='lat' dir='ltr'><strong><em>sublimati.</em></strong></span> <span class='ocrx_word' id='word_1_31' title='bbox 3393 557 3630 614; x_wconf 78' lang='lat' dir='ltr'><strong><em>Interdum</em></strong></span> <span class='ocrx_word' id='word_1_32' title='bbox 3651 581 3726 618; x_wconf 73' lang='lat' dir='ltr'><strong><em>ac.</em></strong></span> 
     </span>
    </p>
   </div>
   <div class='ocr_carea' id='block_1_5' title="bbox 2193 647 3722 717">
    <p class='ocr_par' dir='ltr' id='par_1_5' title="bbox 2193 647 3722 717">
     <span class='ocr_line' id='line_1_5' title="bbox 2193 647 3722 717; baseline 0.005 -13"><span class='ocrx_word' id='word_1_33' title='bbox 2193 658 2446 704; x_wconf 85' lang='lat' dir='ltr'><strong><em>cesserunt</em></strong></span> <span class='ocrx_word' id='word_1_34' title='bbox 2489 651 2586 702; x_wconf 87' lang='lat' dir='ltr'><strong><em>ista</em></strong></span> <span class='ocrx_word' id='word_1_35' title='bbox 2611 649 2673 701; x_wconf 89' lang='lat' dir='ltr'><strong><em>de</em></strong></span> <span class='ocrx_word' id='word_1_36' title='bbox 2700 647 2922 712; x_wconf 84' lang='lat' dir='ltr'><strong><em>casibus,</em></strong></span> <span class='ocrx_word' id='word_1_37' title='bbox 2955 647 3053 700; x_wconf 89' lang='lat' dir='ltr'><strong><em>soli</em></strong></span> <span class='ocrx_word' id='word_1_38' title='bbox 3098 648 3403 717; x_wconf 87' lang='lat' dir='ltr'><strong><em>contigerunt</em></strong></span> <span class='ocrx_word' id='word_1_39' title='bbox 3443 649 3526 704; x_wconf 89' lang='lat' dir='ltr'><strong><em>illa</em></strong></span> <span class='ocrx_word' id='word_1_40' title='bbox 3558 655 3722 711; x_wconf 86' lang='lat' dir='ltr'><strong><em>virtuti.</em></strong></span> 
     </span>
    </p>
   </div>
   <div class='ocr_carea' id='block_1_6' title="bbox 2194 737 3728 811">
    <p class='ocr_par' dir='ltr' id='par_1_6' title="bbox 2194 737 3728 811">
     <span class='ocr_line' id='line_1_6' title="bbox 2194 737 3728 811; baseline 0.002 -16"><span class='ocrx_word' id='word_1_41' title='bbox 2194 739 2369 811; x_wconf 85' lang='lat' dir='ltr'><strong><em>Prope</em></strong></span> <span class='ocrx_word' id='word_1_42' title='bbox 2393 741 2540 810; x_wconf 88' lang='lat' dir='ltr'><strong><em>inops</em></strong></span> <span class='ocrx_word' id='word_1_43' title='bbox 2571 740 2638 793; x_wconf 91' lang='lat' dir='ltr'><strong><em>ad</em></strong></span> <span class='ocrx_word' id='word_1_44' title='bbox 2678 739 2960 807; x_wconf 80' lang='lat' dir='ltr'><strong><em>scipionem</em></strong></span> <span class='ocrx_word' id='word_1_45' title='bbox 2988 737 3262 790; x_wconf 83' lang='lat' dir='ltr'><strong><em>adducitur</em></strong></span> <span class='ocrx_word' id='word_1_46' title='bbox 3287 737 3502 808; x_wconf 76' lang='lat' dir='ltr'><strong><em>suffragii</em></strong></span> <span class='ocrx_word' id='word_1_47' title='bbox 3528 746 3728 799; x_wconf 82' lang='lat' dir='ltr'><strong><em>consula-</em></strong></span> 
     </span>
    </p>
   </div>
   <div class='ocr_carea' id='block_1_7' title="bbox 939 377 1656 450">
    <p class='ocr_par' dir='ltr' id='par_1_7' title="bbox 939 377 1656 450">
     <span class='ocr_line' id='line_1_7' title="bbox 939 377 1656 450; baseline -0.008 -14"><span class='ocrx_word' id='word_1_48' title='bbox 939 378 1246 450; x_wconf 82' lang='lat' dir='ltr'><strong><em>QUINTUM</em></strong></span> <span class='ocrx_word' id='word_1_49' title='bbox 1282 377 1621 435; x_wconf 67' lang='lat' dir='ltr'><strong><em>SECULUM</em></strong></span> <span class='ocrx_word' id='word_1_50' title='bbox 1641 418 1656 443; x_wconf 92' lang='lat'><strong><em>,</em></strong></span> 
     </span>
    </p>
   </div>
   <div class='ocr_carea' id='block_1_8' title="bbox 504 455 2084 534">
    <p class='ocr_par' dir='ltr' id='par_1_8' title="bbox 504 455 2084 534">
     <span class='ocr_line' id='line_1_8' title="bbox 504 455 2084 534; baseline -0.005 -6"><span class='ocrx_word' id='word_1_51' title='bbox 504 487 774 528; x_wconf 69' lang='lat' dir='ltr'><strong><em>NIIIRUIIA</em></strong></span> <span class='ocrx_word' id='word_1_52' title='bbox 798 486 936 526; x_wconf 74' lang='lat' dir='ltr'><strong><em>uno</em></strong></span> <span class='ocrx_word' id='word_1_53' title='bbox 958 485 1197 534; x_wconf 77' lang='lat' dir='ltr'><strong><em>uorooue</em></strong></span> <span class='ocrx_word' id='word_1_54' title='bbox 1223 485 1414 526; x_wconf 70' lang='lat' dir='ltr'><strong><em>coeno</em></strong></span> <span class='ocrx_word' id='word_1_55' title='bbox 1431 455 1502 524; x_wconf 69' lang='grc' dir='ltr'><strong><em>λι)</em></strong></span> <span class='ocrx_word' id='word_1_56' title='bbox 1528 484 1702 524; x_wconf 69' lang='lat' dir='ltr'><strong><em>susum</em></strong></span> <span class='ocrx_word' id='word_1_57' title='bbox 1730 482 1936 522; x_wconf 79' lang='lat' dir='ltr'><strong><em>cums&#39;rt</em></strong></span> <span class='ocrx_word' id='word_1_58' title='bbox 1962 466 2084 522; x_wconf 81' lang='lat'><strong><em>500.</em></strong></span> 
     </span>
    </p>
   </div>
   <div class='ocr_carea' id='block_1_9' title="bbox 575 558 2089 630">
    <p class='ocr_par' dir='ltr' id='par_1_9' title="bbox 575 558 2089 630">
     <span class='ocr_line' id='line_1_9' title="bbox 575 558 2089 630; baseline -0.005 -11"><span class='ocrx_word' id='word_1_59' title='bbox 575 563 878 619; x_wconf 86' lang='lat' dir='ltr'><strong><em>Priscianus</em></strong></span> <span class='ocrx_word' id='word_1_60' title='bbox 907 562 1325 628; x_wconf 86' lang='lat' dir='ltr'><strong><em>Grammaticus,</em></strong></span> <span class='ocrx_word' id='word_1_61' title='bbox 1368 562 1539 630; x_wconf 81' lang='lat' dir='ltr'><strong><em>patria</em></strong></span> <span class='ocrx_word' id='word_1_62' title='bbox 1588 559 1959 624; x_wconf 77' lang='lat' dir='ltr'><strong><em>Caesariensis,</em></strong></span> <span class='ocrx_word' id='word_1_63' title='bbox 2005 558 2089 612; x_wconf 86' lang='lat' dir='ltr'><strong><em>vir</em></strong></span> 
     </span>
    </p>
   </div>
   <div class='ocr_carea' id='block_1_10' title="bbox 505 648 2085 721">
    <p class='ocr_par' dir='ltr' id='par_1_10' title="bbox 505 648 2085 721">
     <span class='ocr_line' id='line_1_10' title="bbox 505 648 2085 721; baseline -0.006 -12"><span class='ocrx_word' id='word_1_64' title='bbox 505 671 607 710; x_wconf 90' lang='lat' dir='ltr'><strong><em>non</em></strong></span> <span class='ocrx_word' id='word_1_65' title='bbox 636 654 807 708; x_wconf 87' lang='lat' dir='ltr'><strong><em>solum</em></strong></span> <span class='ocrx_word' id='word_1_66' title='bbox 830 653 882 708; x_wconf 90' lang='lat' dir='ltr'><strong><em>in</em></strong></span> <span class='ocrx_word' id='word_1_67' title='bbox 914 651 1281 721; x_wconf 77' lang='lat' dir='ltr'><strong><em>grammaticis</em></strong></span> <span class='ocrx_word' id='word_1_68' title='bbox 1303 660 1356 705; x_wconf 89' lang='lat' dir='ltr'><strong><em>et</em></strong></span> <span class='ocrx_word' id='word_1_69' title='bbox 1378 649 1683 711; x_wconf 84' lang='lat' dir='ltr'><strong><em>rhetoricis,</em></strong></span> <span class='ocrx_word' id='word_1_70' title='bbox 1714 665 1899 704; x_wconf 87' lang='lat' dir='ltr'><strong><em>verum</em></strong></span> <span class='ocrx_word' id='word_1_71' title='bbox 1922 648 2085 703; x_wconf 89' lang='lat' dir='ltr'><strong><em>etiam</em></strong></span> 
     </span>
    </p>
   </div>
   <div class='ocr_carea' id='block_1_11' title="bbox 503 739 2089 814">
    <p class='ocr_par' dir='ltr' id='par_1_11' title="bbox 503 739 2089 814">
     <span class='ocr_line' id='line_1_11' title="bbox 503 739 2089 814; baseline -0.003 -14"><span class='ocrx_word' id='word_1_72' title='bbox 503 747 554 800; x_wconf 92' lang='lat' dir='ltr'><strong><em>in</em></strong></span> <span class='ocrx_word' id='word_1_73' title='bbox 579 743 961 814; x_wconf 81' lang='lat' dir='ltr'><strong><em>philosOphicis</em></strong></span> <span class='ocrx_word' id='word_1_74' title='bbox 983 742 1485 811; x_wconf 83' lang='lat' dir='ltr'><strong><em>mathematicisque</em></strong></span> <span class='ocrx_word' id='word_1_75' title='bbox 1514 741 1924 807; x_wconf 83' lang='lat' dir='ltr'><strong><em>versatissimus,</em></strong></span> <span class='ocrx_word' id='word_1_76' title='bbox 1954 739 2089 796; x_wconf 90' lang='lat' dir='ltr'><strong><em>libro</em></strong></span> 
     </span>
    </p>
   </div>
   <div class='ocr_carea' id='block_1_12' title="bbox 505 829 3731 902">
    <p class='ocr_par' dir='ltr' id='par_1_12' title="bbox 505 829 3731 902">
     <span class='ocr_line' id='line_1_12' title="bbox 505 829 3731 902; baseline 0 -13"><span class='ocrx_word' id='word_1_77' title='bbox 505 838 572 889; x_wconf 88' lang='lat' dir='ltr'><strong><em>de</em></strong></span> <span class='ocrx_word' id='word_1_78' title='bbox 596 834 930 889; x_wconf 80' lang='lat' dir='ltr'><strong><em>Ponderibus</em></strong></span> <span class='ocrx_word' id='word_1_79' title='bbox 957 843 1011 889; x_wconf 89' lang='lat' dir='ltr'><strong><em>et</em></strong></span> <span class='ocrx_word' id='word_1_80' title='bbox 1039 832 1320 898; x_wconf 84' lang='lat' dir='ltr'><strong><em>Mensuris,</em></strong></span> <span class='ocrx_word' id='word_1_81' title='bbox 1345 831 1572 894; x_wconf 79' lang='lat' dir='ltr'><strong><em>Boetius,</em></strong></span> <span class='ocrx_word' id='word_1_82' title='bbox 1602 831 1792 902; x_wconf 92' lang='lat' dir='ltr'><strong><em>inquit,</em></strong></span> <span class='ocrx_word' id='word_1_83' title='bbox 1823 830 2092 899; x_wconf 78' lang='lat' dir='ltr'><strong><em>probitatis</em></strong></span> <span class='ocrx_word' id='word_1_84' title='bbox 2191 833 2290 899; x_wconf 90' lang='lat' dir='ltr'><strong><em>ris,</em></strong></span> <span class='ocrx_word' id='word_1_85' title='bbox 2319 832 2411 902; x_wconf 85' lang='lat' dir='ltr'><strong><em>qui</em></strong></span> <span class='ocrx_word' id='word_1_86' title='bbox 2441 839 2641 884; x_wconf 86' lang='lat' dir='ltr'><strong><em>tantum</em></strong></span> <span class='ocrx_word' id='word_1_87' title='bbox 2662 831 2725 883; x_wconf 90' lang='lat' dir='ltr'><strong><em>de</em></strong></span> <span class='ocrx_word' id='word_1_88' title='bbox 2751 830 3044 900; x_wconf 87' lang='lat' dir='ltr'><strong><em>parentibus</em></strong></span> <span class='ocrx_word' id='word_1_89' title='bbox 3071 829 3335 899; x_wconf 84' lang='lat' dir='ltr'><strong><em>gloriatur.</em></strong></span> <span class='ocrx_word' id='word_1_90' title='bbox 3369 830 3477 883; x_wconf 85' lang='lat' dir='ltr'><strong><em>Tibi</em></strong></span> <span class='ocrx_word' id='word_1_91' title='bbox 3499 841 3731 902; x_wconf 84' lang='lat' dir='ltr'><strong><em>utrumque</em></strong></span> 
     </span>
    </p>
   </div>
   <div class='ocr_carea' id='block_1_13' title="bbox 501 922 3699 994">
    <p class='ocr_par' dir='ltr' id='par_1_13' title="bbox 501 922 3699 994">
     <span class='ocr_line' id='line_1_13' title="bbox 501 922 3699 994; baseline 0.001 -17"><span class='ocrx_word' id='word_1_92' title='bbox 501 934 546 977; x_wconf 91' lang='lat' dir='ltr'><strong><em>et</em></strong></span> <span class='ocrx_word' id='word_1_93' title='bbox 577 926 801 978; x_wconf 90' lang='lat' dir='ltr'><strong><em>omnium</em></strong></span> <span class='ocrx_word' id='word_1_94' title='bbox 829 924 1161 978; x_wconf 88' lang='lat' dir='ltr'><strong><em>scientiarum</em></strong></span> <span class='ocrx_word' id='word_1_95' title='bbox 1197 925 1428 977; x_wconf 85' lang='lat' dir='ltr'><strong><em>verticem</em></strong></span> <span class='ocrx_word' id='word_1_96' title='bbox 1455 923 1640 994; x_wconf 87' lang='lat' dir='ltr'><strong><em>attigit.</em></strong></span> <span class='ocrx_word' id='word_1_97' title='bbox 2194 926 2247 978; x_wconf 90' lang='lat' dir='ltr'><strong><em>in</em></strong></span> <span class='ocrx_word' id='word_1_98' title='bbox 2269 922 2467 994; x_wconf 87' lang='lat' dir='ltr'><strong><em>peculio</em></strong></span> <span class='ocrx_word' id='word_1_99' title='bbox 2498 931 2595 989; x_wconf 89' lang='lat' dir='ltr'><strong><em>est,</em></strong></span> <span class='ocrx_word' id='word_1_100' title='bbox 2620 922 2847 976; x_wconf 81' lang='lat' dir='ltr'><strong><em>Latiaris</em></strong></span> <span class='ocrx_word' id='word_1_101' title='bbox 2880 922 3116 985; x_wconf 88' lang='lat' dir='ltr'><strong><em>scientia,</em></strong></span> <span class='ocrx_word' id='word_1_102' title='bbox 3147 930 3194 975; x_wconf 87' lang='lat' dir='ltr'><strong><em>et</em></strong></span> <span class='ocrx_word' id='word_1_103' title='bbox 3223 936 3343 974; x_wconf 86' lang='lat' dir='ltr'><strong><em>vena</em></strong></span> <span class='ocrx_word' id='word_1_104' title='bbox 3374 939 3699 994; x_wconf 87' lang='lat' dir='ltr'><strong><em>purpurarum.</em></strong></span> 
     </span>
    </p>
   </div>
   <div class='ocr_carea' id='block_1_14' title="bbox 948 1012 3029 1080">
    <p class='ocr_par' dir='ltr' id='par_1_14' title="bbox 948 1012 3029 1080">
     <span class='ocr_line' id='line_1_14' title="bbox 948 1012 3029 1080; baseline -0.002 -9"><span class='ocrx_word' id='word_1_105' title='bbox 948 1014 1228 1071; x_wconf 79' lang='lat' dir='ltr'><strong><em>SEXTUM</em></strong></span> <span class='ocrx_word' id='word_1_106' title='bbox 1259 1014 1633 1080; x_wconf 70' lang='lat' dir='ltr'><strong><em>SIECULUM,</em></strong></span> <span class='ocrx_word' id='word_1_107' title='bbox 2965 1012 3029 1068; x_wconf 83' lang='lat' dir='ltr'><strong><em>ll.</em></strong></span> 
     </span>
    </p>
   </div>
   <div class='ocr_carea' id='block_1_15' title="bbox 786 1103 3736 1176">
    <p class='ocr_par' dir='ltr' id='par_1_15' title="bbox 786 1103 3736 1176">
     <span class='ocr_line' id='line_1_15' title="bbox 786 1103 3736 1176; baseline 0 -13"><span class='ocrx_word' id='word_1_108' title='bbox 786 1123 1009 1163; x_wconf 74' lang='lat' dir='ltr'><strong><em>multum</em></strong></span> <span class='ocrx_word' id='word_1_109' title='bbox 1049 1124 1114 1162; x_wconf 71' lang='lat' dir='ltr'><strong><em>sn</em></strong></span> <span class='ocrx_word' id='word_1_110' title='bbox 1153 1122 1290 1161; x_wconf 59' lang='lat' dir='ltr'><strong><em>auso</em></strong></span> <span class='ocrx_word' id='word_1_111' title='bbox 1317 1106 1419 1162; x_wconf 80' lang='lat'><strong><em>500</em></strong></span> <span class='ocrx_word' id='word_1_112' title='bbox 1446 1123 1513 1160; x_wconf 75' lang='grc' dir='ltr'><strong><em>Αυ</em></strong></span> <span class='ocrx_word' id='word_1_113' title='bbox 1553 1123 1639 1161; x_wconf 61' lang='grc' dir='ltr'><strong><em>ΑΝ.</em></strong></span> <span class='ocrx_word' id='word_1_114' title='bbox 1682 1105 1806 1161; x_wconf 86' lang='grc'><strong><em>600.</em></strong></span> <span class='ocrx_word' id='word_1_115' title='bbox 2264 1105 2636 1172; x_wconf 85' lang='lat' dir='ltr'><strong><em>Cassiodorus,</em></strong></span> <span class='ocrx_word' id='word_1_116' title='bbox 2662 1103 2753 1176; x_wconf 89' lang='lat' dir='ltr'><strong><em>qui</em></strong></span> <span class='ocrx_word' id='word_1_117' title='bbox 2782 1105 3192 1175; x_wconf 84' lang='lat' dir='ltr'><strong><em>intelligentiam</em></strong></span> <span class='ocrx_word' id='word_1_118' title='bbox 3229 1119 3495 1161; x_wconf 89' lang='lat' dir='ltr'><strong><em>sacrorum</em></strong></span> <span class='ocrx_word' id='word_1_119' title='bbox 3521 1122 3628 1162; x_wconf 90' lang='lat' dir='ltr'><strong><em>cum</em></strong></span> <span class='ocrx_word' id='word_1_120' title='bbox 3657 1124 3736 1164; x_wconf 81' lang='lat' dir='ltr'><strong><em>no-</em></strong></span> 
     </span>
    </p>
   </div>
   <div class='ocr_carea' id='block_1_16' title="bbox 578 1197 3737 1269">
    <p class='ocr_par' dir='ltr' id='par_1_16' title="bbox 578 1197 3737 1269">
     <span class='ocr_line' id='line_1_16' title="bbox 578 1197 3737 1269; baseline 0 -13"><span class='ocrx_word' id='word_1_121' title='bbox 578 1200 876 1265; x_wconf 87' lang='lat' dir='ltr'><strong><em>Ennodius,</em></strong></span> <span class='ocrx_word' id='word_1_122' title='bbox 935 1200 1048 1254; x_wconf 86' lang='lat' dir='ltr'><strong><em>sive</em></strong></span> <span class='ocrx_word' id='word_1_123' title='bbox 1102 1208 1159 1253; x_wconf 93' lang='lat' dir='ltr'><strong><em>ut</em></strong></span> <span class='ocrx_word' id='word_1_124' title='bbox 1206 1197 1521 1269; x_wconf 88' lang='lat' dir='ltr'><strong><em>quibusdam</em></strong></span> <span class='ocrx_word' id='word_1_125' title='bbox 1573 1199 1784 1268; x_wconf 80' lang='lat' dir='ltr'><strong><em>legitur,</em></strong></span> <span class='ocrx_word' id='word_1_126' title='bbox 1832 1197 2088 1264; x_wconf 90' lang='lat' dir='ltr'><strong><em>Evodius,</em></strong></span> <span class='ocrx_word' id='word_1_127' title='bbox 2193 1198 2343 1253; x_wconf 88' lang='lat' dir='ltr'><strong><em>tione</em></strong></span> <span class='ocrx_word' id='word_1_128' title='bbox 2385 1198 2756 1267; x_wconf 77' lang='lat' dir='ltr'><strong><em>profanorum,</em></strong></span> <span class='ocrx_word' id='word_1_129' title='bbox 2787 1205 3070 1267; x_wconf 86' lang='lat' dir='ltr'><strong><em>utramque</em></strong></span> <span class='ocrx_word' id='word_1_130' title='bbox 3105 1212 3225 1252; x_wconf 93' lang='lat' dir='ltr'><strong><em>cum</em></strong></span> <span class='ocrx_word' id='word_1_131' title='bbox 3256 1212 3456 1252; x_wconf 88' lang='lat' dir='ltr'><strong><em>summa</em></strong></span> <span class='ocrx_word' id='word_1_132' title='bbox 3491 1201 3737 1256; x_wconf 82' lang='lat' dir='ltr'><strong><em>sanctitate</em></strong></span> 
     </span>
    </p>
   </div>
   <div class='ocr_carea' id='block_1_17' title="bbox 505 1289 3738 1363">
    <p class='ocr_par' dir='ltr' id='par_1_17' title="bbox 505 1289 3738 1363">
     <span class='ocr_line' id='line_1_17' title="bbox 505 1289 3738 1363; baseline 0 -17"><span class='ocrx_word' id='word_1_133' title='bbox 505 1291 788 1363; x_wconf 84' lang='lat' dir='ltr'><strong><em>episcopus</em></strong></span> <span class='ocrx_word' id='word_1_134' title='bbox 809 1289 1130 1355; x_wconf 88' lang='lat' dir='ltr'><strong><em>Ticinensis,</em></strong></span> <span class='ocrx_word' id='word_1_135' title='bbox 1154 1289 1234 1343; x_wconf 78' lang='lat' dir='ltr'><strong><em>vir</em></strong></span> <span class='ocrx_word' id='word_1_136' title='bbox 1254 1305 1374 1343; x_wconf 86' lang='lat' dir='ltr'><strong><em>cum</em></strong></span> <span class='ocrx_word' id='word_1_137' title='bbox 1399 1291 1582 1345; x_wconf 87' lang='lat' dir='ltr'><strong><em>stricta</em></strong></span> <span class='ocrx_word' id='word_1_138' title='bbox 1609 1297 1718 1342; x_wconf 90' lang='lat' dir='ltr'><strong><em>tum</em></strong></span> <span class='ocrx_word' id='word_1_139' title='bbox 1740 1291 1898 1344; x_wconf 86' lang='lat' dir='ltr'><strong><em>etiam</em></strong></span> <span class='ocrx_word' id='word_1_140' title='bbox 1918 1291 2090 1343; x_wconf 86' lang='lat' dir='ltr'><strong><em>soluta</em></strong></span> <span class='ocrx_word' id='word_1_141' title='bbox 2194 1291 2492 1361; x_wconf 77' lang='lat' dir='ltr'><strong><em>conjunxit,</em></strong></span> <span class='ocrx_word' id='word_1_142' title='bbox 2525 1291 2742 1345; x_wconf 90' lang='lat' dir='ltr'><strong><em>nomine</em></strong></span> <span class='ocrx_word' id='word_1_143' title='bbox 2782 1291 2928 1359; x_wconf 76' lang='lat' dir='ltr'><strong><em>regis</em></strong></span> <span class='ocrx_word' id='word_1_144' title='bbox 2957 1290 3294 1353; x_wconf 83' lang='lat' dir='ltr'><strong><em>Theoderici,</em></strong></span> <span class='ocrx_word' id='word_1_145' title='bbox 3336 1291 3482 1360; x_wconf 84' lang='lat' dir='ltr'><strong><em>cujus</em></strong></span> <span class='ocrx_word' id='word_1_146' title='bbox 3516 1293 3738 1346; x_wconf 78' lang='lat' dir='ltr'><strong><em>cancella-</em></strong></span> 
     </span>
    </p>
   </div>
   <div class='ocr_carea' id='block_1_18' title="bbox 507 1379 3741 1454">
    <p class='ocr_par' dir='ltr' id='par_1_18' title="bbox 507 1379 3741 1454">
     <span class='ocr_line' id='line_1_18' title="bbox 507 1379 3741 1454; baseline 0.001 -17"><span class='ocrx_word' id='word_1_147' title='bbox 507 1383 750 1437; x_wconf 80' lang='lat' dir='ltr'><strong><em>oratione</em></strong></span> <span class='ocrx_word' id='word_1_148' title='bbox 776 1394 871 1434; x_wconf 86' lang='lat' dir='ltr'><strong><em>sua</em></strong></span> <span class='ocrx_word' id='word_1_149' title='bbox 893 1379 1240 1445; x_wconf 88' lang='lat' dir='ltr'><strong><em>clarissimus,</em></strong></span> <span class='ocrx_word' id='word_1_150' title='bbox 1275 1379 1413 1434; x_wconf 84' lang='lat' dir='ltr'><strong><em>libro</em></strong></span> <span class='ocrx_word' id='word_1_151' title='bbox 1454 1380 1682 1448; x_wconf 86' lang='lat' dir='ltr'><strong><em>septimo</em></strong></span> <span class='ocrx_word' id='word_1_152' title='bbox 1719 1379 2087 1448; x_wconf 81' lang='lat' dir='ltr'><strong><em>epistularum,</em></strong></span> <span class='ocrx_word' id='word_1_153' title='bbox 2193 1385 2304 1438; x_wconf 89' lang='lat' dir='ltr'><strong><em>rius</em></strong></span> <span class='ocrx_word' id='word_1_154' title='bbox 2328 1394 2465 1450; x_wconf 87' lang='lat' dir='ltr'><strong><em>erat,</em></strong></span> <span class='ocrx_word' id='word_1_155' title='bbox 2500 1387 2680 1454; x_wconf 84' lang='lat' dir='ltr'><strong><em>plures</em></strong></span> <span class='ocrx_word' id='word_1_156' title='bbox 2708 1383 2772 1437; x_wconf 88' lang='lat' dir='ltr'><strong><em>ad</em></strong></span> <span class='ocrx_word' id='word_1_157' title='bbox 2804 1383 3050 1438; x_wconf 90' lang='lat' dir='ltr'><strong><em>Boetium</em></strong></span> <span class='ocrx_word' id='word_1_158' title='bbox 3084 1383 3231 1438; x_wconf 87' lang='lat' dir='ltr'><strong><em>misit</em></strong></span> <span class='ocrx_word' id='word_1_159' title='bbox 3266 1385 3529 1454; x_wconf 85' lang='lat' dir='ltr'><strong><em>epistolas.</em></strong></span> <span class='ocrx_word' id='word_1_160' title='bbox 3556 1385 3654 1438; x_wconf 84' lang='lat' dir='ltr'><strong><em>Una</em></strong></span> <span class='ocrx_word' id='word_1_161' title='bbox 3673 1395 3741 1442; x_wconf 88' lang='lat' dir='ltr'><strong><em>est</em></strong></span> 
     </span>
    </p>
   </div>
   <div class='ocr_carea' id='block_1_19' title="bbox 507 1463 3744 1548">
    <p class='ocr_par' dir='ltr' id='par_1_19' title="bbox 507 1463 3744 1548">
     <span class='ocr_line' id='line_1_19' title="bbox 507 1463 3744 1548; baseline 0 -18"><span class='ocrx_word' id='word_1_162' title='bbox 507 1473 733 1544; x_wconf 88' lang='lat' dir='ltr'><strong><em>epistola</em></strong></span> <span class='ocrx_word' id='word_1_163' title='bbox 764 1472 970 1527; x_wconf 86' lang='lat' dir='ltr'><strong><em>decima</em></strong></span> <span class='ocrx_word' id='word_1_164' title='bbox 999 1473 1157 1527; x_wconf 86' lang='lat' dir='ltr'><strong><em>tertia</em></strong></span> <span class='ocrx_word' id='word_1_165' title='bbox 1186 1463 1387 1526; x_wconf 79' lang='lat' dir='ltr'><strong><em>Boetio.</em></strong></span> <span class='ocrx_word' id='word_1_166' title='bbox 1421 1471 1516 1534; x_wconf 83' lang='lat' dir='ltr'><strong><em>Tu,</em></strong></span> <span class='ocrx_word' id='word_1_167' title='bbox 1542 1473 1730 1540; x_wconf 88' lang='lat' dir='ltr'><strong><em>inquit,</em></strong></span> <span class='ocrx_word' id='word_1_168' title='bbox 1759 1475 1904 1526; x_wconf 88' lang='lat' dir='ltr'><strong><em>inme</em></strong></span> <span class='ocrx_word' id='word_1_169' title='bbox 1923 1488 2092 1526; x_wconf 87' lang='lat' dir='ltr'><strong><em>emen-</em></strong></span> <span class='ocrx_word' id='word_1_170' title='bbox 2194 1477 2604 1547; x_wconf 81' lang='lat' dir='ltr'><strong><em>quadragesima</em></strong></span> <span class='ocrx_word' id='word_1_171' title='bbox 2628 1477 2813 1546; x_wconf 88' lang='lat' dir='ltr'><strong><em>quinta</em></strong></span> <span class='ocrx_word' id='word_1_172' title='bbox 2847 1476 2970 1532; x_wconf 89' lang='lat' dir='ltr'><strong><em>libri</em></strong></span> <span class='ocrx_word' id='word_1_173' title='bbox 3008 1476 3164 1548; x_wconf 89' lang='lat' dir='ltr'><strong><em>primi</em></strong></span> <span class='ocrx_word' id='word_1_174' title='bbox 3190 1477 3520 1547; x_wconf 75' lang='lat' dir='ltr'><strong><em>epistularum</em></strong></span> <span class='ocrx_word' id='word_1_175' title='bbox 3559 1475 3744 1533; x_wconf 83' lang='lat' dir='ltr'><strong><em>Cassiu-</em></strong></span> 
     </span>
    </p>
   </div>
   <div class='ocr_carea' id='block_1_20' title="bbox 508 1562 2831 1638">
    <p class='ocr_par' dir='ltr' id='par_1_20' title="bbox 508 1562 2831 1638">
     <span class='ocr_line' id='line_1_20' title="bbox 508 1562 2831 1638; baseline -0.002 -20"><span class='ocrx_word' id='word_1_176' title='bbox 508 1563 770 1618; x_wconf 85' lang='lat' dir='ltr'><strong><em>datissime</em></strong></span> <span class='ocrx_word' id='word_1_177' title='bbox 799 1562 1083 1627; x_wconf 82' lang='lat' dir='ltr'><strong><em>hominum,</em></strong></span> <span class='ocrx_word' id='word_1_178' title='bbox 1117 1562 1350 1631; x_wconf 83' lang='lat' dir='ltr'><strong><em>dignaris</em></strong></span> <span class='ocrx_word' id='word_1_179' title='bbox 1367 1563 1644 1627; x_wconf 79' lang='lat' dir='ltr'><strong><em>prwdicare</em></strong></span> <span class='ocrx_word' id='word_1_180' title='bbox 1679 1563 1909 1624; x_wconf 87' lang='lat' dir='ltr'><strong><em>virtutes,</em></strong></span> <span class='ocrx_word' id='word_1_181' title='bbox 1947 1578 2092 1631; x_wconf 85' lang='lat' dir='ltr'><strong><em>quem</em></strong></span> <span class='ocrx_word' id='word_1_182' title='bbox 2195 1567 2333 1634; x_wconf 82' lang='lat' dir='ltr'><strong><em>dori,</em></strong></span> <span class='ocrx_word' id='word_1_183' title='bbox 2367 1569 2549 1638; x_wconf 83' lang='lat' dir='ltr'><strong><em>sicque</em></strong></span> <span class='ocrx_word' id='word_1_184' title='bbox 2570 1567 2831 1623; x_wconf 71' lang='lat' dir='ltr'><strong><em>effertur:</em></strong></span> 
     </span>
    </p>
   </div>
   <div class='ocr_carea' id='block_1_21' title="bbox 509 1653 3559 1724">
    <p class='ocr_par' dir='ltr' id='par_1_21' title="bbox 509 1653 3559 1724">
     <span class='ocr_line' id='line_1_21' title="bbox 509 1653 3559 1724; baseline 0 -17"><span class='ocrx_word' id='word_1_185' title='bbox 509 1655 565 1709; x_wconf 89' lang='lat' dir='ltr'><strong><em>in</em></strong></span> <span class='ocrx_word' id='word_1_186' title='bbox 609 1655 755 1708; x_wconf 90' lang='lat' dir='ltr'><strong><em>annis</em></strong></span> <span class='ocrx_word' id='word_1_187' title='bbox 799 1654 1079 1724; x_wconf 85' lang='lat' dir='ltr'><strong><em>puerilibus</em></strong></span> <span class='ocrx_word' id='word_1_188' title='bbox 1110 1655 1218 1708; x_wconf 81' lang='lat' dir='ltr'><strong><em>sine</em></strong></span> <span class='ocrx_word' id='word_1_189' title='bbox 1262 1654 1426 1709; x_wconf 80' lang='lat' dir='ltr'><strong><em>wtalis</em></strong></span> <span class='ocrx_word' id='word_1_190' title='bbox 1473 1654 1797 1724; x_wconf 77' lang='lat' dir='ltr'><strong><em>prwjudicio,</em></strong></span> <span class='ocrx_word' id='word_1_191' title='bbox 1834 1653 2090 1707; x_wconf 88' lang='lat' dir='ltr'><strong><em>industria</em></strong></span> <span class='ocrx_word' id='word_1_192' title='bbox 2269 1659 2443 1715; x_wconf 80' lang='grc' dir='ltr'><strong><em>Βοειεο</em></strong></span> <span class='ocrx_word' id='word_1_193' title='bbox 2469 1661 2577 1713; x_wconf 75' lang='lat' dir='ltr'><strong><em>vim</em></strong></span> <span class='ocrx_word' id='word_1_194' title='bbox 2605 1659 2798 1713; x_wconf 75' lang='lat' dir='ltr'><strong><em>illustri</em></strong></span> <span class='ocrx_word' id='word_1_195' title='bbox 2822 1656 3057 1711; x_wconf 83' lang='lat' dir='ltr'><strong><em>Patricio</em></strong></span> <span class='ocrx_word' id='word_1_196' title='bbox 3082 1655 3419 1711; x_wconf 79' lang='lat' dir='ltr'><strong><em>Theodericus</em></strong></span> <span class='ocrx_word' id='word_1_197' title='bbox 3445 1675 3559 1712; x_wconf 67' lang='lat' dir='ltr'><strong><em>rex:</em></strong></span> 
     </span>
    </p>
   </div>
   <div class='ocr_carea' id='block_1_22' title="bbox 511 1747 3748 1826">
    <p class='ocr_par' dir='ltr' id='par_1_22' title="bbox 511 1747 3748 1826">
     <span class='ocr_line' id='line_1_22' title="bbox 511 1747 3748 1826; baseline 0.001 -24"><span class='ocrx_word' id='word_1_198' title='bbox 511 1748 631 1820; x_wconf 85' lang='lat' dir='ltr'><strong><em>fecit</em></strong></span> <span class='ocrx_word' id='word_1_199' title='bbox 659 1749 924 1818; x_wconf 88' lang='lat' dir='ltr'><strong><em>antiquum</em></strong></span> <span class='ocrx_word' id='word_1_200' title='bbox 954 1763 974 1802; x_wconf 91' lang='lat'><strong><em>:</em></strong></span> <span class='ocrx_word' id='word_1_201' title='bbox 1001 1747 1089 1818; x_wconf 90' lang='lat' dir='ltr'><strong><em>qui</em></strong></span> <span class='ocrx_word' id='word_1_202' title='bbox 1115 1764 1204 1817; x_wconf 89' lang='lat' dir='ltr'><strong><em>per</em></strong></span> <span class='ocrx_word' id='word_1_203' title='bbox 1232 1748 1549 1820; x_wconf 85' lang='lat' dir='ltr'><strong><em>diligentiam</em></strong></span> <span class='ocrx_word' id='word_1_204' title='bbox 1579 1748 1759 1817; x_wconf 82' lang='lat' dir='ltr'><strong><em>imples</em></strong></span> <span class='ocrx_word' id='word_1_205' title='bbox 1788 1764 1935 1802; x_wconf 86' lang='lat' dir='ltr'><strong><em>omne</em></strong></span> <span class='ocrx_word' id='word_1_206' title='bbox 1955 1749 2090 1818; x_wconf 85' lang='lat' dir='ltr'><strong><em>quod</em></strong></span> <span class='ocrx_word' id='word_1_207' title='bbox 2119 1751 2168 1811; x_wconf 88' lang='lat' dir='ltr'><strong>B</strong></span> <span class='ocrx_word' id='word_1_208' title='bbox 2266 1753 2570 1826; x_wconf 83' lang='lat' dir='ltr'><strong><em>Spernenda</em></strong></span> <span class='ocrx_word' id='word_1_209' title='bbox 2600 1769 2700 1806; x_wconf 90' lang='lat' dir='ltr'><strong><em>non</em></strong></span> <span class='ocrx_word' id='word_1_210' title='bbox 2729 1763 2869 1817; x_wconf 89' lang='lat' dir='ltr'><strong><em>sunt,</em></strong></span> <span class='ocrx_word' id='word_1_211' title='bbox 2898 1767 3014 1821; x_wconf 73' lang='lat' dir='ltr'><strong><em>qua:</em></strong></span> <span class='ocrx_word' id='word_1_212' title='bbox 3043 1769 3075 1804; x_wconf 94' lang='lat' dir='ltr'><strong><em>a</em></strong></span> <span class='ocrx_word' id='word_1_213' title='bbox 3102 1751 3284 1804; x_wconf 89' lang='lat' dir='ltr'><strong><em>vicinis</em></strong></span> <span class='ocrx_word' id='word_1_214' title='bbox 3302 1753 3494 1823; x_wconf 85' lang='lat' dir='ltr'><strong><em>regibus</em></strong></span> <span class='ocrx_word' id='word_1_215' title='bbox 3530 1768 3748 1819; x_wconf 65' lang='lat' dir='ltr'><strong><em>prasina.</em></strong></span> 
     </span>
    </p>
   </div>
   <div class='ocr_carea' id='block_1_23' title="bbox 510 1838 3750 1918">
    <p class='ocr_par' dir='ltr' id='par_1_23' title="bbox 510 1838 3750 1918">
     <span class='ocr_line' id='line_1_23' title="bbox 510 1838 3750 1918; baseline 0.002 -25"><span class='ocrx_word' id='word_1_216' title='bbox 510 1840 744 1910; x_wconf 85' lang='lat' dir='ltr'><strong><em>cogitur;</em></strong></span> <span class='ocrx_word' id='word_1_217' title='bbox 773 1841 856 1894; x_wconf 90' lang='lat' dir='ltr'><strong><em>cui</em></strong></span> <span class='ocrx_word' id='word_1_218' title='bbox 883 1841 1015 1893; x_wconf 89' lang='lat' dir='ltr'><strong><em>inter</em></strong></span> <span class='ocrx_word' id='word_1_219' title='bbox 1038 1840 1154 1894; x_wconf 79' lang='lat' dir='ltr'><strong><em>vita:</em></strong></span> <span class='ocrx_word' id='word_1_220' title='bbox 1178 1840 1389 1893; x_wconf 75' lang='lat' dir='ltr'><strong><em>exordia</em></strong></span> <span class='ocrx_word' id='word_1_221' title='bbox 1410 1838 1565 1893; x_wconf 90' lang='lat' dir='ltr'><strong><em>ludus</em></strong></span> <span class='ocrx_word' id='word_1_222' title='bbox 1599 1849 1672 1893; x_wconf 91' lang='lat' dir='ltr'><strong><em>est</em></strong></span> <span class='ocrx_word' id='word_1_223' title='bbox 1711 1839 1938 1894; x_wconf 75' lang='lat' dir='ltr'><strong><em>lectionis</em></strong></span> <span class='ocrx_word' id='word_1_224' title='bbox 1968 1843 2097 1896; x_wconf 86' lang='lat' dir='ltr'><strong><em>assi-</em></strong></span> <span class='ocrx_word' id='word_1_225' title='bbox 2201 1850 2388 1918; x_wconf 89' lang='lat' dir='ltr'><strong><em>ptionis</em></strong></span> <span class='ocrx_word' id='word_1_226' title='bbox 2411 1848 2579 1918; x_wconf 89' lang='lat' dir='ltr'><strong><em>gratia</em></strong></span> <span class='ocrx_word' id='word_1_227' title='bbox 2609 1845 2936 1912; x_wconf 84' lang='lat' dir='ltr'><strong><em>postulantur</em></strong></span> <span class='ocrx_word' id='word_1_228' title='bbox 2960 1861 2978 1898; x_wconf 89' lang='lat'><strong><em>:</em></strong></span> <span class='ocrx_word' id='word_1_229' title='bbox 3023 1845 3149 1898; x_wconf 90' lang='lat' dir='ltr'><strong><em>dum</em></strong></span> <span class='ocrx_word' id='word_1_230' title='bbox 3179 1845 3478 1916; x_wconf 87' lang='lat' dir='ltr'><strong><em>plerumque</em></strong></span> <span class='ocrx_word' id='word_1_231' title='bbox 3506 1862 3580 1898; x_wconf 90' lang='lat' dir='ltr'><strong><em>res</em></strong></span> <span class='ocrx_word' id='word_1_232' title='bbox 3605 1862 3750 1913; x_wconf 71' lang='lat' dir='ltr'><strong><em>parva:</em></strong></span> 
     </span>
    </p>
   </div>
   <div class='ocr_carea' id='block_1_24' title="bbox 511 1929 3753 2010">
    <p class='ocr_par' dir='ltr' id='par_1_24' title="bbox 511 1929 3753 2010">
     <span class='ocr_line' id='line_1_24' title="bbox 511 1929 3753 2010; baseline -0.002 -26"><span class='ocrx_word' id='word_1_233' title='bbox 511 1929 704 1996; x_wconf 80' lang='lat' dir='ltr'><strong><em>duitas,</em></strong></span> <span class='ocrx_word' id='word_1_234' title='bbox 740 1940 785 1985; x_wconf 86' lang='lat' dir='ltr'><strong><em>et</em></strong></span> <span class='ocrx_word' id='word_1_235' title='bbox 807 1931 1004 1986; x_wconf 78' lang='lat' dir='ltr'><strong><em>delicia:</em></strong></span> <span class='ocrx_word' id='word_1_236' title='bbox 1031 1931 1189 1985; x_wconf 87' lang='lat' dir='ltr'><strong><em>sudor</em></strong></span> <span class='ocrx_word' id='word_1_237' title='bbox 1208 1931 1428 1985; x_wconf 87' lang='lat' dir='ltr'><strong><em>alienus.</em></strong></span> <span class='ocrx_word' id='word_1_238' title='bbox 1466 1929 1526 1984; x_wconf 85' lang='lat' dir='ltr'><strong><em>In</em></strong></span> <span class='ocrx_word' id='word_1_239' title='bbox 1550 1934 1699 1999; x_wconf 83' lang='lat' dir='ltr'><strong><em>cujus</em></strong></span> <span class='ocrx_word' id='word_1_240' title='bbox 1739 1932 1973 1986; x_wconf 88' lang='lat' dir='ltr'><strong><em>manibus</em></strong></span> <span class='ocrx_word' id='word_1_241' title='bbox 2003 1933 2100 1986; x_wconf 87' lang='lat' dir='ltr'><strong><em>du-</em></strong></span> <span class='ocrx_word' id='word_1_242' title='bbox 2201 1942 2317 2010; x_wconf 72' lang='lat' dir='ltr'><strong><em>plus</em></strong></span> <span class='ocrx_word' id='word_1_243' title='bbox 2345 1940 2620 2009; x_wconf 72' lang='lat' dir='ltr'><strong><em>prtevalent</em></strong></span> <span class='ocrx_word' id='word_1_244' title='bbox 2673 1947 3129 2010; x_wconf 78' lang='lat' dir='ltr'><strong><em>prtestare,quam</em></strong></span> <span class='ocrx_word' id='word_1_245' title='bbox 3177 1953 3377 2007; x_wconf 65' lang='lat' dir='ltr'><strong><em>magna;</em></strong></span> <span class='ocrx_word' id='word_1_246' title='bbox 3421 1944 3618 2006; x_wconf 73' lang='lat' dir='ltr'><strong><em>possunt</em></strong></span> <span class='ocrx_word' id='word_1_247' title='bbox 3643 1937 3753 1989; x_wconf 63' lang='lat' dir='ltr'><strong><em>obii.</em></strong></span> 
     </span>
    </p>
   </div>
   <div class='ocr_carea' id='block_1_25' title="bbox 510 2009 3753 2099">
    <p class='ocr_par' dir='ltr' id='par_1_25' title="bbox 510 2009 3753 2099">
     <span class='ocr_line' id='line_1_25' title="bbox 510 2009 3753 2099; baseline -0.002 -24"><span class='ocrx_word' id='word_1_248' title='bbox 510 2021 701 2094; x_wconf 88' lang='lat' dir='ltr'><strong><em>plicato</em></strong></span> <span class='ocrx_word' id='word_1_249' title='bbox 733 2023 849 2094; x_wconf 89' lang='lat' dir='ltr'><strong><em>igne</em></strong></span> <span class='ocrx_word' id='word_1_250' title='bbox 884 2022 1086 2088; x_wconf 83' lang='lat' dir='ltr'><strong><em>rutilat,</em></strong></span> <span class='ocrx_word' id='word_1_251' title='bbox 1119 2039 1221 2092; x_wconf 89' lang='lat' dir='ltr'><strong><em>qua</em></strong></span> <span class='ocrx_word' id='word_1_252' title='bbox 1264 2034 1451 2076; x_wconf 87' lang='lat' dir='ltr'><strong><em>veteres</em></strong></span> <span class='ocrx_word' id='word_1_253' title='bbox 1499 2023 1610 2091; x_wconf 88' lang='lat' dir='ltr'><strong><em>face</em></strong></span> <span class='ocrx_word' id='word_1_254' title='bbox 1639 2022 1909 2090; x_wconf 81' lang='lat' dir='ltr'><strong><em>fulserunt.</em></strong></span> <span class='ocrx_word' id='word_1_255' title='bbox 1961 2022 2100 2078; x_wconf 88' lang='lat' dir='ltr'><strong><em>Nam</em></strong></span> <span class='ocrx_word' id='word_1_256' title='bbox 2199 2009 2317 2086; x_wconf 57' lang='lat' dir='ltr'><strong><em>ﬁere</em></strong></span> <span class='ocrx_word' id='word_1_257' title='bbox 2337 2031 2549 2085; x_wconf 74' lang='grc' dir='ltr'><strong><em>άὶυἱιὶιε,</em></strong></span> <span class='ocrx_word' id='word_1_258' title='bbox 2585 2027 2905 2099; x_wconf 68' lang='lat' dir='ltr'><strong><em>Frequenter</em></strong></span> <span class='ocrx_word' id='word_1_259' title='bbox 2942 2009 3077 2082; x_wconf 51' lang='lat' dir='ltr'><strong><em>enim</em></strong></span> <span class='ocrx_word' id='word_1_260' title='bbox 3106 2028 3246 2094; x_wconf 82' lang='lat' dir='ltr'><strong><em>quod</em></strong></span> <span class='ocrx_word' id='word_1_261' title='bbox 3266 2044 3408 2081; x_wconf 85' lang='lat' dir='ltr'><strong><em>arma</em></strong></span> <span class='ocrx_word' id='word_1_262' title='bbox 3453 2028 3643 2097; x_wconf 67' lang='lat' dir='ltr'><strong><em>explere</em></strong></span> <span class='ocrx_word' id='word_1_263' title='bbox 3675 2043 3753 2080; x_wconf 71' lang='grc' dir='ltr'><strong><em>ηε.</em></strong></span> 
     </span>
    </p>
   </div>
   <div class='ocr_carea' id='block_1_26' title="bbox 513 2116 3756 2192">
    <p class='ocr_par' dir='ltr' id='par_1_26' title="bbox 513 2116 3756 2192">
     <span class='ocr_line' id='line_1_26' title="bbox 513 2116 3756 2192; baseline -0.002 -16"><span class='ocrx_word' id='word_1_264' title='bbox 513 2116 651 2184; x_wconf 83' lang='lat' dir='ltr'><strong><em>quod</em></strong></span> <span class='ocrx_word' id='word_1_265' title='bbox 694 2116 776 2170; x_wconf 71' lang='lat' dir='ltr'><strong><em>vix</em></strong></span> <span class='ocrx_word' id='word_1_266' title='bbox 803 2116 1086 2187; x_wconf 71' lang='lat' dir='ltr'><strong><em>majoribus</em></strong></span> <span class='ocrx_word' id='word_1_267' title='bbox 1126 2117 1262 2170; x_wconf 83' lang='lat' dir='ltr'><strong><em>circa</em></strong></span> <span class='ocrx_word' id='word_1_268' title='bbox 1298 2117 1667 2170; x_wconf 69' lang='lat' dir='ltr'><strong><em>extremitatem</em></strong></span> <span class='ocrx_word' id='word_1_269' title='bbox 1703 2116 1820 2171; x_wconf 64' lang='lat' dir='ltr'><strong><em>vitae</em></strong></span> <span class='ocrx_word' id='word_1_270' title='bbox 1863 2117 2094 2188; x_wconf 84' lang='lat' dir='ltr'><strong><em>contigit,</em></strong></span> <span class='ocrx_word' id='word_1_271' title='bbox 2199 2134 2410 2192; x_wconf 87' lang='lat' dir='ltr'><strong><em>queunt,</em></strong></span> <span class='ocrx_word' id='word_1_272' title='bbox 2449 2120 2785 2175; x_wconf 88' lang='lat' dir='ltr'><strong><em>oblectamina</em></strong></span> <span class='ocrx_word' id='word_1_273' title='bbox 2811 2119 3073 2174; x_wconf 76' lang='lat' dir='ltr'><strong><em>suavitatis</em></strong></span> <span class='ocrx_word' id='word_1_274' title='bbox 3116 2118 3411 2189; x_wconf 86' lang='lat' dir='ltr'><strong><em>imponunt.</em></strong></span> <span class='ocrx_word' id='word_1_275' title='bbox 3439 2118 3518 2172; x_wconf 82' lang='lat' dir='ltr'><strong><em>Sil</em></strong></span> <span class='ocrx_word' id='word_1_276' title='bbox 3546 2133 3648 2189; x_wconf 78' lang='lat' dir='ltr'><strong><em>ergo</em></strong></span> <span class='ocrx_word' id='word_1_277' title='bbox 3677 2134 3756 2188; x_wconf 87' lang='lat' dir='ltr'><strong><em>pro</em></strong></span> 
     </span>
    </p>
   </div>
   <div class='ocr_carea' id='block_1_27' title="bbox 515 2209 3758 2287">
    <p class='ocr_par' dir='ltr' id='par_1_27' title="bbox 515 2209 3758 2287">
     <span class='ocr_line' id='line_1_27' title="bbox 515 2209 3758 2287; baseline -0.001 -23"><span class='ocrx_word' id='word_1_278' title='bbox 515 2209 611 2264; x_wconf 85' lang='lat' dir='ltr'><strong><em>lioc</em></strong></span> <span class='ocrx_word' id='word_1_279' title='bbox 640 2209 728 2264; x_wconf 91' lang='lat' dir='ltr'><strong><em>tibi</em></strong></span> <span class='ocrx_word' id='word_1_280' title='bbox 746 2211 976 2264; x_wconf 84' lang='lat' dir='ltr'><strong><em>abundat</em></strong></span> <span class='ocrx_word' id='word_1_281' title='bbox 1003 2212 1054 2264; x_wconf 90' lang='lat' dir='ltr'><strong><em>in</em></strong></span> <span class='ocrx_word' id='word_1_282' title='bbox 1082 2211 1274 2264; x_wconf 89' lang='lat' dir='ltr'><strong><em>limine.</em></strong></span> <span class='ocrx_word' id='word_1_283' title='bbox 2199 2215 2460 2287; x_wconf 75' lang='lat' dir='ltr'><strong><em>republica</em></strong></span> <span class='ocrx_word' id='word_1_284' title='bbox 2490 2223 2536 2267; x_wconf 90' lang='lat' dir='ltr'><strong><em>et</em></strong></span> <span class='ocrx_word' id='word_1_285' title='bbox 2563 2229 2677 2266; x_wconf 89' lang='lat' dir='ltr'><strong><em>cum</em></strong></span> <span class='ocrx_word' id='word_1_286' title='bbox 2719 2213 2893 2266; x_wconf 84' lang='lat' dir='ltr'><strong><em>ludere</em></strong></span> <span class='ocrx_word' id='word_1_287' title='bbox 2916 2213 3166 2265; x_wconf 86' lang='lat' dir='ltr'><strong><em>videmur.</em></strong></span> <span class='ocrx_word' id='word_1_288' title='bbox 3200 2210 3345 2263; x_wconf 82' lang='lat' dir='ltr'><strong><em>Nam</em></strong></span> <span class='ocrx_word' id='word_1_289' title='bbox 3361 2211 3472 2264; x_wconf 91' lang='lat' dir='ltr'><strong><em>ideo</em></strong></span> <span class='ocrx_word' id='word_1_290' title='bbox 3491 2211 3758 2277; x_wconf 82' lang='lat' dir='ltr'><strong><em>voluptuosa</em></strong></span> 
     </span>
    </p>
   </div>
   <div class='ocr_carea' id='block_1_28' title="bbox 589 2298 3760 2377">
    <p class='ocr_par' dir='ltr' id='par_1_28' title="bbox 589 2298 3760 2377">
     <span class='ocr_line' id='line_1_28' title="bbox 589 2298 3760 2377; baseline -0.002 -21"><span class='ocrx_word' id='word_1_291' title='bbox 589 2301 847 2371; x_wconf 87' lang='lat' dir='ltr'><strong><em>Ejusdem</em></strong></span> <span class='ocrx_word' id='word_1_292' title='bbox 874 2301 1137 2371; x_wconf 81' lang='lat' dir='ltr'><strong><em>episcopi,</em></strong></span> <span class='ocrx_word' id='word_1_293' title='bbox 1169 2302 1308 2358; x_wconf 88' lang='lat' dir='ltr'><strong><em>libro</em></strong></span> <span class='ocrx_word' id='word_1_294' title='bbox 1338 2311 1528 2358; x_wconf 85' lang='lat' dir='ltr'><strong><em>octavo</em></strong></span> <span class='ocrx_word' id='word_1_295' title='bbox 1576 2305 1942 2374; x_wconf 84' lang='lat' dir='ltr'><strong><em>epistolarum,</em></strong></span> <span class='ocrx_word' id='word_1_296' title='bbox 1989 2306 2101 2373; x_wconf 87' lang='lat' dir='ltr'><strong><em>epi-</em></strong></span> <span class='ocrx_word' id='word_1_297' title='bbox 2201 2306 2500 2377; x_wconf 79' lang='lat' dir='ltr'><strong><em>quterimus,</em></strong></span> <span class='ocrx_word' id='word_1_298' title='bbox 2531 2314 2584 2358; x_wconf 91' lang='lat' dir='ltr'><strong><em>ut</em></strong></span> <span class='ocrx_word' id='word_1_299' title='bbox 2615 2321 2703 2373; x_wconf 88' lang='lat' dir='ltr'><strong><em>per</em></strong></span> <span class='ocrx_word' id='word_1_300' title='bbox 2728 2304 2862 2374; x_wconf 90' lang='lat' dir='ltr'><strong><em>ipsa,</em></strong></span> <span class='ocrx_word' id='word_1_301' title='bbox 2894 2303 3029 2356; x_wconf 87' lang='lat' dir='ltr'><strong><em>seria</em></strong></span> <span class='ocrx_word' id='word_1_302' title='bbox 3057 2303 3422 2368; x_wconf 84' lang='lat' dir='ltr'><strong><em>compleamus.</em></strong></span> <span class='ocrx_word' id='word_1_303' title='bbox 3462 2298 3760 2367; x_wconf 85' lang='lat' dir='ltr'><strong><em>Burgundio-</em></strong></span> 
     </span>
    </p>
   </div>
   <div class='ocr_carea' id='block_1_29' title="bbox 516 2389 3761 2468">
    <p class='ocr_par' dir='ltr' id='par_1_29' title="bbox 516 2389 3761 2468">
     <span class='ocr_line' id='line_1_29' title="bbox 516 2389 3761 2468; baseline -0.003 -19"><span class='ocrx_word' id='word_1_304' title='bbox 516 2394 652 2450; x_wconf 81' lang='lat' dir='ltr'><strong><em>stola</em></strong></span> <span class='ocrx_word' id='word_1_305' title='bbox 675 2395 846 2462; x_wconf 78' lang='lat' dir='ltr'><strong><em>prima</em></strong></span> <span class='ocrx_word' id='word_1_306' title='bbox 866 2389 1038 2449; x_wconf 84' lang='lat' dir='ltr'><strong><em>eidem</em></strong></span> <span class='ocrx_word' id='word_1_307' title='bbox 1069 2393 1258 2450; x_wconf 85' lang='lat' dir='ltr'><strong><em>Boetio</em></strong></span> <span class='ocrx_word' id='word_1_308' title='bbox 1297 2396 1505 2450; x_wconf 88' lang='lat' dir='ltr'><strong><em>consuli</em></strong></span> <span class='ocrx_word' id='word_1_309' title='bbox 1549 2395 1710 2450; x_wconf 83' lang='lat' dir='ltr'><strong><em>facta.</em></strong></span> <span class='ocrx_word' id='word_1_310' title='bbox 1749 2396 1969 2468; x_wconf 72' lang='lat' dir='ltr'><strong><em>Optima:</em></strong></span> <span class='ocrx_word' id='word_1_311' title='bbox 1993 2400 2101 2467; x_wconf 88' lang='lat' dir='ltr'><strong><em>spei</em></strong></span> <span class='ocrx_word' id='word_1_312' title='bbox 2201 2412 2313 2448; x_wconf 89' lang='lat' dir='ltr'><strong><em>rum</em></strong></span> <span class='ocrx_word' id='word_1_313' title='bbox 2338 2397 2505 2463; x_wconf 86' lang='lat' dir='ltr'><strong><em>itaque</em></strong></span> <span class='ocrx_word' id='word_1_314' title='bbox 2525 2395 2764 2446; x_wconf 89' lang='lat' dir='ltr'><strong><em>dominus</em></strong></span> <span class='ocrx_word' id='word_1_315' title='bbox 2791 2412 2820 2445; x_wconf 91' lang='lat' dir='ltr'><strong><em>a</em></strong></span> <span class='ocrx_word' id='word_1_316' title='bbox 2853 2395 2996 2446; x_wconf 88' lang='lat' dir='ltr'><strong><em>nobis</em></strong></span> <span class='ocrx_word' id='word_1_317' title='bbox 3035 2408 3349 2461; x_wconf 85' lang='lat' dir='ltr'><strong><em>magnopere</em></strong></span> <span class='ocrx_word' id='word_1_318' title='bbox 3395 2391 3675 2457; x_wconf 78' lang='lat' dir='ltr'><strong><em>postulavit,</em></strong></span> <span class='ocrx_word' id='word_1_319' title='bbox 3715 2399 3761 2442; x_wconf 87' lang='lat' dir='ltr'><strong><em>ttt</em></strong></span> 
     </span>
    </p>
   </div>
   <div class='ocr_carea' id='block_1_30' title="bbox 518 2482 3765 2560">
    <p class='ocr_par' dir='ltr' id='par_1_30' title="bbox 518 2482 3765 2560">
     <span class='ocr_line' id='line_1_30' title="bbox 518 2482 3765 2560; baseline -0.002 -20"><span class='ocrx_word' id='word_1_320' title='bbox 518 2485 720 2557; x_wconf 84' lang='lat' dir='ltr'><strong><em>plenus,</em></strong></span> <span class='ocrx_word' id='word_1_321' title='bbox 753 2487 946 2557; x_wconf 85' lang='lat' dir='ltr'><strong><em>inquit,</em></strong></span> <span class='ocrx_word' id='word_1_322' title='bbox 970 2488 1052 2541; x_wconf 90' lang='lat' dir='ltr'><strong><em>cui</em></strong></span> <span class='ocrx_word' id='word_1_323' title='bbox 1089 2491 1288 2557; x_wconf 88' lang='lat' dir='ltr'><strong><em>fautum</em></strong></span> <span class='ocrx_word' id='word_1_324' title='bbox 1310 2489 1482 2558; x_wconf 90' lang='lat' dir='ltr'><strong><em>cupio,</em></strong></span> <span class='ocrx_word' id='word_1_325' title='bbox 1511 2489 1580 2541; x_wconf 89' lang='lat' dir='ltr'><strong><em>ad</em></strong></span> <span class='ocrx_word' id='word_1_326' title='bbox 1609 2505 1786 2543; x_wconf 88' lang='lat' dir='ltr'><strong><em>curam</em></strong></span> <span class='ocrx_word' id='word_1_327' title='bbox 1815 2491 1964 2559; x_wconf 75' lang='lat' dir='ltr'><strong><em>ofﬁcii</em></strong></span> <span class='ocrx_word' id='word_1_328' title='bbox 1995 2493 2102 2560; x_wconf 85' lang='lat' dir='ltr'><strong><em>epi—</em></strong></span> <span class='ocrx_word' id='word_1_329' title='bbox 2203 2484 2547 2557; x_wconf 82' lang='lat' dir='ltr'><strong><em>ltorolOgium,</em></strong></span> <span class='ocrx_word' id='word_1_330' title='bbox 2574 2483 2711 2554; x_wconf 92' lang='lat' dir='ltr'><strong><em>quod</em></strong></span> <span class='ocrx_word' id='word_1_331' title='bbox 2738 2483 2883 2552; x_wconf 83' lang='lat' dir='ltr'><strong><em>aquis</em></strong></span> <span class='ocrx_word' id='word_1_332' title='bbox 2938 2482 3029 2536; x_wconf 90' lang='lat' dir='ltr'><strong><em>sub</em></strong></span> <span class='ocrx_word' id='word_1_333' title='bbox 3069 2483 3281 2536; x_wconf 88' lang='lat' dir='ltr'><strong><em>modulo</em></strong></span> <span class='ocrx_word' id='word_1_334' title='bbox 3311 2482 3574 2552; x_wconf 86' lang='lat' dir='ltr'><strong><em>fluentibus</em></strong></span> <span class='ocrx_word' id='word_1_335' title='bbox 3601 2490 3765 2550; x_wconf 78' lang='lat' dir='ltr'><strong><em>tempe-</em></strong></span> 
     </span>
    </p>
   </div>
   <div class='ocr_carea' id='block_1_31' title="bbox 518 2575 3764 2651">
    <p class='ocr_par' dir='ltr' id='par_1_31' title="bbox 518 2575 3764 2651">
     <span class='ocr_line' id='line_1_31' title="bbox 518 2575 3764 2651; baseline -0.002 -20"><span class='ocrx_word' id='word_1_336' title='bbox 518 2577 722 2631; x_wconf 86' lang='lat' dir='ltr'><strong><em>stolaris</em></strong></span> <span class='ocrx_word' id='word_1_337' title='bbox 745 2578 940 2648; x_wconf 90' lang='lat' dir='ltr'><strong><em>aspiro.</em></strong></span> <span class='ocrx_word' id='word_1_338' title='bbox 975 2577 1128 2632; x_wconf 84' lang='lat' dir='ltr'><strong><em>Decet</em></strong></span> <span class='ocrx_word' id='word_1_339' title='bbox 1149 2579 1284 2631; x_wconf 86' lang='lat' dir='ltr'><strong><em>enim</em></strong></span> <span class='ocrx_word' id='word_1_340' title='bbox 1305 2581 1481 2634; x_wconf 88' lang='lat' dir='ltr'><strong><em>vestris</em></strong></span> <span class='ocrx_word' id='word_1_341' title='bbox 1509 2581 1733 2650; x_wconf 81' lang='lat' dir='ltr'><strong><em>fascibus</em></strong></span> <span class='ocrx_word' id='word_1_342' title='bbox 1773 2581 1870 2634; x_wconf 88' lang='lat' dir='ltr'><strong><em>ltac</em></strong></span> <span class='ocrx_word' id='word_1_343' title='bbox 1911 2582 2100 2651; x_wconf 81' lang='lat' dir='ltr'><strong><em>prtefa-</em></strong></span> <span class='ocrx_word' id='word_1_344' title='bbox 2200 2588 2368 2641; x_wconf 87' lang='lat' dir='ltr'><strong><em>ratur,</em></strong></span> <span class='ocrx_word' id='word_1_345' title='bbox 2393 2585 2440 2630; x_wconf 90' lang='lat' dir='ltr'><strong><em>et</em></strong></span> <span class='ocrx_word' id='word_1_346' title='bbox 2467 2576 2604 2645; x_wconf 90' lang='lat' dir='ltr'><strong><em>quod</em></strong></span> <span class='ocrx_word' id='word_1_347' title='bbox 2633 2577 2754 2630; x_wconf 88' lang='lat' dir='ltr'><strong><em>solis</em></strong></span> <span class='ocrx_word' id='word_1_348' title='bbox 2774 2577 3011 2629; x_wconf 87' lang='lat' dir='ltr'><strong><em>immensi</em></strong></span> <span class='ocrx_word' id='word_1_349' title='bbox 3037 2576 3404 2645; x_wconf 89' lang='lat' dir='ltr'><strong><em>comprehensa</em></strong></span> <span class='ocrx_word' id='word_1_350' title='bbox 3425 2575 3764 2628; x_wconf 81' lang='lat' dir='ltr'><strong><em>illuminatione</em></strong></span> 
     </span>
    </p>
   </div>
   <div class='ocr_carea' id='block_1_32' title="bbox 521 2667 3768 2740">
    <p class='ocr_par' dir='ltr' id='par_1_32' title="bbox 521 2667 3768 2740">
     <span class='ocr_line' id='line_1_32' title="bbox 521 2667 3768 2740; baseline 0 -21"><span class='ocrx_word' id='word_1_351' title='bbox 521 2667 660 2721; x_wconf 87' lang='lat' dir='ltr'><strong><em>tione</em></strong></span> <span class='ocrx_word' id='word_1_352' title='bbox 687 2668 902 2721; x_wconf 87' lang='lat' dir='ltr'><strong><em>delibari</em></strong></span> <span class='ocrx_word' id='word_1_353' title='bbox 922 2685 945 2734; x_wconf 87' lang='lat'><strong><em>;</em></strong></span> <span class='ocrx_word' id='word_1_354' title='bbox 967 2678 1014 2722; x_wconf 89' lang='lat' dir='ltr'><strong><em>et</em></strong></span> <span class='ocrx_word' id='word_1_355' title='bbox 1041 2670 1170 2722; x_wconf 89' lang='lat' dir='ltr'><strong><em>inter</em></strong></span> <span class='ocrx_word' id='word_1_356' title='bbox 1195 2685 1452 2740; x_wconf 83' lang='lat' dir='ltr'><strong><em>purpuras</em></strong></span> <span class='ocrx_word' id='word_1_357' title='bbox 1488 2671 1794 2738; x_wconf 85' lang='lat' dir='ltr'><strong><em>possessoris</em></strong></span> <span class='ocrx_word' id='word_1_358' title='bbox 1839 2670 1948 2724; x_wconf 89' lang='lat' dir='ltr'><strong><em>luce</em></strong></span> <span class='ocrx_word' id='word_1_359' title='bbox 1992 2687 2100 2724; x_wconf 87' lang='lat' dir='ltr'><strong><em>cre-</em></strong></span> <span class='ocrx_word' id='word_1_360' title='bbox 2203 2670 2559 2739; x_wconf 87' lang='lat' dir='ltr'><strong><em>distinguitur,</em></strong></span> <span class='ocrx_word' id='word_1_361' title='bbox 2586 2685 2702 2721; x_wconf 90' lang='lat' dir='ltr'><strong><em>cum</em></strong></span> <span class='ocrx_word' id='word_1_362' title='bbox 2744 2669 3004 2737; x_wconf 82' lang='lat' dir='ltr'><strong><em>magistris</em></strong></span> <span class='ocrx_word' id='word_1_363' title='bbox 3035 2683 3227 2733; x_wconf 89' lang='lat' dir='ltr'><strong><em>rerum,</em></strong></span> <span class='ocrx_word' id='word_1_364' title='bbox 3261 2668 3310 2720; x_wconf 88' lang='lat' dir='ltr'><strong><em>ei</em></strong></span> <span class='ocrx_word' id='word_1_365' title='bbox 3349 2668 3672 2721; x_wconf 86' lang='lat' dir='ltr'><strong><em>transmittere</em></strong></span> <span class='ocrx_word' id='word_1_366' title='bbox 3700 2668 3768 2719; x_wconf 77' lang='lat' dir='ltr'><strong><em>ds-</em></strong></span> 
     </span>
    </p>
   </div>
   <div class='ocr_carea' id='block_1_33' title="bbox 517 2758 3768 2832">
    <p class='ocr_par' dir='ltr' id='par_1_33' title="bbox 517 2758 3768 2832">
     <span class='ocr_line' id='line_1_33' title="bbox 517 2758 3768 2832; baseline -0.002 -18"><span class='ocrx_word' id='word_1_367' title='bbox 517 2769 729 2826; x_wconf 88' lang='lat' dir='ltr'><strong><em>scentes,</em></strong></span> <span class='ocrx_word' id='word_1_368' title='bbox 752 2760 1087 2830; x_wconf 87' lang='lat' dir='ltr'><strong><em>qualicunque</em></strong></span> <span class='ocrx_word' id='word_1_369' title='bbox 1113 2777 1217 2814; x_wconf 87' lang='lat' dir='ltr'><strong><em>non</em></strong></span> <span class='ocrx_word' id='word_1_370' title='bbox 1260 2760 1514 2814; x_wconf 87' lang='lat' dir='ltr'><strong><em>abstinere</em></strong></span> <span class='ocrx_word' id='word_1_371' title='bbox 1544 2759 1818 2828; x_wconf 90' lang='lat' dir='ltr'><strong><em>colloquio.</em></strong></span> <span class='ocrx_word' id='word_1_372' title='bbox 1850 2760 2102 2832; x_wconf 86' lang='lat' dir='ltr'><strong><em>Nunquid</em></strong></span> <span class='ocrx_word' id='word_1_373' title='bbox 2203 2761 2452 2814; x_wconf 76' lang='lat' dir='ltr'><strong><em>iteremus.</em></strong></span> <span class='ocrx_word' id='word_1_374' title='bbox 2519 2759 2782 2825; x_wconf 85' lang='lat' dir='ltr'><strong><em>Quatenus</em></strong></span> <span class='ocrx_word' id='word_1_375' title='bbox 2845 2760 3131 2827; x_wconf 89' lang='lat' dir='ltr'><strong><em>impetratis</em></strong></span> <span class='ocrx_word' id='word_1_376' title='bbox 3189 2758 3612 2812; x_wconf 85' lang='lat' dir='ltr'><strong><em>delectationibus</em></strong></span> <span class='ocrx_word' id='word_1_377' title='bbox 3670 2773 3768 2825; x_wconf 86' lang='lat' dir='ltr'><strong><em>per-</em></strong></span> 
     </span>
    </p>
   </div>
   <div class='ocr_carea' id='block_1_34' title="bbox 520 2844 3772 2927">
    <p class='ocr_par' dir='ltr' id='par_1_34' title="bbox 520 2844 3772 2927">
     <span class='ocr_line' id='line_1_34' title="bbox 520 2844 3772 2927; baseline -0.001 -21"><span class='ocrx_word' id='word_1_378' title='bbox 520 2853 678 2906; x_wconf 88' lang='lat' dir='ltr'><strong><em>solius</em></strong></span> <span class='ocrx_word' id='word_1_379' title='bbox 701 2853 946 2906; x_wconf 70' lang='lat' dir='ltr'><strong><em>doctrinae</em></strong></span> <span class='ocrx_word' id='word_1_380' title='bbox 971 2851 1227 2919; x_wconf 78' lang='lat' dir='ltr'><strong><em>beneﬁciis</em></strong></span> <span class='ocrx_word' id='word_1_381' title='bbox 1257 2870 1403 2906; x_wconf 89' lang='lat' dir='ltr'><strong><em>amor</em></strong></span> <span class='ocrx_word' id='word_1_382' title='bbox 1425 2855 1740 2924; x_wconf 87' lang='lat' dir='ltr'><strong><em>agnoscitur,</em></strong></span> <span class='ocrx_word' id='word_1_383' title='bbox 1769 2872 1858 2908; x_wconf 86' lang='lat' dir='ltr'><strong><em>nec</em></strong></span> <span class='ocrx_word' id='word_1_384' title='bbox 1890 2857 1970 2927; x_wconf 92' lang='lat' dir='ltr'><strong><em>fas</em></strong></span> <span class='ocrx_word' id='word_1_385' title='bbox 1997 2872 2104 2910; x_wconf 89' lang='lat' dir='ltr'><strong><em>esse</em></strong></span> <span class='ocrx_word' id='word_1_386' title='bbox 2204 2852 2446 2921; x_wconf 86' lang='lat' dir='ltr'><strong><em>fruendo,</em></strong></span> <span class='ocrx_word' id='word_1_387' title='bbox 2489 2851 2626 2919; x_wconf 90' lang='lat' dir='ltr'><strong><em>quod</em></strong></span> <span class='ocrx_word' id='word_1_388' title='bbox 2652 2844 2794 2904; x_wconf 85' lang='lat' dir='ltr'><strong><em>nobis</em></strong></span> <span class='ocrx_word' id='word_1_389' title='bbox 2813 2859 2886 2903; x_wconf 87' lang='lat' dir='ltr'><strong><em>est</em></strong></span> <span class='ocrx_word' id='word_1_390' title='bbox 2912 2851 3291 2919; x_wconf 90' lang='lat' dir='ltr'><strong><em>quotidianum,</em></strong></span> <span class='ocrx_word' id='word_1_391' title='bbox 3316 2851 3419 2904; x_wconf 88' lang='lat' dir='ltr'><strong><em>illis</em></strong></span> <span class='ocrx_word' id='word_1_392' title='bbox 3444 2851 3663 2904; x_wconf 85' lang='lat' dir='ltr'><strong><em>videatur</em></strong></span> <span class='ocrx_word' id='word_1_393' title='bbox 3680 2865 3772 2903; x_wconf 84' lang='lat' dir='ltr'><strong><em>esse</em></strong></span> 
     </span>
    </p>
   </div>
   <div class='ocr_carea' id='block_1_35' title="bbox 519 2942 3772 3014">
    <p class='ocr_par' dir='ltr' id='par_1_35' title="bbox 519 2942 3772 3014">
     <span class='ocr_line' id='line_1_35' title="bbox 519 2942 3772 3014; baseline -0.001 -18"><span class='ocrx_word' id='word_1_394' title='bbox 519 2942 829 2997; x_wconf 87' lang='lat' dir='ltr'><strong><em>credendum</em></strong></span> <span class='ocrx_word' id='word_1_395' title='bbox 859 2953 953 3009; x_wconf 87' lang='lat' dir='ltr'><strong><em>est,</em></strong></span> <span class='ocrx_word' id='word_1_396' title='bbox 985 2944 1191 3014; x_wconf 89' lang='lat' dir='ltr'><strong><em>prodire</em></strong></span> <span class='ocrx_word' id='word_1_397' title='bbox 1220 2943 1274 2996; x_wconf 90' lang='lat' dir='ltr'><strong><em>in</em></strong></span> <span class='ocrx_word' id='word_1_398' title='bbox 1303 2944 1527 2997; x_wconf 87' lang='lat' dir='ltr'><strong><em>medium</em></strong></span> <span class='ocrx_word' id='word_1_399' title='bbox 1559 2946 1811 2998; x_wconf 88' lang='lat' dir='ltr'><strong><em>desideria</em></strong></span> <span class='ocrx_word' id='word_1_400' title='bbox 1851 2947 2102 2999; x_wconf 87' lang='lat' dir='ltr'><strong><em>rustican-</em></strong></span> <span class='ocrx_word' id='word_1_401' title='bbox 2204 2947 2532 3000; x_wconf 86' lang='lat' dir='ltr'><strong><em>miraculum.</em></strong></span> <span class='ocrx_word' id='word_1_402' title='bbox 2581 2944 2763 2998; x_wconf 83' lang='lat' dir='ltr'><strong><em>Merito</em></strong></span> <span class='ocrx_word' id='word_1_403' title='bbox 2789 2945 2832 2998; x_wconf 90' lang='lat' dir='ltr'><strong><em>si</em></strong></span> <span class='ocrx_word' id='word_1_404' title='bbox 2861 2945 3064 3014; x_wconf 84' lang='lat' dir='ltr'><strong><em>quidem</em></strong></span> <span class='ocrx_word' id='word_1_405' title='bbox 3093 2947 3348 3014; x_wconf 81' lang='lat' dir='ltr'><strong><em>respicere</em></strong></span> <span class='ocrx_word' id='word_1_406' title='bbox 3385 2945 3621 3014; x_wconf 89' lang='lat' dir='ltr'><strong><em>cupiunt,</em></strong></span> <span class='ocrx_word' id='word_1_407' title='bbox 3651 2942 3772 3010; x_wconf 88' lang='lat' dir='ltr'><strong><em>quod</em></strong></span> 
     </span>
    </p>
   </div>
   <div class='ocr_carea' id='block_1_36' title="bbox 519 3033 3772 3110">
    <p class='ocr_par' dir='ltr' id='par_1_36' title="bbox 519 3033 3772 3110">
     <span class='ocr_line' id='line_1_36' title="bbox 519 3033 3772 3110; baseline -0.001 -22"><span class='ocrx_word' id='word_1_408' title='bbox 519 3035 630 3088; x_wconf 83' lang='lat' dir='ltr'><strong><em>tis?</em></strong></span> <span class='ocrx_word' id='word_1_409' title='bbox 679 3033 976 3105; x_wconf 88' lang='lat' dir='ltr'><strong><em>Simplicius</em></strong></span> <span class='ocrx_word' id='word_1_410' title='bbox 1017 3035 1337 3088; x_wconf 83' lang='lat' dir='ltr'><strong><em>innotescunt</em></strong></span> <span class='ocrx_word' id='word_1_411' title='bbox 1375 3045 1489 3090; x_wconf 88' lang='lat' dir='ltr'><strong><em>vota</em></strong></span> <span class='ocrx_word' id='word_1_412' title='bbox 1535 3037 1679 3090; x_wconf 89' lang='lat' dir='ltr'><strong><em>nullo</em></strong></span> <span class='ocrx_word' id='word_1_413' title='bbox 1707 3035 1902 3106; x_wconf 78' lang='lat' dir='ltr'><strong><em>peritite</em></strong></span> <span class='ocrx_word' id='word_1_414' title='bbox 1939 3036 2102 3092; x_wconf 86' lang='lat' dir='ltr'><strong><em>velata</em></strong></span> <span class='ocrx_word' id='word_1_415' title='bbox 2206 3038 2486 3110; x_wconf 86' lang='lat' dir='ltr'><strong><em>legatorum</em></strong></span> <span class='ocrx_word' id='word_1_416' title='bbox 2512 3053 2721 3090; x_wconf 90' lang='lat' dir='ltr'><strong><em>suorum</em></strong></span> <span class='ocrx_word' id='word_1_417' title='bbox 2773 3037 3108 3090; x_wconf 88' lang='lat' dir='ltr'><strong><em>relationibus</em></strong></span> <span class='ocrx_word' id='word_1_418' title='bbox 3153 3037 3541 3107; x_wconf 89' lang='lat' dir='ltr'><strong><em>obstupescunt.</em></strong></span> <span class='ocrx_word' id='word_1_419' title='bbox 3577 3033 3687 3089; x_wconf 85' lang='lat' dir='ltr'><strong><em>Hoc</em></strong></span> <span class='ocrx_word' id='word_1_420' title='bbox 3713 3045 3772 3097; x_wconf 90' lang='lat' dir='ltr'><strong><em>te,</em></strong></span> 
     </span>
    </p>
   </div>
   <div class='ocr_carea' id='block_1_37' title="bbox 517 3117 3776 3198">
    <p class='ocr_par' dir='ltr' id='par_1_37' title="bbox 517 3117 3776 3198">
     <span class='ocr_line' id='line_1_37' title="bbox 517 3117 3776 3198; baseline -0 -18"><span class='ocrx_word' id='word_1_421' title='bbox 517 3125 799 3197; x_wconf 77' lang='lat' dir='ltr'><strong><em>prtestigio.</em></strong></span> <span class='ocrx_word' id='word_1_422' title='bbox 828 3123 969 3196; x_wconf 85' lang='lat' dir='ltr'><strong><em>Ergo</em></strong></span> <span class='ocrx_word' id='word_1_423' title='bbox 992 3142 1084 3178; x_wconf 91' lang='lat' dir='ltr'><strong><em>nos</em></strong></span> <span class='ocrx_word' id='word_1_424' title='bbox 1107 3124 1202 3180; x_wconf 83' lang='lat' dir='ltr'><strong><em>hoc</em></strong></span> <span class='ocrx_word' id='word_1_425' title='bbox 1225 3143 1402 3181; x_wconf 90' lang='lat' dir='ltr'><strong><em>sumus</em></strong></span> <span class='ocrx_word' id='word_1_426' title='bbox 1431 3143 1539 3193; x_wconf 89' lang='lat' dir='ltr'><strong><em>ore,</em></strong></span> <span class='ocrx_word' id='word_1_427' title='bbox 1566 3129 1702 3197; x_wconf 90' lang='lat' dir='ltr'><strong><em>quod</em></strong></span> <span class='ocrx_word' id='word_1_428' title='bbox 1725 3137 1946 3197; x_wconf 87' lang='lat' dir='ltr'><strong><em>pectore.</em></strong></span> <span class='ocrx_word' id='word_1_429' title='bbox 1978 3128 2098 3184; x_wconf 88' lang='lat' dir='ltr'><strong><em>Non</em></strong></span> <span class='ocrx_word' id='word_1_430' title='bbox 2126 3117 2172 3180; x_wconf 88' lang='lat' dir='ltr'><strong><em>C</em></strong></span> <span class='ocrx_word' id='word_1_431' title='bbox 2207 3131 2366 3183; x_wconf 89' lang='lat' dir='ltr'><strong><em>multa</em></strong></span> <span class='ocrx_word' id='word_1_432' title='bbox 2414 3129 2697 3182; x_wconf 90' lang='lat' dir='ltr'><strong><em>eruditione</em></strong></span> <span class='ocrx_word' id='word_1_433' title='bbox 2724 3129 3013 3198; x_wconf 87' lang='lat' dir='ltr'><strong><em>saginatum</em></strong></span> <span class='ocrx_word' id='word_1_434' title='bbox 3038 3172 3052 3196; x_wconf 91' lang='lat'><strong><em>,</em></strong></span> <span class='ocrx_word' id='word_1_435' title='bbox 3079 3129 3152 3180; x_wconf 90' lang='lat' dir='ltr'><strong><em>ita</em></strong></span> <span class='ocrx_word' id='word_1_436' title='bbox 3202 3145 3357 3183; x_wconf 86' lang='lat' dir='ltr'><strong><em>nosse</em></strong></span> <span class='ocrx_word' id='word_1_437' title='bbox 3405 3128 3686 3186; x_wconf 88' lang='lat' dir='ltr'><strong><em>didicimus,</em></strong></span> <span class='ocrx_word' id='word_1_438' title='bbox 3728 3134 3776 3178; x_wconf 89' lang='lat' dir='ltr'><strong><em>ut</em></strong></span> 
     </span>
    </p>
   </div>
   <div class='ocr_carea' id='block_1_38' title="bbox 518 3219 3779 3292">
    <p class='ocr_par' dir='ltr' id='par_1_38' title="bbox 518 3219 3779 3292">
     <span class='ocr_line' id='line_1_38' title="bbox 518 3219 3779 3292; baseline -0.001 -18"><span class='ocrx_word' id='word_1_439' title='bbox 518 3237 695 3274; x_wconf 89' lang='lat' dir='ltr'><strong><em>amara</em></strong></span> <span class='ocrx_word' id='word_1_440' title='bbox 721 3221 1120 3289; x_wconf 83' lang='lat' dir='ltr'><strong><em>prtrcordiorum</em></strong></span> <span class='ocrx_word' id='word_1_441' title='bbox 1157 3219 1440 3287; x_wconf 82' lang='lat' dir='ltr'><strong><em>deleniﬁcis</em></strong></span> <span class='ocrx_word' id='word_1_442' title='bbox 1472 3237 1741 3288; x_wconf 83' lang='lat' dir='ltr'><strong><em>possumus</em></strong></span> <span class='ocrx_word' id='word_1_443' title='bbox 1768 3231 1964 3276; x_wconf 84' lang='lat' dir='ltr'><strong><em>mutare</em></strong></span> <span class='ocrx_word' id='word_1_444' title='bbox 1991 3239 2102 3275; x_wconf 84' lang='lat' dir='ltr'><strong><em>ser-</em></strong></span> <span class='ocrx_word' id='word_1_445' title='bbox 2205 3233 2359 3286; x_wconf 89' lang='lat' dir='ltr'><strong><em>artes,</em></strong></span> <span class='ocrx_word' id='word_1_446' title='bbox 2382 3239 2508 3292; x_wconf 92' lang='lat' dir='ltr'><strong><em>quas</em></strong></span> <span class='ocrx_word' id='word_1_447' title='bbox 2533 3231 2764 3276; x_wconf 74' lang='lat' dir='ltr'><strong><em>exercent</em></strong></span> <span class='ocrx_word' id='word_1_448' title='bbox 2792 3223 3065 3292; x_wconf 63' lang='lat' dir='ltr'><strong><em>uulgariter</em></strong></span> <span class='ocrx_word' id='word_1_449' title='bbox 3094 3223 3401 3288; x_wconf 86' lang='lat' dir='ltr'><strong><em>nescientes,</em></strong></span> <span class='ocrx_word' id='word_1_450' title='bbox 3424 3222 3480 3275; x_wconf 89' lang='lat' dir='ltr'><strong><em>in</em></strong></span> <span class='ocrx_word' id='word_1_451' title='bbox 3509 3221 3616 3292; x_wconf 88' lang='lat' dir='ltr'><strong><em>ipso</em></strong></span> <span class='ocrx_word' id='word_1_452' title='bbox 3642 3219 3779 3272; x_wconf 88' lang='lat' dir='ltr'><strong><em>disci-</em></strong></span> 
     </span>
    </p>
   </div>
   <div class='ocr_carea' id='block_1_39' title="bbox 519 3310 3776 3387">
    <p class='ocr_par' dir='ltr' id='par_1_39' title="bbox 519 3310 3776 3387">
     <span class='ocr_line' id='line_1_39' title="bbox 519 3310 3776 3387; baseline 0 -22"><span class='ocrx_word' id='word_1_453' title='bbox 519 3312 770 3367; x_wconf 90' lang='lat' dir='ltr'><strong><em>monibus.</em></strong></span> <span class='ocrx_word' id='word_1_454' title='bbox 829 3310 1038 3366; x_wconf 88' lang='lat' dir='ltr'><strong><em>Pudens</em></strong></span> <span class='ocrx_word' id='word_1_455' title='bbox 1091 3311 1329 3365; x_wconf 88' lang='lat' dir='ltr'><strong><em>laudator</em></strong></span> <span class='ocrx_word' id='word_1_456' title='bbox 1368 3321 1462 3377; x_wconf 87' lang='lat' dir='ltr'><strong><em>est,</em></strong></span> <span class='ocrx_word' id='word_1_457' title='bbox 1506 3316 1589 3366; x_wconf 86' lang='lat' dir='ltr'><strong><em>cui</em></strong></span> <span class='ocrx_word' id='word_1_458' title='bbox 1620 3315 1672 3366; x_wconf 90' lang='lat' dir='ltr'><strong><em>in</em></strong></span> <span class='ocrx_word' id='word_1_459' title='bbox 1701 3314 2096 3368; x_wconf 84' lang='lat' dir='ltr'><strong><em>concianatione</em></strong></span> <span class='ocrx_word' id='word_1_460' title='bbox 2205 3317 2462 3387; x_wconf 78' lang='lat' dir='ltr'><strong><em>plinarum</em></strong></span> <span class='ocrx_word' id='word_1_461' title='bbox 2492 3316 2630 3386; x_wconf 89' lang='lat' dir='ltr'><strong><em>fonte</em></strong></span> <span class='ocrx_word' id='word_1_462' title='bbox 2657 3315 2924 3385; x_wconf 89' lang='lat' dir='ltr'><strong><em>potaveris.</em></strong></span> <span class='ocrx_word' id='word_1_463' title='bbox 2954 3313 3042 3369; x_wconf 90' lang='lat' dir='ltr'><strong><em>Sic</em></strong></span> <span class='ocrx_word' id='word_1_464' title='bbox 3065 3316 3197 3368; x_wconf 88' lang='lat' dir='ltr'><strong><em>enim</em></strong></span> <span class='ocrx_word' id='word_1_465' title='bbox 3231 3315 3622 3368; x_wconf 80' lang='lat' dir='ltr'><strong><em>Atheniensium</em></strong></span> <span class='ocrx_word' id='word_1_466' title='bbox 3641 3314 3776 3366; x_wconf 91' lang='lat' dir='ltr'><strong><em>scho-</em></strong></span> 
     </span>
    </p>
   </div>
   <div class='ocr_carea' id='block_1_40' title="bbox 517 3405 3779 3478">
    <p class='ocr_par' dir='ltr' id='par_1_40' title="bbox 517 3405 3779 3478">
     <span class='ocr_line' id='line_1_40' title="bbox 517 3405 3779 3478; baseline -0 -20"><span class='ocrx_word' id='word_1_467' title='bbox 517 3405 854 3460; x_wconf 84' lang='lat' dir='ltr'><strong><em>blandimenti</em></strong></span> <span class='ocrx_word' id='word_1_468' title='bbox 883 3405 1101 3458; x_wconf 89' lang='lat' dir='ltr'><strong><em>dicenda</em></strong></span> <span class='ocrx_word' id='word_1_469' title='bbox 1129 3421 1266 3458; x_wconf 90' lang='lat' dir='ltr'><strong><em>mens</em></strong></span> <span class='ocrx_word' id='word_1_470' title='bbox 1297 3405 1544 3476; x_wconf 84' lang='lat' dir='ltr'><strong><em>suggerit.</em></strong></span> <span class='ocrx_word' id='word_1_471' title='bbox 1578 3405 1686 3459; x_wconf 89' lang='lat' dir='ltr'><strong><em>Deo</em></strong></span> <span class='ocrx_word' id='word_1_472' title='bbox 1717 3423 1833 3476; x_wconf 88' lang='lat' dir='ltr'><strong><em>ergo</em></strong></span> <span class='ocrx_word' id='word_1_473' title='bbox 1862 3407 2099 3478; x_wconf 88' lang='lat' dir='ltr'><strong><em>omnipo-</em></strong></span> <span class='ocrx_word' id='word_1_474' title='bbox 2205 3409 2283 3461; x_wconf 89' lang='lat' dir='ltr'><strong><em>las</em></strong></span> <span class='ocrx_word' id='word_1_475' title='bbox 2309 3407 2459 3477; x_wconf 87' lang='lat' dir='ltr'><strong><em>longe</em></strong></span> <span class='ocrx_word' id='word_1_476' title='bbox 2485 3407 2679 3477; x_wconf 53' lang='lat' dir='ltr'><strong><em>positus</em></strong></span> <span class='ocrx_word' id='word_1_477' title='bbox 2720 3407 2981 3469; x_wconf 88' lang='lat' dir='ltr'><strong><em>introisti;</em></strong></span> <span class='ocrx_word' id='word_1_478' title='bbox 3011 3407 3083 3460; x_wconf 88' lang='lat' dir='ltr'><strong><em>sic</em></strong></span> <span class='ocrx_word' id='word_1_479' title='bbox 3130 3407 3471 3473; x_wconf 89' lang='lat' dir='ltr'><strong><em>palliatorum</em></strong></span> <span class='ocrx_word' id='word_1_480' title='bbox 3500 3406 3662 3459; x_wconf 87' lang='lat' dir='ltr'><strong><em>choris</em></strong></span> <span class='ocrx_word' id='word_1_481' title='bbox 3693 3405 3779 3457; x_wconf 80' lang='lat' dir='ltr'><strong><em>nti-</em></strong></span> 
     </span>
    </p>
   </div>
   <div class='ocr_carea' id='block_1_41' title="bbox 520 3493 3780 3569">
    <p class='ocr_par' dir='ltr' id='par_1_41' title="bbox 520 3493 3780 3569">
     <span class='ocr_line' id='line_1_41' title="bbox 520 3493 3780 3569; baseline -0.001 -19"><span class='ocrx_word' id='word_1_482' title='bbox 520 3497 640 3550; x_wconf 89' lang='lat' dir='ltr'><strong><em>teuti</em></strong></span> <span class='ocrx_word' id='word_1_483' title='bbox 665 3497 879 3566; x_wconf 88' lang='lat' dir='ltr'><strong><em>gratias,</em></strong></span> <span class='ocrx_word' id='word_1_484' title='bbox 908 3496 996 3566; x_wconf 88' lang='lat' dir='ltr'><strong><em>qui</em></strong></span> <span class='ocrx_word' id='word_1_485' title='bbox 1025 3495 1078 3549; x_wconf 91' lang='lat' dir='ltr'><strong><em>in</em></strong></span> <span class='ocrx_word' id='word_1_486' title='bbox 1106 3497 1265 3560; x_wconf 87' lang='lat' dir='ltr'><strong><em>vobis,</em></strong></span> <span class='ocrx_word' id='word_1_487' title='bbox 1301 3497 1422 3549; x_wconf 92' lang='lat' dir='ltr'><strong><em>dum</em></strong></span> <span class='ocrx_word' id='word_1_488' title='bbox 1467 3507 1630 3550; x_wconf 82' lang='lat' dir='ltr'><strong><em>vetera</em></strong></span> <span class='ocrx_word' id='word_1_489' title='bbox 1680 3497 1896 3568; x_wconf 66' lang='lat' dir='ltr'><strong><em>familia?</em></strong></span> <span class='ocrx_word' id='word_1_490' title='bbox 1927 3507 2103 3552; x_wconf 79' lang='lat' dir='ltr'><strong><em>vestra:</em></strong></span> <span class='ocrx_word' id='word_1_491' title='bbox 2204 3500 2379 3554; x_wconf 86' lang='lat' dir='ltr'><strong><em>scuisti</em></strong></span> <span class='ocrx_word' id='word_1_492' title='bbox 2407 3507 2594 3568; x_wconf 89' lang='lat' dir='ltr'><strong><em>togam,</em></strong></span> <span class='ocrx_word' id='word_1_493' title='bbox 2631 3506 2683 3552; x_wconf 91' lang='lat' dir='ltr'><strong><em>ut</em></strong></span> <span class='ocrx_word' id='word_1_494' title='bbox 2707 3497 2996 3551; x_wconf 77' lang='lat' dir='ltr'><strong><em>ercorum</em></strong></span> <span class='ocrx_word' id='word_1_495' title='bbox 3021 3498 3268 3569; x_wconf 88' lang='lat' dir='ltr'><strong><em>dogmata</em></strong></span> <span class='ocrx_word' id='word_1_496' title='bbox 3301 3498 3594 3551; x_wconf 88' lang='lat' dir='ltr'><strong><em>doctrinam</em></strong></span> <span class='ocrx_word' id='word_1_497' title='bbox 3621 3493 3780 3565; x_wconf 81' lang='lat' dir='ltr'><strong><em>feceris</em></strong></span> 
     </span>
    </p>
   </div>
   <div class='ocr_carea' id='block_1_42' title="bbox 519 3586 3784 3661">
    <p class='ocr_par' dir='ltr' id='par_1_42' title="bbox 519 3586 3784 3661">
     <span class='ocr_line' id='line_1_42' title="bbox 519 3586 3784 3661; baseline -0.001 -19"><span class='ocrx_word' id='word_1_498' title='bbox 519 3589 648 3642; x_wconf 90' lang='lat' dir='ltr'><strong><em>bona</em></strong></span> <span class='ocrx_word' id='word_1_499' title='bbox 675 3588 917 3654; x_wconf 89' lang='lat' dir='ltr'><strong><em>custodit,</em></strong></span> <span class='ocrx_word' id='word_1_500' title='bbox 949 3605 1079 3642; x_wconf 85' lang='lat' dir='ltr'><strong><em>nova</em></strong></span> <span class='ocrx_word' id='word_1_501' title='bbox 1107 3587 1414 3659; x_wconf 87' lang='lat' dir='ltr'><strong><em>multiplicat</em></strong></span> <span class='ocrx_word' id='word_1_502' title='bbox 1438 3605 1457 3652; x_wconf 90' lang='lat'><em>;</em></span> <span class='ocrx_word' id='word_1_503' title='bbox 1480 3599 1525 3644; x_wconf 85' lang='lat' dir='ltr'><strong><em>et</em></strong></span> <span class='ocrx_word' id='word_1_504' title='bbox 1553 3594 1687 3658; x_wconf 87' lang='lat' dir='ltr'><strong><em>quod</em></strong></span> <span class='ocrx_word' id='word_1_505' title='bbox 1717 3593 1832 3661; x_wconf 89' lang='lat' dir='ltr'><strong><em>plus</em></strong></span> <span class='ocrx_word' id='word_1_506' title='bbox 1859 3601 1933 3645; x_wconf 86' lang='lat' dir='ltr'><strong><em>est</em></strong></span> <span class='ocrx_word' id='word_1_507' title='bbox 1958 3593 2104 3659; x_wconf 83' lang='lat' dir='ltr'><strong><em>apice</em></strong></span> <span class='ocrx_word' id='word_1_508' title='bbox 2203 3605 2310 3643; x_wconf 87' lang='lat' dir='ltr'><strong><em>esse</em></strong></span> <span class='ocrx_word' id='word_1_509' title='bbox 2338 3587 2642 3641; x_wconf 80' lang='lat' dir='ltr'><strong><em>Romanam.</em></strong></span> <span class='ocrx_word' id='word_1_510' title='bbox 2695 3586 2937 3640; x_wconf 86' lang='lat' dir='ltr'><strong><em>Didicisti</em></strong></span> <span class='ocrx_word' id='word_1_511' title='bbox 2967 3588 3123 3652; x_wconf 89' lang='lat' dir='ltr'><strong><em>enim,</em></strong></span> <span class='ocrx_word' id='word_1_512' title='bbox 3153 3605 3259 3656; x_wconf 89' lang='lat' dir='ltr'><strong><em>qua</em></strong></span> <span class='ocrx_word' id='word_1_513' title='bbox 3288 3588 3642 3659; x_wconf 85' lang='lat' dir='ltr'><strong><em>profunditate</em></strong></span> <span class='ocrx_word' id='word_1_514' title='bbox 3685 3599 3784 3637; x_wconf 83' lang='lat' dir='ltr'><strong><em>cum</em></strong></span> 
     </span>
    </p>
   </div>
   <div class='ocr_carea' id='block_1_43' title="bbox 519 3676 3786 3756">
    <p class='ocr_par' dir='ltr' id='par_1_43' title="bbox 519 3676 3786 3756">
     <span class='ocr_line' id='line_1_43' title="bbox 519 3676 3786 3756; baseline -0.002 -24"><span class='ocrx_word' id='word_1_515' title='bbox 519 3681 806 3752; x_wconf 89' lang='lat' dir='ltr'><strong><em>dignitatis,</em></strong></span> <span class='ocrx_word' id='word_1_516' title='bbox 835 3681 1016 3751; x_wconf 87' lang='lat' dir='ltr'><strong><em>dignos</em></strong></span> <span class='ocrx_word' id='word_1_517' title='bbox 1039 3681 1164 3750; x_wconf 80' lang='lat' dir='ltr'><strong><em>facit</em></strong></span> <span class='ocrx_word' id='word_1_518' title='bbox 1187 3697 1292 3734; x_wconf 85' lang='lat' dir='ltr'><strong><em>esse</em></strong></span> <span class='ocrx_word' id='word_1_519' title='bbox 1321 3681 1650 3740; x_wconf 85' lang='lat' dir='ltr'><strong><em>culminibus.</em></strong></span> <span class='ocrx_word' id='word_1_520' title='bbox 1693 3683 1948 3737; x_wconf 83' lang='lat' dir='ltr'><strong><em>Redditur</em></strong></span> <span class='ocrx_word' id='word_1_521' title='bbox 1984 3688 2100 3756; x_wconf 89' lang='lat' dir='ltr'><strong><em>qui-</em></strong></span> <span class='ocrx_word' id='word_1_522' title='bbox 2204 3681 2308 3734; x_wconf 88' lang='lat' dir='ltr'><strong><em>suis</em></strong></span> <span class='ocrx_word' id='word_1_523' title='bbox 2346 3682 2574 3750; x_wconf 81' lang='lat' dir='ltr'><strong><em>partibus</em></strong></span> <span class='ocrx_word' id='word_1_524' title='bbox 2613 3680 2922 3746; x_wconf 84' lang='lat' dir='ltr'><strong><em>speculativa</em></strong></span> <span class='ocrx_word' id='word_1_525' title='bbox 2943 3679 3226 3750; x_wconf 79' lang='lat' dir='ltr'><strong><em>cogitetur:</em></strong></span> <span class='ocrx_word' id='word_1_526' title='bbox 3260 3696 3366 3749; x_wconf 91' lang='lat' dir='ltr'><strong><em>qua</em></strong></span> <span class='ocrx_word' id='word_1_527' title='bbox 3400 3681 3603 3732; x_wconf 87' lang='lat' dir='ltr'><strong><em>ratione</em></strong></span> <span class='ocrx_word' id='word_1_528' title='bbox 3639 3676 3786 3728; x_wconf 79' lang='lat' dir='ltr'><strong><em>actim</em></strong></span> 
     </span>
    </p>
   </div>
   <div class='ocr_carea' id='block_1_44' title="bbox 517 3772 3789 3845">
    <p class='ocr_par' dir='ltr' id='par_1_44' title="bbox 517 3772 3789 3845">
     <span class='ocr_line' id='line_1_44' title="bbox 517 3772 3789 3845; baseline -0.001 -20"><span class='ocrx_word' id='word_1_529' title='bbox 517 3775 631 3827; x_wconf 88' lang='lat' dir='ltr'><strong><em>dem</em></strong></span> <span class='ocrx_word' id='word_1_530' title='bbox 660 3783 832 3826; x_wconf 80' lang='lat' dir='ltr'><strong><em>vestra:</em></strong></span> <span class='ocrx_word' id='word_1_531' title='bbox 866 3773 1031 3844; x_wconf 89' lang='lat' dir='ltr'><strong><em>gloria</em></strong></span> <span class='ocrx_word' id='word_1_532' title='bbox 1067 3773 1165 3826; x_wconf 89' lang='lat' dir='ltr'><strong><em>ista</em></strong></span> <span class='ocrx_word' id='word_1_533' title='bbox 1212 3773 1423 3843; x_wconf 86' lang='lat' dir='ltr'><strong><em>origini,</em></strong></span> <span class='ocrx_word' id='word_1_534' title='bbox 1477 3776 1564 3828; x_wconf 91' lang='lat' dir='ltr'><strong><em>sed</em></strong></span> <span class='ocrx_word' id='word_1_535' title='bbox 1615 3777 1748 3845; x_wconf 87' lang='lat' dir='ltr'><strong><em>quod</em></strong></span> <span class='ocrx_word' id='word_1_536' title='bbox 1781 3787 1854 3831; x_wconf 84' lang='lat' dir='ltr'><strong><em>est</em></strong></span> <span class='ocrx_word' id='word_1_537' title='bbox 1884 3778 2098 3844; x_wconf 88' lang='lat' dir='ltr'><strong><em>clarius,</em></strong></span> <span class='ocrx_word' id='word_1_538' title='bbox 2205 3791 2320 3828; x_wconf 90' lang='lat' dir='ltr'><strong><em>cum</em></strong></span> <span class='ocrx_word' id='word_1_539' title='bbox 2351 3791 2446 3826; x_wconf 88' lang='lat' dir='ltr'><strong><em>sua</em></strong></span> <span class='ocrx_word' id='word_1_540' title='bbox 2477 3774 2723 3826; x_wconf 79' lang='lat' dir='ltr'><strong><em>divisione</em></strong></span> <span class='ocrx_word' id='word_1_541' title='bbox 2751 3773 3008 3837; x_wconf 85' lang='lat' dir='ltr'><strong><em>discatur;</em></strong></span> <span class='ocrx_word' id='word_1_542' title='bbox 3032 3772 3292 3826; x_wconf 87' lang='lat' dir='ltr'><strong><em>deducens</em></strong></span> <span class='ocrx_word' id='word_1_543' title='bbox 3308 3773 3381 3826; x_wconf 90' lang='lat' dir='ltr'><strong><em>ad</em></strong></span> <span class='ocrx_word' id='word_1_544' title='bbox 3415 3772 3686 3826; x_wconf 84' lang='lat' dir='ltr'><strong><em>Romuleos</em></strong></span> <span class='ocrx_word' id='word_1_545' title='bbox 3719 3783 3789 3821; x_wconf 84' lang='lat' dir='ltr'><strong><em>se-</em></strong></span> 
     </span>
    </p>
   </div>
   <div class='ocr_carea' id='block_1_45' title="bbox 516 3860 3785 3936">
    <p class='ocr_par' dir='ltr' id='par_1_45' title="bbox 516 3860 3785 3936">
     <span class='ocr_line' id='line_1_45' title="bbox 516 3860 3785 3936; baseline -0.001 -20"><span class='ocrx_word' id='word_1_546' title='bbox 516 3864 692 3917; x_wconf 88' lang='lat' dir='ltr'><strong><em>merito</em></strong></span> <span class='ocrx_word' id='word_1_547' title='bbox 718 3863 1016 3933; x_wconf 86' lang='lat' dir='ltr'><strong><em>impetrante</em></strong></span> <span class='ocrx_word' id='word_1_548' title='bbox 1035 3879 1281 3932; x_wconf 68' lang='lat' dir='ltr'><strong><em>personae.</em></strong></span> <span class='ocrx_word' id='word_1_549' title='bbox 1321 3861 1504 3918; x_wconf 83' lang='lat' dir='ltr'><strong><em>Fuerit</em></strong></span> <span class='ocrx_word' id='word_1_550' title='bbox 1533 3867 1587 3919; x_wconf 88' lang='lat' dir='ltr'><strong><em>in</em></strong></span> <span class='ocrx_word' id='word_1_551' title='bbox 1615 3883 1804 3920; x_wconf 89' lang='lat' dir='ltr'><strong><em>morem</em></strong></span> <span class='ocrx_word' id='word_1_552' title='bbox 1831 3869 2099 3936; x_wconf 84' lang='lat' dir='ltr'><strong><em>veteribus,</em></strong></span> <span class='ocrx_word' id='word_1_553' title='bbox 2206 3875 2427 3930; x_wconf 85' lang='lat' dir='ltr'><strong><em>natores,</em></strong></span> <span class='ocrx_word' id='word_1_554' title='bbox 2453 3864 2690 3932; x_wconf 85' lang='lat' dir='ltr'><strong><em>quicquid</em></strong></span> <span class='ocrx_word' id='word_1_555' title='bbox 2720 3861 3016 3932; x_wconf 72' lang='lat' dir='ltr'><strong><em>Cecropida:</em></strong></span> <span class='ocrx_word' id='word_1_556' title='bbox 3035 3862 3227 3915; x_wconf 90' lang='lat' dir='ltr'><strong><em>mundo</em></strong></span> <span class='ocrx_word' id='word_1_557' title='bbox 3260 3864 3499 3933; x_wconf 88' lang='lat' dir='ltr'><strong><em>fecerant</em></strong></span> <span class='ocrx_word' id='word_1_558' title='bbox 3525 3860 3785 3931; x_wconf 87' lang='lat' dir='ltr'><strong><em>singulare.</em></strong></span> 
     </span>
    </p>
   </div>
   <div class='ocr_carea' id='block_1_46' title="bbox 514 3953 3792 4027">
    <p class='ocr_par' dir='ltr' id='par_1_46' title="bbox 514 3953 3792 4027">
     <span class='ocr_line' id='line_1_46' title="bbox 514 3953 3792 4027; baseline -0.002 -16"><span class='ocrx_word' id='word_1_559' title='bbox 514 3957 769 4011; x_wconf 87' lang='lat' dir='ltr'><strong><em>curulium</em></strong></span> <span class='ocrx_word' id='word_1_560' title='bbox 789 3955 1139 4010; x_wconf 87' lang='lat' dir='ltr'><strong><em>celsitudinem</em></strong></span> <span class='ocrx_word' id='word_1_561' title='bbox 1161 3957 1328 4027; x_wconf 88' lang='lat' dir='ltr'><strong><em>cantpi</em></strong></span> <span class='ocrx_word' id='word_1_562' title='bbox 1342 3960 1526 4012; x_wconf 85' lang='lat' dir='ltr'><strong><em>sudore</em></strong></span> <span class='ocrx_word' id='word_1_563' title='bbox 1544 3962 1776 4024; x_wconf 89' lang='lat' dir='ltr'><strong><em>mercari,</em></strong></span> <span class='ocrx_word' id='word_1_564' title='bbox 1809 3972 1856 4014; x_wconf 85' lang='lat' dir='ltr'><strong><em>et</em></strong></span> <span class='ocrx_word' id='word_1_565' title='bbox 1878 3973 2101 4016; x_wconf 84' lang='lat' dir='ltr'><strong><em>contem-</em></strong></span> <span class='ocrx_word' id='word_1_566' title='bbox 2209 3957 2649 4011; x_wconf 86' lang='lat' dir='ltr'><strong><em>Translationibus</em></strong></span> <span class='ocrx_word' id='word_1_567' title='bbox 2681 3957 2815 4008; x_wconf 87' lang='lat' dir='ltr'><strong><em>enint</em></strong></span> <span class='ocrx_word' id='word_1_568' title='bbox 2842 3957 2942 4009; x_wconf 89' lang='lat' dir='ltr'><strong><em>tuis</em></strong></span> <span class='ocrx_word' id='word_1_569' title='bbox 2976 3953 3310 4025; x_wconf 83' lang='lat' dir='ltr'><strong><em>Pythagoras</em></strong></span> <span class='ocrx_word' id='word_1_570' title='bbox 3342 3959 3597 4024; x_wconf 88' lang='lat' dir='ltr'><strong><em>musicus,</em></strong></span> <span class='ocrx_word' id='word_1_571' title='bbox 3631 3953 3792 4009; x_wconf 85' lang='lat' dir='ltr'><strong><em>Ptolo-</em></strong></span> 
     </span>
    </p>
   </div>
   <div class='ocr_carea' id='block_1_47' title="bbox 515 4045 3793 4120">
    <p class='ocr_par' dir='ltr' id='par_1_47' title="bbox 515 4045 3793 4120">
     <span class='ocr_line' id='line_1_47' title="bbox 515 4045 3793 4120; baseline -0.001 -20"><span class='ocrx_word' id='word_1_572' title='bbox 515 4058 608 4118; x_wconf 90' lang='lat' dir='ltr'><strong><em>ptu</em></strong></span> <span class='ocrx_word' id='word_1_573' title='bbox 636 4047 762 4101; x_wconf 89' lang='lat' dir='ltr'><strong><em>lucis</em></strong></span> <span class='ocrx_word' id='word_1_574' title='bbox 791 4047 1046 4100; x_wconf 88' lang='lat' dir='ltr'><strong><em>honorum</em></strong></span> <span class='ocrx_word' id='word_1_575' title='bbox 1075 4047 1186 4101; x_wconf 88' lang='lat' dir='ltr'><strong><em>luce</em></strong></span> <span class='ocrx_word' id='word_1_576' title='bbox 1212 4049 1447 4120; x_wconf 88' lang='lat' dir='ltr'><strong><em>fulgere;</em></strong></span> <span class='ocrx_word' id='word_1_577' title='bbox 1475 4051 1564 4102; x_wconf 84' lang='lat' dir='ltr'><strong><em>sed</em></strong></span> <span class='ocrx_word' id='word_1_578' title='bbox 1591 4052 1736 4103; x_wconf 88' lang='lat' dir='ltr'><strong><em>aliud</em></strong></span> <span class='ocrx_word' id='word_1_579' title='bbox 1761 4069 1916 4120; x_wconf 91' lang='lat' dir='ltr'><strong><em>qenus</em></strong></span> <span class='ocrx_word' id='word_1_580' title='bbox 1945 4055 2103 4107; x_wconf 84' lang='lat' dir='ltr'><strong><em>virtu-</em></strong></span> <span class='ocrx_word' id='word_1_581' title='bbox 2203 4064 2362 4101; x_wconf 80' lang='lat' dir='ltr'><strong><em>mwus</em></strong></span> <span class='ocrx_word' id='word_1_582' title='bbox 2384 4056 2702 4100; x_wconf 84' lang='lat' dir='ltr'><strong><em>astronomus</em></strong></span> <span class='ocrx_word' id='word_1_583' title='bbox 2727 4045 2960 4115; x_wconf 87' lang='lat' dir='ltr'><strong><em>leguntur</em></strong></span> <span class='ocrx_word' id='word_1_584' title='bbox 2983 4045 3153 4099; x_wconf 86' lang='lat' dir='ltr'><strong><em>Italis.</em></strong></span> <span class='ocrx_word' id='word_1_585' title='bbox 3182 4045 3550 4101; x_wconf 87' lang='lat' dir='ltr'><strong><em>Nicomachus</em></strong></span> <span class='ocrx_word' id='word_1_586' title='bbox 3571 4046 3793 4098; x_wconf 87' lang='lat' dir='ltr'><strong><em>arithme-</em></strong></span> 
     </span>
    </p>
   </div>
   <div class='ocr_carea' id='block_1_48' title="bbox 517 4135 3791 4210">
    <p class='ocr_par' dir='ltr' id='par_1_48' title="bbox 517 4135 3791 4210">
     <span class='ocr_line' id='line_1_48' title="bbox 517 4135 3791 4210; baseline -0.001 -19"><span class='ocrx_word' id='word_1_587' title='bbox 517 4142 582 4195; x_wconf 87' lang='lat' dir='ltr'><strong><em>tis</em></strong></span> <span class='ocrx_word' id='word_1_588' title='bbox 609 4141 875 4210; x_wconf 78' lang='lat' dir='ltr'><strong><em>quwrt&#39;tnr,</em></strong></span> <span class='ocrx_word' id='word_1_589' title='bbox 907 4150 1174 4210; x_wconf 88' lang='lat' dir='ltr'><strong><em>postquam</em></strong></span> <span class='ocrx_word' id='word_1_590' title='bbox 1204 4143 1470 4208; x_wconf 80' lang='lat' dir='ltr'><strong><em>prwmium</em></strong></span> <span class='ocrx_word' id='word_1_591' title='bbox 1498 4145 1634 4210; x_wconf 85' lang='lat' dir='ltr'><strong><em>facta</em></strong></span> <span class='ocrx_word' id='word_1_592' title='bbox 1660 4153 1732 4196; x_wconf 74' lang='lat' dir='ltr'><strong><em>est</em></strong></span> <span class='ocrx_word' id='word_1_593' title='bbox 1760 4144 1923 4197; x_wconf 68' lang='lat' dir='ltr'><strong><em>[tanta</em></strong></span> <span class='ocrx_word' id='word_1_594' title='bbox 1947 4147 2104 4200; x_wconf 78' lang='grc' dir='ltr'><strong><em>υῑειο-</em></strong></span> <span class='ocrx_word' id='word_1_595' title='bbox 2207 4141 2356 4199; x_wconf 88' lang='lat' dir='ltr'><strong><em>ticus,</em></strong></span> <span class='ocrx_word' id='word_1_596' title='bbox 2384 4143 2714 4209; x_wconf 83' lang='lat' dir='ltr'><strong><em>geometricas</em></strong></span> <span class='ocrx_word' id='word_1_597' title='bbox 2745 4136 2987 4191; x_wconf 83' lang='lat' dir='ltr'><strong><em>Euclides</em></strong></span> <span class='ocrx_word' id='word_1_598' title='bbox 3009 4140 3301 4192; x_wconf 89' lang='lat' dir='ltr'><strong><em>audiuntur</em></strong></span> <span class='ocrx_word' id='word_1_599' title='bbox 3339 4141 3610 4194; x_wconf 80' lang='lat' dir='ltr'><strong><em>Ausoniis.</em></strong></span> <span class='ocrx_word' id='word_1_600' title='bbox 3657 4135 3791 4191; x_wconf 81' lang='lat' dir='ltr'><strong><em>Plato</em></strong></span> 
     </span>
    </p>
   </div>
   <div class='ocr_carea' id='block_1_49' title="bbox 518 4231 3797 4305">
    <p class='ocr_par' dir='ltr' id='par_1_49' title="bbox 518 4231 3797 4305">
     <span class='ocr_line' id='line_1_49' title="bbox 518 4231 3797 4305; baseline -0 -19"><span class='ocrx_word' id='word_1_601' title='bbox 518 4249 656 4288; x_wconf 90' lang='lat' dir='ltr'><strong><em>rum.</em></strong></span> <span class='ocrx_word' id='word_1_602' title='bbox 674 4231 860 4285; x_wconf 86' lang='lat' dir='ltr'><strong><em>Naster</em></strong></span> <span class='ocrx_word' id='word_1_603' title='bbox 877 4233 1184 4285; x_wconf 85' lang='lat' dir='ltr'><strong><em>candidatus</em></strong></span> <span class='ocrx_word' id='word_1_604' title='bbox 1207 4243 1316 4300; x_wconf 88' lang='lat' dir='ltr'><strong><em>post</em></strong></span> <span class='ocrx_word' id='word_1_605' title='bbox 1344 4235 1666 4304; x_wconf 69' lang='lat' dir='ltr'><strong><em>manifestam</em></strong></span> <span class='ocrx_word' id='word_1_606' title='bbox 1684 4237 2099 4305; x_wconf 86' lang='lat' dir='ltr'><strong><em>decertationem,</em></strong></span> <span class='ocrx_word' id='word_1_607' title='bbox 2207 4231 2492 4301; x_wconf 72' lang='lat' dir='ltr'><strong><em>theologus,</em></strong></span> <span class='ocrx_word' id='word_1_608' title='bbox 2513 4231 2803 4284; x_wconf 79' lang='lat' dir='ltr'><strong><em>Aristoteles</em></strong></span> <span class='ocrx_word' id='word_1_609' title='bbox 2829 4231 3023 4301; x_wconf 83' lang='lat' dir='ltr'><strong><em>logicu’s</em></strong></span> <span class='ocrx_word' id='word_1_610' title='bbox 3053 4231 3320 4296; x_wconf 88' lang='lat' dir='ltr'><strong><em>Quirinali</em></strong></span> <span class='ocrx_word' id='word_1_611' title='bbox 3349 4251 3476 4288; x_wconf 85' lang='lat' dir='ltr'><strong><em>uoce</em></strong></span> <span class='ocrx_word' id='word_1_612' title='bbox 3506 4235 3797 4302; x_wconf 83' lang='lat' dir='ltr'><strong><em>disceptant:</em></strong></span> 
     </span>
    </p>
   </div>
   <div class='ocr_carea' id='block_1_50' title="bbox 517 4321 3800 4396">
    <p class='ocr_par' dir='ltr' id='par_1_50' title="bbox 517 4321 3800 4396">
     <span class='ocr_line' id='line_1_50' title="bbox 517 4321 3800 4396; baseline -0.001 -19"><span class='ocrx_word' id='word_1_613' title='bbox 517 4325 741 4378; x_wconf 88' lang='lat' dir='ltr'><strong><em>debitum</em></strong></span> <span class='ocrx_word' id='word_1_614' title='bbox 769 4324 1101 4396; x_wconf 86' lang='lat' dir='ltr'><strong><em>triumphum,</em></strong></span> <span class='ocrx_word' id='word_1_615' title='bbox 1133 4325 1256 4378; x_wconf 85' lang='lat' dir='ltr'><strong><em>dum</em></strong></span> <span class='ocrx_word' id='word_1_616' title='bbox 1286 4342 1544 4393; x_wconf 82' lang='lat' dir='ltr'><strong><em>nunquam</em></strong></span> <span class='ocrx_word' id='word_1_617' title='bbox 1572 4329 1750 4382; x_wconf 83' lang='lat' dir='ltr'><strong><em>viderit</em></strong></span> <span class='ocrx_word' id='word_1_618' title='bbox 1793 4328 1946 4395; x_wconf 87' lang='lat' dir='ltr'><strong><em>bella,</em></strong></span> <span class='ocrx_word' id='word_1_619' title='bbox 1988 4347 2102 4385; x_wconf 76' lang='lat' dir='ltr'><strong><em>sor-</em></strong></span> <span class='ocrx_word' id='word_1_620' title='bbox 2206 4323 2557 4376; x_wconf 70' lang='lat' dir='ltr'><strong><em>inec/iunicum</em></strong></span> <span class='ocrx_word' id='word_1_621' title='bbox 2586 4323 2734 4375; x_wconf 90' lang='lat' dir='ltr'><strong><em>etiam</em></strong></span> <span class='ocrx_word' id='word_1_622' title='bbox 2755 4322 3105 4376; x_wconf 85' lang='lat' dir='ltr'><strong><em>Archimedem</em></strong></span> <span class='ocrx_word' id='word_1_623' title='bbox 3128 4321 3390 4378; x_wconf 89' lang='lat' dir='ltr'><strong><em>Latialent</em></strong></span> <span class='ocrx_word' id='word_1_624' title='bbox 3419 4325 3617 4379; x_wconf 85' lang='lat' dir='ltr'><strong><em>Siculis</em></strong></span> <span class='ocrx_word' id='word_1_625' title='bbox 3643 4321 3800 4376; x_wconf 82' lang='lat' dir='ltr'><strong><em>reddi-</em></strong></span> 
     </span>
    </p>
   </div>
   <div class='ocr_carea' id='block_1_51' title="bbox 519 4416 2103 4490">
    <p class='ocr_par' dir='ltr' id='par_1_51' title="bbox 519 4416 2103 4490">
     <span class='ocr_line' id='line_1_51' title="bbox 519 4416 2103 4490; baseline 0.005 -21"><span class='ocrx_word' id='word_1_626' title='bbox 519 4418 658 4471; x_wconf 87' lang='lat' dir='ltr'><strong><em>titur.</em></strong></span> <span class='ocrx_word' id='word_1_627' title='bbox 689 4416 896 4470; x_wconf 70' lang='lat' dir='ltr'><strong><em>Iudicio</em></strong></span> <span class='ocrx_word' id='word_1_628' title='bbox 925 4419 1083 4487; x_wconf 73' lang='lat' dir='ltr'><strong><em>exigit</em></strong></span> <span class='ocrx_word' id='word_1_629' title='bbox 1111 4418 1338 4484; x_wconf 89' lang='lat' dir='ltr'><strong><em>laureas,</em></strong></span> <span class='ocrx_word' id='word_1_630' title='bbox 1373 4427 1419 4472; x_wconf 91' lang='lat' dir='ltr'><strong><em>et</em></strong></span> <span class='ocrx_word' id='word_1_631' title='bbox 1445 4420 1684 4490; x_wconf 88' lang='lat' dir='ltr'><strong><em>congredi</em></strong></span> <span class='ocrx_word' id='word_1_632' title='bbox 1729 4438 1830 4474; x_wconf 86' lang='lat' dir='ltr'><strong><em>non</em></strong></span> <span class='ocrx_word' id='word_1_633' title='bbox 1870 4439 2103 4477; x_wconf 88' lang='lat' dir='ltr'><strong><em>necessa-</em></strong></span> 
     </span>
    </p>
   </div>
   <div class='ocr_carea' id='block_1_52' title="bbox 2208 4416 3801 4488">
    <p class='ocr_par' dir='ltr' id='par_1_52' title="bbox 2208 4416 3801 4488">
     <span class='ocr_line' id='line_1_52' title="bbox 2208 4416 3801 4488; baseline -0.001 -19"><span class='ocrx_word' id='word_1_634' title='bbox 2208 4417 2352 4474; x_wconf 89' lang='lat' dir='ltr'><strong><em>disli.</em></strong></span> <span class='ocrx_word' id='word_1_635' title='bbox 2379 4417 2442 4469; x_wconf 82' lang='lat' dir='ltr'><strong><em>Et</em></strong></span> <span class='ocrx_word' id='word_1_636' title='bbox 2474 4433 2800 4486; x_wconf 88' lang='lat' dir='ltr'><strong><em>quascunque</em></strong></span> <span class='ocrx_word' id='word_1_637' title='bbox 2823 4417 3118 4486; x_wconf 83' lang='lat' dir='ltr'><strong><em>disciplinas</em></strong></span> <span class='ocrx_word' id='word_1_638' title='bbox 3135 4419 3212 4471; x_wconf 80' lang='lat' dir='ltr'><strong><em>vel</em></strong></span> <span class='ocrx_word' id='word_1_639' title='bbox 3241 4426 3391 4472; x_wconf 87' lang='lat' dir='ltr'><strong><em>artes</em></strong></span> <span class='ocrx_word' id='word_1_640' title='bbox 3419 4418 3644 4488; x_wconf 87' lang='lat' dir='ltr'><strong><em>fecunda</em></strong></span> <span class='ocrx_word' id='word_1_641' title='bbox 3673 4416 3801 4469; x_wconf 78' lang='lat' dir='ltr'><strong><em>Gne-</em></strong></span> 
     </span>
    </p>
   </div>
   <div class='ocr_carea' id='block_1_53' title="bbox 519 4498 3803 4583">
    <p class='ocr_par' dir='ltr' id='par_1_53' title="bbox 519 4498 3803 4583">
     <span class='ocr_line' id='line_1_53' title="bbox 519 4498 3803 4583; baseline -0 -23"><span class='ocrx_word' id='word_1_642' title='bbox 519 4509 652 4565; x_wconf 88' lang='lat' dir='ltr'><strong><em>rium</em></strong></span> <span class='ocrx_word' id='word_1_643' title='bbox 674 4508 820 4562; x_wconf 76' lang='lat' dir='ltr'><strong><em>duxit</em></strong></span> <span class='ocrx_word' id='word_1_644' title='bbox 852 4511 1083 4562; x_wconf 88' lang='lat' dir='ltr'><strong><em>armatis.</em></strong></span> <span class='ocrx_word' id='word_1_645' title='bbox 1107 4510 1251 4563; x_wconf 86' lang='lat' dir='ltr'><strong><em>Inter</em></strong></span> <span class='ocrx_word' id='word_1_646' title='bbox 1291 4508 1552 4566; x_wconf 86' lang='lat' dir='ltr'><strong><em>Ciceronis</em></strong></span> <span class='ocrx_word' id='word_1_647' title='bbox 1582 4513 1781 4583; x_wconf 89' lang='lat' dir='ltr'><strong><em>gladios</em></strong></span> <span class='ocrx_word' id='word_1_648' title='bbox 1827 4523 1874 4567; x_wconf 86' lang='lat' dir='ltr'><strong><em>et</em></strong></span> <span class='ocrx_word' id='word_1_649' title='bbox 1917 4515 2105 4569; x_wconf 90' lang='lat' dir='ltr'><strong><em>Demo-</em></strong></span> <span class='ocrx_word' id='word_1_650' title='bbox 2133 4498 2186 4558; x_wconf 84' lang='grc' dir='ltr'><strong>Ῑ)</strong></span> <span class='ocrx_word' id='word_1_651' title='bbox 2211 4513 2289 4564; x_wconf 90' lang='lat' dir='ltr'><strong><em>cia</em></strong></span> <span class='ocrx_word' id='word_1_652' title='bbox 2311 4527 2398 4579; x_wconf 88' lang='lat' dir='ltr'><strong><em>per</em></strong></span> <span class='ocrx_word' id='word_1_653' title='bbox 2421 4510 2649 4579; x_wconf 89' lang='lat' dir='ltr'><strong><em>singulos</em></strong></span> <span class='ocrx_word' id='word_1_654' title='bbox 2677 4511 2806 4564; x_wconf 70' lang='lat' dir='ltr'><strong><em>viros</em></strong></span> <span class='ocrx_word' id='word_1_655' title='bbox 2837 4510 3017 4577; x_wconf 89' lang='lat' dir='ltr'><strong><em>edidit,</em></strong></span> <span class='ocrx_word' id='word_1_656' title='bbox 3049 4522 3094 4564; x_wconf 91' lang='lat' dir='ltr'><strong><em>te</em></strong></span> <span class='ocrx_word' id='word_1_657' title='bbox 3115 4527 3217 4563; x_wconf 90' lang='lat' dir='ltr'><strong><em>uno</em></strong></span> <span class='ocrx_word' id='word_1_658' title='bbox 3245 4519 3473 4566; x_wconf 83' lang='lat' dir='ltr'><strong><em>auctore</em></strong></span> <span class='ocrx_word' id='word_1_659' title='bbox 3518 4510 3685 4581; x_wconf 89' lang='lat' dir='ltr'><strong><em>patrio</em></strong></span> <span class='ocrx_word' id='word_1_660' title='bbox 3717 4523 3803 4561; x_wconf 75' lang='lat' dir='ltr'><strong><em>ser~</em></strong></span> 
     </span>
    </p>
   </div>
   <div class='ocr_carea' id='block_1_54' title="bbox 518 4597 2106 4677">
    <p class='ocr_par' dir='ltr' id='par_1_54' title="bbox 518 4597 2106 4677">
     <span class='ocr_line' id='line_1_54' title="bbox 518 4597 2106 4677; baseline 0.006 -25"><span class='ocrx_word' id='word_1_661' title='bbox 518 4597 713 4652; x_wconf 86' lang='lat' dir='ltr'><strong><em>sthenis</em></strong></span> <span class='ocrx_word' id='word_1_662' title='bbox 753 4600 957 4667; x_wconf 88' lang='lat' dir='ltr'><strong><em>enituit,</em></strong></span> <span class='ocrx_word' id='word_1_663' title='bbox 1001 4611 1046 4653; x_wconf 92' lang='lat' dir='ltr'><strong><em>et</em></strong></span> <span class='ocrx_word' id='word_1_664' title='bbox 1076 4603 1340 4671; x_wconf 89' lang='lat' dir='ltr'><strong><em>utriusque</em></strong></span> <span class='ocrx_word' id='word_1_665' title='bbox 1363 4604 1614 4672; x_wconf 88' lang='lat' dir='ltr'><strong><em>prapositi</em></strong></span> <span class='ocrx_word' id='word_1_666' title='bbox 1651 4605 1912 4671; x_wconf 89' lang='lat' dir='ltr'><strong><em>acumina,</em></strong></span> <span class='ocrx_word' id='word_1_667' title='bbox 1960 4608 2106 4677; x_wconf 87' lang='lat' dir='ltr'><strong><em>quasi</em></strong></span> 
     </span>
    </p>
   </div>
   <div class='ocr_carea' id='block_1_55' title="bbox 518 4689 2104 4763">
    <p class='ocr_par' dir='ltr' id='par_1_55' title="bbox 518 4689 2104 4763">
     <span class='ocr_line' id='line_1_55' title="bbox 518 4689 2104 4763; baseline 0.007 -23"><span class='ocrx_word' id='word_1_668' title='bbox 518 4697 673 4741; x_wconf 89' lang='lat' dir='ltr'><strong><em>natus</em></strong></span> <span class='ocrx_word' id='word_1_669' title='bbox 698 4689 750 4741; x_wconf 89' lang='lat' dir='ltr'><strong><em>in</em></strong></span> <span class='ocrx_word' id='word_1_670' title='bbox 774 4689 885 4756; x_wconf 84' lang='lat' dir='ltr'><strong><em>ipsa</em></strong></span> <span class='ocrx_word' id='word_1_671' title='bbox 913 4691 1102 4743; x_wconf 89' lang='lat' dir='ltr'><strong><em>artium</em></strong></span> <span class='ocrx_word' id='word_1_672' title='bbox 1129 4708 1272 4760; x_wconf 90' lang='lat' dir='ltr'><strong><em>pace,</em></strong></span> <span class='ocrx_word' id='word_1_673' title='bbox 1288 4692 1515 4763; x_wconf 85' lang='lat' dir='ltr'><strong><em>collegit.</em></strong></span> <span class='ocrx_word' id='word_1_674' title='bbox 1538 4692 1704 4748; x_wconf 89' lang='lat' dir='ltr'><strong><em>Nemo</em></strong></span> <span class='ocrx_word' id='word_1_675' title='bbox 1735 4696 2104 4751; x_wconf 86' lang='lat' dir='ltr'><strong><em>dissonantiam</em></strong></span> 
     </span>
    </p>
   </div>
   <div class='ocr_carea' id='block_1_56' title="bbox 517 4780 2104 4856">
    <p class='ocr_par' dir='ltr' id='par_1_56' title="bbox 517 4780 2104 4856">
     <span class='ocr_line' id='line_1_56' title="bbox 517 4780 2104 4856; baseline 0.006 -24"><span class='ocrx_word' id='word_1_676' title='bbox 517 4780 702 4834; x_wconf 78' lang='lat' dir='ltr'><strong><em>Attica:</em></strong></span> <span class='ocrx_word' id='word_1_677' title='bbox 739 4780 1060 4849; x_wconf 78' lang='lat' dir='ltr'><strong><em>perfectionis</em></strong></span> <span class='ocrx_word' id='word_1_678' title='bbox 1091 4791 1278 4835; x_wconf 88' lang='lat' dir='ltr'><strong><em>metuat</em></strong></span> <span class='ocrx_word' id='word_1_679' title='bbox 1325 4791 1371 4837; x_wconf 90' lang='lat' dir='ltr'><strong><em>et</em></strong></span> <span class='ocrx_word' id='word_1_680' title='bbox 1417 4783 1693 4850; x_wconf 64' lang='lat' dir='ltr'><strong><em>Romanas;</em></strong></span> <span class='ocrx_word' id='word_1_681' title='bbox 1725 4803 1817 4840; x_wconf 90' lang='lat' dir='ltr'><strong><em>nec</em></strong></span> <span class='ocrx_word' id='word_1_682' title='bbox 1845 4789 2104 4856; x_wconf 81' lang='lat' dir='ltr'><strong><em>prtecipua</em></strong></span> 
     </span>
    </p>
   </div>
   <div class='ocr_carea' id='block_1_57' title="bbox 517 4872 2103 4943">
    <p class='ocr_par' dir='ltr' id='par_1_57' title="bbox 517 4872 2103 4943">
     <span class='ocr_line' id='line_1_57' title="bbox 517 4872 2103 4943; baseline 0.006 -19"><span class='ocrx_word' id='word_1_683' title='bbox 517 4872 746 4943; x_wconf 81' lang='lat' dir='ltr'><strong><em>gentium</em></strong></span> <span class='ocrx_word' id='word_1_684' title='bbox 768 4872 897 4924; x_wconf 91' lang='lat' dir='ltr'><strong><em>bona</em></strong></span> <span class='ocrx_word' id='word_1_685' title='bbox 924 4873 977 4924; x_wconf 91' lang='lat' dir='ltr'><strong><em>in</em></strong></span> <span class='ocrx_word' id='word_1_686' title='bbox 1007 4872 1293 4926; x_wconf 88' lang='lat' dir='ltr'><strong><em>societatem</em></strong></span> <span class='ocrx_word' id='word_1_687' title='bbox 1332 4874 1524 4930; x_wconf 87' lang='lat' dir='ltr'><strong><em>dubitet</em></strong></span> <span class='ocrx_word' id='word_1_688' title='bbox 1554 4879 1835 4932; x_wconf 88' lang='lat' dir='ltr'><strong><em>convenire.</em></strong></span> <span class='ocrx_word' id='word_1_689' title='bbox 1885 4878 2028 4932; x_wconf 87' lang='lat' dir='ltr'><strong><em>Unus</em></strong></span> <span class='ocrx_word' id='word_1_690' title='bbox 2051 4896 2103 4933; x_wconf 86' lang='lat' dir='ltr'><strong><em>es</em></strong></span> 
     </span>
    </p>
   </div>
   <div class='ocr_carea' id='block_1_58' title="bbox 515 4963 2099 5036">
    <p class='ocr_par' dir='ltr' id='par_1_58' title="bbox 515 4963 2099 5036">
     <span class='ocr_line' id='line_1_58' title="bbox 515 4963 2099 5036; baseline 0.004 -20"><span class='ocrx_word' id='word_1_691' title='bbox 515 4964 604 5031; x_wconf 91' lang='lat' dir='ltr'><strong><em>qui</em></strong></span> <span class='ocrx_word' id='word_1_692' title='bbox 633 4974 901 5032; x_wconf 85' lang='lat' dir='ltr'><strong><em>utrumque</em></strong></span> <span class='ocrx_word' id='word_1_693' title='bbox 929 4963 1298 5031; x_wconf 86' lang='lat' dir='ltr'><strong><em>complecteris,</em></strong></span> <span class='ocrx_word' id='word_1_694' title='bbox 1343 4973 1389 5017; x_wconf 89' lang='lat' dir='ltr'><strong><em>et</em></strong></span> <span class='ocrx_word' id='word_1_695' title='bbox 1413 4965 1659 5036; x_wconf 89' lang='lat' dir='ltr'><strong><em>quidquid</em></strong></span> <span class='ocrx_word' id='word_1_696' title='bbox 1687 4969 1874 5021; x_wconf 86' lang='lat' dir='ltr'><strong><em>viritim</em></strong></span> <span class='ocrx_word' id='word_1_697' title='bbox 1918 4970 2099 5023; x_wconf 90' lang='lat' dir='ltr'><strong><em>distri-</em></strong></span> 
     </span>
    </p>
   </div>
   <div class='ocr_carea' id='block_1_59' title="bbox 517 5056 2104 5130">
    <p class='ocr_par' dir='ltr' id='par_1_59' title="bbox 517 5056 2104 5130">
     <span class='ocr_line' id='line_1_59' title="bbox 517 5056 2104 5130; baseline 0.004 -22"><span class='ocrx_word' id='word_1_698' title='bbox 517 5058 691 5109; x_wconf 89' lang='lat' dir='ltr'><strong><em>butum</em></strong></span> <span class='ocrx_word' id='word_1_699' title='bbox 721 5065 913 5125; x_wconf 88' lang='lat' dir='ltr'><strong><em>poterat</em></strong></span> <span class='ocrx_word' id='word_1_700' title='bbox 935 5056 1213 5120; x_wconf 82' lang='lat' dir='ltr'><strong><em>sa!is&#39;esse,</em></strong></span> <span class='ocrx_word' id='word_1_701' title='bbox 1237 5057 1415 5108; x_wconf 84' lang='lat' dir='ltr'><strong><em>avidus</em></strong></span> <span class='ocrx_word' id='word_1_702' title='bbox 1438 5060 1774 5112; x_wconf 79' lang='lat' dir='ltr'><strong><em>maximarum</em></strong></span> <span class='ocrx_word' id='word_1_703' title='bbox 1794 5077 1966 5114; x_wconf 89' lang='lat' dir='ltr'><strong><em>rerum</em></strong></span> <span class='ocrx_word' id='word_1_704' title='bbox 1986 5077 2104 5130; x_wconf 82' lang='lat' dir='ltr'><strong><em>pos-</em></strong></span> 
     </span>
    </p>
   </div>
   <div class='ocr_carea' id='block_1_60' title="bbox 518 5145 2100 5219">
    <p class='ocr_par' dir='ltr' id='par_1_60' title="bbox 518 5145 2100 5219">
     <span class='ocr_line' id='line_1_60' title="bbox 518 5145 2100 5219; baseline 0.005 -20"><span class='ocrx_word' id='word_1_705' title='bbox 518 5162 684 5200; x_wconf 88' lang='lat' dir='ltr'><strong><em>sessor</em></strong></span> <span class='ocrx_word' id='word_1_706' title='bbox 737 5145 981 5200; x_wconf 88' lang='lat' dir='ltr'><strong><em>includis.</em></strong></span> <span class='ocrx_word' id='word_1_707' title='bbox 1034 5146 1395 5214; x_wconf 80' lang='lat' dir='ltr'><strong><em>Eloquentiam</em></strong></span> <span class='ocrx_word' id='word_1_708' title='bbox 1441 5159 1686 5213; x_wconf 83' lang='lat' dir='ltr'><strong><em>veterum,</em></strong></span> <span class='ocrx_word' id='word_1_709' title='bbox 1715 5151 1839 5203; x_wconf 90' lang='lat' dir='ltr'><strong><em>dum</em></strong></span> <span class='ocrx_word' id='word_1_710' title='bbox 1864 5152 2100 5219; x_wconf 91' lang='lat' dir='ltr'><strong><em>imitaris,</em></strong></span> 
     </span>
    </p>
   </div>
   <div class='ocr_carea' id='block_1_61' title="bbox 515 5239 2102 5309">
    <p class='ocr_par' dir='ltr' id='par_1_61' title="bbox 515 5239 2102 5309">
     <span class='ocr_line' id='line_1_61' title="bbox 515 5239 2102 5309; baseline 0.003 -17"><span class='ocrx_word' id='word_1_711' title='bbox 515 5256 814 5309; x_wconf 74' lang='lat' dir='ltr'><strong><em>exsuperas.</em></strong></span> <span class='ocrx_word' id='word_1_712' title='bbox 857 5239 1076 5293; x_wconf 86' lang='lat' dir='ltr'><strong><em>Dicendi</em></strong></span> <span class='ocrx_word' id='word_1_713' title='bbox 1107 5243 1329 5309; x_wconf 89' lang='lat' dir='ltr'><strong><em>formam</em></strong></span> <span class='ocrx_word' id='word_1_714' title='bbox 1377 5239 1680 5296; x_wconf 85' lang='lat' dir='ltr'><strong><em>doctissimis</em></strong></span> <span class='ocrx_word' id='word_1_715' title='bbox 1736 5243 1934 5308; x_wconf 90' lang='lat' dir='ltr'><strong><em>tribuis,</em></strong></span> <span class='ocrx_word' id='word_1_716' title='bbox 1977 5245 2102 5297; x_wconf 89' lang='lat' dir='ltr'><strong><em>dum</em></strong></span> 
     </span>
    </p>
   </div>
   <div class='ocr_carea' id='block_1_62' title="bbox 516 5322 2101 5410">
    <p class='ocr_par' dir='ltr' id='par_1_62' title="bbox 516 5322 2101 5410">
     <span class='ocr_line' id='line_1_62' title="bbox 516 5322 2101 5410; baseline 0.006 -28"><span class='ocrx_word' id='word_1_717' title='bbox 516 5332 751 5398; x_wconf 89' lang='lat' dir='ltr'><strong><em>requiris.</em></strong></span> <span class='ocrx_word' id='word_1_718' title='bbox 793 5322 885 5385; x_wconf 82' lang='lat' dir='ltr'><strong><em>Est</em></strong></span> <span class='ocrx_word' id='word_1_719' title='bbox 912 5331 1051 5400; x_wconf 89' lang='lat' dir='ltr'><strong><em>apud</em></strong></span> <span class='ocrx_word' id='word_1_720' title='bbox 1074 5347 1152 5383; x_wconf 86' lang='lat' dir='ltr'><strong><em>me</em></strong></span> <span class='ocrx_word' id='word_1_721' title='bbox 1191 5333 1418 5402; x_wconf 79' lang='lat' dir='ltr'><strong><em>epistola:</em></strong></span> <span class='ocrx_word' id='word_1_722' title='bbox 1445 5342 1642 5398; x_wconf 82' lang='lat' dir='ltr'><strong><em>vestrw,</em></strong></span> <span class='ocrx_word' id='word_1_723' title='bbox 1669 5351 1783 5405; x_wconf 69' lang='lat' dir='ltr'><strong><em>qua:</em></strong></span> <span class='ocrx_word' id='word_1_724' title='bbox 1830 5337 1986 5410; x_wconf 89' lang='lat' dir='ltr'><strong><em>hujus</em></strong></span> <span class='ocrx_word' id='word_1_725' title='bbox 2028 5338 2101 5392; x_wconf 86' lang='lat' dir='ltr'><strong><em>rei</em></strong></span> 
     </span>
    </p>
   </div>
   <div class='ocr_carea' id='block_1_63' title="bbox 517 5426 2102 5498">
    <p class='ocr_par' dir='ltr' id='par_1_63' title="bbox 517 5426 2102 5498">
     <span class='ocr_line' id='line_1_63' title="bbox 517 5426 2102 5498; baseline 0.004 -20"><span class='ocrx_word' id='word_1_726' title='bbox 517 5426 670 5493; x_wconf 84' lang='lat' dir='ltr'><strong><em>ﬁdem</em></strong></span> <span class='ocrx_word' id='word_1_727' title='bbox 703 5426 882 5495; x_wconf 85' lang='lat' dir='ltr'><strong><em>faciat,</em></strong></span> <span class='ocrx_word' id='word_1_728' title='bbox 909 5426 1196 5478; x_wconf 89' lang='lat' dir='ltr'><strong><em>veneranda</em></strong></span> <span class='ocrx_word' id='word_1_729' title='bbox 1234 5428 1550 5496; x_wconf 88' lang='lat' dir='ltr'><strong><em>compositio.</em></strong></span> <span class='ocrx_word' id='word_1_730' title='bbox 1589 5427 1793 5482; x_wconf 84' lang='lat' dir='ltr'><strong><em>Utinam</em></strong></span> <span class='ocrx_word' id='word_1_731' title='bbox 1814 5446 1926 5498; x_wconf 66' lang='lat' dir='ltr'><strong><em>quae</em></strong></span> <span class='ocrx_word' id='word_1_732' title='bbox 1953 5447 1983 5481; x_wconf 91' lang='lat' dir='ltr'><strong><em>a</em></strong></span> <span class='ocrx_word' id='word_1_733' title='bbox 2010 5447 2102 5484; x_wconf 88' lang='lat' dir='ltr'><strong><em>vo-</em></strong></span> 
     </span>
    </p>
   </div>
   <div class='ocr_carea' id='block_1_64' title="bbox 519 5516 2105 5588">
    <p class='ocr_par' dir='ltr' id='par_1_64' title="bbox 519 5516 2105 5588">
     <span class='ocr_line' id='line_1_64' title="bbox 519 5516 2105 5588; baseline 0.004 -20"><span class='ocrx_word' id='word_1_734' title='bbox 519 5517 590 5568; x_wconf 81' lang='lat' dir='ltr'><strong><em>bis</em></strong></span> <span class='ocrx_word' id='word_1_735' title='bbox 613 5516 925 5588; x_wconf 86' lang='lat' dir='ltr'><strong><em>diriguntur,</em></strong></span> <span class='ocrx_word' id='word_1_736' title='bbox 961 5528 1062 5570; x_wconf 86' lang='lat' dir='ltr'><strong><em>tant</em></strong></span> <span class='ocrx_word' id='word_1_737' title='bbox 1083 5529 1242 5572; x_wconf 84' lang='lat' dir='ltr'><strong><em>essent</em></strong></span> <span class='ocrx_word' id='word_1_738' title='bbox 1267 5518 1442 5572; x_wconf 85' lang='lat' dir='ltr'><strong><em>crebra</em></strong></span> <span class='ocrx_word' id='word_1_739' title='bbox 1469 5522 1810 5586; x_wconf 89' lang='lat' dir='ltr'><strong><em>quamsuavia</em></strong></span> <span class='ocrx_word' id='word_1_740' title='bbox 1836 5522 1854 5573; x_wconf 91' lang='lat'><strong><em>!</em></strong></span> <span class='ocrx_word' id='word_1_741' title='bbox 1909 5521 2105 5576; x_wconf 81' lang='lat' dir='ltr'><strong><em>Dica.’is</em></strong></span> 
     </span>
    </p>
   </div>
   <div class='ocr_carea' id='block_1_65' title="bbox 522 5608 2107 5683">
    <p class='ocr_par' dir='ltr' id='par_1_65' title="bbox 522 5608 2107 5683">
     <span class='ocr_line' id='line_1_65' title="bbox 522 5608 2107 5683; baseline 0.006 -25"><span class='ocrx_word' id='word_1_742' title='bbox 522 5609 758 5675; x_wconf 85' lang='lat' dir='ltr'><strong><em>forsitan,</em></strong></span> <span class='ocrx_word' id='word_1_743' title='bbox 795 5608 896 5663; x_wconf 90' lang='lat' dir='ltr'><strong><em>Par</em></strong></span> <span class='ocrx_word' id='word_1_744' title='bbox 944 5611 1040 5679; x_wconf 88' lang='lat' dir='ltr'><strong><em>fuit</em></strong></span> <span class='ocrx_word' id='word_1_745' title='bbox 1091 5614 1435 5683; x_wconf 88' lang='lat' dir='ltr'><strong><em>propinquum</em></strong></span> <span class='ocrx_word' id='word_1_746' title='bbox 1483 5612 1722 5677; x_wconf 86' lang='lat' dir='ltr'><strong><em>laudare,</em></strong></span> <span class='ocrx_word' id='word_1_747' title='bbox 1751 5614 1802 5665; x_wconf 90' lang='lat' dir='ltr'><strong><em>in</em></strong></span> <span class='ocrx_word' id='word_1_748' title='bbox 1841 5629 2107 5668; x_wconf 87' lang='lat' dir='ltr'><strong><em>commune</em></strong></span> 
     </span>
    </p>
   </div>
   <div class='ocr_carea' id='block_1_66' title="bbox 520 5703 2108 5780">
    <p class='ocr_par' dir='ltr' id='par_1_66' title="bbox 520 5703 2108 5780">
     <span class='ocr_line' id='line_1_66' title="bbox 520 5703 2108 5780; baseline 0.008 -30"><span class='ocrx_word' id='word_1_749' title='bbox 520 5712 846 5771; x_wconf 76' lang='lat' dir='ltr'><strong><em>augmentum</em></strong></span> <span class='ocrx_word' id='word_1_750' title='bbox 883 5703 1229 5766; x_wconf 78' lang='lat' dir='ltr'><strong><em>laborantem:</em></strong></span> <span class='ocrx_word' id='word_1_751' title='bbox 1261 5707 1382 5774; x_wconf 87' lang='lat' dir='ltr'><strong><em>quia</em></strong></span> <span class='ocrx_word' id='word_1_752' title='bbox 1425 5721 1523 5758; x_wconf 89' lang='lat' dir='ltr'><strong><em>non</em></strong></span> <span class='ocrx_word' id='word_1_753' title='bbox 1555 5716 1624 5760; x_wconf 85' lang='lat' dir='ltr'><strong><em>est</em></strong></span> <span class='ocrx_word' id='word_1_754' title='bbox 1655 5709 1941 5777; x_wconf 85' lang='lat' dir='ltr'><strong><em>proprium,</em></strong></span> <span class='ocrx_word' id='word_1_755' title='bbox 1971 5709 2108 5780; x_wconf 84' lang='lat' dir='ltr'><strong><em>quod</em></strong></span> 
     </span>
    </p>
   </div>
   <div class='ocr_carea' id='block_1_67' title="bbox 2213 4601 3805 4675">
    <p class='ocr_par' dir='ltr' id='par_1_67' title="bbox 2213 4601 3805 4675">
     <span class='ocr_line' id='line_1_67' title="bbox 2213 4601 3805 4675; baseline -0.004 -17"><span class='ocrx_word' id='word_1_756' title='bbox 2213 4621 2364 4658; x_wconf 82' lang='lat' dir='ltr'><strong><em>mone</em></strong></span> <span class='ocrx_word' id='word_1_757' title='bbox 2397 4605 2557 4659; x_wconf 80' lang='lat' dir='ltr'><strong><em>Roma</em></strong></span> <span class='ocrx_word' id='word_1_758' title='bbox 2587 4607 2826 4675; x_wconf 89' lang='lat' dir='ltr'><strong><em>suscepit.</em></strong></span> <span class='ocrx_word' id='word_1_759' title='bbox 2870 4605 3009 4669; x_wconf 82' lang='lat' dir='ltr'><strong><em>Quos</em></strong></span> <span class='ocrx_word' id='word_1_760' title='bbox 3030 4616 3173 4660; x_wconf 89' lang='lat' dir='ltr'><strong><em>tanta</em></strong></span> <span class='ocrx_word' id='word_1_761' title='bbox 3203 4606 3493 4659; x_wconf 81' lang='lat' dir='ltr'><strong><em>uerborum</em></strong></span> <span class='ocrx_word' id='word_1_762' title='bbox 3538 4601 3805 4659; x_wconf 86' lang='lat' dir='ltr'><strong><em>luculentia</em></strong></span> 
     </span>
    </p>
   </div>
   <div class='ocr_carea' id='block_1_68' title="bbox 2212 4696 3804 4768">
    <p class='ocr_par' dir='ltr' id='par_1_68' title="bbox 2212 4696 3804 4768">
     <span class='ocr_line' id='line_1_68' title="bbox 2212 4696 3804 4768; baseline -0.003 -18"><span class='ocrx_word' id='word_1_763' title='bbox 2212 4697 2481 4750; x_wconf 80' lang='lat' dir='ltr'><strong><em>reddidisti</em></strong></span> <span class='ocrx_word' id='word_1_764' title='bbox 2511 4698 2698 4764; x_wconf 89' lang='lat' dir='ltr'><strong><em>claros,</em></strong></span> <span class='ocrx_word' id='word_1_765' title='bbox 2746 4706 2891 4749; x_wconf 92' lang='lat' dir='ltr'><strong><em>tanta</em></strong></span> <span class='ocrx_word' id='word_1_766' title='bbox 2926 4698 3113 4766; x_wconf 70' lang='lat' dir='ltr'><strong><em>lingula</em></strong></span> <span class='ocrx_word' id='word_1_767' title='bbox 3137 4699 3466 4768; x_wconf 87' lang='lat' dir='ltr'><strong><em>proprietate</em></strong></span> <span class='ocrx_word' id='word_1_768' title='bbox 3491 4696 3804 4761; x_wconf 84' lang='lat' dir='ltr'><strong><em>conspicuos,</em></strong></span> 
     </span>
    </p>
   </div>
   <div class='ocr_carea' id='block_1_69' title="bbox 2213 4789 3810 4860">
    <p class='ocr_par' dir='ltr' id='par_1_69' title="bbox 2213 4789 3810 4860">
     <span class='ocr_line' id='line_1_69' title="bbox 2213 4789 3810 4860; baseline -0.005 -17"><span class='ocrx_word' id='word_1_769' title='bbox 2213 4799 2269 4843; x_wconf 83' lang='lat' dir='ltr'><strong><em>ut</em></strong></span> <span class='ocrx_word' id='word_1_770' title='bbox 2297 4791 2576 4860; x_wconf 89' lang='lat' dir='ltr'><strong><em>potuissent</em></strong></span> <span class='ocrx_word' id='word_1_771' title='bbox 2605 4798 2650 4843; x_wconf 90' lang='lat' dir='ltr'><strong><em>et</em></strong></span> <span class='ocrx_word' id='word_1_772' title='bbox 2680 4789 2758 4842; x_wconf 90' lang='lat' dir='ltr'><strong><em>illi</em></strong></span> <span class='ocrx_word' id='word_1_773' title='bbox 2788 4803 2915 4857; x_wconf 82' lang='lat' dir='ltr'><strong><em>opus</em></strong></span> <span class='ocrx_word' id='word_1_774' title='bbox 2939 4801 3081 4842; x_wconf 88' lang='lat' dir='ltr'><strong><em>tuum</em></strong></span> <span class='ocrx_word' id='word_1_775' title='bbox 3119 4791 3398 4859; x_wconf 68' lang='lat' dir='ltr'><strong><em>praeferre,</em></strong></span> <span class='ocrx_word' id='word_1_776' title='bbox 3452 4791 3500 4844; x_wconf 86' lang='lat' dir='ltr'><strong><em>si</em></strong></span> <span class='ocrx_word' id='word_1_777' title='bbox 3552 4797 3810 4854; x_wconf 89' lang='lat' dir='ltr'><strong><em>utrumque</em></strong></span> 
     </span>
    </p>
   </div>
   <div class='ocr_carea' id='block_1_70' title="bbox 2210 4877 3810 4952">
    <p class='ocr_par' dir='ltr' id='par_1_70' title="bbox 2210 4877 3810 4952">
     <span class='ocr_line' id='line_1_70' title="bbox 2210 4877 3810 4952; baseline -0.004 -17"><span class='ocrx_word' id='word_1_778' title='bbox 2210 4883 2524 4936; x_wconf 85' lang='lat' dir='ltr'><strong><em>didicissent.</em></strong></span> <span class='ocrx_word' id='word_1_779' title='bbox 2539 4882 2618 4936; x_wconf 78' lang='lat' dir='ltr'><strong><em>Tu</em></strong></span> <span class='ocrx_word' id='word_1_780' title='bbox 2639 4891 2800 4935; x_wconf 91' lang='lat' dir='ltr'><strong><em>artem</em></strong></span> <span class='ocrx_word' id='word_1_781' title='bbox 2820 4883 3139 4948; x_wconf 81' lang='lat' dir='ltr'><strong><em>prtedictam,</em></strong></span> <span class='ocrx_word' id='word_1_782' title='bbox 3153 4900 3216 4937; x_wconf 70' lang='lat' dir='ltr'><strong><em>ex</em></strong></span> <span class='ocrx_word' id='word_1_783' title='bbox 3237 4884 3550 4952; x_wconf 86' lang='lat' dir='ltr'><strong><em>disciplinis</em></strong></span> <span class='ocrx_word' id='word_1_784' title='bbox 3573 4877 3810 4935; x_wconf 85' lang='lat' dir='ltr'><strong><em>nobilibus</em></strong></span> 
     </span>
    </p>
   </div>
   <div class='ocr_carea' id='block_1_71' title="bbox 2209 4969 3813 5043">
    <p class='ocr_par' dir='ltr' id='par_1_71' title="bbox 2209 4969 3813 5043">
     <span class='ocr_line' id='line_1_71' title="bbox 2209 4969 3813 5043; baseline -0.004 -16"><span class='ocrx_word' id='word_1_785' title='bbox 2209 4983 2407 5038; x_wconf 89' lang='lat' dir='ltr'><strong><em>natam,</em></strong></span> <span class='ocrx_word' id='word_1_786' title='bbox 2455 4990 2544 5042; x_wconf 81' lang='lat' dir='ltr'><strong><em>per</em></strong></span> <span class='ocrx_word' id='word_1_787' title='bbox 2567 4974 2918 5043; x_wconf 86' lang='lat' dir='ltr'><strong><em>quadrifarias</em></strong></span> <span class='ocrx_word' id='word_1_788' title='bbox 2946 4973 3193 5028; x_wconf 79' lang='lat' dir='ltr'><strong><em>Mathesis</em></strong></span> <span class='ocrx_word' id='word_1_789' title='bbox 3219 4976 3432 5043; x_wconf 87' lang='lat' dir='ltr'><strong><em>januas</em></strong></span> <span class='ocrx_word' id='word_1_790' title='bbox 3469 4973 3713 5028; x_wconf 89' lang='lat' dir='ltr'><strong><em>introisti.</em></strong></span> <span class='ocrx_word' id='word_1_791' title='bbox 3744 4969 3813 5022; x_wconf 84' lang='lat' dir='ltr'><strong><em>Tu</em></strong></span> 
     </span>
    </p>
   </div>
   <div class='ocr_carea' id='block_1_72' title="bbox 2211 5064 3811 5134">
    <p class='ocr_par' dir='ltr' id='par_1_72' title="bbox 2211 5064 3811 5134">
     <span class='ocr_line' id='line_1_72' title="bbox 2211 5064 3811 5134; baseline -0.004 -18"><span class='ocrx_word' id='word_1_792' title='bbox 2211 5065 2354 5117; x_wconf 91' lang='lat' dir='ltr'><strong><em>illam</em></strong></span> <span class='ocrx_word' id='word_1_793' title='bbox 2409 5065 2462 5116; x_wconf 87' lang='lat' dir='ltr'><strong><em>in</em></strong></span> <span class='ocrx_word' id='word_1_794' title='bbox 2514 5073 2715 5118; x_wconf 77' lang='lat' dir='ltr'><strong><em>natura:</em></strong></span> <span class='ocrx_word' id='word_1_795' title='bbox 2761 5064 3106 5131; x_wconf 87' lang='lat' dir='ltr'><strong><em>penetralibus</em></strong></span> <span class='ocrx_word' id='word_1_796' title='bbox 3133 5066 3527 5134; x_wconf 87' lang='lat' dir='ltr'><strong><em>considentem,</em></strong></span> <span class='ocrx_word' id='word_1_797' title='bbox 3556 5073 3811 5118; x_wconf 86' lang='lat' dir='ltr'><strong><em>auctorum</em></strong></span> 
     </span>
    </p>
   </div>
   <div class='ocr_carea' id='block_1_73' title="bbox 2214 5157 3815 5228">
    <p class='ocr_par' dir='ltr' id='par_1_73' title="bbox 2214 5157 3815 5228">
     <span class='ocr_line' id='line_1_73' title="bbox 2214 5157 3815 5228; baseline -0.004 -18"><span class='ocrx_word' id='word_1_798' title='bbox 2214 5157 2358 5210; x_wconf 89' lang='lat' dir='ltr'><strong><em>libris</em></strong></span> <span class='ocrx_word' id='word_1_799' title='bbox 2391 5157 2720 5210; x_wconf 86' lang='lat' dir='ltr'><strong><em>invitantibus</em></strong></span> <span class='ocrx_word' id='word_1_800' title='bbox 2746 5157 2915 5210; x_wconf 87' lang='lat' dir='ltr'><strong><em>cordis</em></strong></span> <span class='ocrx_word' id='word_1_801' title='bbox 2957 5157 3147 5210; x_wconf 88' lang='lat' dir='ltr'><strong><em>lumine</em></strong></span> <span class='ocrx_word' id='word_1_802' title='bbox 3188 5162 3524 5228; x_wconf 81' lang='lat' dir='ltr'><strong><em>cognovisti:</em></strong></span> <span class='ocrx_word' id='word_1_803' title='bbox 3555 5161 3638 5213; x_wconf 87' lang='lat' dir='ltr'><strong><em>cui</em></strong></span> <span class='ocrx_word' id='word_1_804' title='bbox 3663 5157 3815 5210; x_wconf 88' lang='lat' dir='ltr'><strong><em>ardua</em></strong></span> 
     </span>
    </p>
   </div>
   <div class='ocr_carea' id='block_1_74' title="bbox 2214 5240 3816 5318">
    <p class='ocr_par' dir='ltr' id='par_1_74' title="bbox 2214 5240 3816 5318">
     <span class='ocr_line' id='line_1_74' title="bbox 2214 5240 3816 5318; baseline -0.004 -15"><span class='ocrx_word' id='word_1_805' title='bbox 2214 5267 2361 5304; x_wconf 90' lang='lat' dir='ltr'><strong><em>nosse</em></strong></span> <span class='ocrx_word' id='word_1_806' title='bbox 2388 5267 2506 5304; x_wconf 88' lang='lat' dir='ltr'><strong><em>usus</em></strong></span> <span class='ocrx_word' id='word_1_807' title='bbox 2533 5253 2800 5318; x_wconf 90' lang='lat' dir='ltr'><strong><em>miracula,</em></strong></span> <span class='ocrx_word' id='word_1_808' title='bbox 2824 5240 3106 5304; x_wconf 83' lang='lat' dir='ltr'><strong><em>monstrare</em></strong></span> <span class='ocrx_word' id='word_1_809' title='bbox 3132 5252 3470 5318; x_wconf 81' lang='lat' dir='ltr'><strong><em>prapositum</em></strong></span> <span class='ocrx_word' id='word_1_810' title='bbox 3498 5263 3597 5316; x_wconf 87' lang='lat' dir='ltr'><strong><em>est,</em></strong></span> <span class='ocrx_word' id='word_1_811' title='bbox 3622 5250 3816 5304; x_wconf 88' lang='lat' dir='ltr'><strong><em>molitur</em></strong></span> 
     </span>
    </p>
   </div>
   <div class='ocr_carea' id='block_1_75' title="bbox 2214 5340 3817 5409">
    <p class='ocr_par' dir='ltr' id='par_1_75' title="bbox 2214 5340 3817 5409">
     <span class='ocr_line' id='line_1_75' title="bbox 2214 5340 3817 5409; baseline -0.001 -16"><span class='ocrx_word' id='word_1_812' title='bbox 2214 5342 2503 5405; x_wconf 82' lang='lat' dir='ltr'><strong><em>ostendere,</em></strong></span> <span class='ocrx_word' id='word_1_813' title='bbox 2529 5343 2666 5408; x_wconf 90' lang='lat' dir='ltr'><strong><em>quod</em></strong></span> <span class='ocrx_word' id='word_1_814' title='bbox 2709 5341 3065 5409; x_wconf 80' lang='lat' dir='ltr'><strong><em>obstupescunt</em></strong></span> <span class='ocrx_word' id='word_1_815' title='bbox 3091 5340 3330 5394; x_wconf 88' lang='lat' dir='ltr'><strong><em>homines</em></strong></span> <span class='ocrx_word' id='word_1_816' title='bbox 3362 5345 3602 5396; x_wconf 80' lang='lat' dir='ltr'><strong><em>evenisse</em></strong></span> <span class='ocrx_word' id='word_1_817' title='bbox 3629 5358 3648 5394; x_wconf 91' lang='lat'><em>:</em></span> <span class='ocrx_word' id='word_1_818' title='bbox 3677 5340 3817 5392; x_wconf 84' lang='lat' dir='ltr'><strong><em>miro-</em></strong></span> 
     </span>
    </p>
   </div>
   <div class='ocr_carea' id='block_1_76' title="bbox 2215 5434 3818 5506">
    <p class='ocr_par' dir='ltr' id='par_1_76' title="bbox 2215 5434 3818 5506">
     <span class='ocr_line' id='line_1_76' title="bbox 2215 5434 3818 5506; baseline -0.005 -20"><span class='ocrx_word' id='word_1_819' title='bbox 2215 5452 2308 5506; x_wconf 90' lang='lat' dir='ltr'><strong><em>que</em></strong></span> <span class='ocrx_word' id='word_1_820' title='bbox 2336 5437 2485 5488; x_wconf 89' lang='lat' dir='ltr'><strong><em>modo</em></strong></span> <span class='ocrx_word' id='word_1_821' title='bbox 2535 5435 2730 5488; x_wconf 85' lang='lat' dir='ltr'><strong><em>naturis</em></strong></span> <span class='ocrx_word' id='word_1_822' title='bbox 2773 5435 3025 5487; x_wconf 78' lang='lat' dir='ltr'><strong><em>conversis</em></strong></span> <span class='ocrx_word' id='word_1_823' title='bbox 3063 5434 3186 5504; x_wconf 87' lang='lat' dir='ltr'><strong><em>facti</em></strong></span> <span class='ocrx_word' id='word_1_824' title='bbox 3233 5435 3479 5487; x_wconf 83' lang='lat' dir='ltr'><strong><em>detrahit</em></strong></span> <span class='ocrx_word' id='word_1_825' title='bbox 3505 5434 3818 5503; x_wconf 81' lang='lat' dir='ltr'><strong><em>fidem,cutn</em></strong></span> 
     </span>
    </p>
   </div>
   <div class='ocr_carea' id='block_1_77' title="bbox 2215 5527 3818 5595">
    <p class='ocr_par' dir='ltr' id='par_1_77' title="bbox 2215 5527 3818 5595">
     <span class='ocr_line' id='line_1_77' title="bbox 2215 5527 3818 5595; baseline -0.006 -13"><span class='ocrx_word' id='word_1_826' title='bbox 2215 5539 2422 5583; x_wconf 87' lang='lat' dir='ltr'><strong><em>ostentet</em></strong></span> <span class='ocrx_word' id='word_1_827' title='bbox 2445 5545 2506 5582; x_wconf 82' lang='lat' dir='ltr'><strong><em>ea:</em></strong></span> <span class='ocrx_word' id='word_1_828' title='bbox 2536 5527 2694 5581; x_wconf 90' lang='lat' dir='ltr'><strong><em>oculis</em></strong></span> <span class='ocrx_word' id='word_1_829' title='bbox 2719 5528 2980 5582; x_wconf 89' lang='lat' dir='ltr'><strong><em>visionem.</em></strong></span> <span class='ocrx_word' id='word_1_830' title='bbox 3010 5527 3159 5580; x_wconf 79' lang='lat' dir='ltr'><strong><em>Facit</em></strong></span> <span class='ocrx_word' id='word_1_831' title='bbox 3187 5543 3359 5594; x_wconf 87' lang='lat' dir='ltr'><strong><em>aquas</em></strong></span> <span class='ocrx_word' id='word_1_832' title='bbox 3382 5545 3451 5582; x_wconf 75' lang='lat' dir='ltr'><strong><em>ea:</em></strong></span> <span class='ocrx_word' id='word_1_833' title='bbox 3485 5530 3594 5581; x_wconf 79' lang='lat' dir='ltr'><strong><em>imo</em></strong></span> <span class='ocrx_word' id='word_1_834' title='bbox 3619 5539 3818 5595; x_wconf 86' lang='lat' dir='ltr'><strong><em>surgen-</em></strong></span> 
     </span>
    </p>
   </div>
   <div class='ocr_carea' id='block_1_78' title="bbox 2217 5620 3821 5692">
    <p class='ocr_par' dir='ltr' id='par_1_78' title="bbox 2217 5620 3821 5692">
     <span class='ocr_line' id='line_1_78' title="bbox 2217 5620 3821 5692; baseline -0.006 -18"><span class='ocrx_word' id='word_1_835' title='bbox 2217 5632 2311 5685; x_wconf 88' lang='lat' dir='ltr'><strong><em>tes,</em></strong></span> <span class='ocrx_word' id='word_1_836' title='bbox 2343 5621 2629 5690; x_wconf 79' lang='lat' dir='ltr'><strong><em>prtecipites</em></strong></span> <span class='ocrx_word' id='word_1_837' title='bbox 2663 5621 2866 5686; x_wconf 89' lang='lat' dir='ltr'><strong><em>cadere,</em></strong></span> <span class='ocrx_word' id='word_1_838' title='bbox 2914 5621 3079 5692; x_wconf 87' lang='lat' dir='ltr'><strong><em>ignem</em></strong></span> <span class='ocrx_word' id='word_1_839' title='bbox 3123 5620 3457 5687; x_wconf 79' lang='lat' dir='ltr'><strong><em>ponderbus</em></strong></span> <span class='ocrx_word' id='word_1_840' title='bbox 3490 5635 3717 5682; x_wconf 82' lang='lat' dir='ltr'><strong><em>currere,</em></strong></span> <span class='ocrx_word' id='word_1_841' title='bbox 3748 5628 3821 5666; x_wconf 80' lang='lat' dir='ltr'><strong><em>or—</em></strong></span> 
     </span>
    </p>
   </div>
   <div class='ocr_carea' id='block_1_79' title="bbox 2219 5711 3828 5787">
    <p class='ocr_par' dir='ltr' id='par_1_79' title="bbox 2219 5711 3828 5787">
     <span class='ocr_line' id='line_1_79' title="bbox 2219 5711 3828 5787; baseline -0.002 -23"><span class='ocrx_word' id='word_1_842' title='bbox 2219 5731 2354 5781; x_wconf 87' lang='lat' dir='ltr'><strong><em>gana</em></strong></span> <span class='ocrx_word' id='word_1_843' title='bbox 2378 5730 2437 5768; x_wconf 76' lang='lat' dir='ltr'><strong><em>ex</em></strong></span> <span class='ocrx_word' id='word_1_844' title='bbox 2463 5715 2628 5766; x_wconf 70' lang='lat' dir='ltr'><strong><em>raucis</em></strong></span> <span class='ocrx_word' id='word_1_845' title='bbox 2667 5714 2867 5768; x_wconf 71' lang='lat' dir='ltr'><strong><em>vocibus</em></strong></span> <span class='ocrx_word' id='word_1_846' title='bbox 2916 5714 3180 5779; x_wconf 83' lang='lat' dir='ltr'><strong><em>insonare;</em></strong></span> <span class='ocrx_word' id='word_1_847' title='bbox 3211 5721 3261 5767; x_wconf 85' lang='lat' dir='ltr'><strong><em>et</em></strong></span> <span class='ocrx_word' id='word_1_848' title='bbox 3292 5716 3600 5787; x_wconf 76' lang='lat' dir='ltr'><strong><em>peregrinis</em></strong></span> <span class='ocrx_word' id='word_1_849' title='bbox 3629 5711 3828 5782; x_wconf 80' lang='lat' dir='ltr'><strong><em>ﬂatibus</em></strong></span> 
     </span>
    </p>
   </div>
  </div>
