3998 6368
243 297 344 353 565

835 291 898 345 IN
943 290 1181 346 LIBROS
1221 289 1308 344 DE
1345 279 1865 344 CONSOLATIONE
1920 277 2397 336 PlllLOSOPllI/E
2435 276 2966 334 PROLECOMENA.

3390 275 3499 335 566

233 414 451 469 calamos
478 408 722 480 complet,
750 417 803 461 ut
817 409 1006 462 musica
1025 409 1219 479 possint
1246 420 1358 461 arte
1381 416 1608 460 cantare.
1650 403 1809 458 Vide-
1839 403 1889 462 Α
1925 397 2148 452 tabunt.’
2175 407 2224 451 et
2250 398 2453 467 quando
2480 399 2669 467 fuerint
2697 414 2729 450 a
2757 406 2962 466 stupore
2999 399 3246 463 com'ersi,
3277 416 3376 454 non
3407 417 3498 454 au.

236 521 342 558 Inus
365 519 458 572 per
481 518 593 556 eam
623 501 938 570 defensiones
953 503 1070 571 jam
1097 500 1383 553 nutantium
1407 499 1697 563 civitatum,
1726 514 1814 550 su-

235 595 332 649 bito
384 591 480 646 tali
527 593 768 659 firmitate
817 604 1142 660 consurgere,
1193 601 1248 642 ut
1293 589 1814 642 machinamentorum

233 683 438 737 auxiliis
464 682 699 747 superior
718 680 982 744 reddatur,
1015 681 1103 749 qui
1131 679 1432 749 desperatus
1459 678 1648 732 viribus
1677 677 1816 730 inve-

234 774 390 827 nitur.
434 771 700 826 Madentes
749 771 954 839 fabricae
1010 771 1062 824 in
1106 787 1240 840 aqua
1283 770 1485 824 marina
1521 769 1815 822 siccantur:

235 865 364 918 dura
389 879 504 916 cum
537 863 721 932 fuerint
749 863 1010 932 ingeniosa
1039 861 1374 930 dispositione
1394 862 1655 915 solvuntur
1676 876 1693 923 ;
1713 876 1817 914 me-

233 956 359 1008 talla
378 955 612 1023 mugiunt
637 970 654 1005 :
679 951 944 1006 Diomedis
969 953 1021 1005 in
1044 968 1144 1006 mre
1159 968 1307 1023 grues
1325 953 1624 1006 buccinant:
1648 967 1818 1007 aeneus

235 1047 418 1118 anguis
447 1044 672 1098 insibilat
695 1060 714 1098 :
737 1061 849 1098 aves
869 1042 1110 1096 simulate
1142 1044 1394 1114 fritiniun'
1422 1061 1440 1108 ;
1472 1051 1520 1097 et
1560 1059 1673 1113 qua:
1699 1059 1819 1113 pro-

236 1137 403 1205 priam
442 1151 613 1190 vacem
639 1136 886 1202 nesciunt,
929 1135 990 1188 ab
1019 1149 1119 1188 tere
1168 1134 1492 1188 dulcedinem
1541 1132 1820 1204 probantur

234 1230 464 1282 emittere
492 1227 778 1280 cantilenae.
805 1223 971 1278 Parva
1002 1226 1064 1278 de
1093 1225 1183 1277 illa
1213 1225 1506 1294 referimus,
1535 1225 1616 1276 cui
1643 1223 1821 1276 caelum

236 1319 427 1372 imitari
447 1322 531 1387 fas
562 1328 633 1372 est
659 1335 678 1372 .°
701 1316 811 1370 lucc
836 1317 968 1371 enim
997 1318 1114 1385 fecit
1142 1317 1422 1370 secundum
1450 1315 1608 1369 solem
1645 1316 1698 1368 in
1724 1315 1826 1370 Ar-

235 1409 483 1465 chimedis
527 1409 732 1478 sphaera
781 1409 1046 1461 decurrere
1097 1424 1116 1460 :
1162 1407 1269 1460 htec
1297 1406 1516 1460 alterum
1558 1407 1824 1460 zodiacum

237 1501 489 1555 circulum
511 1503 730 1554 humano
761 1499 974 1554 consilio
1004 1499 1290 1570 fabricavit.
1323 1497 1452 1553 Htcc
1482 1497 1658 1552 lunam
1679 1499 1821 1567 defe-

238 1606 321 1647 ctu
347 1608 445 1646 suo
493 1591 831 1660 reparabilem
880 1592 1005 1644 artis
1058 1591 1433 1644 illuminatione
1488 1589 1823 1644 monstravit:

239 1700 552 1754 parvamque
579 1683 886 1747 machinam,
911 1683 1176 1755 gravidam
1197 1682 1414 1749 mundo,
1443 1681 1624 1735 calum
1653 1690 1825 1752 gesta-

1917 489 2106 543 debunt
2124 504 2177 542 se
2205 488 2425 556 cequales
2467 489 2615 543 nobis
2645 489 2834 555 dicere,
2883 491 3023 556 apud
3057 507 3183 559 quos
3231 492 3396 546 sciunt
3425 509 3503 544 sa-

1919 582 2108 651 pientes
2131 581 2256 634 talia
2283 580 2550 650 cogitasse.

1991 674 2174 727 Altera
2205 670 2429 740 epistola
2474 670 2714 740 ejusdem
2747 671 3055 726 Cassiodori
3086 683 3167 727 cst
3209 675 3500 744 quadriga

1919 765 2052 819 sima
2075 763 2196 818 libri
2229 763 2474 826 secundi,
2505 778 2624 831 quae
2655 763 2732 817 sic
2755 777 2816 817 se
2847 762 3006 817 habet
3033 779 3046 816 :

1989 855 2168 910 Boetio
2195 855 2410 927 patricio
2438 853 2779 908 Theodericus
2805 873 2914 910 rex.

1993 950 2122 1004 Cum
2165 965 2258 1002 rex
2288 946 2626 1010 Francorum,
2657 949 2867 1001 convivii
2898 951 3056 1002 nostri
3082 953 3217 1020 fama
3242 952 3502 1014 pellectus,

1919 1057 1952 1093 a
1989 1039 2133 1094 nobis
2173 1040 2505 1093 citharatdum
2549 1040 2744 1108 magnis
2777 1040 3008 1108 precibus
3047 1043 3345 1111 expetisset,
3395 1046 3504 1096 sola

1921 1132 2118 1183 ratione
2157 1130 2514 1196 complendum
2556 1144 2665 1182 esse
2702 1130 3050 1198 promisimus,
3091 1133 3229 1199 quod
3259 1141 3306 1186 te
3335 1135 3507 1185 erudi-

1923 1223 2073 1277 tionis
2109 1224 2316 1276 musicas
2361 1223 2578 1289 peritum
2609 1237 2714 1276 esse
2749 1236 3072 1276 noveramus.
3121 1223 3336 1294 Adjacet
3375 1227 3507 1277 enim

1922 1313 2059 1367 vobis
2079 1315 2284 1366 doctum
2311 1313 2517 1382 eligere,
2545 1313 2632 1382 qui
2669 1312 2997 1380 disciplinam
3027 1315 3192 1382 ipsam
3246 1315 3300 1366 in
3347 1317 3508 1368 ardua

1924 1407 2250 1471 collocatam,
2283 1406 2520 1476 potuistis
2543 1407 2810 1474 attingere.
2834 1405 2968 1470 Quid
2982 1407 3116 1458 enim
3145 1407 3238 1460 illa
3264 1417 3506 1475 priestan-

1925 1499 2042 1561 tius,
2077 1515 2192 1570 qua:
2219 1500 2331 1552 caeli
2367 1497 2661 1552 machinam
2689 1514 2800 1550 son!
2819 1514 2877 1551 ra
2899 1499 3168 1553 dulcedine
3193 1499 3510 1564 modulatur,

1924 1599 1971 1644 et
2000 1599 2195 1644 natura:
2223 1589 2622 1643 convenientiam
2644 1589 2831 1656 ubique
2850 1587 3137 1658 dispersam
3166 1590 3366 1644 virtutis
3405 1606 3510 1645 suta

1927 1684 2095 1756 gratia
2111 1681 2512 1751 comprehendit.
2541 1681 2606 1734 Fit
2627 1681 2782 1750 paulo
2799 1692 2914 1748 post
2940 1699 2954 1735 :
2983 1681 3090 1737 Sed
3105 1684 3346 1752 quoniam
3370 1685 3510 1738 nobis

237 1781 353 1846 bile,
381 1778 742 1847 compendium
763 1793 950 1838 rerum,
985 1776 1247 1846 speculum
1271 1785 1488 1837 natura,
1518 1774 1585 1827 ad
1609 1775 1827 1842 speciem
1856 1771 1904 1831 Β
1931 1777 2066 1844 facta
2093 1782 2166 1827 est
2188 1772 2491 1841 voluptuosa
2511 1771 2758 1841 digressio
2784 1772 2926 1839 (quia
2970 1789 3168 1842 semper
3206 1783 3409 1846 gratum
3439 1785 3510 1829 est

237 1872 436 1924 tetheris
453 1867 948 1936 incompreltensibili
971 1866 1247 1920 mobilitate
1265 1867 1520 1920 volutavit.
1555 1865 1645 1920 Sic
1660 1876 1821 1934 astra,

237 1977 457 2029 quorum
482 1961 599 2012 licet
629 1975 832 2012 cursum
853 1958 1099 2022 sciamus,
1125 1957 1416 2028 fallentibus
1440 1967 1606 2011 tamen
1637 1957 1823 2025 oculis,

239 2050 446 2118 prodire
477 2065 579 2102 non
611 2064 894 2102 cernemus.
931 2048 1090 2101 Stans
1114 2049 1321 2117 quidam
1360 2049 1412 2101 in
1443 2047 1548 2102 illis
1584 2049 1828 2101 transitus

239 2150 309 2194 cst
332 2157 350 2194 :
379 2152 424 2194 et
441 2157 560 2210 qucc
593 2140 830 2193 velociter
853 2155 1054 2192 currere
1080 2155 1195 2192 vera
1223 2139 1419 2194 ratione
1449 2139 1727 2209 cognoscis,
1775 2155 1829 2191 se

238 2250 430 2287 movere
457 2249 562 2286 non
596 2233 830 2302 respicis.
885 2233 1050 2296 Quale
1079 2241 1174 2293 est.
1202 2233 1297 2284 hoc
1333 2232 1528 2284 homini
1565 2234 1719 2285 etiam
1746 2231 1827 2300 fa-

240 2339 366 2385 cere,
397 2322 543 2393 quod
572 2325 647 2375 vel
679 2323 989 2375 intellexisse
1011 2332 1170 2391 potest
1201 2338 1308 2375 esse
1360 2321 1630 2375 mirabile?
1660 2322 1829 2387 Quare

239 2432 348 2468 cum
377 2430 465 2467 vas
495 2423 637 2468 ornet
669 2415 847 2465 talium
877 2429 1048 2469 rerum
1077 2413 1406 2483 prcedicanda
1447 2414 1648 2478 notitia,
1679 2415 1829 2465 horo-

241 2509 371 2577 log'a
401 2504 574 2570 nobis,
599 2505 812 2574 publicis
831 2505 1082 2574 expensis,
1115 2506 1224 2558 sine
1243 2515 1404 2559 vestro
1426 2505 1716 2573 dispendio,
1741 2507 1829 2559 de-

239 2601 440 2652 stinate.
468 2595 704 2649 Primum
733 2597 818 2662 sit,
844 2597 927 2649 ubi
955 2600 1114 2666 stglus
1154 2598 1255 2651 diei
1302 2598 1455 2650 index
1483 2614 1572 2666 per
1602 2602 1829 2651 umbram

239 2694 480 2760 exiguam
508 2689 662 2743 horas
691 2690 946 2742 consuevit
972 2689 1256 2743 ostendere.
1290 2689 1488 2744 Radius
1527 2691 1698 2759 itaque
1728 2693 1828 2743 int-

241 2781 442 2835 mobilis
465 2791 513 2832 et
541 2795 748 2849 parvus,
782 2795 1027 2852 peragens
1062 2780 1199 2850 quod
1230 2789 1334 2834 tam
1366 2781 1600 2834 miranda
1628 2783 1830 2852 magni-

239 2875 362 2928 tudo
393 2875 523 2928 solis
553 2874 820 2939 discurrit,
871 2885 919 2927 et
965 2875 1142 2944 fugam
1185 2875 1311 2928 solis
1338 2875 1641 2944 tequiparat,
1692 2873 1829 2943 quod

240 2977 436 3020 motum
468 2981 670 3036 semper
693 2967 915 3036 ignorat
948 2964 1241 3019 Inviderent
1263 2965 1451 3018 talibus
1475 2966 1519 3018 si
1548 2975 1688 3018 astra
1715 2982 1830 3018 sen-

239 3058 408 3122 tirent,
440 3063 493 3110 et
520 3064 743 3108 meatum
768 3073 916 3110 suum
938 3058 1154 3126 fortasse
1174 3057 1516 3126 deﬂecterent,
1547 3072 1609 3109 ne
1633 3058 1723 3109 tuli
1751 3056 1831 3110 lu-

1931 1865 1994 1918 de
2021 1864 2256 1917 doctrina
2303 1863 2523 1932 colloqui
2544 1881 2658 1918 cum
2687 1867 2881 1933 peritis)
2926 1867 3282 1932 citharcedum,
3314 1887 3460 1939 quem
3480 1888 3512 1925 a

1930 1957 2072 2012 nobis
2097 1957 2320 2011 diximus
2367 1959 2678 2028 postulatum
2711 1963 2960 2031 sapientia
2999 1972 3161 2016 vestra
3201 1965 3356 2033 eligat
3383 1981 3511 2032 pra:-

1929 2051 2058 2103 senti
2077 2058 2304 2118 tempore
2324 2051 2596 2110 meliorem,
2629 2053 2858 2121 facturus
2898 2054 3094 2124 aliquid
3143 2055 3352 2118 Orphei,
3397 2073 3510 2112 cum

1930 2138 2067 2191 dulci
2112 2155 2236 2192 sano
2261 2139 2520 2208 gentilium
2550 2141 2661 2208 fera
2705 2141 2860 2193 corda
2889 2142 3160 2196 domuerit.
3192 2141 3258 2195 Et
3308 2156 3510 2212 quanta:

1932 2231 2074 2282 nobis
2102 2230 2282 2300 gratia:
2310 2229 2503 2296 fuerint
2525 2240 2670 2296 actia,
2705 2239 2858 2284 tanta!
2889 2232 3027 2286 vobis
3059 2250 3121 2287 ea:
3147 2246 3321 2288 nostra
3341 2251 3509 2302 «τίμια-

1932 2319 2020 2373 bili
2045 2325 2456 2390 compensatione
2477 2325 2780 2390 referentur,
2809 2324 2894 2392 qui
2913 2336 2958 2376 et
2977 2325 3192 2394 imperio
3216 2336 3387 2380 nostra
3416 2345 3510 2396 pa-

1929 2413 2076 2478 retis,
2113 2420 2162 2465 et
2185 2412 2322 2480 quod
2343 2428 2426 2464 vos
2447 2412 2733 2480 clari/icore
2753 2414 2941 2483 possit,
2968 2416 3190 2482 efficitis.

2005 2505 2146 2558 Idem
2168 2504 2528 2558 Cassiodorus
2561 2505 2624 2558 ad
2654 2506 2812 2560 tinem
2841 2506 2958 2560 libri
3007 2509 3302 2564 Dialecticm
3326 2509 3393 2564 de
3423 2527 3512 2564 co-

1930 2595 2052 2649 dem
2101 2595 2284 2648 Iloelio
2315 2596 2385 2647 ita
2428 2594 2663 2665 loquitur
2711 2597 2746 2649 :~
2781 2595 2948 2662 Illud,
2996 2599 3187 2668 inquit,
3227 2613 3512 2672 competens

1921 2687 2272 2758 judicavimus
2315 2688 2660 2758 recapitulari:
2708 2689 2940 2758 breviter,
2975 2708 3190 2759 quorum
3237 2694 3410 2748 labore
3457 2697 3510 2749 in

1931 2779 2136 2832 Latium
2163 2781 2417 2849 eloquium
2452 2795 2532 2834 res
2559 2781 2670 2834 ista:
2699 2784 3047 2850 pervenerint:
3074 2793 3128 2836 ut
3156 2801 3246 2838 nec
3287 2789 3511 2839 auctori-

1934 2870 2024 2923 bus
2051 2869 2217 2940 gloria
2239 2887 2332 2924 sua
2355 2881 2564 2940 pereat:
2592 2871 2732 2925 nobis
2778 2873 3068 2941 plenissime
3113 2879 3185 2926 rei
3225 2877 3407 2929 veritas
3435 2879 3512 2928 in-

1933 2970 2173 3014 notescat.
2199 2959 2444 3032 lsagogen
2470 2960 2725 3014 transtulit
2747 2962 2993 3032 patricius
3005 2961 3233 3026 Boetius,
3259 2981 3514 3019 commen-

1936 3063 2083 3120 taque
2103 3055 2212 3123 ejus
2234 3053 2432 3123 gemina
2472 3052 2846 3118 derelinquens.
2871 3053 3314 3123 Categariasidem
3339 3066 3512 3110 trans-

239 3151 404 3203 dibrio
439 3149 784 3222 subjacerent.
825 3147 923 3202 Ubi
975 3159 1047 3202 est
1083 3149 1216 3202 illud
1236 3150 1478 3203 horarum
1531 3149 1594 3202 de
1643 3151 1832 3204 lumine
1859 3145 1904 3208 C
1936 3144 2049 3197 tulit
2082 3144 2323 3212 patricius
2355 3142 2582 3207 Boetius,
2609 3146 2756 3215 cujus
2773 3157 3054 3200 commenta
3077 3148 3232 3200 tribus
3247 3148 3393 3202 libris
3408 3150 3516 3217 ipse

240 3241 574 3303 venientium,
604 3237 866 3309 singulare
906 3239 1234 3304 miraculum,
1273 3241 1317 3294 si
1344 3240 1434 3292 has
1473 3250 1518 3293 et
1548 3244 1722 3292 umbra
1747 3241 1834 3295 de-

239 3340 494 3386 monstrat
515 3332 540 3383 .’
571 3327 670 3383 Ubi
696 3328 1038 3396 praedicabilis
1067 3329 1325 3396 indefecta
1354 3332 1558 3396 rotatio,
1590 3331 1634 3384 si
1665 3334 1756 3382 hoc
1787 3340 1834 3384 et

239 3423 450 3478 metalla
490 3431 772 3493 peragunt,
813 3437 925 3490 qua:
974 3422 1074 3475 situ
1106 3433 1350 3491 perpetuo
1399 3423 1761 3477 continentur?
1791 3424 1835 3476 Ο

240 3531 363 3570 ams
396 3513 768 3568 incestimabilis
797 3514 980 3576 virtus,
1006 3528 1120 3581 qua
1157 3515 1279 3566 dum
1305 3529 1356 3567 se
1379 3514 1501 3567 dicit
1524 3513 1718 3578 ludere,
1739 3532 1835 3566 na-

241 3616 370 3660 tura:
403 3606 648 3674 prtevalet
679 3613 872 3657 secreta
911 3607 1133 3673 vulgare.
1161 3603 1456 3658 Secundum
1479 3608 1562 3667 sit,
1588 3604 1674 3658 ubi
1703 3620 1836 3672 prte-

239 3706 313 3750 ter
334 3699 467 3751 solis
507 3697 682 3750 radios
711 3697 838 3748 hora
859 3695 1194 3765 dignoscitur,
1226 3705 1396 3749 noctes
1419 3696 1472 3749 in
1503 3705 1669 3766 partes
1706 3697 1834 3748 divi-

240 3797 364 3847 dens
393 3811 412 3847 :
441 3792 584 3863 quod
630 3801 683 3843 ut
717 3789 847 3844 nihil
885 3790 1084 3845 deberet
1129 3792 1300 3856 astris,
1347 3792 1596 3845 rationem
1627 3791 1738 3846 cteli
1768 3792 1836 3844 ad

238 3900 503 3953 aquarum
550 3883 718 3953 potius
762 3885 955 3949 fluenta
1003 3883 1302 3936 convertit:
1353 3898 1568 3950 quorum
1622 3883 1836 3936 motibus

237 3979 488 4041 ostendit,
521 3977 660 4046 quod
687 3975 810 4029 ctelo
833 3975 1049 4028 volvitur
1082 3991 1100 4028 :
1129 3985 1175 4028 et
1211 3975 1396 4028 audaci
1446 3978 1834 4043 prccsumptione

237 4079 488 4137 concepta
518 4084 606 4121 ars
633 4067 893 4121 elementis
941 4067 1156 4134 confert,
1206 4067 1342 4133 quod
1377 4067 1584 4136 originis
1613 4068 1835 4119 conditio

239 4163 536 4233 denegavit.
567 4161 817 4212 universa:
837 4158 1122 4226 disciplina:
1149 4168 1359 4210 cunctus
1384 4158 1714 4228 prudentium
1760 4159 1837 4211 la-

239 4255 330 4309 bor
352 4264 564 4309 natura!
589 4252 886 4323 potentiam,
922 4260 975 4302 ut
1002 4258 1195 4303 tantum
1225 4251 1415 4317 possint
1442 4266 1607 4314 nosse,
1631 4252 1838 4319 perqui-

236 4347 322 4398 rit.
360 4343 729 4398 Mechanisma
778 4341 948 4396 solum
993 4350 1084 4407 est,
1127 4343 1264 4406 quod
1295 4340 1438 4392 illam
1461 4356 1524 4393 ea:
1565 4341 1837 4393 contrariis

236 4438 436 4506 appetit
466 4435 663 4487 imitari
687 4447 706 4483 :
733 4441 778 4485 et
797 4433 840 4486 si
863 4435 945 4500 fas
972 4441 1043 4484 est
1083 4432 1248 4484 dicere
1278 4432 1329 4482 in
1356 4431 1658 4499 quibusdam
1679 4433 1836 4484 etiam

1938 3257 2133 3310 quoque
2161 3241 2437 3310 formavit:
2469 3239 2588 3294 Peri
2607 3240 2892 3295 hermenias
2918 3259 3074 3313 supra
3100 3253 3409 3298 memoratus
3433 3261 3517 3312 pa-

1941 3333 2117 3385 tricius
2150 3331 2356 3386 Boetius
2382 3333 2642 3386 transtulit
2681 3333 2735 3386 in
2778 3331 3036 3400 Latinum,
3070 3337 3218 3406 cujus
3237 3346 3517 3391 commenta

1937 3423 2045 3491 ipse
2068 3421 2296 3491 duplicia
2312 3423 2651 3476 minutissima
2673 3423 3020 3493 disputatione
3037 3427 3518 3494 tractavit...Supra

1937 3527 2244 3568 memoratus
2272 3517 2524 3585 patricius
2546 3513 2754 3569 Boetius
2782 3515 2846 3569 de
2865 3518 3172 3588 syllogismis
3183 3518 3519 3591 hypotheticis

1940 3609 2251 3662 lucidissime
2280 3609 2618 3676 pertractavit,
2643 3618 2746 3662 etc.

2011 3792 2323 3860 Procopius,
2348 3792 2691 3846 Caesariensis
2715 3808 2779 3846 ex
2810 3793 3110 3858 l’altestiua,
3141 3795 3325 3850 rhetor
3352 3807 3406 3850 et
3433 3812 3519 3852 so-

1940 3887 2108 3954 phista
2143 3887 2281 3938 inter
2313 3886 2487 3938 varias
2534 3901 2658 3938 suos
2703 3884 2956 3939 historias
3001 3887 3214 3955 scripsit
3261 3889 3328 3942 de
3373 3889 3519 3943 Bcl'o

1939 3977 2235 4030 (ὶοιιιυι-ιηη
2270 3977 2434 4034 libus
2467 3985 2592 4040 tres,
2629 3976 2680 4028 ia
2711 3991 2934 4042 quorum
2965 3977 3136 4045 primo
3162 3979 3301 4047 quod
3335 3977 3519 4036 Graece

1938 4067 2160 4122 dixitde
2193 4067 2399 4130 Boelio,
2432 4067 2510 4121 sic
2549 4067 2735 4120 Latiae
2781 4067 3057 4120 redditur:

2011 4157 2352 4228 Symmachus
2406 4167 2448 4210 et
2480 4159 2591 4227 ejus
2618 4174 2770 4226 gener
2799 4157 3007 4212 Boetius
3025 4159 3247 4226 patricii,
3273 4159 3380 4211 alto
3412 4177 3520 4213 nta-

1930 4254 2107 4323 jorum
2151 4251 2416 4318 sanguine,
2468 4250 2721 4316 principes
2769 4266 2885 4303 vero
2940 4260 3148 4303 senatus
3197 4250 3434 4315 Romani,
3474 4270 3520 4305 et

1939 4341 2172 4394 consules
2207 4342 2365 4407 fuere,
2401 4340 2739 4407 philosophice
2777 4352 2825 4395 et
2869 4341 3098 4409 ter/uitali
3127 4357 3283 4409 supra
3317 4352 3521 4395 cccteros

1940 4433 2176 4485 mortales
2203 4433 2519 4494 studuerant,
2544 4430 2814 4501 multisque
2831 4435 2999 4504 egenis
3021 4442 3126 4484 tum
3153 4432 3519 4498 llomanorum,

236 4530 424 4580 nititur
451 4513 602 4579 velle‘
642 4539 906 4594 superare.
964 4521 1080 4575 Hoc
1137 4523 1267 4575 enim
1295 4523 1478 4590 fecisse
1519 4525 1836 4592 dignoscitur
1865 4511 1916 4570 Ι)
1943 4533 2049 4578 tum
2079 4537 2397 4577 externorum
2429 4524 2608 4590 apibus
2623 4525 2730 4577 suis
2755 4525 3039 4578 subvenere.
3073 4525 3145 4578 Ili
3172 4526 3241 4577 ad
3272 4526 3522 4594 ingentem

236 4616 531 4672 Dtcdalum
571 4617 762 4668 colare.
799 4607 914 4666 Hoc
957 4617 1177 4681 ferreum
1225 4612 1527 4680 Cupidinem
1570 4615 1620 4664 in
1654 4613 1836 4666 Diana:

234 4712 434 4777 templo
464 4712 576 4764 sine
599 4708 772 4778 aliqua
802 4709 1098 4779 alligatione
1130 4711 1367 4777 pendere.
1400 4710 1510 4762 lloc
1537 4710 1687 4763 hodie
1714 4711 1834 4778 facit

233 4816 379 4856 muta
413 4812 652 4863 cantare,
678 4803 938 4853 inseasata
959 4802 1140 4863 vivere,
1171 4800 1448 4854 immobilia
1476 4802 1682 4855 moveri.
1721 4801 1832 4853 Με-

233 4895 516 4958 chanicus,
553 4893 600 4946 si
644 4892 725 4961 fas
754 4901 828 4946 est
857 4892 1042 4957 dicere,
1094 4907 1218 4958 pene
1263 4893 1432 4944 socius
1477 4901 1549 4944 est
1592 4901 1832 4945 natura:

233 4987 444 5039 occulta
486 5000 750 5049 reserans,
796 4985 1065 5054 manifesta
1117 4995 1430 5050 convertens,
1467 4986 1726 5038 miraculis
1760 4988 1837 5037 lu-

235 5078 397 5142 dens;
428 5077 511 5129 ita
541 5075 756 5143 pulchre
791 5075 1059 5140 simulans,
1095 5086 1148 5127 ut
1193 5076 1331 5145 quod
1369 5077 1704 5144 compositum
1736 5093 1836 5129 non

235 5168 550 5239 ambigitur,
576 5166 762 5219 veritas
808 5166 1104 5220 aestimetur.
1155 5165 1282 5218 Hcce
1328 5167 1445 5232 quia
1480 5167 1754 5220 studiosius
1793 5181 1841 5220 te

235 5260 423 5328 legisse
455 5257 835 5323 comperimus,
870 5257 1113 5326 prtcdicta
1143 5256 1286 5308 nobis
1330 5257 1594 5325 horologia
1625 5265 1840 5325 quanto-

234 5349 344 5401 cius
370 5347 725 5402 transmittere
747 5346 1042 5399 maturabis.
1085 5345 1150 5398 Ut
1190 5356 1235 5397 te
1284 5355 1457 5398 notum
1490 5348 1541 5398 in
1573 5347 1665 5399 illa
1700 5359 1840 5413 parte

234 5442 420 5492 mundi
441 5439 636 5508 facias,
666 5438 753 5490 ubi
781 5438 929 5490 aliter
967 5437 1224 5507 pervenire
1269 5453 1367 5489 non
1413 5447 1633 5508 poteras.
1667 5438 1841 5507 Agnae

234 5546 380 5588 scunt
413 5548 514 5599 per
549 5543 594 5584 te
620 5539 802 5585 extera!
849 5539 1044 5602 gentes,
1079 5531 1201 5584 tales
1255 5547 1346 5584 nos
1403 5531 1584 5585 habere
1623 5532 1839 5597 nobiles,

235 5629 417 5692 quales
467 5624 711 5695 leguntur
740 5634 993 5678 auctores.
1049 5623 1258 5690 Quoties
1308 5640 1406 5676 non
1448 5634 1564 5676 sunt
1601 5624 1841 5678 credituri

235 5719 322 5784 qui
350 5717 626 5771 viderint?
655 5716 842 5783 quoties
876 5716 1006 5767 hanc
1036 5716 1288 5768 veritatem
1320 5714 1719 5768 lusoriasomnia
1742 5732 1838 5783 pu-

1942 4615 2159 4687 gloriam
2183 4618 2356 4681 evecti,
2397 4618 2689 4670 deterrimos
2711 4633 2934 4686 quosque
2955 4619 3006 4671 in
3041 4620 3118 4670 sui
3148 4620 3524 4672 in:.-idiamcon-

1942 4709 2189 4762 citarunt:
2211 4710 2391 4778 quibus
2415 4707 2722 4761 delatoi'ibus
2747 4707 3088 4762 Theodericus
3113 4725 3203 4762 rex
3223 4727 3520 4779 persuasus,

1940 4804 2072 4855 virus
2099 4802 2408 4854 clarissimos
2437 4802 2645 4869 perinde
2671 4818 2730 4853 ac
2750 4819 2827 4854 res
2857 4817 3010 4854 novas
3033 4800 3293 4856 molientes
3316 4805 3519 4869 occidit,

1942 4907 2214 4961 eorumque
2236 4894 2365 4945 bona
2389 4893 2560 4944 omnia
2595 4892 2888 4957 publicavit.
2915 4892 3020 4947 Sed
3049 4895 3226 4963 pa'ucis
3263 4907 3372 4959 post
3422 4895 3524 4948 die-

1943 4981 2036 5035 bus
2066 4983 2282 5034 mananti
2313 4981 2391 5034 illi
2421 4997 2533 5034 cum
2578 4982 2795 5051 ingentis
2824 4984 2976 5052 piscis
2996 4994 3146 5054 caput
3177 4986 3400 5038 ministri
3419 5001 3524 5055 ap-

1943 5075 2252 5144 posuissent,
2303 5075 2435 5128 illud
2504 5074 2819 5129 Theoderico
2873 5078 3031 5129 visunt
3103 5086 3175 5130 est
3223 5085 3378 5144 caput
3416 5092 3524 5130 csse

1945 5164 2242 5234 Symmachi
2287 5182 2450 5234 nuper
2491 5168 2664 5230 occisi,
2718 5167 2950 5220 dentibus
2979 5167 3179 5234 quidem
3223 5167 3275 5218 in
3311 5166 3522 5231 inferius

1945 5259 2137 5310 labrum
2161 5258 2414 5325 impactis,
2448 5257 2608 5310 oculis
2630 5273 2745 5310 vero
2776 5267 2911 5312 torve
2934 5267 2982 5312 et
3021 5259 3292 5326 furibunda
3319 5257 3520 5308 intuen-

1952 5345 2080 5398 tibus
2130 5347 2313 5399 minari
2349 5345 2444 5400 sibi
2469 5347 2746 5417 plurimum
2789 5347 3069 5401 videbatur.
3105 5347 3252 5400 Unde
3303 5345 3524 5416 prodigi

1950 5441 2165 5489 novitate
2187 5439 2504 5505 perterritus,
2537 5437 2868 5506 membrisque
2883 5447 3067 5507 prwter
3104 5437 3308 5489 modum
3342 5446 3525 5488 treme-

1949 5529 2148 5583 bundus
2173 5541 2221 5584 et
2256 5529 2488 5595 horrens,
2520 5532 2574 5584 in
2605 5534 2787 5584 lectum
2843 5535 2997 5584 citato
3042 5531 3205 5601 gradu
3243 5546 3295 5584 se
3339 5532 3526 5600 recepit

1947 5624 2319 5693 identidemque
2345 5625 2442 5679 sibi
2464 5635 2699 5697 togarum
2732 5626 2828 5677 vim
2855 5639 3091 5693 magnam
3115 5624 3275 5693 ingeri
3295 5624 3525 5697 jubendo

1949 5718 2160 5784 paulum
2177 5720 2379 5788 quievit.
2413 5717 2623 5786 Elpedio
2645 5717 2825 5771 deinde
2850 5718 3044 5770 medico
3073 5719 3324 5784 omnibus,
3355 5734 3525 5788 quem-
