3998 6368
437 251 537 306 567

1608 255 1715 309 ΑΝ.
1761 256 1967 312 MANL.
2012 254 2164 310 ξεν.
2211 258 2519 314 BOETIUS.

3604 260 3714 313 568

436 364 709 418 admodum
729 363 1047 431 accidissent,
1076 362 1362 431 explicatis,
1395 364 1444 418 in
1477 363 1846 435 Symmachum
1882 364 2011 420 Boe-
2038 369 2090 425 A
2118 364 2515 438 Tltessalont'cat)
2541 370 2691 439 positi
2703 378 2861 422 essent
2888 366 3346 439 Constantinopoli,
3364 371 3715 427 Theodoricus

436 458 659 527 tiumque
688 466 940 527 patratutn
963 472 996 509 a
1019 471 1071 509 se
1094 458 1259 510 scelus
1286 455 1503 527 deflebat
1529 473 1661 527 :quo
1684 457 1898 520 denique
1926 459 2015 510 de—

435 551 637 618 plorato
665 565 728 603 ea:
754 557 960 617 accepta
1002 549 1292 602 calamitate
1329 549 1506 603 dolore
1552 550 1749 619 ingenti
1778 550 2011 617 affectus,

438 640 577 693 haud
602 642 752 709 longe
780 648 891 708 post
911 640 1127 692 moritur
1150 655 1168 693 :
1196 656 1310 692 cum
1341 641 1560 707 primum
1592 639 1686 693 hoc
1711 650 1757 693 et
1782 641 2014 693 ultimum

434 734 638 803 injuria:
664 733 949 801 exemplum
990 736 1042 787 in
1067 734 1163 787 sibi
1192 734 1438 803 subjectos
1471 735 1663 787 idcirco
1687 735 2010 799 exercuisset,

431 825 553 894 quia
574 840 694 892 non,
728 824 801 877 uti
832 834 1177 889 consueverat,
1198 826 1466 894 diligenter
1485 825 1817 896 pervestigata
1837 841 2012 891 causa,

430 915 483 968 in
514 922 680 968 tantos
701 916 829 968 viros
863 917 1305 971 animadverterat.

502 1005 643 1060 Idem
702 1016 890 1061 auctor
937 1008 1077 1062 libro
1128 1010 1286 1063 tertio
1340 1009 1611 1078 prmdictae
1670 1008 1908 1064 historia:
1945 1008 2012 1064 de

430 1111 598 1150 uxore
627 1096 791 1150 Boetii
825 1101 1114 1166 superstite
1136 1101 1341 1155 locutus
1367 1102 1480 1156 hmc
1509 1103 1601 1156 ait.
1627 1102 1773 1157 Unde
1798 1101 1874 1155 vel
1896 1099 2011 1153 Ru-

427 1188 656 1241 sticiana:
684 1186 849 1242 Boetii
877 1192 1132 1260 quondant
1163 1195 1312 1248 uxori
1349 1204 1396 1247 et
1445 1195 1741 1265 Symmachi
1771 1192 2009 1264 filiam-id

428 1282 679 1347 reliquum
709 1281 808 1351 fuit
842 1283 910 1335 ad
936 1284 1087 1337 vitam
1133 1295 1181 1338 et
1212 1287 1280 1339 ad
1309 1288 1624 1342 miseriarum
1668 1290 1926 1344 cumulant
1955 1298 2011 1343 ut

427 1372 596 1425 serrili
622 1382 667 1425 et
691 1373 882 1426 rustico
904 1373 1079 1427 habitu
1099 1374 1303 1439 induta,
1333 1393 1445 1444 quae
1465 1380 1719 1447 egentibus
1739 1380 2008 1447 facultates

426 1483 547 1520 suas
575 1479 888 1539 et'ogaverat,
919 1486 1101 1537 panem
1122 1478 1401 1539 cceteraqne
1419 1473 1487 1525 ad
1518 1473 1696 1526 rictum
1722 1475 2010 1528 necessaria

426 1558 490 1612 ab
518 1560 747 1614 hostibus
794 1561 1103 1615 mendicaret
1126 1578 1144 1616 :
1172 1561 1348 1615 domos
1374 1563 1509 1617 enim
1552 1564 1909 1617 circumeundo
1938 1566 2008 1631 fo-

426 1665 607 1718 resque
632 1651 973 1720 oppulsando,
1007 1653 1173 1706 cibum
1220 1652 1334 1706 dari
1379 1653 1474 1706 sibi
1504 1654 1803 1724 suppliciter
1830 1671 2005 1723 preca-

425 1739 573 1793 batur
596 1740 670 1793 nil
698 1757 904 1810 prorsus
949 1742 1069 1796 huic
1107 1744 1399 1815 ignominite
1427 1760 1486 1797 ea
1529 1760 1584 1797 re
1630 1744 1896 1812 afferente.
1938 1743 2003 1799 Et
2032 1730 2081 1792 Β

424 1840 561 1883 certe
592 1831 745 1885 Gothi
771 1834 825 1887 in
857 1833 1167 1888 Rusticiana:
1208 1844 1422 1888 ntortem
1466 1836 1893 1903 conspirauerunt,
1925 1836 2005 1891 illi

424 1920 712 1990 objicientes
734 1924 871 1992 quod
892 1926 1141 1978 exercitus
1166 1925 1385 1979 Romani
1407 1926 1621 1979 ducibus
1641 1927 1875 1991 pecunias
1902 1927 2004 1981 lar-

422 2013 582 2082 giens,
614 2014 914 2069 Theoderici
942 2026 1139 2071 statuas
1160 2018 1516 2083 disturbasset,
1549 2019 1738 2073 caedem
1761 2019 2003 2089 Symma-

423 2105 505 2158 chi
534 2107 694 2175 patris
720 2106 983 2172 Boetiiqtte
1012 2110 1184 2163 mariti
1220 2112 1346 2163 ulta.
1395 2110 1594 2164 Tolilas
1645 2122 1811 2166 tamen
1860 2113 2003 2165 nulla

423 2195 555 2250 hanc
575 2198 719 2268 afﬁci
744 2199 938 2269 injuria
960 2202 1209 2266 permisit,
1238 2201 1327 2255 sed
1355 2218 1465 2256 eam
1495 2202 1721 2272 aliasque
1741 2219 1912 2259 omnes
1942 2205 2003 2257 ab

424 2288 727 2344 contumelia
750 2290 1000 2345 immunes
1026 2294 1353 2347 conservavit.

851 2378 1192 2439 SEPTIMUM
1223 2382 1592 2453 SIECULUM,

715 2486 938 2527 mumuu
972 2489 1036 2527 an
1063 2489 1197 2529 anno
1228 2473 1332 2529 600
1362 2490 1429 2529 so
1449 2490 1537 2529 ΑΝ.
1571 2475 1695 2532 700.

496 2562 657 2629 Beda,
686 2565 1008 2621 venerabilis
1039 2566 1215 2621 dictus
1258 2575 1475 2638 propter
1497 2570 1621 2624 vitae
1660 2569 2001 2626 sanctitatem

422 2669 736 2727 morumque
778 2657 1115 2726 gravitatem,
1155 2661 1288 2715 tanti
1324 2660 1450 2717 fecit
1496 2662 1739 2718 Boetium
1784 2664 2005 2735 ejusque

423 2749 750 2816 doctrinam,
791 2761 849 2804 ut
890 2753 1314 2808 commentarios
1357 2756 1637 2825 scripserit
1659 2756 1711 2812 in
1743 2757 1915 2813 Boetii
1942 2759 2006 2813 li-

422 2838 574 2893 brum
604 2839 669 2895 de
693 2840 973 2898 Trinitate.
996 2842 1073 2898 De
1099 2844 1285 2900 eodem
1316 2847 1498 2902 Boetio
1542 2847 1803 2904 honorate
1826 2857 1881 2905 et
1911 2848 2007 2903 ho-

424 2930 643 2987 noriﬁce
665 2933 825 2987 multa
859 2935 1053 3002 passim
1075 2934 1158 2991 hic
1179 2947 1365 2992 auctor
1378 2939 1650 3006 praedicat.

845 3024 1170 3083 OCTAVUM
1212 3028 1574 3099 SIECULUM,

714 3131 937 3171 multum
976 3134 1040 3171 an
1076 3134 1213 3175 anno
1253 3121 1355 3177 700
1386 3138 1451 3176 an
1477 3138 1565 3177 an.
1594 3122 1720 3179 800.

493 3207 688 3264 Paulus
710 3208 988 3278 diaconus,
1020 3212 1110 3282 qui
1141 3223 1333 3284 rogatu
1356 3216 1672 3287 Adelburgte
1702 3217 1824 3271 ﬁlia:
1853 3217 2002 3272 Desi-

422 3305 720 3377 deriiregis
746 3311 909 3363 multa
941 3309 1007 3363 ad
1038 3310 1278 3381 Eutropii
1311 3312 1586 3368 historiam
1611 3314 1844 3378 addidit,
1867 3314 2002 3369 libro

422 3399 648 3465 septimo
692 3400 853 3468 hujus
901 3401 1231 3469 appendicis,
1278 3414 1557 3474 postquam
1602 3406 1824 3461 dixisset
1851 3404 2004 3460 Joan-

423 3503 548 3543 nem
579 3504 788 3560 papam,
814 3491 1179 3561 Theodorum,
1228 3494 1593 3564 Importunum
1623 3506 1679 3551 et
1720 3498 2000 3566 Agapitum

423 3579 732 3634 consulares
760 3582 937 3648 viros,
989 3585 1260 3655 aliumque
1288 3586 1569 3656 Agapitum
1615 3587 1893 3655 patricium
1934 3588 2000 3643 ad

422 3667 684 3724 Iustinum
726 3672 928 3743 legatos
956 3675 1008 3728 in
1039 3676 1228 3731 itinere
1272 3678 1578 3732 demoratos
1602 3678 1786 3746 fuisse,
1815 3680 1997 3734 addit:

426 3760 757 3817 Theodericus
782 3766 919 3819 rabie
941 3782 1050 3820 sua:
1094 3768 1378 3837 iniquitatis
1411 3771 1701 3825 stimulatus
1720 3813 1735 3837 ,
1770 3772 2001 3841 Symma-

421 3855 573 3908 chum
592 3856 915 3912 exconsulent
937 3876 998 3912 ac
1025 3862 1318 3927 patricium,
1351 3872 1398 3916 et
1439 3861 1671 3917 Boetium
1689 3866 1933 3920 seniorem
1955 3876 2002 3920 et

420 3951 738 4005 exconsulem
768 3951 1046 4007 catholicos
1072 3954 1148 4006 vir
1182 3971 1205 4007 s
1227 3956 1401 4023 gladio
1428 3956 1717 4011 trucidavit.

893 4042 1129 4098 NONUM
1167 4045 1531 4112 SIECULUM,

741 4148 964 4188 multum
986 4151 1050 4188 ΑΒ
1072 4151 1207 4189 anno
1229 4137 1333 4192 800
1356 4154 1421 4191 an
1443 4154 1529 4191 an.
1555 4138 1680 4195 900.

490 4311 627 4378 Ado,
674 4312 993 4370 Viennensis
1030 4316 1486 4388 archiepiscopus,
1520 4321 1632 4390 qui
1678 4321 1997 4378 breviarium

418 4404 788 4461 chronicorum
818 4408 888 4462 ab
913 4408 1116 4478 origine
1145 4411 1325 4465 mundi
1353 4412 1418 4465 ad
1448 4426 1541 4467 sua
1574 4429 1739 4485 usque
1758 4424 1997 4487 tempora

2118 477 2209 515 rea:
2234 462 2495 517 ha’reticus
2522 464 2679 515 tenuit
2694 462 2822 515 duos
2835 464 3378 530 senatorcs'prwclaros
3405 475 3449 518 et
3462 482 3714 520 mansu-

2117 554 2210 619 les,
2230 554 2595 624 Synmtachtut;
2610 565 2654 606 et
2672 552 2978 617 Boetinm,et
2992 555 3173 607 occidit
3186 556 3487 625 interﬁciens
3508 556 3709 630 gladio.

2509 641 2851 700 ‘necmuu
2895 643 3268 715 gsrecuwu

2396 753 2613 792 mutnus:
2642 755 2707 792 ΑΒ
2728 752 2864 793 ΑΝΝο
2899 738 3004 793 900
3029 738 3094 793 ad
3126 756 3214 793 an.
3248 739 3405 795 1000.

2185 830 2317 884 Cum
2347 844 2466 885 ossa
2497 832 2663 885 Boetii
2694 832 2873 885 multis
2897 832 3093 888 abhinc
3116 834 3582 903 srcculisjacerent
3611 854 3708 891 nc-

2113 922 2287 991 glectu
2319 931 2622 991 temporum
2655 923 2830 977 minus
2860 922 3143 988 honorata,
3194 926 3337 981 Otho
3368 930 3559 983 tertius
3606 930 3708 982 im-

2114 1021 2329 1082 perator
2354 1012 2539 1067 eadem
2564 1029 2833 1068 marmore
2859 1015 3058 1069 includi
3084 1015 3243 1084 jussit
3269 1035 3281 1069 :
3309 1018 3566 1087 inscripto
3593 1024 3711 1073 etn—

2111 1107 2219 1175 gio,
2250 1106 2391 1174 quod
2430 1107 2729 1175 composuit
2770 1107 3065 1164 Gerbertus
3113 1110 3395 1166 ltavennas
3434 1113 3708 1183 archiepi-

2112 1212 2326 1268 scopus,
2369 1198 2623 1267 magister
2647 1198 2777 1253 olim
2810 1199 3055 1269 AuguSti,
3090 1200 3141 1254 is
3161 1202 3251 1268 qui
3299 1216 3542 1258 summus
3568 1220 3708 1273 pon-

2113 1288 2243 1344 tifex
2266 1300 2500 1355 creatus,
2544 1290 2825 1361 Sylvester
2852 1291 3121 1346 secundus
3149 1291 3322 1346 dictus
3351 1304 3455 1360 est,
3502 1296 3709 1364 quique

2112 1397 2218 1436 non
2246 1395 2403 1435 secus
2423 1396 2485 1433 ac
2515 1381 2730 1435 Boetius
2755 1382 2824 1435 ob
2847 1381 3165 1451 exquisitam
3190 1378 3589 1438 reconditarum
3618 1400 3708 1439 re-

2111 1488 2228 1529 rum
2254 1472 2532 1527 scientiam
2562 1486 2749 1540 magus
2780 1471 2915 1525 falso
2938 1481 3022 1525 est
3072 1470 3283 1526 habitus
3318 1473 3386 1529 ab
3415 1473 3704 1544 imperitis.

2112 1562 2350 1631 Elogium
2376 1571 2557 1617 autem
2588 1562 2721 1617 illud
2756 1562 2839 1617 his
2870 1563 3113 1617 versibus
3148 1565 3446 1632 expressit:

2257 1654 2416 1708 Roma
2439 1663 2615 1722 potens
2636 1653 2757 1706 dum
2771 1656 2896 1724 jura
2910 1669 3002 1707 suo
3023 1654 3248 1708 declarat
3268 1656 3319 1708 itt
3342 1658 3481 1722 orbe,

2246 1745 2327 1800 Tu
2352 1758 2493 1815 pater
2518 1756 2563 1801 et
2591 1749 2772 1818 patria:
2800 1746 2993 1814 lumen,
3030 1748 3269 1802 Severine
3311 1747 3480 1818 Baeti,

2249 1840 2480 1895 Consulis
2505 1840 2667 1910 ofﬁcio
2704 1856 2874 1894 rerum
2905 1841 3130 1911 disponis
3152 1840 3394 1908 habenas,

2250 1930 2497 2000 Infundis
2519 1932 2687 1986 lumen
2711 1931 2893 1986 studiis
2917 1942 2963 1986 et
2988 1932 3166 1987 cedere
3188 1934 3351 1988 nescis

2249 2024 2543 2079 Graecorum
2568 2025 2807 2094 ingeniis.
2838 2024 2929 2079 sed
2951 2041 3089 2079 mens
3113 2027 3285 2079 divina
3305 2036 3497 2079 coercet

2250 2114 2533 2185 Imperium
2554 2118 2747 2171 mundi.
2778 2114 2965 2171 Gladio
3007 2117 3279 2171 bacchante
3304 2117 3593 2172 Gothorum

2247 2206 2474 2261 Libertas
2496 2208 2730 2261 Romana
2754 2208 2883 2277 perit
2906 2223 2926 2261 :
2948 2218 3002 2261 tu
3027 2208 3204 2261 consul
3224 2218 3271 2261 et
3303 2208 3450 2263 exsul

2251 2298 2484 2371 lnsignes
2505 2300 2680 2353 titulos
2695 2300 2946 2369 prwclara
2964 2309 3122 2353 morte
3142 2300 3404 2367 relinquis.

2253 2389 2406 2444 Nunc
2426 2392 2579 2444 decus
2600 2391 2820 2459 imperii,
2834 2406 3060 2443 summas
3081 2391 3169 2458 qui
3189 2400 3473 2460 praegravat
3486 2400 3624 2444 artes

2248 2480 2449 2535 Tertius
2476 2482 2597 2535 Utto
2626 2497 2721 2535 sua
2750 2482 2963 2553 dignum
2990 2490 3035 2534 te
3055 2482 3256 2552 jndicat
3287 2481 3437 2545 aula;

2257 2572 2626 2640 Afternumque
2656 2572 2731 2625 tui
2756 2575 2931 2626 statuit
2968 2573 3276 2625 monimenta
3301 2571 3510 2636 laboris,

2253 2658 2319 2713 Et
2345 2660 2467 2715 bene
2487 2664 2813 2729 promeritunt
2844 2662 3038 2715 meritis
3068 2671 3283 2714 exornat
3312 2662 3556 2715 honestis.

2502 2752 2903 2808 UNDECIMUM
2930 2750 3299 2819 SZECULUM,

2355 2857 2578 2898 Nzutnuu
2616 2861 2681 2899 an
2711 2859 2846 2898 uno
2879 2844 3016 2898 1000
3053 2861 3120 2897 At)
3159 2860 3247 2899 AN.
3281 2844 3438 2900 1100.

2183 2934 2491 3004 Sigebertus
2544 2937 2839 2989 monachus
2890 2924 3315 3000 Gemblacensis,
3368 2935 3573 2990 ordinis
3630 2934 3691 2991 S.

2111 3025 2409 3093 Benedicti,
2454 3027 2543 3095 qui
2594 3026 2734 3081 inter
2784 3027 3070 3082 historicos
3106 3041 3213 3079 non
3240 3027 3486 3081 ultimum
3515 3027 3693 3081 locum

2028 3103 2075 3165 C
2110 3120 2269 3173 habet
2296 3118 2348 3172 in
2371 3132 2474 3173 suo
2503 3118 2570 3172 de
2596 3118 2951 3187 scriptoribus
2984 3118 3281 3173 illustribus
3309 3133 3473 3187 Opere
3493 3160 3508 3186 ,
3533 3118 3692 3172 dubi-

2112 3221 2186 3266 tat
2239 3228 2365 3267 num
2400 3212 2613 3268 Boetius
2635 3213 3014 3279 conlcrcndus,
3067 3228 3133 3266 an
3182 3210 3545 3281 praeferendus
3576 3211 3692 3280 phi-

2109 3304 2345 3371 IOSOphiS
2388 3315 2441 3359 et
2498 3303 2845 3358 szecularibus
2895 3313 2949 3358 et
2993 3301 3390 3357 ecclesiasticis.
3441 3299 3693 3367 Boetius,

2056 3441 2059 3444 .
2110 3395 2282 3464 inquit
2311 3410 2429 3465 cap.
2450 3396 2538 3463 57,
2578 3396 2655 3449 vir
2684 3396 2969 3451 consularis
2998 3396 3353 3465 conferendas,
3384 3394 3459 3448 t'el
3500 3399 3695 3465 praefe-

2108 3492 2295 3544 rendus
2318 3492 2635 3561 philosOphis
2662 3501 2709 3547 et
2730 3492 3057 3546 swcularibus
3083 3501 3130 3546 et
3157 3491 3541 3554 ecclesiasticis;
3569 3489 3692 3558 quia

2106 3598 2197 3635 nos
2247 3581 2509 3652 ambiguos
2551 3599 2657 3636 esse
2688 3583 2833 3650 facit,
2870 3599 2937 3635 an
2962 3584 3091 3635 inter
3127 3582 3417 3643 steculares,
3450 3598 3517 3633 an
3558 3581 3692 3633 inter

2106 3675 2469 3729 ecclesiasticos
2517 3676 2786 3742 scriptores
2809 3675 2961 3743 fuerit
3000 3673 3250 3727 illustrior
3278 3673 3553 3729 ?Laudent
3578 3688 3693 3727 eum

2105 3768 2397 3834 strcnlares,
2424 3765 2561 3835 quod
2600 3765 2881 3837 lsagogas,
2918 3766 3052 3835 quod
3085 3764 3510 3830 Pert'herntenias,
3553 3766 3693 3835 quod

2106 3862 2400 3931 Cutegorias
2430 3857 2745 3913 transtulerit
2767 3858 2831 3910 de
2856 3857 3031 3911 Graco
3078 3858 3130 3910 in
3176 3855 3437 3919 Latinum,
3470 3864 3516 3909 et
3543 3872 3691 3925 capo.

2104 3956 2257 4009 suerit
2275 3972 2291 4019 ;
2308 3954 2445 4025 quod
2462 3952 2652 4016 Tapica
2675 3951 2930 4005 Ciceronis
2945 3951 3250 4020 exposuerit,
3267 3949 3403 4017 quod
3420 3949 3693 4010 Anteprtc-

2105 4054 2414 4121 dicamenta,
2444 4052 2581 4121 quod
2629 4050 2781 4104 libros
2812 4049 2873 4102 de
2902 4047 3108 4115 Topicis
3141 4044 3470 4110 Differentiis,
3501 4043 3564 4096 de
3591 4043 3693 4096 Co-

2106 4148 2328 4217 gnitione
2349 4145 2624 4199 dialectica:
2645 4153 2693 4196 et
2714 4140 3000 4202 rhetoricis,
3024 4148 3070 4192 et
3105 4135 3439 4189 Distinctione
3470 4134 3693 4187 rhetori-

2107 4252 2280 4289 corum
2308 4236 2557 4297 locorum,
2587 4232 2651 4285 de
2676 4228 2942 4284 Communi
2959 4225 3337 4281 Prazdicatione
3358 4224 3619 4290 potestatis
3643 4232 3692 4274 et

2104 4326 2472 4398 possibilitatis,
2497 4324 2560 4377 de
2584 4320 2890 4390 Categoricis
2908 4328 2952 4372 et
2986 4316 3341 4388 Hypotheticis
3358 4313 3691 4384 Sylloyismis

2107 4419 2260 4474 libros
2306 4426 2352 4473 et
2376 4418 2479 4471 alia
2516 4414 2677 4468 multa
2724 4410 3006 4480 scripserit,
3035 4409 3169 4478 quod
3221 4407 3607 4461 Arithmrticam
3641 4416 3690 4457 et

419 4500 731 4563 productum
792 4502 1117 4569 composuit,
1155 4502 1380 4572 loquens
1421 4505 1490 4559 de
1538 4505 1743 4563 Joanne
1788 4524 1999 4564 summo
2025 4481 2078 4541 Β
2106 4511 2362 4565 Musicant
2392 4508 2591 4562 Latinis
2616 4506 2895 4575 scripserit.
2922 4503 3033 4557 Nos
3067 4500 3391 4555 ecclesiastici
3412 4499 3689 4551 laudamus

418 4589 670 4656 pontiﬁce
694 4591 798 4644 ait:
836 4591 963 4645 Cum
1005 4594 1206 4648 rediens
1238 4596 1531 4651 Ravennam
1563 4600 1793 4661 venisset,
1840 4600 1998 4655 Theo-

415 4681 613 4735 dericus
646 4698 760 4735 eum
789 4698 903 4736 cum
938 4686 1203 4740 comitibus
1231 4690 1427 4743 caeteris
1476 4692 1691 4744 carceris
1732 4693 1996 4760 afflictione

415 4772 647 4837 peremit,
676 4772 869 4826 invidia
897 4774 1099 4843 ductus,
1129 4779 1247 4845 quia
1275 4779 1541 4834 catholicae
1582 4781 1782 4846 pietatis
1817 4781 1995 4851 defen-

413 4878 499 4914 sor
525 4860 759 4916 Justinus
786 4880 901 4917 cum
923 4866 1198 4935 honorifice
1240 4871 1561 4940 suscepisset.
1614 4872 1727 4937 Quo
1772 4882 1992 4943 tempore

414 4952 780 5022 Symmachum
804 4965 951 5023 atque
982 4954 1216 5010 Boetiutn
1242 4963 1531 5015 consulares
1559 4963 1690 5016 viros
1710 4980 1802 5032 pro
1824 4963 1994 5017 cat/to-

412 5044 510 5096 lica
536 5046 720 5114 pietate
742 5047 872 5099 idem
901 5046 1247 5102 Theodoricus
1275 5051 1477 5106 occidit.

480 5229 796 5284 Anastasius
816 5232 1124 5300 apostolica:
1147 5232 1483 5289 bibliothecae
1510 5246 1691 5291 custos
1717 5247 1770 5291 et
1790 5224 1994 5292 instau-

408 5332 574 5387 των,
606 5322 696 5392 qui
738 5333 1018 5392 promeres
1052 5325 1245 5380 dicitur
1283 5325 1749 5395 Bibliothecarius,
1800 5330 1851 5383 in
1894 5347 1990 5385 sua

407 5417 717 5484 pontiﬁcum
735 5418 965 5472 llistoria
984 5417 1048 5472 ad
1062 5418 1319 5474 Joannem
1338 5421 1351 5472 Ι
1372 5419 1485 5473 inec
1498 5421 1565 5475 de
1585 5422 1768 5476 Boetio
1784 5423 1989 5477 scribit:

412 5508 619 5570 Eadem.
641 5509 833 5579 inquit,
859 5521 1096 5580 tempore,
1125 5528 1237 5564 cum
1257 5511 1310 5564 hi
1326 5514 1684 5582 suprascripti,
1702 5514 1755 5565 id
1771 5528 1843 5569 est
1860 5534 1993 5586 papa

407 5599 629 5654 Joannes
644 5619 756 5654 cum
774 5603 1089 5656 senaton’bus
1108 5603 1378 5658 Theodoro
1390 5604 1676 5667 exconsule,
1688 5604 1991 5674 [inportuno

412 5695 700 5760 exconsttle,
726 5698 943 5765 Agapito
969 5697 1237 5751 meonsule
1256 5695 1493 5768 (Agopito
1520 5698 1734 5766 patricio
1749 5698 1987 5766 defuncto

2070 4668 2071 4675 κ
2100 4618 2216 4657 eunt
2263 4602 2397 4671 quod
2427 4601 2611 4652 librum
2638 4596 2700 4651 de
2723 4598 2918 4650 Sancta
2945 4593 3196 4647 Trinitate
3239 4591 3522 4656 scripserit,
3550 4590 3688 4658 quod

2100 4694 2361 4749 exsiliatus
2411 4710 2441 4744 a
2485 4690 2801 4743 Theodorico
2831 4687 3115 4741 Gothorum
3156 4696 3202 4740 et
3249 4683 3508 4737 Italorum
3550 4700 3682 4752 rege,

2100 4802 2193 4854 pro
2236 4800 2293 4837 eo
2326 4785 2461 4846 quod
2510 4783 2639 4836 tueri
2675 4782 2869 4835 volebat
2913 4780 3193 4834 libertatrm
3247 4778 3495 4832 Romana:
3523 4780 3680 4842 urbis,

2097 4875 2298 4941 scripsit
2326 4874 2509 4927 librum
2532 4874 2592 4925 de
2615 4870 2970 4925 Consolatione
2990 4870 3344 4940 philosOphia’.
3374 4868 3480 4923 Hic
3513 4871 3574 4922 ab
3599 4886 3681 4923 ro-

2105 4969 2218 5021 dem
2248 4982 2361 5037 rege
2381 4964 2696 5018 Theodorico
2718 4964 2915 5017 occisus
2933 4972 3027 5016 est.

2177 5150 2444 5204 Honorius
2473 5145 2975 5216 Augustodunensis
3005 5143 3261 5200 Ecclesiae
3306 5142 3591 5211 presbytrr
3630 5143 3676 5194 iu

2100 5242 2304 5297 Chron.
2344 5259 2356 5293 ι
2390 5240 2616 5300 Boetius,
2668 5238 2765 5304 ait,
2798 5237 3037 5308 patricius
3067 5235 3145 5289 vel
3182 5234 3364 5288 consul
3392 5235 3594 5303 scripsit
3620 5233 3678 5285 Ii-

2103 5335 2249 5387 brunt
2272 5333 2335 5386 de
2357 5332 2549 5387 Sancta
2576 5330 2618 5384 Τ
2620 5330 2843 5395 rinitate,
2875 5337 2924 5381 et
2950 5328 3111 5380 aliunt
3138 5326 3202 5381 de
3228 5324 3604 5387 Consolatione,
3632 5332 3676 5375 et

2097 5423 2423 5494 quadrivium
2446 5422 2509 5473 de
2531 5420 2711 5474 Gra’co
2735 5415 3019 5475 transtulit.
3049 5417 3102 5469 id
3150 5424 3223 5469 est
3253 5414 3634 5468 Arithmetiram
3656 5452 3669 5474 ,

2099 5514 2153 5569 Μ
2159 5515 2371 5575 usicant,
2402 5512 2759 5575 Geontetriam,
2784 5508 3182 5562 Astronomiam.
3209 5505 3540 5560 Dialecticant
3566 5518 3669 5558 vero

2094 5605 2404 5675 explanavit.
2442 5607 2482 5659 Α
2512 5604 2825 5659 Thcodorico
2848 5600 3132 5657 Gothorum
3156 5615 3270 5669 rege
3296 5598 3574 5653 Mediolani
3599 5596 3663 5647 itt-

2098 5698 2366 5765 terﬁcitttr.
