3998 6368
531 220 626 274 571

531 429 685 482 Hunc
712 430 921 499 quidam
968 429 1236 483 Manilium
1266 441 1468 499 vocant,
1531 448 1589 485 eo
1629 435 1765 502 quod
1812 449 1843 484 a
1894 434 2110 488 Manilio

531 519 789 583 Torquato
816 521 1062 590 originem
1096 522 1302 577 duxisse
1330 523 1559 577 tradant.
1595 526 1693 589 Qui
1726 541 1839 578 cum
1874 541 1987 579 vere
2024 543 2113 579 ca-

529 612 748 665 tholicus
774 622 921 676 esset,
954 630 1045 667 nec
1084 614 1290 669 Arianis
1331 618 1484 669 etiam
1523 634 1745 686 perscepe
1781 633 1992 688 roga‘us
2021 622 2111 674 ob-

528 715 808 770 temperare
836 705 1005 769 vellet,
1038 713 1086 757 et
1136 706 1246 774 ipse
1281 724 1312 758 a
1354 705 1672 761 Theoderico
1701 726 1817 780 rege
1843 712 1934 763 sub
1972 712 2108 764 vela-

528 804 695 847 mento
739 794 989 861 a/fectata:
1026 795 1273 851 libertatis
1322 810 1436 865 post
1478 816 1708 853 socerum
1744 817 1894 853 suum
1943 801 2112 855 Ticini

528 887 760 939 exsulare
776 887 1008 957 jubetur,
1038 898 1087 942 et
1108 890 1425 959 postmodum
1455 892 1815 960 instigantibus
1859 894 2108 948 lnereticis

527 986 769 1046 perpetuo
796 980 985 1032 carceri
1024 982 1297 1033 damnatur
1319 996 1338 1035 :
1366 982 1417 1035 in
1446 1000 1546 1052 qua
1581 984 1785 1053 quidem
1816 984 2108 1039 calamitate

526 1074 850 1139 constitutus,
878 1077 947 1128 ad
970 1077 1297 1130 recreandum
1318 1080 1544 1131 animum
1571 1096 1741 1146 suum,
1774 1097 1888 1134 cum
1910 1082 1964 1134 in
2001 1099 2113 1134 ma-

526 1165 808 1219 thematicis
838 1167 1157 1222 doctissimus
1180 1178 1327 1233 esset,
1351 1170 1653 1223 ehiterinum
1684 1188 1711 1224 e
1735 1188 1883 1225 nervo
1913 1173 2110 1241 primus

528 1259 829 1327 excogitavit
858 1268 906 1311 et
934 1260 1142 1325 excidit,
1170 1262 1305 1327 quod
1335 1262 1538 1330 quidem
1580 1266 1835 1317 modernis
1866 1269 2110 1333 tempori-

527 1348 639 1415 bus,
656 1351 859 1404 musicis
880 1352 1069 1406 celebre
1098 1354 1489 1407 instrumentum
1508 1355 1743 1413 habetur.
1765 1358 1964 1412 Ibidem
1980 1378 2108 1429 quo-

525 1456 622 1505 que
643 1444 943 1496 constitutus
980 1444 1047 1497 ad
1077 1445 1355 1497 multorum
1402 1447 1674 1501 utilitatem
1714 1450 2110 1519 pratelarissima

526 1542 675 1600 atque
718 1534 1106 1588 innumerabilia
1133 1537 1279 1604 quasi
1304 1536 1465 1590 edidit
1500 1542 1765 1608 apuscula,
1795 1551 1843 1595 et
1887 1560 2004 1613 qua:
2041 1546 2111 1597 ad

525 1638 704 1675 manus
734 1623 973 1677 devenere
997 1625 1107 1679 hare
1132 1627 1244 1696 ipsa
1286 1638 1426 1681 sunt.
1476 1630 1537 1683 Et
1568 1642 1751 1699 postea
1785 1650 1797 1687 :
1831 1633 1984 1687 Hune
2018 1638 2108 1688 de-

525 1713 678 1782 nique
702 1715 866 1768 virum
887 1717 1132 1785 optimum
1160 1728 1206 1770 et
1229 1731 1462 1773 sanctum
1494 1720 1843 1778 Theodoricus
1865 1743 1957 1779 rex
1980 1743 2103 1779 cum
2136 1711 2184 1771 Β

526 1806 577 1857 in
603 1808 900 1859 sententiam
918 1824 1064 1861 suam
1081 1811 1287 1864 omnino
1307 1814 1442 1878 ﬂecti
1466 1830 1563 1866 non
1586 1827 1773 1883 posset,
1795 1817 2107 1872 Arianorum

525 1897 663 1950 rabie
686 1901 987 1967 concitatus,
1032 1912 1144 1971 post
1185 1903 1389 1973 longum
1419 1908 1636 1958 carceris
1674 1909 1982 1976 squalorem,
2013 1911 2107 1963 im-

525 1998 732 2059 perante
761 1989 967 2044 Iustino
999 1995 1193 2047 seniore
1217 1996 1465 2065 Angusto,
1509 2015 1643 2051 anno
1669 1999 1857 2053 scilicet
1903 2002 2107 2057 Domini

526 2082 683 2132 nostri
706 2081 809 2136 5'20
830 2084 972 2149 apud
1013 2084 1229 2154 Papiam
1260 2105 1353 2154 pro
1389 2091 1638 2144 catholica
1670 2093 1768 2157 ﬁde
1800 2094 1966 2145 occidi
1987 2098 2107 2166 jus-

526 2173 587 2225 sit
610 2189 629 2225 .'
646 2174 791 2243 cujus
814 2193 995 2246 corpus
1017 2178 1202 2231 ibidem
1226 2182 1275 2233 in
1307 2182 1407 2234 divi
1432 2184 1704 2252 Augustini
1725 2188 1915 2253 templo
1936 2188 2104 2240 adhuc

525 2261 738 2315 habetur
767 2267 1049 2323 conditum.
1083 2268 1147 2327 Et
1170 2281 1289 2324 sunt
1315 2274 1403 2341 qui
1437 2274 1607 2327 dicant
1637 2293 1747 2329 eum
1778 2279 1828 2331 in
1873 2279 2103 2350 catalogo

526 2364 814 2408 sanctorum
840 2374 952 2410 eam
975 2359 1035 2412 ob
1057 2377 1163 2413 rem
1197 2363 1354 2429 fuisse
1386 2367 1624 2431 relatum,
1656 2378 1702 2421 et
1740 2380 1971 2423 sanctum
2003 2370 2103 2425 Se-

526 2447 748 2500 verinum
770 2450 1063 2506 vocitatum.

1273 2547 1360 2600 ιγ.

596 2629 919 2687 Hermolaus
950 2634 1232 2704 Barbarus,
1268 2643 1523 2708 patricius
1555 2642 1806 2705 Venetus.
1838 2645 2105 2715 archiepi-

526 2733 719 2786 scopus
742 2732 794 2775 et
825 2724 1120 2790 patriarcha
1149 2731 1561 2799 Aquilegiensis,
1593 2733 1642 2786 in
1668 2749 1759 2787 sua
1792 2735 2105 2801 pra-latinae

526 2824 681 2876 quam
712 2810 913 2877 habuit,
937 2806 1058 2868 cum
1089 2817 1252 2871 libros
1279 2820 1456 2875 Aristo
1484 2823 1581 2876 clis
1612 2824 1755 2878 domi
1785 2828 1947 2889 enm-it
1970 2843 2107 2896 prae-

526 2899 720 2970 legere.
749 2903 867 2969 Qui,
897 2907 1085 2977 inquit,
1102 2922 1303 2980 putant,
1328 2914 1461 2967 hunc
1483 2915 1679 2968 aditum
1701 2928 1873 2985 patere
1892 2921 2103 2987 nemini,

525 2997 609 3060 qui
652 2997 851 3053 scholas
884 3000 997 3054 illas
1038 3005 1376 3072 philosophice
1422 3024 1680 3077 nunquam
1726 3012 2007 3075 intravirit,
2052 3014 2105 3065 in

525 3103 706 3159 magno
748 3102 1011 3145 versantur
1046 3110 1254 3151 errore:
1286 3101 1695 3169 quandoquidem
1735 3105 1862 3155 tales
1900 3103 2102 3158 scholas
2129 3079 2176 3141 c

524 3193 613 3231 nec
658 3180 866 3237 Marcus
917 3184 1117 3251 Varro,
1171 3206 1260 3241 nec
1304 3189 1526 3254 Brutus,
1579 3210 1671 3247 nec
1715 3195 1979 3262 Plancius,
2014 3213 2103 3249 nec

525 3269 839 3339 Chalcidiur,
876 3292 965 3328 nec
997 3276 1203 3332 Boetius
1242 3282 1455 3351 ingressi
1477 3298 1496 3337 .'
1524 3301 1627 3337 non
1656 3287 1961 3353 Alexander,
2002 3305 2104 3343 non

529 3359 849 3429 l'hemistius,
875 3382 975 3419 non
1002 3367 1341 3439 Porphyrius,
1363 3389 1460 3426 non
1479 3372 1819 3441 .lamblichus,
1840 3394 1940 3430 non
1964 3378 2104 3432 Sint-

526 3452 726 3515 ulicius,
772 3454 1063 3525 philosophi
1092 3469 1257 3515 tamen
1286 3465 1690 3533 eminentissimi,
1734 3477 1781 3519 et
1816 3468 2101 3524 Aristotelis

527 3544 813 3614 interpretes
834 3551 1146 3618 juratissimi
1172 3556 1330 3624 fuere.

1283 3646 1345 3702 ν.

593 3731 825 3799 Angelus
856 3734 1171 3802 Politianus,
1197 3741 1287 3807 qui
1328 3742 1598 3797 excellens
1626 3759 1745 3798 cum
1776 3756 1952 3813 poeta,
1988 3756 2096 3801 tum

525 3833 720 3888 orator,
753 3828 915 3881 multa
945 3837 1051 3881 tam
1085 3828 1271 3886 Graece
1298 3850 1453 3901 quam
1493 3834 1679 3890 Latine
1715 3837 1882 3890 edidit
1910 3853 2095 3905 opera,

524 3911 572 3966 in
601 3918 711 3968 suis
750 3916 1124 3983 Misceltancis,
1162 3936 1279 3990 cap.
1318 3921 1367 3986 1,
1401 3924 1467 3977 de
1501 3925 1685 3979 Boetio
1714 3928 1792 3979 sic
1822 3927 2095 3996 loquitur:

525 4005 649 4066 Quis
697 4003 872 4060 Boetio
903 4009 979 4061 vel
1006 4011 1057 4062 in
1095 4012 1377 4066 dialecticis
1408 4017 1652 4071 acutior?
1677 4018 1751 4070 vel
1782 4018 2015 4071 subtilior
2043 4021 2096 4072 in

525 4096 932 4154 mathematicis?
970 4103 1047 4154 vel
1086 4104 1140 4155 in
1175 4104 1497 4175 philosophia
1540 4108 1883 4175 locupletior?
1926 4114 2001 4164 vel
2044 4113 2096 4165 in

526 4184 777 4255 theologia
807 4189 1110 4246 sublimior?
1147 4195 1308 4257 Quem
1344 4198 1468 4248 tanti
1491 4199 1725 4266 juniores
1746 4202 1899 4253 etiam
1934 4202 2101 4268 philo-

524 4276 668 4345 sophi
691 4279 840 4350 longe
867 4283 1135 4353 (arbitror)
1164 4288 1388 4339 omnium
1412 4291 1837 4357 perspicacissimi
1857 4294 2100 4361 fecerunt,

526 4379 577 4418 ut
608 4370 902 4436 Aquinatem
931 4375 1201 4441 Thomam,
1236 4379 1407 4431 dirum
1450 4381 1728 4447 hominem,
1760 4400 2101 4453 magnumque

528 4455 673 4509 illum
716 4459 927 4514 Thoimv
957 4479 1315 4534 prweeptorem
1349 4468 1508 4527 (Deus
1552 4470 1699 4537 bone,
1746 4490 1872 4539 quas
1908 4473 2104 4545 viros!)

529 4550 709 4605 habere
750 4560 987 4610 meruerit
1029 4571 1343 4614 enarratores
1373 4579 1392 4616 :
1424 4565 1673 4617 nimirum
1704 4567 1755 4619 in
1789 4566 1900 4629 his,
1938 4568 2107 4624 innuit

529 4638 791 4707 Valliuus,
809 4663 925 4712 quae
946 4657 1165 4702 sanctus
1182 4651 1475 4707 'l‘limnasin
1497 4654 1662 4709 Boetii
1683 4657 1926 4711 librosde
1938 4659 2107 4712 Triui-

532 4739 639 4784 tate
666 4744 719 4786 et
744 4734 811 4790 de
835 4736 1263 4794 Hebdomadibus
1287 4744 1526 4811 scripsit;
1551 4749 1691 4816 quod
1720 4753 2102 4806 etmimeutaria

530 4820 583 4875 in
630 4822 796 4877 libros
826 4825 992 4880 Boetii
1025 4829 1092 4882 de
1139 4832 1516 4890 Consolatione
1565 4838 1940 4909 philosotihiuz,
1983 4858 2102 4911 qua:

531 4913 689 4981 vulgo
728 4925 914 4969 sancto
969 4919 1189 4976 'ilioma:
1218 4924 1540 4992 tribuuntur,
1595 4928 1751 5000 hujus
1782 4934 2104 4989 sanctissimi

531 5006 763 5064 duetoris
790 5027 895 5064 non
936 5014 1061 5069 sint.

813 5104 1119 5163 DECIMUM
1149 5110 1423 5168 SEXTUM
1460 5115 1822 5181 SECULUM,

794 5217 1011 5258 nuunvn
1038 5222 1102 5259 Αιι
1130 5223 1268 5261 ΑΝκο
1302 5210 1436 5265 1500
1460 5230 1525 5266 sn
1552 5230 1637 5268 AN.
1676 5215 1832 5270 1600.

597 5379 831 5438 Joannes
855 5384 897 5438 Τ
902 5387 1248 5444 ritcuhemius
1270 5392 1433 5446 abbas
1456 5394 1894 5463 Spanheimensis
1920 5400 1972 5453 in
1999 5400 2097 5455 Ca-

532 5469 705 5539 talngo
744 5476 1063 5543 scriptorum
1098 5482 1606 5542 ecclesiasticarum.
1647 5486 1870 5557 Boetius,
1906 5491 2096 5558 inquit,

532 5558 759 5618 Manlius
789 5566 1085 5636 Severinus,
1107 5576 1287 5627 consul
1318 5576 1609 5631 ordinarius
1644 5579 1835 5643 Roma,
1868 5583 2096 5649 philoso-

535 5654 692 5721 phus,
719 5670 887 5715 crater
928 5673 972 5716 et
1021 5674 1164 5733 poeta
1207 5668 1437 5738 ins'gnis,
1482 5672 1534 5723 in
1575 5672 1757 5725 divinis
1812 5674 2096 5744 Scripturis

1706 223 1815 277 AN.
1859 224 2062 278 MA-NL.
2105 222 2254 278 SEV.
2299 225 2606 284 BOETIUS.

530 336 734 409 patricii
754 352 905 407 gener
925 336 1101 390 iisdem
1123 335 1428 404 temporibus
1452 334 1627 389 Horme
1653 338 1965 392 clarissimus
1988 340 2105 405 fuit.

2229 363 2414 432 iactus,
2452 369 2577 420 etin
2603 369 2932 427 stecularibus
2972 373 3156 431 litteris
3185 381 3400 436 omnium

3649 259 3739 316 572

3439 404 3525 442 suo
3551 401 3635 447 tem

2259 415 2270 417 ἡ
2292 415 2298 416 ,
2316 415 2414 432 μ--.
2454 415 2495 419 ν-
2525 415 2577 420 --ν
2603 415 2806 424 -..ν-ηπ-
2823 415 2931 427 -ν-ν
2972 415 3097 429 νιν-υ-
3114 415 3156 431 Iv
3185 415 3400 436 νυιιιιιυη
3439 415 3525 442 sua
3551 415 3635 447 κιη

2216 457 2608 523 eruditissimus,
2629 478 2779 531 gener
2810 463 3109 534 Symmachi
3132 472 3330 538 patricii
3354 477 3465 543 fuit.
3492 480 3571 535 Vir
3588 415 3745 545 (ire:er

2212 558 2260 601 et
2309 547 2493 603 Latino
2547 554 2892 617 copiosissime
2933 558 3156 613 imbutus
3203 563 3417 632 eloquio,
3460 574 3630 641 quippe
3669 586 3745 651 qui

2213 641 2373 693 multa
2400 642 2658 697 volumina
2688 656 2793 699 tam
2822 649 3108 703 Aristotelis
3145 668 3295 721 quam
3319 658 3525 714 aliorum
3549 641 3746 733 philoso-

2214 732 2429 799 phorum
2457 734 2521 786 de
2548 736 2711 788 Attica
2739 739 2912 808 lingua
2943 741 3256 796 transtulerit
3276 745 3327 797 in
3350 732 3571 805 Latinam
3594 773 3608 808 :
3630 758 3750 829 inge-

2215 823 2298 875 nio
2323 824 2542 888 subtilis,
2571 843 2718 879 sensu
2740 840 3021 899 promptus,
3046 841 3195 901 atque
3213 835 3483 893 catholicus
3505 859 3522 904 ;
3549 823 3749 904 sermone

2214 931 2304 967 nec
2337 914 2506 969 Tullio
2536 918 2769 988 inferior.
2800 937 2949 987 quem
2969 926 3134 976 sancti
3161 923 3420 983 Benedicti
3435 947 3616 990 constat
3641 944 3751 994 ami-

2212 1008 2382 1060 citiam
2432 1008 2695 1074 habuisse,
2742 1020 2789 1064 et
2836 1014 2889 1066 in
2930 1025 3096 1069 monte
3138 1015 3347 1073 Cassino
3389 1040 3497 1078 cum
3533 1026 3753 1087 Tertullio

2215 1100 2421 1155 Placidi
2446 1104 2679 1156 monachi
2705 1116 2848 1171 patre
2872 1120 3105 1161 senatore
3128 1111 3182 1163 in
3206 1115 3319 1182 ejus
3344 1131 3510 1169 mensa
3536 1126 3751 1177 comedi»

2213 1210 2283 1249 se.
2321 1196 2539 1261 Scripsit
2569 1200 2730 1251 multa
2758 1201 3006 1269 prmelara
3058 1207 3346 1273 volumina,
3392 1211 3453 1265 de
3475 1216 3639 1281 quibus
3675 1236 3751 1290 ego

2211 1287 2376 1353 reperi
2397 1288 2642 1357 subjecta.

2286 1376 2365 1428 Ad
2407 1376 2771 1447 Symmachum
2800 1398 3027 1436 socerum
3052 1402 3201 1439 suum
3229 1387 3475 1443 Romana:
3514 1397 3639 1449 urbis
3674 1416 3754 1467 pa-

2214 1470 2411 1522 tricium
2434 1473 2495 1524 de
2516 1471 2708 1527 Sancta
2733 1473 2975 1531 Trinitate
3001 1477 3091 1533 lib.
3114 1496 3154 1546 ι,
3180 1482 3358 1552 incipit
3382 1501 3401 1539 :
3419 1486 3757 1561 Investigatam

2213 1559 2450 1627 tliutiss.,
2494 1572 2586 1617 etc.

2286 1652 2362 1706 De
2395 1653 2438 1707 ι]
2445 1656 2602 1708 nitate
2629 1655 2894 1713 Trinitatis
2916 1661 3007 1717 lib.
3031 1677 3070 1728 ι,
3098 1663 3313 1735 incipit:
3336 1668 3521 1732 Qner
3540 1685 3604 1725 an
3628 1672 3758 1728 Pater

2211 1750 2265 1797 et
2297 1742 2476 1811 Filius,
2510 1755 2606 1800 etc.

2287 1833 2359 1887 De
2380 1833 2593 1890 Duabus
2623 1837 2841 1893 Naturis
2890 1842 2942 1894 in
2978 1841 3176 1898 Christo
3204 1846 3293 1899 lib.
3330 1863 3368 1913 ι,
3404 1850 3568 1906 Anxie
3594 1862 3640 1907 te
3665 1856 3760 1924 qu'l

2209 1924 2354 1989 dem,
2382 1936 2481 1980 etc.

2284 2017 2361 2071 De
2395 2016 2523 2073 Fide
2552 2020 2618 2074 ad
2638 2018 2796 2078 Joan.
2832 2023 3104 2081 diaconum
3145 2030 3235 2085 lib.
3269 2048 3309 2097 ι,
3342 2032 3686 2089 Christianam
3716 2037 3762 2089 li«

2207 2112 2500 2168 deuinovL

2279 2204 2358 2257 De
2388 2204 2592 2259 Unitate
2613 2216 2658 2261 et
2691 2208 2805 2263 Uno
2835 2211 2922 2264 lb.
2957 2229 2993 2275 ι,
3030 2213 3214 2269 Unitas
3234 2227 3317 2270 est
3343 2232 3471 2286 qua,
3494 2227 3592 2271 etc.

2282 2294 2358 2348 De
2413 2294 2682 2370 Eisagogis
2747 2299 3028 2372 Porphyrii
3074 2306 3163 2357 lib.
3212 2323 3279 2371 ιι,
3332 2308 3626 2361 liiemantis
3660 2308 3769 2362 anni

2208 2396 2375 2457 temp.
3722 2410 3733 2421 '

2284 2476 2346 2531 In
2366 2480 2638 2532 secundam
2662 2484 2891 2552 ejusdem
2908 2485 3179 2539 editionem
3194 2487 3282 2544 lib.
3306 2505 3344 2553 ι,
3383 2489 3653 2544 Secundus
3677 2490 3768 2543 hic.

2279 2567 2346 2622 In
2378 2570 2669 2641 Categorias
2698 2574 2979 2627 Aristotelis
3010 2576 3100 2630 lib.
3126 2594 3184 2643 ιι,
3214 2580 3497 2648 Expeditis
3525 2580 3624 2640 his.
3654 2593 3739 2633 etc.

2281 2660 2348 2714 In
2398 2660 2809 2718 Perihermenias
2851 2666 3078 2736 ejusdem
3124 2668 3213 2723 lib.
3250 2686 3297 2737 I,
3343 2671 3529 2741 Magna
3579 2672 3773 2739 quidem

2207 2753 2349 2808 libri.

2280 2848 2347 2901 In
2361 2849 2631 2903 editionem
2656 2852 2883 2922 ejusdem
2897 2855 3172 2907 secundam
3190 2854 3367 2919 lib.v1,
3392 2855 3690 2911 Alexander
3710 2856 3775 2909 in.

2283 2941 2359 2994 De
2385 2942 2727 2997 Divisionibus
2753 2945 2841 2999 lib.
2875 2963 2906 3009 ι,
2941 2946 3110 3013 Quam
3139 2964 3365 3018 magnos
3407 2950 3691 3004 studiosus.

2282 3031 2359 3087 De
2395 3034 2783 3102 Deﬁnitionibus
2813 3039 2902 3092 lib.
2933 3055 2971 3105 I,
3001 3039 3218 3094 Dicendi
3240 3056 3305 3095 ac
3332 3041 3661 3109 disputandi.

2280 3127 2360 3178 Ad
2392 3126 2712 3196 Categoricos
2743 3127 3083 3199 Syllogismos
3113 3131 3398 3183 introduct.
3433 3131 3524 3184 lib.
3556 3148 3601 3196 ι,
3635 3130 3777 3184 Mults

2210 3228 2419 3275 veteres
2448 3221 2773 3290 philosophi.

2282 3311 2349 3365 In
2383 3312 2573 3380 Topica
2602 3314 2855 3369 Ciceronis
2880 3316 2969 3370 lib.
3002 3332 3073 3380 vr,
3106 3317 3503 3372 Exlmrlatione
3531 3327 3637 3379 Inv,
3660 3326 3750 3369 etc.

2282 3404 2362 3458 De
2405 3404 2719 3472 Di/ferentiis
2758 3409 2939 3478 tapieis
2970 3409 3059 3463 lib.
3107 3426 3177 3476 ιν,
3225 3411 3423 3465 Omnis
3464 3410 3603 3464 ratio
3631 3408 3786 3462 disse-

2209 3498 2382 3552 randi.

2286 3589 2360 3642 De
2387 3590 2700 3663 Syllogismo
2724 3596 3007 3664 categorico
3031 3595 3119 3648 lib.
3156 3610 3211 3661 ιι,
3245 3596 3414 3669 Multa
3452 3594 3628 3651 (Ξτωεὶ
3656 3600 3784 3647 vete-

2208 3698 2320 3737 res.

2286 3774 2363 3827 De
2386 3774 2699 3846 Sylloqismo
2728 3777 3051 3848 hypothetico
3075 3779 3163 3831 lib.
3186 3794 3243 3842 ιι,
3277 3777 3421 3832 Cum
3452 3780 3508 3833 in
3533 3775 3788 3831 omnibus.

2283 3864 2361 3919 De
2393 3865 2807 3921 Hebdomadibus
2838 3869 2928 3921 lib.
2961 3885 2996 3932 ι,
3031 3869 3277 3924 Postulas
3309 3880 3371 3924 ut
3406 3887 3472 3924 ex
3511 3867 3758 3923 hebdom.

2283 3955 2358 4009 De
2380 3958 2710 4010 Arithmetica
2741 3959 2831 4012 lib.
2856 3975 2914 4024 ιι,
2944 3960 3085 4014 Inter
3105 3975 3294 4014 omnes
3326 3961 3551 4029 pris-cm.

2283 4048 2360 4099 De
2394 4048 2587 4101 Μυσίαι
2612 4050 2698 4103 lib.
2732 4066 2783 4115 ι’,
2807 4051 3054 4104 Omnium
3086 4052 3301 4118 quidem
3337 4051 3641 4121 perceptio.

2280 4138 2357 4193 De
2400 4138 2773 4210 Philosophica’
2803 4141 3157 4195 Consolatione
3193 4141 3282 4194 lib.
3320 4158 3379 4207 ν,
3415 4140 3671 4195 Carmina
3714 4135 3791 4207 qui

2208 4231 2498 4302 quondam.

2280 4336 2346 4389 In
2377 4336 2738 4390 Gtometricavn
2773 4335 3001 4389 Euclidis
3030 4335 3118 4389 lib.
3149 4344 3225 4398 tu,
3267 4335 3373 4401 Qui
3413 4348 3572 4399 vero,
3603 4330 3675 4385 mi
3706 4329 3790 4382 Pa-

2131 4453 2183 4514 ι)
2211 4430 2339 4483 triti.

2280 4532 2359 4585 De
2394 4532 2668 4598 disciplina
2711 4530 3042 4593 scholarium,
3089 4540 3142 4582 ut
3178 4529 3347 4595 aliqui
3377 4530 3585 4590 volunt,
3630 4523 3716 4576 lib.
3764 4536 3795 4578 I.

2208 4622 2417 4678 Vestra.
2447 4620 2703 4692 Indignus
2724 4633 2794 4673 est
2816 4622 2903 4673 ille
2927 4621 3072 4685 liber,
3101 4621 3189 4689 qui
3212 4629 3361 4672 tanto
3386 4622 3503 4672 viro
3534 4618 3795 4669 tribuatur.

2207 4742 2298 4779 nec
2326 4727 2481 4779 etiam
2509 4723 2647 4777 docti
2674 4722 2808 4775 htmc
2839 4722 3013 4776 Boetio
3045 4723 3290 4776 tribuunt.

2278 4827 2357 4880 De
2387 4827 2532 4879 Locis
2553 4826 2818 4879 rhetoricis
2846 4826 2932 4877 lib.
2967 4842 3000 4877 ι.

2285 4928 2358 4981 De
2388 4926 2763 4981 Prtedicatione
2791 4927 3051 4996 potestatis
3080 4926 3168 4978 lib.
3194 4941 3229 4977 ι.

2281 5027 2632 5098 Epistolarum
2653 5028 2721 5079 ad
2743 5027 2964 5079 diversos
2990 5026 3079 5078 lib.
3113 5043 3145 5079 I.

2281 5134 2395 5185 Alia
2419 5149 2620 5200 quoque
2646 5131 2895 5183 nonnulla
2922 5131 3187 5200 scripsisse
3227 5130 3434 5182 dicitur
3471 5144 3489 5181 :
3515 5128 3605 5181 sed
3636 5124 3699 5177 ad
3728 5138 3805 5173 uo-

2212 5226 2375 5277 titiam
2410 5240 2570 5276 meum
2610 5240 2710 5275 non
2745 5234 3001 5276 venerunt.
3046 5220 3266 5274 Moritur
3306 5226 3502 5273 eodem
3541 5236 3679 5272 anno
3716 5232 3804 5281 qua

2211 5314 2549 5383 Symmachus
2579 5315 2844 5382 patricius,
2896 5324 2942 5366 et
2972 5312 3196 5365 Joannes
3226 5328 3371 5382 papa
3404 5311 3509 5365 sub
3545 5311 3761 5365 Anastas
3782 5322 3807 5358 ο

2204 5405 2529 5473 imperatore,
2550 5406 2705 5474 jussu
2738 5402 3041 5455 Theoderici
3072 5403 3201 5473 regis
3240 5401 3309 5454 ad
3350 5402 3665 5455 liarennam
3705 5406 3805 5461 post

2205 5497 2499 5548 dnturnum
2530 5496 2765 5548 exsilium
2799 5496 2851 5547 in
2880 5511 3079 5548 carcere
3094 5494 3396 5565 jugulatus,
3434 5510 3583 5547 anno
3612 5487 3808 5545 Domini

2203 5590 2328 5650 5'24,
2363 5589 2534 5641 indict.
2562 5588 2615 5653 ‘2,
2648 5600 2693 5640 et
2721 5589 2813 5641 sub
2841 5590 3039 5644 nomine
3067 5587 3295 5645 Severini
3323 5589 3587 5657 catalogo
3614 5590 3808 5640 sancto-

2202 5695 2313 5731 rum
2343 5680 2555 5733 insertus
2584 5682 2785 5731 dicitur.
