3998 6368
233 308 317 367 575

285 514 437 572 iulius
461 510 639 565 Caesar
681 504 942 572 Scaliger,
986 502 1069 557 vir
1110 505 1163 556 in
1195 499 1467 569 republica
1512 497 1771 551 litteraria

229 604 596 666 celeberrimus,
629 598 866 653 Boetium
899 594 1197 664 saepissime
1226 592 1406 647 laudat
1433 608 1446 643 :
1477 599 1539 644 ut
1573 591 1624 642 in
1660 589 1770 658 lly-

232 696 498 771 percritiio.
523 690 683 745 Boetii
712 687 966 748 Severini,
991 686 1185 754 inquit,
1212 682 1495 754 ingenium,
1525 680 1770 742 eruditio,

228 808 314 853 ars,
337 785 574 853 sapientia
607 782 757 853 facile
781 785 1018 851 provocat
1048 793 1222 830 omnes
1249 784 1500 839 auctores,
1549 773 1652 826 sive
1693 771 1772 824 illi

229 883 369 941 Grieci
390 882 506 943 sint,
536 878 641 930 sive
663 872 857 928 Latini.
892 870 1083 927 Surculi
1112 869 1340 923 barbarie
1362 870 1472 938 ejus
1494 865 1659 919 oratio
1688 879 1773 917 so-

226 980 317 1032 luta
342 971 547 1025 deterior
574 966 829 1021 invenitur
850 980 870 1020 :
898 974 949 1017 at
994 977 1107 1029 qua:
1143 961 1289 1016 libuit
1324 960 1499 1011 ludere
1527 960 1579 1011 in
1605 956 1768 1024 poesi,

224 1066 372 1119 divina
390 1077 507 1115 sane
527 1068 668 1123 sunt,
690 1056 820 1111 nihil
841 1056 945 1110 illis
961 1053 1169 1116 cultius,
1192 1052 1321 1105 nihil
1340 1050 1545 1121 gravius
1571 1064 1590 1101 :
1613 1063 1773 1116 neque

224 1156 415 1212 densitas
450 1152 815 1206 sententiarum
844 1162 1109 1207 veneremr
1128 1160 1286 1210 neque
1309 1158 1524 1196 acumen
1562 1140 1772 1194 abstulit

225 1249 486 1304 candorem.
517 1242 777 1312 Equidem
816 1254 1014 1297 censeo
1043 1253 1240 1307 paucos
1269 1251 1392 1289 cum
1426 1234 1519 1289 illo
1548 1247 1769 1301 compa-

226 1340 311 1395 rari
337 1351 505 1409 posse.
534 1334 689 1388 Valla
711 1332 869 1387 docet
891 1332 1039 1385 illum
1061 1329 1248 1382 Latine
1280 1326 1421 1394 loqui
1449 1343 1459 1376 :
1485 1334 1538 1378 at
1568 1324 1769 1376 Vallum

228 1430 413 1484 Iloetius
454 1427 595 1481 bene
625 1438 835 1493 sapere.
868 1420 1004 1475 Hinc
1041 1419 1182 1474 idem
1221 1416 1458 1485 Scaliger
1485 1416 1551 1470 de
1581 1414 1769 1470 eodem

228 1522 381 1576 Boetio
399 1518 537 1573 canit
567 1517 619 1572 in
651 1516 796 1570 Divis
827 1530 844 1569 :

283 1612 461 1665 Divina:
484 1624 746 1664 enumeres
773 1606 1001 1676 ingentia
1028 1602 1221 1656 semina
1249 1600 1427 1653 mentis
1452 1616 1469 1653 :

341 1705 554 1759 Dotibus
576 1703 820 1756 accedunt
850 1697 1027 1763 Curia,
1059 1696 1256 1765 lingua,
1289 1694 1441 1745 lares.

282 1799 408 1853 Haut
430 1798 560 1852 satis
580 1805 654 1850 est
678 1811 698 1849 :
730 1794 930 1861 adpone
961 1791 1151 1858 potant,
1180 1802 1298 1856 pars
1322 1801 1430 1839 esse
1458 1781 1604 1838 Boeti

340 1890 553 1961 Caperit
584 1904 604 1943 :
634 1897 687 1940 at
713 1885 938 1941 nondum
964 1896 1178 1935 munera
1203 1888 1310 1933 tota
1332 1877 1489 1947 capis.

281 2121 429 2177 Lilius
456 2115 754 2186 Gregorius
784 2111 1047 2183 Gyraldus
1077 2105 1233 2162 etiam
1267 2106 1405 2157 inter
1444 2102 1629 2156 doctos
1676 2117 1773 2153 no-

228 2213 434 2268 tissimus
462 2207 707 2262 Boetium
730 2203 929 2273 pariter
950 2198 1173 2253 summis
1196 2195 1440 2248 laudibus
1461 2194 1687 2252 extollit,
1709 2194 1774 2245 dc

225 2304 408 2359 Poetar.
438 2301 648 2355 llislor.
677 2296 804 2350 dial.
827 2294 881 2348 5.
909 2292 1035 2359 Sed,
1066 2290 1255 2357 inquit,
1282 2289 1433 2357 hujus
1457 2298 1618 2340 a'tutis
1647 2290 1774 2339 alios

226 2397 489 2464 offeramus,
523 2410 651 2463 quos
681 2392 811 2445 inter
847 2386 1053 2440 Boetius
1080 2384 1285 2437 Anicius
1318 2382 1545 2435 Manlius
1577 2381 1777 2435 Severi-

223 2507 316 2555 nus,
350 2488 614 2542 Romanus
646 2482 886 2552 patricius
915 2489 960 2532 et
992 2477 1252 2539 exconsul,
1286 2475 1370 2535 qui
1397 2492 1428 2525 α
1456 2475 1640 2527 nortris
1670 2475 1777 2541 ple-

223 2586 365 2652 risque
390 2582 439 2633 in
468 2590 757 2648 martyrum
776 2574 1006 2643 catalogo
1027 2588 1127 2625 asc:
1144 2573 1318 2623 ibitur.
1349 2569 1451 2622 llic
1483 2586 1595 2621 cum
1621 2570 1775 2637 Sym-

222 2675 375 2727 macho
402 2683 446 2726 et
475 2673 593 2740 ipso
616 2669 851 2738 patricio,
899 2664 1087 2729 Boetii,
1118 2674 1171 2716 ut
1204 2663 1427 2732 plerique
1458 2677 1632 2714 omnrs
1674 2673 1778 2712 tra-

221 2767 347 2831 dun',
393 2779 575 2819 socero
620 2778 653 2814 a
700 2758 1014 2813 Theoderico
1062 2754 1347 2809 Gothorum
1394 2769 1509 2822 rege
1556 2752 1777 2817 primunt

224 2858 427 2912 Ticinum
449 2856 690 2925 relegati,
719 2851 897 2904 deinde
914 2849 1076 2901 necati
1101 2857 1238 2911 sunt,
1264 2846 1399 2912 quod
1423 2846 1471 2896 in
1500 2846 1778 2897 libertatem

219 2949 435 3017 populum
488 2948 782 3001 Romanum
821 2940 1109 2995 viderentur
1158 2936 1285 2992 velle
1322 2936 1599 2989 ttintlicare.
1657 2933 1781 2986 Fuit

220 3040 423 3105 Boetius,
455 3051 509 3093 ut
556 3038 717 3101 scitis,
750 3036 803 3087 in
842 3036 979 3087 omni
1020 3033 1295 3101 disciplina
1340 3032 1536 3097 egregie
1578 3031 1777 3095 doctus,

217 3137 331 3201 quod
353 3132 486 3185 vobis
520 3128 715 3196 liquido
738 3144 799 3181 e1:
831 3128 943 3193 ejus
966 3124 1306 3176 monumentis
1336 3134 1568 3195 constare
1593 3131 1777 3189 potest.
1807 3156 1852 3217 ϐ

219 3222 306 3278 Sed
328 3224 455 3293 quod
476 3223 552 3274 ad
578 3230 872 3291 prccsentem
895 3217 1159 3270 materiam
1188 3218 1384 3276 attinet,
1418 3215 1465 3265 in
1495 3216 1775 3284 pangendis

217 3316 412 3369 uersibus
431 3314 566 3366 mira
589 3329 707 3365 usus
738 3322 809 3365 est
835 3310 1098 3379 facilitate.
1122 3306 1195 3360 De
1220 3308 1310 3359 illo
1336 3306 1486 3366 plura
1517 3308 1769 3375 colligere,

216 3419 641 3476 supervacaneum,
674 3401 879 3467 quando
902 3403 1014 3470 ejus
1044 3397 1302 3451 volumina
1325 3407 1443 3449 nota
1472 3408 1588 3449 sunt
1619 3400 1777 3450 omni-

217 3497 308 3553 bus.
337 3496 461 3567 Ejus
494 3502 631 3547 certe
659 3491 916 3559 ingenium
942 3491 1009 3543 ad
1029 3506 1114 3543 eas
1143 3498 1297 3555 artes,
1326 3505 1438 3558 qua:
1461 3505 1617 3557 supra
1643 3490 1776 3543 litte-

216 3602 284 3637 ras
309 3595 438 3650 sunt,
476 3584 667 3636 mirum
698 3582 747 3634 in
779 3580 987 3634 modum
1019 3580 1304 3634 celebratur
1325 3580 1387 3633 ab
1416 3582 1524 3649 ejus
1553 3582 1776 3635 occisorc

216 3676 508 3731 Thcodorico
536 3691 675 3745 rege.

943 3783 1033 3839 IV.

274 3904 776 3973 Magdeburgeuses,
815 3900 1055 3954 centuria
1078 3900 1267 3968 6,cap.
1301 3899 1367 3953 l0
1396 3898 1463 3953 de
1503 3898 1779 3969 Episcoois

215 4004 258 4049 rt
278 3996 615 4060 Doctoribus,
644 3994 879 4063 Boetius,
913 3994 1189 4061 inquiunt,
1214 3993 1375 4047 Anius
1414 3992 1659 4047 Manilius
1686 3995 1779 4047 Se-

215 4090 412 4155 verinus,
444 4089 695 4156 patricius
712 4096 756 4138 et
783 4086 982 4149 consul,
1012 4085 1086 4138 uir
1107 4084 1280 4139 Graece
1308 4094 1353 4137 et
1385 4085 1566 4139 Latine
1594 4087 1784 4140 doctis-

215 4181 351 4231 simus
373 4182 496 4250 fuit,
529 4190 578 4231 et
604 4182 787 4230 multos
817 4180 863 4229 in
889 4178 1214 4247 philosophia
1235 4180 1447 4245 aliisque
1473 4180 1777 4249 disciplinis,

214 4277 301 4322 tum
328 4273 498 4325 soluta
522 4282 633 4323 tum
663 4270 821 4338 ligata
850 4270 1076 4323 oratione
1104 4271 1417 4338 conscriptos
1439 4271 1592 4326 libros
1616 4287 1784 4343 poste-

215 4361 272 4413 ris
297 4364 516 4429 reliquit.

215 4468 3104 4501 -————————————————————————-—————L—

763 297 827 353 ΙΝ
867 296 1107 353 LIBROS
1146 294 1232 351 DE
1271 287 1799 348 CONSOLATIONE
1842 284 2317 342 PHILOSOPHUS
2362 284 2892 341 I‘ROLEGOMENA.
3362 283 3464 336 571

947 412 1007 465 ΙΙ.
1796 405 1845 463 Α

2638 404 2699 454 γ.

1951 492 2137 547 Justus
2167 492 2404 561 Lipsius,
2432 494 2661 563 quicum
2708 498 2775 547 oli
2803 493 3051 549 eximiam
3089 508 3240 546 suam
3265 492 3465 543 tinem-

1877 600 2019 643 nam,
2077 593 2186 637 tum
2231 586 2467 639 maxime
2513 586 2582 638 ob
2630 587 2915 655 ingenuum
2964 585 3126 637 animi
3174 584 3464 637 candorem

1875 676 2050 730 doctis
2099 678 2299 745 pariter
2325 694 2388 731 ac
2416 680 2600 747 ptobis
2628 678 2877 731 omnibus
2908 677 3121 739 colitur,
3154 691 3257 727 non
3290 675 3462 728 Solum

1876 767 2056 821 laudat
2105 769 2343 822 lloetium
2390 770 2442 823 in
2475 771 2615 823 civili
2660 787 2752 821 sua
2800 769 3041 821 doctrina
3089 766 3312 833 aliisque
3350 765 3463 818 suis

1874 859 2152 927 operibus,
2188 860 2283 912 sed
2315 861 2558 913 scribens
2588 859 2651 911 ad
2679 859 2870 912 Janum
2905 859 3238 911 lleinartium
3262 870 3462 923 cogna-

1877 960 1986 1005 tum
2016 967 2197 1014 suum,
2220 951 2287 1005 de
2304 952 2684 1005 Consolatione
2704 952 2770 1005 ab
2796 954 2894 1004 hoc
2913 952 3172 1005 tllustrala
3198 958 3249 1003 et
3274 963 3462 1003 cmen-

1876 1044 2017 1110 data,
2053 1048 2149 1099 lios
2186 1046 2406 1116 protulit
2435 1046 2729 1099 l’ltaleumis
2761 1061 2773 1097 :

2020 1138 2100 1191 En
2129 1138 2339 1193 Boetius
2362 1139 2470 1203 ille,
2503 1140 2587 1207 qui
2618 1138 2895 1208 sophorum

2017 1230 2082 1283 In
2113 1231 2287 1299 primis
2310 1234 2501 1297 sophus
2526 1246 2632 1283 esse
2652 1230 2903 1298 gloriatur
2922 1244 2941 1281 :

2022 1326 2124 1386 Qui
2156 1324 2361 1376 doctum
2396 1325 2567 1384 nimis,
2602 1334 2646 1373 et
2678 1324 2800 1374 satis
2830 1324 3073 1373 disertum

2023 1415 2285 1485 Scriptum
2313 1416 2410 1465 hoc
2433 1415 2611 1475 edidit,
2644 1416 2872 1466 omnium
2901 1414 3146 1466 bonorum

2020 1504 2219 1559 Bonum
2238 1507 2464 1575 judicio.
2500 1506 2604 1558 Sed
2628 1507 2679 1555 id
2702 1506 2928 1556 tenebras

2022 1598 2158 1653 .Euo
2190 1608 2278 1651 aut
2310 1599 2513 1667 ingenio
2544 1607 2742 1665 suopte.
2772 1598 3016 1659 habebat;

2024 1694 2164 1756 Quas
2194 1691 2492 1743 Bernartius
2525 1691 2633 1754 illc,
2674 1692 2770 1757 flos
2792 1705 3021 1740 meorum

2023 1783 2294 1850 Belgarum
2319 1783 2534 1851 pepulit,
2566 1781 2827 1850 facemque
2860 1782 3052 1830 claram

2024 1880 2064 1929 Α
2088 1894 2139 1929 se
2159 1876 2383 1945 p'a’tulit
2413 1893 2431 1929 :
2462 1874 2594 1926 hunc
2623 1890 2849 1940 siquere,
2878 1874 3103 1941 quisquis

2026 1967 2282 2020 Doctrina'
2302 1966 2658 2035 sapientiteque
2678 1966 2841 2016 cul'or

2024 2058 2143 2111 Non
2174 2058 2373 2117 audire,
2407 2058 2495 2108 scil
2519 2072 2643 2118 esse,
2675 2055 3005 2123 concupiscis.

2132 2148 2437 2203 DECIMUM
2465 2147 2813 2200 SEPTIMUM
2844 2141 3211 2206 SECUIMYI,

1880 2258 2103 2297 multum
2128 2259 2192 2295 AB
2220 2257 2354 2295 uno
2383 2240 2518 2293 1600
2536 2253 2753 2292 Αῡιιλκο
2777 2252 3012 2291 Νιιετιυω
3044 2249 3271 2288 narunt
3302 2232 3459 2285 1779.

1955 2334 2210 2388 lnlinitior
2239 2333 2361 2398 sim,
2396 2332 2440 2385 si
2463 2347 2581 2400 qua:
2613 2330 2712 2383 ltoc
2738 2338 2921 2382 nostro
2948 2326 3144 2380 smculo
3173 2326 3223 2377 in
3254 2322 3462 2376 laudem

1885 2428 2051 2480 Boetii
2084 2426 2223 2479 dicta
2257 2436 2401 2492 sunt,
2437 2425 2550 2476 huic
2579 2422 2756 2474 omnia
2790 2419 3119 2472 recensendo
3147 2430 3464 2470 enumerare

1882 2520 2071 2579 velim;
2099 2516 2278 2569 nullus
2302 2516 2441 2566 enim
2470 2523 2550 2565 est
2582 2508 3171 2578 autltistoriographus,
3201 2520 3289 2558 aut
3313 2504 3465 2556 tlieo-

1883 2612 2052 2677 lngus,
2084 2609 2173 2675 qui
2207 2607 2273 2659 de
2301 2605 2668 2659 illustrissimo
2700 2604 2790 2656 illo
2816 2612 3033 2655 auctore
3057 2616 3160 2652 non
3191 2598 3349 2651 fuerit
3373 2611 3465 2649 or-

1885 2711 2003 2754 nate
2032 2710 2087 2753 ct
2126 2697 2424 2752 ltonorilice
2468 2697 2696 2750 locutus.
2746 2695 2978 2748 Consule
3023 2692 3065 2744 si
3100 2692 3270 2759 placet
3299 2688 3462 2740 Baro-

1889 2794 2057 2857 ninm,
2106 2791 2299 2846 Annal.
2343 2790 2644 2843 ecclesiast.
2694 2800 2823 2841 tom.
2860 2787 2966 2853 \‘ll,
3020 2785 3085 2838 ad
3109 2800 3198 2837 an.
3230 2782 3362 2844 52:2;
3404 2782 3465 2835 υ.

1887 2889 2104 2941 Petrum
2127 2900 2155 2937 a
2180 2885 2376 2937 Sancto
2392 2881 2690 2936 Romualdo
2708 2880 3046 2932 inTlicsauro
3062 2875 3467 2942 clironologico,

1888 2991 2020 3034 tom.
2044 2981 2109 3043 ll,
2136 2980 2200 3033 ad
2226 2994 2314 3032 an.
2343 2979 2475 3040 5l0;
2498 2976 2739 3044 aliosque
2764 2988 2953 3028 omnes
2975 2968 3465 3039 llislorzograplios;

1890 3074 2011 3128 vide
2061 3071 2416 3127 revert-ndum
2458 3070 2671 3123 Patrem
2700 3068 3016 3122 Caussinum
3050 3066 3101 3117 in
3144 3065 3279 3117 liliro
3307 3078 3465 3130 quem

1888 3163 2160 3233 inscripsit
2189 3164 2239 3216 la
2270 3163 2407 3215 (Jour
2436 3161 2620 3223 sainte,
2648 3160 2733 3213 ιιιιὶ
2789 3156 3134 3226 proponendo
3163 3155 3335 3209 idenm
3366 3155 3467 3207 viri

1886 3274 2045 3331 quom
2075 3266 2227 3313 vocat
2249 3256 2450 3308 homme
2474 3252 2672 3314 d’Etat,
2692 3251 2931 3318 pluribus
2952 3250 3059 3317 agit
3078 3250 3142 3302 de
3168 3247 3464 3307 nobiiitatc,

1885 3356 1952 3409 de
1970 3353 2233 3415 doctrina,
2260 3351 2326 3404 de
2348 3349 2609 3413 consiliis,
2627 3348 2691 3403 de
2715 3356 2885 3400 morte
2910 3346 3099 3399 Boetii.
3119 3343 3257 3407 Lege
3279 3348 3465 3404 etiam,

1886 3446 1928 3499 si
1965 3446 2130 3508 lubet,
2164 3441 2458 3495 Gerardum
2490 3439 2752 3494 Joannem
2782 3438 3029 3493 Vossium
3057 3438 3123 3490 de
3156 3437 3335 3490 Poetis
3367 3436 3468 3487 La-

1887 3537 2009 3593 tinis
2053 3553 2173 3607 cap.
2205 3540 2273 3592 5:
2312 3537 2528 3600 Quibus,
2580 3534 2771 3603 inquit,
2807 3535 3114 3603 temporibus
3158 3531 3209 3582 in
3261 3529 3469 3581 Oriente

1887 3630 2023 3683 Zeno
2046 3643 2317 3701 posteaque
2331 3631 2654 3695 Anastasius,
2681 3632 2730 3680 in
2761 3626 2917 3680 Italia
2946 3627 3195 3689 Udoncer,
3219 3634 3265 3679 et
3288 3624 3470 3677 exinde

1886 3724 2227 3778 Theodericus
2256 3726 2407 3788 rexit,
2434 3723 2615 3775 claruit
2644 3722 2849 3774 Anitius
2884 3719 3110 3773 Manlius
3136 3717 3343 3771 Boetius
3375 3717 3469 3769 Se-

1884 3819 2105 3879 verinus,
2153 3820 2226 3869 vir
2255 3815 2438 3869 Latine
2466 3824 2514 3868 et
2548 3812 2724 3867 Graece
2761 3814 3108 3876 doctissimus,
3140 3812 3191 3863 in
3222 3810 3359 3861 omni
3384 3810 3470 3861 di-

1882 3910 2217 3977 sciplinarum
2258 3923 2438 3977 genere
2468 3905 2723 3963 excellens
2745 3920 2942 3973 quoque
2976 3904 3137 3956 Roma
3161 3920 3191 3953 a
3224 3901 3471 3953 Varronis

1887 4000 2193 4069 temporibus
2221 4016 2321 4052 non
2344 3998 2579 4051 habuerit
2604 3997 2937 4065 undi-cunque
2958 3994 3254 4046 doctiorem.
3286 3991 3469 4057 Quan-

1886 4102 1993 4143 tum
2022 4092 2153 4144 idem
2183 4091 2405 4143 carmine
2436 4090 2671 4153 valuerit,
2715 4088 2985 4141 ostendunt
3018 4084 3135 4137 libri
3163 4085 3381 4152 quinque
3410 4081 3472 4134 de

1886 4181 2247 4235 Consolatione
2289 4180 2648 4251 philosOphiw,
2699 4195 2828 4248 quos
2866 4178 3007 4232 exsul
3037 4176 3205 4228 Ticini
3248 4174 3470 4239 scripsit.

1890 4278 2108 4333 Omnino
2140 4278 2269 4331 nihil
2296 4280 2346 4330 in
2372 4278 2509 4344 poesi
2541 4279 2792 4329 venustius
2820 4273 2996 4326 habuit
3023 4270 3154 4324 illud
3182 4285 3365 4335 terum,
3399 4267 3473 4321 ret

1807 4365 1861 4425 D
1885 4372 2033 4423 etiam
2063 4372 2195 4437 quod
2227 4371 2453 4436 proxime
2474 4368 2760 4421 antecessit.

3107 4484 3461 4498 ῥ-

1350 4566 1541 4631 IDEA
1582 4571 1991 4638 LIBRORUM
2034 4575 2305 4635 BOETII

829 4699 988 4783 DE
1048 4699 1943 4791 CONSOLATIONE
2026 4706 2858 4790 PHILOSOPHI/E.

272 4842 412 4911 Opus
455 4842 592 4905 hoc,
645 4838 785 4894 mole
817 4854 1056 4909 parvum,
1092 4839 1331 4893 doctrina
1360 4842 1671 4907 maximum,
1703 4854 1788 4899 est

215 4933 367 4988 series
400 4938 846 5005 argumentorum
901 4933 1125 4986 naturali
1174 4932 1373 4987 lumine
1418 4937 1780 5003 cognitorum,

214 5025 388 5093 quibus
417 5039 574 5079 mens
612 5024 843 5077 humana
874 5024 1125 5077 adversis
1159 5024 1375 5078 ensibus
1413 5027 1688 5090 suscitata,
1720 5029 1786 5081 ad

214 5118 421 5183 primam
450 5130 669 5171 causam
702 5116 1049 5184 ultimumque
1077 5120 1232 5172 linem
1262 5121 1559 5173 attentione
1588 5120 1665 5174 sic
1685 5122 1791 5174 eri-

213 5209 359 5274 gitur,
390 5218 457 5262 ut
498 5208 614 5262 lucc
642 5208 813 5261 exutis
847 5206 1167 5275 pracjudiciis
1194 5210 1408 5265 veritati
1442 5211 1791 5281 assequendae

215 5300 496 5370 virtutique
540 5300 781 5354 colenda:
820 5300 997 5368 aptior
1040 5298 1320 5353 el‘liciatur.
1372 5304 1661 5371 Propterea
1692 5303 1793 5360 hoc

213 5407 337 5461 opus
357 5394 675 5449 inscribitur
699 5393 1014 5447 Consolatio
1042 5393 1414 5461 philosolihias,
1433 5396 1794 5451 distribuitur-

215 5498 311 5551 que
342 5487 393 5538 in
434 5494 544 5538 tres
573 5493 772 5554 partes,
800 5498 1022 5552 quarunt
1055 5483 1221 5551 prima
1259 5485 1633 5554 complectitur
1658 5487 1796 5542 aflli-

217 5575 443 5628 ctione-tn
479 5574 671 5635 Boetii;
698 5574 927 5628 secunda
949 5574 1381 5629 Consolationem
1406 5576 1786 5646 philosoiiltirc;

219 5666 364 5718 tertia
394 5666 686 5728 contraria,
712 5679 828 5733 qua:
857 5664 1002 5719 illius
1024 5665 1400 5721 consolationis
1425 5669 1527 5722 vim
1552 5671 1790 5725 minuo're

216 5756 483 5822 videntur,
508 5765 817 5825 argumenta
848 5772 968 5811 cum
1002 5758 1457 5827 respousionibus.

2371 4842 2730 4896 AFFLIC’I‘IO
2772 4841 3017 4896 BOETII.

1966 4935 2080 4989 Lm.
2117 4950 2151 4987 ι.
2190 4964 2255 4974 -
2294 4934 2509 4988 Boetius
2549 4951 2762 4988 suarum
2810 4936 3141 4988 miseriarum
3195 4934 3385 5002 {Metro
3423 4935 3484 5005 1)

1896 5036 1949 5077 ut
1973 5026 2244 5089 conscius,
2261 5027 2339 5077 sic
2360 5025 2661 5094 impatiens,
2679 5036 2881 5079 contra:
2898 5028 2974 5079 ias
2997 5026 3227 5094 undique
3248 5027 3487 5095 exquirit

1895 5117 2282 5184 cogitationes,
2334 5116 2527 5184 quibus
2587 5131 2788 5171 mceror
2837 5118 3003 5184 possit
3046 5118 3088 5168 si
3135 5132 3239 5168 non
3290 5116 3483 5184 iugari,

1899 5210 2090 5263 saltem
2115 5208 2280 5261 minui
2319 5224 2331 5259 :
2375 5208 2497 5261 hinc
2534 5211 2767 5261 animum
2800 5207 3064 5261 convertit
3102 5205 3291 5275 (Prosa
3333 5206 3380 5273 l)
3413 5205 3478 5258 ad

1903 5300 2164 5370 prsesides
2193 5300 2489 5353 carminum
2519 5316 2698 5354 musas
2726 5299 2826 5355 sibi
2858 5299 3124 5369 quondam
3156 5298 3479 5351 familiaris:

1901 5393 1996 5449 scd
2032 5394 2217 5447 harum
2263 5392 2528 5456 remedia,
2568 5406 2667 5447 ceu
2698 5407 2840 5445 nova
2873 5391 3101 5446 tristitiae
3132 5391 3478 5452 irritamenta,

1903 5486 2099 5551 excipit
2146 5484 2395 5554 fugatque
2436 5483 2689 5553 cogitatio
2723 5482 3133 5552 philosophica;
3186 5478 3336 5546 cujus
3382 5494 3483 5548 ope

1904 5579 2119 5631 Boetius
2158 5579 2532 5633 animadvertit
2593 5591 2652 5630 se
2697 5578 2747 5629 in
2772 5589 2982 5627 summa
3011 5587 3185 5627 rerum
3220 5573 3480 5637 omnium,

1902 5685 2007 5724 non
2036 5668 2226 5741 (Meti-0
2245 5670 2303 5739 2)
2333 5670 2664 5738 ignoratione
2693 5665 2872 5727 modo,
2895 5670 2987 5720 sed
3021 5664 3180 5719 etiam
3216 5667 3403 5734 ,Prosa
3422 5665 3483 5733 2)

1903 5763 2089 5818 inertia
2121 5766 2343 5818 vetsaii.
2379 5762 2510 5816 Tum
2543 5770 2700 5816 aucto
2726 5762 2925 5821 sensim
2960 5762 3314 5834 PhilosOpltitc
3344 5760 3481 5827 (Μο-
