3998 6368
494 262 597 316 575

1678 250 1784 303 ΛΝ.
1831 247 2036 301 MANL.
2079 243 2229 298 SEV.
2276 238 2582 296 BOETTUS.

3615 252 3701 312 576

496 411 575 452 tro
599 398 655 467 5)
698 396 925 465 lumine,
984 391 1319 463 recognoscit
1370 389 1597 457 primum
1644 388 1857 457 quidem
1900 386 2068 455 ipsam
2101 381 2145 438 Α
2178 389 2235 432 ιιι
2262 380 2328 434 ad
2359 382 2637 437 veritatem
2664 390 2718 436 et
2739 381 3007 446 virtutem,
3036 378 3274 451 adeoque
3294 382 3471 453 (Metro
3500 388 3550 461 8)
3576 407 3699 453 amo-

498 487 692 558 (Prosa
722 487 777 555 5)
812 484 1239 553 Philosophiam;
1272 481 1468 537 deinde
1494 495 1611 535 cum
1645 479 1891 548 antiquos
1913 522 1926 546 ,
1965 486 2074 531 tum

499 579 826 633 recentiores
872 576 1216 644 philosophos
1246 572 1509 627 similibus
1538 570 1772 624 miseriis
1802 569 2077 637 impugna-

499 679 582 723 tos
606 669 843 738 quidem,
867 666 960 720 sed
994 680 1098 720 non
1128 663 1318 736 (Melro
1347 662 1402 731 4)
1430 670 1793 730 expugnatos:
1826 659 1897 713 ita
1925 666 1979 709 ut
2001 666 2079 709 ta-

500 775 620 814 men
652 760 818 814 veteri
860 757 1175 827 praejudicio
1196 755 1406 816 ductus,
1433 769 1537 807 non
1566 752 1787 806 desistat
1813 764 1931 803 cum
1957 747 2080 801 Phi-

499 851 739 918 1050pbia
773 850 961 919 (Prosa
990 847 1046 918 4)
1078 848 1145 901 de
1179 861 1276 901 suo
1305 846 1495 899 exsilio
1524 842 1803 912 conqueri,
1832 849 2081 894 causatus

500 941 669 995 solum
698 939 888 1012 (Metro
918 938 974 1009 5)
1006 938 1275 993 hominem
1314 935 1482 989 videri
1514 934 1710 987 divinis
1762 931 1968 1000 legibus
1993 944 2081 981 so-

501 1032 689 1093 lutum,
709 1040 763 1084 et
793 1039 1120 1099 praepostero
1147 1026 1305 1081 veluti
1337 1024 1525 1079 ordine
1552 1037 1735 1093 pmnas
1760 1024 2081 1091 prtemiaque

501 1120 765 1190 accipere.

810 1209 1239 1267 CONSOLATIO
1279 1205 1773 1263 PHILOSOPUIIE.

574 1304 862 1373 Postquam
914 1302 1257 1371 Philosophia
1308 1301 1664 1371 praemonuit,
1710 1300 1769 1353 l°
1797 1296 1988 1368 (l’rosa
2029 1296 2083 1366 5)

505 1395 753 1450 exsilium
792 1396 1177 1463 adversamque
1210 1393 1477 1447 fortunam
1508 1390 1675 1445 Boetii
1717 1388 1857 1443 male
1888 1388 1963 1441 sic
1992 1404 2081 1441 vo-

505 1488 654 1553 cari;
685 1489 749 1540 2°
781 1486 971 1558 (Μετιβο
999 1486 1055 1556 6)
1090 1494 1324 1540 mentem
1359 1483 1525 1538 Boetii
1551 1482 1784 1535 nondum
1810 1494 1966 1549 posse
1996 1494 2086 1531 va-

510 1580 792 1635 lidioribus
822 1579 1071 1634 remediis
1112 1577 1284 1633 curari
1320 1594 1335 1643 ;
1366 1578 1422 1631 5°
1455 1574 1645 1647 (Prosa
1674 1573 1729 1643 6)
1752 1587 1809 1627 se
1830 1572 2087 1638 deinceps

436 1740 439 1743 _
509 1688 724 1728 usuram
756 1672 874 1741 illa,
903 1686 1020 1742 quae
1050 1680 1132 1727 est
1155 1671 1209 1726 in
1240 1669 1442 1736 Boetio,
1471 1683 1592 1724 cum
1620 1668 1700 1721 sui
1732 1674 1843 1720 tum
1869 1665 1960 1719 Dei
1992 1679 2090 1717 no-

2183 486 2294 526 rem
2321 472 2560 527 divinum
2585 474 2800 528 excitet.

2253 566 2365 621 Ltn.
2400 583 2475 621 ιιι.
2504 598 2575 608 -
2602 568 2671 621 At
2699 568 2799 622 nisi
2828 567 2943 623 haec
2970 567 3302 624 concesseris
3338 584 3451 627 esse
3475 576 3618 641 mala,
3648 580 3712 634 la.

2184 659 2349 713 tearis
2375 673 2594 713 necesse
2626 668 2727 723 est,
2760 658 2811 713 in
2842 659 2925 712 his
2955 674 3060 712 non
3091 674 3212 714 esse
3246 660 3342 715 nisi
3370 662 3541 720 falsam
3569 667 3711 726 felici-

2186 762 2347 807 tatem
2383 751 2574 821 (Prosa
2606 751 2629 803 1
2665 762 2711 806 et
2741 751 2906 805 Metro
2932 751 3023 820 1),
3056 767 3173 821 quae
3208 762 3330 809 ante
3363 755 3590 824 pellenda
3622 771 3713 827 est,

2182 860 2341 915 quam
2376 860 2498 898 vera
2533 844 2783 898 felicitate
2814 842 3041 899 fruaris:
3077 844 3217 899 unde

2255 937 2460 1004 Tertio,
2492 936 2694 1004 inquit,
2740 952 2847 991 non
2887 936 3047 991 etiam
3081 937 3221 1005 juste
3259 941 3588 1009 conqueritur
3621 944 3716 1009 ille,

2187 1030 2275 1099 qui
2303 1030 2514 1083 amissis
2541 1028 2605 1083 iis
2630 1028 2907 1095 duntaxat,
2936 1030 2989 1084 in
3017 1030 3208 1099 quibus
3240 1028 3365 1085 falsa
3392 1036 3723 1102 assumptione

2186 1122 2410 1175 felicitas
2426 1124 2624 1174 versari
2642 1121 2897 1186 creditur;
2914 1128 3061 1174 tanta
3079 1120 3255 1189 aptior
3274 1131 3356 1175 est
3382 1122 3445 1175 ad
3466 1138 3727 1192 assequen-

2186 1214 2308 1267 dam
2326 1227 2506 1268 veram
2534 1213 2841 1269 felicitatem
2870 1231 2882 1264 :
2920 1212 3004 1267 hic
3042 1215 3185 1267 enim
3215 1223 3364 1268 tanto
3388 1216 3591 1270 liberior
3606 1233 3673 1271 est
3701 1237 3724 1270 τι

2190 1305 2441 1369 miseriis,
2473 1320 2594 1374 qua:
2632 1304 2787 1360 unica
2819 1304 3221 1374 conquestionis
3248 1320 3426 1360 causa.

2262 1396 2423 1465 Atqui
2461 1405 2537 1459 tu,
2568 1410 2602 1449 ο
2632 1395 2812 1464 Manli,
2843 1396 3052 1451 amissis
3082 1396 3148 1451 iis
3191 1395 3463 1465 duntaxat,
3488 1397 3539 1452 iu
3564 1399 3733 1469 quibus

2191 1488 2323 1543 falsa
2374 1484 2740 1558 assumptione
2786 1488 3014 1544 felicitas
3056 1489 3259 1543 versari
3303 1491 3559 1558 creditur,
3606 1501 3737 1547 tanto

2192 1582 2366 1653 aptior
2394 1598 2453 1637 es
2480 1582 2545 1635 ad
2576 1583 2968 1651 assequendam
3001 1597 3181 1637 veram
3213 1581 3537 1638 felicitatem.

2265 1675 2499 1729 Primum
2543 1675 2758 1745 quidem
2794 1690 2854 1730 ea
2889 1676 3146 1731 duntaxat
3187 1676 3437 1743 amisisti,
3482 1678 3534 1731 in
3569 1676 3741 1747 quibus

510 1763 675 1830 tione,
707 1777 1007 1832 quanquam
1056 1760 1248 1831 (Metro
1282 1759 1335 1829 7)
1374 1755 1867 1827 perturbationibus
1892 1753 2085 1808 obscu-

2208 1765 2324 1820 alsa
2368 1768 2733 1835 assumptione
2761 1766 3001 1822 creditur
3035 1781 3156 1822 esse
3195 1767 3463 1822 felicitas:
3498 1768 3596 1821 tale
3616 1769 3742 1823 enim

508 1866 657 1921 rata;
689 1856 874 1910 eadem
910 1853 1254 1923 Philosophia
1274 1853 1374 1906 tria
1406 1850 1675 1921 proponit,
1703 1848 1771 1903 ad
1796 1846 2087 1903 consolan-

507 1947 633 2001 dum
676 1948 940 2013 Boetium,
983 1954 1417 2017 argumentorum
1451 1958 1647 2014 genera
1676 1959 1691 2009 ;
1724 1956 1950 2013 quorum
1983 1940 2091 2005 pri-

508 2054 653 2093 mum
688 2039 909 2093 minoris
944 2054 957 2102 ;
989 2038 1283 2093 secundum
1325 2035 1573 2106 majoris;
1608 2035 1824 2091 tertium
1867 2029 2090 2087 maximi

508 2131 637 2185 dicit
658 2147 779 2187 esse
810 2131 1080 2201 ponderis.

582 2222 782 2288 Primo,
814 2223 1011 2293 inquit,
1034 2223 1123 2293 qui
1152 2238 1274 2279 sese
1298 2221 1567 2278 commisit
1588 2220 1810 2276 arbitrio
1836 2218 2088 2283 dominre,

510 2331 669 2384 quam
700 2315 851 2369 novit
891 2325 996 2369 tam
1029 2316 1446 2377 inconstantem,
1475 2328 1637 2382 quam
1663 2312 2008 2373 allicientem,
2040 2318 2093 2364 et

511 2407 634 2460 mali
660 2421 762 2459 non
794 2407 966 2461 rarius
1000 2422 1158 2477 quam
1186 2407 1312 2460 boni
1349 2413 1648 2476 parentem,
1675 2404 1721 2458 is
1744 2417 1864 2457 cum
1894 2417 1957 2456 ea
1986 2415 2092 2455 non

510 2496 668 2550 debet
690 2497 947 2566 conqueri
972 2498 1041 2552 de
1072 2498 1212 2551 malo
1245 2497 1346 2552 sibi
1377 2497 1546 2559 illato,
1573 2495 1867 2564 praesertim
1899 2494 1943 2549 si
1974 2493 2093 2562 plus

511 2587 637 2642 boni
666 2602 823 2656 quam
856 2587 980 2640 mali
1007 2588 1075 2641 ab
1115 2589 1301 2642 eadem
1335 2586 1601 2654 acceperit
1634 2602 1646 2637 :
1675 2584 1923 2638 dominus
1948 2582 2091 2636 enim

513 2690 567 2735 et
596 2680 812 2734 domina
845 2679 1045 2748 absque
1076 2679 1181 2733 ulla
1213 2678 1463 2747 mancipii
1512 2677 1703 2747 injuria
1736 2690 1834 2730 suo
1859 2675 1981 2745 jure
2018 2675 2093 2727 uti

514 2782 773 2842 possunt:
811 2788 908 2827 nec
940 2773 1287 2842 mancipium,
1323 2772 1462 2843 quod
1496 2772 1631 2827 male
1658 2772 1830 2840 excipi
1864 2778 2091 2840 poterat,

511 2870 767 2938 conqueri
794 2878 904 2924 tum
930 2878 1124 2940 potest,
1150 2885 1269 2924 cum
1303 2870 1439 2923 bene
1465 2868 1750 2935 excipitur.

586 2964 699 3017 Lm.
734 2979 787 3017 ιι.
809 2992 876 3002 -
902 2965 1055 3031 Atqui
1089 2972 1165 3028 tu,
1190 2978 1222 3015 ο
1254 2962 1423 3027 Boeti,
1451 2970 1502 3015 te
1531 2959 1844 3014 comm'sisti
1868 2956 2094 3011 arbitrio

516 3052 707 3123 (Prosa
739 3054 789 3119 1)
820 3052 1046 3106 fortunae
1085 3068 1242 3122 quam
1281 3054 1419 3106 nosti
1463 3050 1651 3121 (Metro
1688 3050 1739 3117 1)
1781 3049 2093 3103 naturaliter

2191 1869 2274 1915 est
2304 1859 2596 1929 generatim
2641 1858 2833 1931 (Prosa
2865 1858 2925 1928 2)
2956 1873 3115 1913 omne
3154 1858 3355 1913 bonum
3399 1866 3662 1925 creatum,
3690 1861 3746 1912 ad

2192 1950 2333 2021 quod
2358 1951 2495 2005 male
2523 1951 2823 2020 applicatur
2845 1948 3035 2018 (Metro
3058 1950 3115 2019 2)
3148 1949 3384 2019 ingenita
3408 1949 3557 2002 nobis
3577 1949 3748 2003 summi

2194 2044 2319 2098 boni
2362 2042 2632 2113 cogitatio.
2666 2042 2823 2097 Tales
2851 2052 2975 2097 sunt
3008 2042 3201 2113 (Prosit
3225 2043 3260 2096 5
3284 2051 3333 2095 et
3362 2041 3525 2094 Metro
3553 2041 3605 2109 5)
3633 2042 3751 2094 divi«

2196 2138 2305 2190 tice.
2339 2135 2495 2190 Tales
2538 2132 2739 2203 (Prosa
2777 2132 2810 2186 4
2854 2141 2900 2187 et
2928 2132 3095 2187 Merra
3132 2131 3189 2202 4)
3238 2133 3597 2202 magistratus.
3628 2131 3754 2185 Talis

2195 2225 2383 2297 (Prosa
2410 2228 2443 2281 5
2475 2235 2521 2280 et
2549 2224 2713 2280 Matre
2735 2226 2790 2295 5)
2819 2234 3074 2294 potestas.
3102 2224 3246 2278 Talis
3274 2222 3467 2292 (Prosa
3490 2226 3521 2276 6
3542 2232 3585 2276 et
3609 2223 3754 2276 Metto

2196 2316 2250 2386 6)
2288 2317 2475 2388 gloria.
2519 2317 2664 2371 Talis
2707 2315 2907 2388 (Prosa
2943 2318 2973 2370 7
3002 2326 3047 2370 et
3076 2315 3242 2369 Maro
3272 2318 3328 2385 7)
3360 2317 3603 2385 voluptas
3647 2330 3759 2369 cor-

2195 2409 2362 2479 poris.
2405 2409 2553 2463 Talia
2597 2407 2801 2479 (Proca
2837 2410 2870 2464 8
2912 2418 2958 2464 et
3002 2407 3168 2463 Mctro
3194 2408 3267 2479 8)
3297 2408 3479 2463 omnia
3526 2406 3656 2463 bona
3684 2422 3759 2461 ea-

2196 2501 2353 2558 duca.

2268 2591 2471 2648 Deinde
2495 2594 2670 2663 aptior
2692 2593 2884 2666 (Prosa
2906 2593 2963 2665 9)
2983 2610 3042 2650 es
3073 2604 3363 2665 propterea
3395 2595 3461 2649 ad
3491 2608 3763 2664 assequen-

2197 2685 2320 2741 dam
2355 2700 2534 2742 veram
2568 2685 2897 2752 felicitatem,
2928 2688 3176 2742 nimirum
3210 2705 3402 2743 veram
3443 2691 3633 2743 summi
3658 2688 3769 2742 boni

2197 2778 2600 2849 cOgitationem,
2626 2782 2895 2849 aSpirante
2924 2789 3099 2835 tamen
3132 2780 3266 2846 Deo,
3301 2782 3396 2850 qui
3420 2781 3620 2836 idcirco
3649 2777 3769 2851 (Me-

2200 2885 2279 2928 tro
2306 2874 2361 2943 9)
2394 2874 2723 2929 invocandus
2752 2886 2836 2931 est
2869 2894 2880 2927 :
2924 2875 3137 2943 aliquod
3167 2876 3316 2930 enim
3348 2887 3435 2933 est
3476 2875 3661 2948 (Proca
3693 2875 3773 2944 10)

2199 2980 2468 3019 summum
2496 2966 2716 3031 bonum,
2736 2966 2984 3021 videlicet
3004 2967 3163 3031 Deus,
3182 2969 3270 3024 cui
3299 2968 3589 3037 cogitando
3614 2967 3773 3020 omnis

2202 3056 2363 3111 homo
2397 3056 2586 3127 (Μεινο
2614 3056 2704 3125 10)
2733 3072 2923 3111 vacare
2957 3058 3137 3126 debet,
3172 3069 3433 3129 tanquam
3468 3056 3659 3129 (Prosa
3699 3057 3777 3123 ll)

515 3155 621 3198 tam
652 3142 842 3215 (Prosa
864 3143 921 3213 2)
944 3145 1357 3210 inconstantem,
1382 3157 1541 3212 quam
1567 3141 1755 3211 (Μαι-ο
1778 3142 1833 3209 2)
1865 3141 2096 3195 allicien-
2121 3116 2167 3179 δ
2201 3146 2388 3202 ultimo
2426 3162 2602 3202 rerum
2635 3150 2872 3202 omnium
2905 3148 2993 3202 ﬁni
3026 3166 3039 3202 :
3069 3150 3209 3217 quod
3252 3160 3314 3203 ut
3345 3150 3607 3204 ducentur
3633 3150 3777 3201 homo

517 3247 622 3291 tem
649 3236 716 3289 lio
740 3236 771 3288 ii
791 3235 1021 3305 malique
1043 3234 1336 3300 dominam,
1361 3243 1414 3289 et
1434 3249 1463 3288 a
1491 3250 1589 3303 qua
1610 3234 1725 3303 plus
1752 3234 1877 3291 boni
1906 3234 2097 3305 (Prom

515 3328 547 3381 5
572 3336 619 3380 et
655 3326 817 3379 Meiro
850 3326 906 3394 5)
937 3327 1188 3394 accepisti
1219 3342 1376 3395 quam
1409 3324 1534 3379 mali
1563 3341 1574 3377 :
1606 3339 1749 3392 cum,
1784 3325 1969 3379 eadem
1993 3326 2097 3379 for-

516 3430 641 3473 tuna
674 3419 842 3483 duce,
885 3418 1188 3487 acceperis,
1232 3433 1365 3487 puer
1400 3420 1656 3488 optimam
1699 3420 2095 3483 educationem,

518 3512 831 3579 ado'eseens
870 3524 1109 3565 summos
1148 3511 1402 3575 honores,
1429 3511 1511 3565 vir
1538 3512 1795 3579 optimum
1828 3526 2094 3575 socerum,

518 3601 771 3669 Optimam
797 3616 1039 3665 uxorem,
1068 3604 1299 3671 optimos
1321 3602 1542 3666 liberos,
1567 3611 1643 3668 et,
1668 3604 1807 3673 quod
1843 3613 2099 3672 prasstan-

520 3692 782 3747 tissimum
811 3700 921 3755 est,
953 3694 1211 3763 optimum
1250 3708 1463 3763 semper
1496 3695 1756 3763 animum,
1783 3694 1979 3763 quibus
2020 3694 2100 3748 di-

517 3799 669 3839 scere
700 3786 948 3854 potuisti,
981 3786 1095 3855 pari
1142 3786 1421 3856 prudentia
1463 3798 1515 3841 et
1543 3802 1778 3842 summas
1806 3795 1860 3842 et
1890 3786 2100 3841 infimas

517 3878 852 3933 conditiones
883 3878 1085 3934 homini
1113 3894 1233 3934 esse
1260 3880 1563 3950 fugiendas.

587 3972 857 4039 Secundo,
886 3973 1077 4042 inquit,
1096 3987 1196 4027 nec
1217 3982 1300 4029 est
1321 3974 1461 4042 justa
1487 3972 1847 4043 conquereudi
1876 3973 2014 4026 ratio
2034 3971 2101 4027 de

517 4064 728 4117 amissis
758 4063 845 4126 iis,
868 4078 988 4132 qua:
1017 4074 1217 4117 tantum
1245 4066 1415 4129 abest,
1443 4074 1499 4117 ut
1522 4065 1659 4117 bona
1687 4064 1814 4127 sint,
1844 4075 1896 4117 ut
1928 4064 2102 4132 potius

520 4153 629 4208 sint
675 4155 812 4207 mala
868 4154 1112 4207 humanm
1162 4157 1353 4207 mentis
1400 4173 1410 4207 :
1480 4154 1677 4208 bonum
1724 4154 1920 4221 quippe
1971 4162 2096 4222 est,

520 4244 762 4313 adeoque
790 4246 973 4313 gratia:
1004 4245 1201 4313 potius,
1235 4260 1393 4314 quam
1432 4246 1663 4313 querelae
1687 4258 1871 4309 causa,
1903 4244 2099 4312 privari

518 4337 692 4391 malis.

589 4430 746 4499 Atqui
780 4443 898 4498 qua:
924 4429 1171 4494 amisisti,
1197 4443 1231 4483 ο
1259 4430 1538 4496 Severine,
1569 4428 1782 4483 divitias
1827 4428 2097 4493 nimirum,

2205 3238 2393 3311 (Merra
2434 3236 2552 3307 11),
2581 3255 2728 3293 suam
2768 3249 3000 3294 mentem
3031 3243 3289 3295 attentius
3323 3243 3620 3296 meditetur
3648 3258 3661 3295 :
3692 3240 3783 3294 hac

2203 3330 2396 3399 (Pi-osa
2437 3330 2527 3393 i2)
2570 3332 2764 3400 quippe
2813 3325 3157 3387 meditatione
3184 3333 3399 3397 discet,
3451 3334 3630 3387 omnia
3677 3346 3782 3385 esse

2203 3420 2342 3475 facta
2375 3436 2403 3473 a
2428 3422 2558 3486 Deo,
2585 3435 2612 3473 a
2644 3420 2752 3474 Deo
2780 3424 2913 3490 regi,
2944 3434 2996 3476 ct
3026 3422 3092 3475 ad
3122 3423 3291 3475 Deum
3323 3438 3451 3478 esse
3488 3422 3787 3477 referenda:

2204 3513 2303 3567 hac
2332 3514 2655 3582 cogitatione
2682 3512 2872 3583 (Metro
2904 3512 2990 3584 t2)
3023 3514 3202 3569 felices
3244 3530 3468 3581 sumus,
3497 3530 3597 3569 nec
3628 3513 3788 3567 infeli-

2201 3620 2315 3667 ces,
2347 3605 2448 3659 nisi
2481 3605 2733 3673 inspectis
2761 3606 2919 3659 rebus
2949 3605 3162 3658 caducis
3187 3606 3390 3661 eadem
3434 3606 3693 3677 cogitatio
3713 3614 3790 3661 aut

2202 3688 2463 3761 deleatur,
2494 3706 2584 3750 aut
2612 3697 2801 3751 saltem
2826 3697 3163 3751 obscuretur.

2239 3788 2663 3846 ARGUMENTA
2703 3786 3192 3843 CONSOLATIUNI
3233 3786 3767 3845 PIIILOSOPHICE

2528 3896 2825 3936 CONTBAMA
2866 3896 2966 3935 CUH
3007 3895 3485 3935 RESPONSIONIBUS.

2276 3973 2393 4040 Quo
2420 3972 2720 4041 antiquiora
2749 3980 2875 4026 sunt
2903 3971 3230 4041 przejudicia,
3278 3989 3351 4025 eo
3385 3971 3669 4027 difficilius
3697 3969 3798 4023 ha‘it

2205 4076 2505 4128 exuuntur;
2533 4072 2812 4133 propterea
2838 4063 3020 4116 Doetio
3049 4061 3327 4130 prardictis
3354 4072 3639 4116 commoto
3664 4061 3798 4129 plura

2204 4164 2516 4225 suppetunt,
2557 4170 2674 4224 qure
2703 4155 2959 4209 adversus
3001 4154 3143 4206 illam
3192 4151 3576 4223 philosophia:
3616 4149 3802 4205 doctri~

2207 4262 2329 4302 nam
2360 4254 2633 4316 opponat;
2662 4245 2756 4301 sed
2804 4261 2913 4299 snze
2946 4260 3051 4298 non
3085 4245 3289 4298 desunt
3322 4244 3703 4312 Philosophia:
3734 4255 3803 4294 re~

2206 4338 2543 4408 sponsiones.

2280 4429 2393 4482 LII.
2422 4426 2609 4481 tv.—l.
2628 4427 2684 4479 Si
2710 4424 2898 4494 (Prosa
2928 4424 2979 4493 1)
3006 4424 3167 4489 Deus,
3193 4425 3375 4489 inquit
3404 4424 3651 4492 Boetius,
3671 4437 3806 4477 mun-

519 4530 573 4573 et
602 4531 793 4573 caetera
828 4519 877 4572 id
916 4535 1082 4587 genus
1122 4535 1241 4588 qua:
1287 4535 1445 4573 vocas
1474 4520 1631 4587 bona,
1668 4521 1780 4574 ltzec
1825 4519 2016 4589 (Prom
2044 4519 2099 4589 5)
2132 4489 2179 4548 D
2205 4521 2330 4575 dum
2368 4526 2598 4588 regeret,
2647 4532 2745 4571 nec
2792 4517 2960 4571 virtus
3016 4516 3236 4585 prtemio
3262 4556 3281 4578 ,
3344 4531 3457 4571 nec
3503 4516 3696 4571 vitium
3725 4526 3810 4567 sua

520 4610 657 4664 mala
690 4612 865 4678 potius
894 4619 1020 4665 sunt
1046 4612 1233 4679 animi,
1268 4627 1425 4681 quam
1458 4612 1628 4675 bona;
1664 4613 1896 4665 miseria:
1928 4613 2102 4679 potius

518 4718 677 4770 quam
722 4701 993 4756 felicitatis
1043 4716 1266 4755 causa):
1321 4712 1602 4772 propterea
1641 4703 1781 4755 enim
1825 4700 2014 4771 (Mclro
2045 4705 2101 4769 ὃ)

518 4804 646 4848 tetas
675 4795 934 4863 majorum
980 4804 1161 4848 nostra
1194 4795 1292 4849 fuit
1323 4794 1566 4859 felicior;
1614 4796 1753 4865 quod
1787 4794 1859 4848 illi
1888 4794 2101 4859 minori,

519 4900 675 4952 quam
719 4901 845 4950 nus,
877 4885 1068 4939 horum
1096 4886 1387 4954 cupiditate
1429 4895 1743 4941 tenerentur
1777 4900 1792 4940 :
1824 4894 2102 4953 propterea

520 4974 711 5043 (Ριοδα
749 4976 804 5043 6)
853 4978 1086 5045 potentia
1140 4977 1192 5030 in
1252 4976 1495 5045 improbo
1551 4980 1863 5045 magistratu
1912 4975 2095 5028 sedem

518 5080 672 5123 nacta
696 5069 950 5137 plurimas
979 5069 1090 5123 edit
1122 5078 1354 5140 strages,
1386 5069 1527 5138 quod
1559 5069 1717 5123 nimis
1749 5076 1893 5137 patet
1913 5082 2100 5122 exeni-

517 5158 606 5227 plo
628 5158 814 5231 (Metro
832 5159 888 5228 6)
911 5160 1164 5215 Neronis:
1200 5172 1480 5230 propterea
1504 5160 1695 5231 (Prosa
1719 5160 1773 5228 7)
1800 5158 1937 5212 fama
1962 5160 2099 5227 ipsa,

516 5267 619 5321 qua
651 5252 884 5320 optimus
920 5254 1147 5321 quisque
1193 5252 1406 5307 videtur
1446 5251 1597 5315 duci,
1631 5260 1884 5320 tanquam
1931 5248 2098 5303 altera

516 5346 643 5410 vita,
678 5345 868 5415 (Merra
901 5345 956 5416 7)
990 5354 1219 5400 mortem
1269 5345 1505 5413 geminat
1552 5342 1765 5397 tandem
1810 5345 2099 5417 aliquando

516 5438 769 5492 fatiscens
803 5456 815 5489 :
858 5445 1140 5506 prapterea
1180 5434 1372 5506 (Prom
1413 5434 1468 5502 8)
1508 5434 1739 5502 fortuna,
1786 5451 1904 5505 qua:
1939 5438 2097 5508 vulgo

516 5528 707 5582 dicitur
728 5543 1004 5599 prospera,
1026 5536 1260 5582 mentem
1281 5525 1557 5580 involvens
1575 5524 1831 5590 tenebris,
1851 5529 2096 5582 eamdem

518 5617 720 5673 lnducit
762 5634 884 5679 euut
928 5620 979 5687 ip
1010 5634 1288 5685 errorem,
1342 5626 1451 5672 tum
1497 5618 1550 5670 itt
1592 5616 1799 5683 vitium,
1830 5632 1859 5671 a
1905 5620 2097 5689 quibus

518 5708 747 5776 fortuna,
781 5724 898 5779 quae
930 5711 1085 5778 vulgo
1116 5711 1339 5765 habetur
1362 5710 1610 5776 adversa,
1637 5708 1713 5761 sic
1746 5707 1951 5775 liberat,
1982 5710 2095 5765 luco

2205 4623 2414 4667 careret
2446 4626 2597 4679 pmua
2626 4628 2637 4662 :
2671 4626 2790 4663 cum
2823 4619 2998 4663 tamen
3030 4610 3383 4663 contrarium
3408 4610 3780 4679 experiamur.

2278 4704 2386 4758 Nec
2409 4701 2600 4771 (Ibid.)
2628 4703 2793 4755 virtus
2826 4702 3081 4769 praemiis,
3114 4702 3284 4769 inquit
3306 4700 3699 4772 PhilosOpItia,
3727 4711 3816 4752 nec

2207 4796 2320 4853 Suis
2348 4804 2494 4850 caret
2515 4795 2700 4848 vitium
2731 4794 3025 4862 supplieiis.
3062 4794 3120 4847 1ο
3149 4794 3315 4847 Enim
3354 4794 3567 4864 (Met'ro
3596 4793 3652 4865 1)
3676 4792 3815 4861 probi

2212 4889 2322 4943 Deo
2352 4889 2689 4943 adbtercntes
2714 4888 3058 4955 cogitatione,
3092 4887 3334 4941 humana
3368 4897 3510 4943 sunt
3543 4890 3600 4943 in
3635 4885 3816 4957 patria,

2212 4997 2242 5035 a
2270 4995 2373 5049 qua
2407 4980 2633 5049 improbi
2664 4979 2927 5033 exsulant.
2958 4978 3020 5030 2°
3045 4976 3237 5048 (Prosa
3266 4979 3334 5048 2)
3369 4979 3548 5034 Probi
3581 4989 3710 5033 sunt
3737 4992 3820 5047 po-

2211 5081 2409 5137 tentes,
2434 5070 2661 5140 improbi
2690 5071 3033 5137 impotentes,
3065 5084 3129 5123 ex
3158 5084 3224 5122 eo
3252 5068 3477 5138 (Merra
3501 5072 3562 5141 2)
3596 5082 3821 5141 preser-

2211 5162 2331 5227 tim,
2360 5162 2502 5231 quod
2534 5162 2607 5216 illi
2638 5161 3000 5222 moderentur,
3034 5159 3085 5212 lii
3115 5160 3225 5212 suis
3252 5161 3661 5231 obsequantur
3714 5174 3824 5227 per-

2212 5252 2620 5309 turbationibus.
2652 5252 2713 5305 5°
2760 5249 2949 5320 (Prom
2979 5249 3034 5319 5)
3066 5249 3223 5303 Probi
3277 5250 3337 5304 in
3380 5251 3553 5319 deos,
3599 5247 3821 5319 improbi

2207 5345 2261 5398 in
2294 5344 2484 5415 (Mctro
2512 5341 2567 5412 5)
2603 5341 2800 5396 bestias
2844 5351 3021 5395 mente
3049 5348 3465 5397 convertuntur
3502 5361 3517 5396 :
3580 5343 3709 5397 hinc
3735 5341 3827 5395 im-

2202 5435 2355 5504 probi
2388 5434 2580 5504 (Prosa
2602 5435 2660 5503 4)
2685 5433 2963 5487 miserrimi
2988 5441 3132 5498 sunt,
3163 5446 3412 5502 quorum
3451 5436 3670 5491 idcirco
3697 5432 3825 5503 (Me-

2202 5538 2277 5581 tro
2304 5526 2359 5596 ti)
2392 5535 2605 5594 prtestat
2627 5524 2887 5579 mistrcri.

2274 5622 2338 5675 ll.
2374 5620 2476 5675 Sua
2519 5620 2585 5673 sit
2625 5618 2807 5687 probis
2849 5617 3101 5683 felicitas,
3132 5632 3225 5671 sua
3263 5616 3561 5684 improbis
3592 5618 3825 5679 miseria,

2206 5713 2323 5766 dicit
2361 5710 2599 5773 Bottius,
2648 5724 2741 5762 cur
2788 5717 3081 5778 praeterea,
3135 5707 3237 5762 Deo
3274 5710 3570 5766 mundum
3613 5718 3831 5779 regente
