3998 6368
263 399 345 450 377
790 392 853 446 IN
896 392 1138 451 LIBROS
1181 396 1265 451 DE
1304 396 1822 453 CUNSOIATIONE
1864 396 2335 452 PHILOSOPHUS
2376 396 2906 455 PROLEGUMENA.

265 512 423 582 (Prosa
445 509 515 577 5),
537 516 587 562 et
614 510 761 577 probi
794 510 1167 577 incommodis,
1195 519 1249 564 et
1276 511 1569 565 commodis
1591 511 1788 581 impro-

260 606 297 657 1ιί
324 602 629 655 afﬁciantur?

314 694 467 755 Plura,
497 693 616 745 dicit
653 692 1015 760 Philosophia,
1050 692 1363 763 responderi
1396 701 1638 761 possunt.
1682 692 1796 746 Pri-

258 802 373 841 munt
398 785 527 839 enim
548 786 796 853 quamvis
828 785 1014 855 (Ibid.)
1039 801 1289 856 germana
1315 794 1472 840 tanta;
1490 784 1795 853 dispositio-

257 880 324 933 nis
349 892 488 931 causa
516 878 584 930 ab
615 878 829 933 homine
872 879 1229 946 ignoraretur,
1261 878 1433 932 eidem
1479 886 1657 931 tamen
1700 877 1796 929 ho-

255 972 358 1027 mini
402 987 497 1023 non
548 980 825 1038 propterea
858 970 1240 1035 dubitandum,
1273 972 1399 1039 quin
1432 970 1608 1023 omnia
1638 978 1795 1023 recte

254 1063 411 1115 ﬁerent
435 1058 620 1129 (Μεινο
643 1062 729 1128 5):
758 1061 1009 1115 admirari
1045 1060 1095 1113 id
1128 1060 1288 1113 homo
1314 1069 1507 1127 potest,
1526 1068 1580 1112 ut
1607 1058 1794 1127 vulgus

253 1152 439 1205 miratur
464 1150 649 1205 etl‘ecta
689 1152 949 1206 ctelestia.
986 1150 1187 1205 Deinde
1219 1152 1297 1204 Ine
1342 1149 1533 1219 (Prosa
1562 1149 1617 1217 6)
1648 1150 1793 1203 vices

251 1257 335 1295 non
361 1242 520 1294 minus
540 1242 890 1309 providentite
916 1242 1112 1296 divina:
1133 1251 1277 1304 sunt,
1294 1256 1451 1307 quam
1478 1241 1596 1303 fati;
1626 1254 1795 1308 quare

252 1343 296 1387 ut
318 1335 334 1403 (
358 1332 505 1386 Metro
526 1334 592 1399 6)
624 1344 819 1387 caetera
851 1334 903 1387 in
944 1333 1176 1402 quodam
1216 1332 1441 1386 circuitu
1476 1340 1791 1385 \ersantur:

251 1425 312 1478 sic
336 1424 351 1494 (
379 1422 534 1476 Prosa
566 1425 623 1495 7)
665 1425 897 1489 fortuna,
930 1424 1089 1478 etiam
1132 1424 1377 1485 adversa,
1411 1432 1593 1491 utpote
1618 1437 1735 1491 qua:
1764 1436 1794 1475 a

250 1513 338 1567 Deo
370 1514 554 1578 oritur,
588 1514 652 1568 ad
688 1514 855 1569 Deum
901 1514 1199 1580 referenda,
1233 1527 1287 1569 ut
1316 1514 1505 1581 (Merra
1538 1515 1591 1583 7)
1636 1516 1797 1569 homo

249 1622 334 1659 non
355 1606 445 1659 nisi
475 1615 599 1672 post
626 1615 907 1675 susceptos
938 1606 1147 1660 labores
1180 1607 1386 1659 fruatur
1408 1606 1627 1673 optatis.

306 1698 401 1751 LIB.
430 1714 479 1751 v.
498 1698 667 1752 ——ll|.
698 1698 848 1764 Quod
878 1696 1065 1767 (Prom
1091 1699 1146 1765 1)
1173 1699 1349 1751 omnia
1374 1698 1696 1767 providenti,
1718 1696 1798 1749 in-

206 1858 209 1861 ,
249 1789 332 1856 quit
349 1786 567 1852 Boetius,
594 1788 725 1841 nihil
757 1788 925 1857 possit
943 1802 1064 1841 esse
1088 1787 1444 1854 inopinatum,
1471 1787 1667 1848 nullus,
1686 1787 1797 1840 Deo

250 1880 467 1935 mundum
498 1892 744 1951 regente,
778 1882 831 1936 in
865 1882 1065 1936 mundo
1095 1884 1195 1936 erit
1227 1896 1420 1936 casus:
1454 1880 1710 1950 quidquid
1743 1880 1796 1933 in

247 1974 535 2027 contrarium
564 1976 755 2029 doceat
775 1975 1127 2043 exper'entia.

299 2063 487 2132 Nullus,
516 2066 723 2133 reponit
751 2065 1084 2133 Philosophia
1101 2064 1313 2136 (Ibid.),
1339 2065 1441 2119 erit
1468 2077 1623 2118 casus
1649 2062 1793 2117 Deo:

246 2154 315 2207 sed
334 2170 478 2207 casus
504 2156 614 2208 erit
644 2155 949 2209 homitnbus
974 2173 986 2208 :
1018 2157 1151 2209 sicut
1186 2157 1305 2210 dum
1335 2154 1525 2224 (Metro
1556 2155 1606 2224 1)
1636 2169 1796 2208 naves

245 2248 468 2301 constanti
496 2247 728 2301 duorum
758 2248 1031 2301 numinum
1060 2263 1219 2303 cursu
1243 2248 1499 2314 abreptae,
1524 2261 1621 2300 suo
1650 2260 1798 2316 qua:-

245 2338 347 2391 libet
388 2355 511 2393 casu
543 2339 650 2393 sibi
682 2340 907 2393 invicem
935 2354 1218 2393 occurrere
1247 2347 1489 2407 possunt.

298 2429 372 2482 IV.
412 2430 589 2485 Posita
642 2430 933 2501 (Ριοδαὲ)
990 2432 1166 2485 divina
1224 2428 1592 2499 providentia,
1640 2429 1800 2481 iustat

244 2518 440 2585 Boetius,
474 2536 586 2574 non
640 2523 799 2575 stabit
848 2522 1076 2576 humana
1135 2522 1386 2588 libertas,
1438 2520 1593 2589 cujus
1621 2531 1797 2573 tamen

244 2613 574 2679 unnsrluisquc
602 2614 763 2665 homo
790 2616 1038 2667 conscius
1069 2623 1169 2667 est.
1336 2680 1339 2685 ι

296 2702 349 2756 Ut
372 2718 460 2757 sua
490 2702 921 2770 (lbid.)etiilibet
943 2707 1108 2760 menti
1137 2714 1239 2758 seat
1266 2705 1502 2767 libertas,
1529 2702 1798 2768 respondet

242 2791 571 2862 P!.ilost)phia,
604 2796 683 2850 sic
708 2810 802 2849 sua
834 2796 1079 2849 humanae
1110 2795 1304 2848 stabit:
1337 2794 1633 2859 saltemque
1656 2790 1795 2862 (Me—

3370 398 3473 450 578

1892 521 1968 563 tro
1997 510 2054 578 2)
2084 509 2245 572 Deus,
2271 508 2422 577 cujus
2451 519 2533 564 est
2564 512 2739 563 omnia
2779 524 3021 577 cernere,
3053 510 3200 564 novit
3229 508 3469 576 modum,

1899 616 2006 669 quo
2036 600 2265 653 humana
2298 600 2518 655 libertas
2552 615 2674 655 cum
2721 600 2899 653 divina
2943 600 3274 671 providentia
3307 601 3478 669 possit

1899 690 2195 746 conciliari.

1972 781 2034 833 V.
2062 780 2252 851 (Prosa
2279 782 2334 850 5)
2360 780 2660 847 Quomodo,
2690 783 2869 852 qurerit
2893 781 3112 845 Boetius,
3142 782 3475 852 providentia

1899 873 2101 938 divina,
2137 882 2321 941 utpote
2345 875 2665 938 certissima,
2695 874 2969 929 conciliari
2998 876 3193 944 poterit
3221 891 3341 929 cum
3376 876 3477 929 hu-

1899 978 2055 1018 mana
2086 964 2357 1025 libertate.
2397 964 2595 1034 quippe
2620 979 2736 1032 qme
2767 976 2844 1018 est
2876 980 3069 1034 expers
3105 967 3479 1021 necessitatis?

1902 1053 2096 1124 (Metro
2125 1055 2182 1123 5)
2214 1071 2279 1106 an
2306 1054 2428 1123 quia
2462 1063 2516 1108 nt
2552 1056 2604 1107 in
2635 1056 2866 1119 ueteris,
2893 1055 3042 1110 sicin
3068 1054 3169 1109 hoc
3196 1070 3347 1111 mens
3378 1056 3479 1110 hu-

1901 1163 2056 1202 mana
2101 1164 2200 1203 nec
2229 1149 2406 1202 omnia
2436 1148 2627 1217 nescit,
2664 1164 2762 1204 nec
2790 1151 2968 1204 omnia
2993 1149 3161 1217 novit,
3192 1160 3251 1205 ut
3279 1167 3307 1205 a
3337 1152 3481 1207 notis

1902 1240 2144 1308 progredi
2174 1240 2373 1293 nitatur
2404 1240 2468 1293 ad
2502 1239 2722 1308 ignota?

1973 1330 2097 1383 llaec
2138 1328 2331 1398 (Prosa
2358 1328 2423 1399 4)
2474 1329 2709 1383 concord
2733 1344 2761 1382 a
2780 1370 2795 1394 ,
2830 1329 3167 1401 PhilosOphia
3194 1336 3369 1400 refert,
3405 1332 3483 1385 id-

1899 1420 2043 1476 circo
2072 1422 2283 1475 videtur
2312 1420 2549 1476 difﬁcilis
2573 1461 2589 1485 ,
2633 1422 2755 1490 quia
2779 1421 2963 1476 divina
3002 1423 3264 1491 przenotio
3296 1424 3483 1476 huma-

1900 1529 2023 1567 nam
2069 1514 2273 1569 intinite
2303 1529 2583 1582 superans,
2616 1523 2798 1569 mente
2840 1516 3070 1569 humana
3103 1530 3209 1568 non
3248 1516 3481 1583 capitur.

1901 1605 2013 1670 Sic,
2038 1605 2294 1675 quidquid
2321 1605 2487 1661 Stoici
2521 1604 2714 1675 (Metro
2740 1606 2793 1672 4)
2830 1611 3036 1674 putent,
3070 1606 3249 1675 plures
3278 1614 3406 1659 sunt
3431 1606 3484 1660 in

1901 1696 2092 1751 eodem
2142 1695 2359 1751 homine
2391 1695 2751 1763 cognoscendi
2786 1696 2949 1761 modi,
2978 1712 3204 1765 quorum
3233 1697 3319 1751 alii
3351 1697 3485 1751 alios

1904 1787 1976 1841 ita
1998 1788 2406 1853 transcendunt,
2437 1797 2494 1842 ut
2525 1790 2664 1857 quod
2698 1788 2996 1857 intelligere
3020 1803 3324 1857 possumus,
3355 1788 3483 1843 illttd

1828 1903 1875 1962 Β
1904 1894 2009 1934 non
2042 1892 2320 1949 prepterea
2365 1880 2630 1949 possimus
2680 1881 2976 1951 imaginari.
3009 1881 3157 1937 Sicut
3204 1881 3394 1951 (Prosa
3424 1881 3482 1951 5)

1905 1986 2031 2041 ergo
2056 1986 2122 2026 ex
2156 1970 2522 2027 imbecillitate
2545 1983 2740 2027 nostrae
2764 1972 3160 2042 imaginationis
3204 1988 3310 2026 non
3326 1973 3485 2027 debet

1904 2065 2085 2133 negari
2114 2071 2293 2118 nostra
2318 2063 2687 2133 intelligentia,
2715 2066 2793 2119 sic
2814 2080 2877 2119 ex
2905 2064 3265 2118 imbecillitate
3287 2064 3483 2119 intelli-

1904 2156 2098 2223 gentia:
2122 2154 2391 2219 humanas,
2418 2154 2598 2209 divina
2623 2154 2921 2210 futurorum
2945 2155 3234 2209 liberorum
3265 2170 3481 2225 praeno-

1906 2247 1979 2300 tio
2016 2245 2255 2315 neganda
2283 2262 2388 2300 non
2414 2256 2517 2302 est.
2560 2247 2699 2312 Non,
2733 2248 2969 2317 inquam,
3002 2257 3281 2317 propterea
3305 2248 3485 2317 negari

1905 2339 2068 2394 debet
2100 2341 2449 2410 intelligentia
2471 2344 2729 2404 humana,
2755 2357 2873 2409 qua:
2898 2342 3095 2396 idcirco
3125 2343 3245 2396 data
3276 2344 3487 2398 videtur

1906 2430 2127 2495 homini,
2160 2430 2351 2501 (Metro
2381 2432 2435 2501 5)
2467 2447 2578 2501 pra:
2606 2433 2818 2487 caeteris
2844 2433 3227 2498 animantibus,
3250 2434 3487 2489 hicutad

1905 2518 2025 2574 caeli
2045 2530 2390 2589 conspectum
2413 2522 2692 2577 excitetur.
2709 2521 2896 2592 (Prosa
2914 2522 2968 2591 6)
2982 2521 3121 2578 Deus
3135 2523 3289 2590 igtur
3309 2533 3488 2593 utpote

1907 2622 2165 2678 aeternus,
2190 2612 2361 2667 futura
2393 2614 2580 2681 libera,
2608 2629 2708 2669 ceu
2735 2616 3041 2685 przesentia.
3066 2616 3227 2671 illaesa
3258 2619 3488 2673 hominis

1906 2702 2175 2772 libertate,
2214 2704 2387 2758 novit.

1326 2949 1687 3010 censuali
1737 2946 2146 3007 uenenum
2191 2918 2464 3007 norim

841 3062 1001 3145 DE
1077 3057 1976 3145 CONSOLATIONE
2030 3058 2877 3143 PHILOSOPHI/E.

294 3181 416 3235 Suos
445 3181 495 3235 hi
530 3180 658 3236 libri
687 3179 991 3235 habuerunt
1036 3181 1395 3246 adversarios,
1447 3196 1671 3250 quorum
1708 3178 1797 3232 alii
1827 3181 1870 3241 C
1904 3180 2282 3247 perturbatione
2328 3190 2601 3249 conquesta
2646 3191 2718 3235 est
2767 3198 2785 3235 :

239 3274 453 3329 adiuncta
480 3289 612 3329 esse
634 3314 648 3337 ,
675 3273 764 3326 alii
788 3274 985 3327 omissa
1020 3272 1121 3327 hoc
1140 3273 1191 3325 in
1215 3286 1377 3341 opere
1406 3274 1647 3341 qumdam
1673 3286 1804 3325 cuu-

239 3374 522 3432 queruntur.
568 3366 819 3434 Utrisque
850 3364 1179 3432 respondere
1220 3364 1331 3432 jam
1362 3364 1695 3418 conabimur.

295 3592 548 3647 Henricus
600 3590 938 3653 Glareanus,
994 3588 1080 3644 cui
1132 3588 1371 3644 nonnulli
1425 3588 1806 3659 astipulantur,

238 3688 499 3752 existimat,
540 3685 862 3755 Prwfatioue
886 3685 935 3735 iu
963 3700 1119 3749 Opera
1156 3682 1344 3749 Boetii,
1378 3684 1608 3736 solutam
1653 3682 1809 3750 hujus

239 3780 385 3845 operis
406 3780 711 3833 orationem
734 3818 748 3839 ,
773 3776 913 3845 quod
943 3775 1058 3829 luce
1089 3775 1371 3829 barbarior
1402 3778 1506 3837 sit,
1546 3789 1575 3827 a
1625 3774 1810 3827 Boetio

238 3885 323 3921 non
355 3869 516 3923 fuisse
547 3867 809 3936 scriptam
847 3883 860 3918 :
890 3881 955 3921 ex
977 3881 1083 3934 quo
1108 3881 1212 3920 non
1246 3865 1420 3918 solum
1451 3863 1677 3929 dubitat,
1712 3862 1808 3917 sed

239 3958 506 4025 inliciatur,
559 3958 851 4027 quidquam
904 3956 1061 4025 hujus
1108 3958 1289 4023 operis
1318 3969 1629 4025 germanqu
1686 3968 1809 4009 esse

237 4050 383 4105 Bnetii
406 4050 601 4105 fetum.

294 4141 363 4195 Ad
386 4142 529 4212 quod
564 4138 892 4209 respondeo,
927 4139 1155 4207 primum
1200 4138 1430 4192 solutam
1462 4139 1811 4207 strictamque

238 4233 372 4305 hujus
390 4235 575 4306 operis
596 4232 895 4287 orationem
919 4230 1158 4299 ejusdem
1176 4244 1297 4284 esse
1318 4229 1550 4285 auctoris
1573 4246 1587 4293 ;
1619 4228 1812 4285 deinde

237 4336 486 4380 auctorem
516 4325 662 4378 hunc
684 4336 802 4376 esse
833 4320 1111 4382 Boetium;
1141 4329 1415 4388 postremo
1440 4318 1679 4373 Boetium
1704 4333 1811 4371 nun

236 4416 313 4470 abs
332 4432 386 4471 re
415 4415 639 4487 gemino
681 4411 1037 4482 philosOphici
1064 4411 1317 4474 oratoris,
1350 4420 1403 4464 et
1436 4418 1607 4478 poeta:
1632 4408 1813 4462 officio

238 4509 486 4574 iunctum,
548 4506 712 4562 modo
768 4505 1027 4568 barbare,
1094 4503 1253 4558 modo
1316 4501 1506 4557 Latine
1576 4501 1809 4555 locutum

236 4596 401 4655 fuisse.

296 4693 528 4748 Primum
568 4690 785 4763 quidem
846 4688 1027 4743 stricta
1073 4688 1359 4758 solutaque
1415 4686 1813 4742 Consolationis

237 4781 611 4854 phil050phica:
644 4782 819 4836 oratio
863 4780 1102 4849 ejusdem
1134 4780 1369 4833 auctoris
1399 4788 1479 4832 est
1515 4793 1528 4829 :
1564 4778 1811 4846 quando-

238 4876 431 4941 quidem
456 4918 473 4942 ,
508 4876 727 4943 dempta
756 4876 1010 4928 alterutra
1044 4874 1142 4927 hac
1188 4873 1433 4926 o'atione
1458 4913 1471 4935 ,
1523 4872 1702 4925 nullus
1730 4881 1814 4926 est

237 4970 528 5034 superstitis
559 4980 729 5021 nexus
761 4980 775 5018 :
808 4965 928 5019 vide
957 4965 1099 5018 enim
1130 4963 1222 5035 (ne
1243 4964 1390 5033 plura
1422 4964 1505 5016 hic
1534 4962 1811 5015 describa-

238 5061 360 5129 mus)
402 5060 679 5129 quomodo
721 5058 840 5113 sine
869 5071 1025 5126 prosa
1085 5055 1241 5125 primi
1291 5055 1548 5109 carminis
1592 5054 1810 5108 ultimus

238 5148 310 5205 hic
334 5166 553 5218 versus,

372 5266 470 5325 Qui
490 5264 688 5324 cecidit,
710 5260 872 5312 stabili
890 5272 984 5309 non
1006 5264 1114 5308 erat
1136 5260 1220 5308 ille
1246 5260 1396 5322 gradu

236 5380 495 5425 conzereat
520 5384 642 5425 cum
672 5369 774 5423 hoc
799 5364 1020 5422 secundi
1045 5366 1301 5419 carminis
1325 5366 1496 5434 primo
1522 5380 1701 5430 versu,

374 5481 492 5529 Heu
520 5492 664 5542 quam
688 5478 923 5542 praecipiti
946 5488 1107 5525 mersa
1131 5474 1367 5537 profundo

377 5542 527 5591 Mens
540 5538 727 5589 'hehetl

236 5644 357 5700 \‘ide
386 5648 553 5700 etiam
584 5652 838 5715 quantum
888 5642 1258 5711 disjungantur
1296 5642 1415 5695 sine
1450 5642 1698 5696 versibus
1729 5642 1811 5696 in-

235 5739 460 5807 terjectis
488 5749 755 5807 postrema
788 5736 1005 5803 prima),
1034 5742 1089 5787 et
1134 5734 1299 5800 prima
1345 5733 1595 5785 secunda:
1646 5749 1810 5803 proste

236 5829 339 5885 hzec
360 5831 529 5885 verba
561 5844 574 5881 :
604 5825 943 5893 Philosophia
979 5824 1056 5877 his
1081 5824 1298 5884 versibus
1327 5824 1391 5876 de
1417 5834 1603 5877 nostra:
1631 5826 1805 5877 mentis

2831 3183 2920 3236 sed
2971 3184 3258 3251 medicina,
3301 3188 3489 3260 inquit,

1910 3279 2108 3335 tempus
2136 3279 2205 3323 est
2228 3311 2242 3334 ,
2272 3287 2371 3323 non
2399 3274 2637 3340 querela’,
2666 3282 2771 3329 etc.

1987 3361 2188 3416 Deinde
2216 3374 2402 3416 auctor
2431 3363 2521 3417 ille
2548 3373 2631 3418 est
2661 3364 2875 3419 Boetius
2906 3383 2917 3418 :
2948 3381 3069 3422 cum
3120 3382 3310 3425 omnes
3355 3372 3492 3426 scri-

1912 3464 2115 3522 p'ores,
2141 3468 2367 3523 quorum
2400 3456 2557 3521 supra
2608 3458 2937 3511 mentionem
2969 3456 3211 3525 iecimus,
3260 3446 3493 3531 quinque

1919 3545 2086 3600 libros
2111 3547 2503 3603 Consolationis
2543 3548 2889 3619 pltilOSOphi;c
2920 3551 3059 3607 inter
3083 3568 3334 3621 germana
3366 3556 3494 3611 Boe-

1913 3636 1972 3691 tii
2020 3652 2183 3705 opera
2236 3651 2556 3695 recenseant
2607 3657 2622 3693 :
2669 3642 2812 3696 nullo
2857 3644 3001 3699 enim
3058 3646 3165 3699 alio
3215 3662 3494 3715 argumen~

1912 3738 1969 3785 to
2030 3731 2405 3800 convinceris,
2470 3731 2695 3787 IEneida
2751 3733 3044 3803 legitimum
3107 3752 3227 3793 esse
3291 3738 3495 3809 Virgilii

1911 3834 2069 3890 Opus.

1987 3914 2267 3968 Postremo
2305 3931 2411 3968 non
2440 3915 2534 3968 ahs
2558 3932 2616 3970 re
2664 3916 2879 3971 Boetius
2930 3918 2981 3972 in
3023 3927 3135 3973 telo
3182 3920 3284 3975 hoc
3336 3936 3495 3991 opere

1915 4005 2136 4059 harhara
2184 4006 2346 4059 verba
2383 4007 2596 4061 miscuit
2628 4003 2852 4061 Latinis.
2886 4009 3063 4063 Voluit
3091 4011 3291 4081 quippe
3320 4012 3496 4080 philo-

1913 4096 2117 4167 s0phici
2170 4097 2400 4151 oratoris
2427 4097 2607 4151 olticio
2637 4098 2879 4162 functus,
2927 4099 3107 4155 verbis
3158 4100 3226 4155 ad
3276 4116 3495 4157 sensum

1914 4190 2057 4259 vulgi
2091 4198 2216 4244 tunc
2252 4190 2462 4244 barbari
2493 4192 2912 4246 accommodatis
2937 4194 3045 4259 uti,
3077 4203 3131 4247 ut
3163 4195 3495 4264 phil050phi~

1914 4296 1978 4337 ca
2005 4281 2123 4350 ejus
2153 4280 2407 4350 cogitatio
2436 4282 2644 4337 facilius
2666 4284 2968 4339 auditorum
3018 4284 3211 4340 animis
3251 4302 3497 4355 compre-

1918 4374 2242 4427 henderetur
2266 4393 2278 4427 :
2313 4375 2364 4427 in
2393 4373 2726 4443 phil050phia
2750 4376 2894 4429 enim
2913 4416 2927 4438 ,
2950 4376 3090 4445 quod
3114 4378 3316 4445 optime
3347 4389 3496 4432 notat

1918 4466 2124 4520 Tullius
2144 4507 2159 4531 ,
2208 4482 2287 4520 res
2331 4477 2643 4535 spectantur,
2674 4484 2774 4520 non
2803 4468 2953 4521 verba
2983 4470 3289 4536 penduntur.
3321 4470 3497 4527 Voluit

1841 4563 1895 4622 1)
1922 4572 2050 4610 vero
2102 4570 2270 4625 poe'aa
2310 4573 2591 4627 personam
2631 4560 2902 4614 sustinens
2946 4560 3155 4630 lingua,
3207 4572 3265 4615 ut
3311 4562 3497 4630 aiunt,

1918 4647 2138 4703 deorum
2186 4649 2372 4719 loqui:
2402 4665 2506 4704 non
2555 4650 2725 4705 solum
2753 4660 2809 4705 ut
2839 4653 3153 4708 eorumdem
3193 4654 3496 4709 auditorum

1915 4738 2078 4793 animi
2130 4740 2466 4810 gravioribus
2521 4743 2803 4797 sententiis
2851 4743 3030 4797 lassati
3082 4756 3494 4801 recrearentur:

1918 4829 2054 4883 hanc
2090 4831 2286 4884 etenim
2332 4831 2402 4884 ob
2458 4845 2673 4885 causam
2730 4833 2872 4887 idem
2930 4834 3163 4900 Boetius,
3222 4836 3494 4892 Platonem

1918 4921 2201 4989 pluresque
2225 4921 2358 4975 alios
2386 4930 2595 4976 veteres
2622 4922 2883 4989 imitatus,
2910 4926 3216 4982 suoslibros
3234 4928 3287 4981 in
3314 4928 3497 4995 dispu-

1919 5016 2115 5068 tatione
2142 5022 2196 5067 et
2222 5013 2432 5084 dialogo
2461 5016 2711 5085 scripsit:
2744 5031 2930 5072 verum
2962 5019 3121 5073 etiam
3155 5028 3211 5073 ut
3243 5019 3496 5073 Latinita-

1919 5111 2025 5157 ta-m
2057 5104 2255 5159 rudiori
2280 5120 2377 5160 suo
2402 5106 2601 5161 smculo
2623 5108 2731 5174 jam
2779 5120 3147 5164 senescentem
3187 5120 3240 5164 et
3262 5111 3326 5163 ad
3358 5113 3494 5164 inte-

1918 5195 2075 5246 rltum
2106 5205 2479 5263 properantem
2510 5197 2672 5251 veluti
2694 5213 2725 5253 e
2754 5199 2992 5253 faucibus
3017 5202 3203 5253 mortis
3224 5202 3489 5268 eriperet;

1919 5290 1978 5334 ut
2021 5296 2139 5335 cum
2190 5282 2445 5339 barbaros
2487 5288 2650 5339 armis
2695 5289 2764 5340 ah
2814 5292 2955 5344 Italia
2988 5290 3177 5359 prohib
3215 5305 3271 5343 re
3299 5292 3487 5344 consul

1918 5389 2024 5428 non
2049 5387 2261 5443 pos~et,
2298 5376 2592 5431 barbariem
2623 5378 2691 5432 ab
2727 5379 2939 5449 Europa
2971 5382 3082 5433 suis
3115 5382 3301 5433 saltem
3325 5384 3495 5436 versi-

1921 5464 2019 5517 bus
2045 5466 2234 5519 doctor
2263 5466 2458 5533 ejicere
2485 5478 2791 5522 conaretur.
2825 5469 3112 5535 Propterea
3140 5470 3189 5522 in
3220 5470 3338 5524 aliis
3380 5472 3494 5540 ejus

1918 5556 2171 5623 operibus
2200 5570 2321 5610 cum
2362 5558 2767 5627 philosophicis,
2826 5567 2935 5611 tttm
2980 5561 3140 5613 etiam
3185 5560 3493 5632 theologicis

1919 5647 2172 5716 praedicta
2213 5648 2487 5702 barbaries
2527 5648 2812 5716 aliquando
2851 5650 3084 5704 occurrit
3117 5667 3131 5703 :
3167 5661 3218 5705 at
3249 5653 3489 5722 ejusdem

1916 5752 2105 5791 versus
2142 5737 2268 5791 tersi
2298 5748 2449 5805 sunt,
2506 5738 2775 5806 elegantes
2817 5747 2869 5792 et
2902 5754 3065 5810 prope
3096 5742 3258 5797 divini
3284 5761 3295 5772 ·
3324 5757 3379 5798 ιιι
3416 5745 3489 5798 t‘a-

1919 5838 2057 5883 tetur
2080 5829 2192 5896 ipse
2217 5828 2525 5883 Glareanus.
