3998 6368
495 349 597 403 579

564 552 752 608 Petrus
778 553 1004 616 Bertius,
1035 553 1118 608 cui
1163 555 1325 609 etiam
1357 541 1512 609 video
1561 556 1738 625 plures
1783 559 2032 614 assentiri
2055 601 2071 625 ,

489 645 796 709 arbitratur,
833 645 1142 714 Prtefatione
1185 646 1238 700 in
1275 645 1368 701 hos
1397 645 1564 701 Boetii
1599 648 1786 711 libros,
1821 649 2067 706 Boetium

489 743 656 788 totum
698 735 799 789 hoc
825 737 1219 792 Consolationis
1257 739 1644 807 philosophica:
1691 757 1848 810 opus,
1903 754 2064 812 prout

487 824 818 889 instituerat,
851 841 956 880 non
987 827 1301 893 absolvisse,
1352 830 1635 900 eideluqne
1665 832 1830 886 fuisse
1863 850 2066 902 propo-

485 918 648 970 situm
677 933 743 971 ex
775 919 1016 974 doctrina
1057 936 1267 990 quoque
1315 922 1640 992 Christiana,
1684 941 1744 978 ea
1777 928 2070 993 superiori-

490 1008 588 1061 bus
619 1009 839 1075 addere,
868 1012 1060 1079 quibus
1089 1013 1153 1065 ad
1186 1014 1671 1068 COtISiderationem
1701 1027 1918 1071 aeterna:
1951 1020 2073 1073 vitae

486 1100 698 1153 animus
730 1101 993 1157 humanus
1013 1103 1180 1156 attolli
1204 1104 1372 1172 possit
1402 1122 1413 1156 :
1441 1114 1551 1158 tum
1584 1108 1705 1174 quia
1736 1107 1856 1162 Non
1890 1092 1963 1162 est
1990 1127 2076 1163 ve-

487 1190 721 1254 risimile,
782 1192 985 1261 inquit,
1044 1204 1238 1262 partem
1267 1195 1410 1248 illam
1460 1213 1493 1248 a
1542 1195 1832 1252 Christiano
1872 1201 2074 1254 homine

492 1290 704 1334 mortem
733 1284 795 1336 ob
824 1284 1000 1337 oculos
1040 1287 1250 1339 habente
1295 1288 1454 1356 fuisse
1479 1291 1787 1359 prwteritam
1829 1309 2069 1362 eumque,

488 1372 574 1441 qui
601 1373 662 1426 de
694 1381 870 1427 sancta
893 1373 1139 1429 Trinitate
1167 1376 1219 1429 in
1269 1393 1472 1432 carcere
1514 1381 1736 1450 scripsit,
1762 1384 2072 1437 consolatio-

489 1478 606 1514 nem
631 1463 682 1516 in
723 1463 951 1518 adversis
1003 1482 1102 1518 non
1131 1468 1335 1537 petiisse
1364 1486 1428 1522 ea:
1471 1471 1741 1541 disciplina
1788 1471 1978 1526 Christi
2026 1485 2073 1527 et

490 1554 722 1608 doctrina
770 1572 940 1609 rerum
984 1558 1354 1612 credendarum
1399 1577 1460 1612 ac
1506 1564 1876 1630 sperandarum
1905 1563 2074 1618 Libris

489 1647 648 1698 sacris
677 1647 949 1716 explicata.
985 1648 1110 1701 Tum
1154 1651 1302 1704 etiam
1345 1654 1466 1721 quia
1516 1654 1646 1706 idem
1692 1653 1898 1709 Boetius
1948 1674 2071 1724 pas-

487 1736 583 1789 sim
629 1738 880 1806 promisit,
935 1741 1157 1809 inca/nt,
1212 1743 1471 1812 festinavit
1527 1746 1785 1799 absolvere
1833 1749 2068 1814 maiora,

486 1828 717 1897 viamque
745 1847 846 1900 qua
876 1847 1014 1886 mens
1043 1833 1093 1886 in
1119 1836 1338 1902 patriam
1367 1836 1624 1902 eve/tatur,
1651 1841 1878 1908 aperire.

559 1921 626 1975 At
658 1930 796 1975 tanta
827 1924 1043 1993 quidem
1079 1926 1175 1980 luit
1203 1927 1372 1982 Boctii
1405 1931 1593 1995 pictas,
1638 1941 1693 1985 ut
1743 1934 1943 1987 nemini
1973 1934 2070 1988 du-

485 2010 630 2066 bium
674 2027 794 2067 esse
827 2015 991 2082 possit
1016 2061 1029 2083 ,
1055 2018 1180 2084 quin
1205 2019 1285 2072 vir
1314 2020 1404 2074 ille
1435 2023 1826 2089 sanctissimus,
1852 2026 1990 2080 sicut
2016 2029 2069 2081 in

486 2107 786 2173 prosperis,
819 2107 901 2161 sic
931 2109 983 2161 in
1015 2110 1256 2164 adversis
1286 2109 1554 2167 Christum
1598 2116 1928 2186 cogitaverit.
1963 2117 2067 2173 Sed

485 2193 784 2264 quicunque
812 2199 993 2254 animo
1020 2205 1335 2263 complexus
1370 2202 1524 2256 fuerit
1549 2220 1700 2269 eauti,
1749 2221 1906 2274 quam
1948 2224 2069 2276 pro-

487 2284 794 2354 posuimus,
828 2285 988 2356 hujus
1021 2289 1204 2356 Oper-is
1252 2290 1446 2357 ideam,
1498 2292 1583 2347 hic
1608 2306 1754 2348 certe
1791 2311 1924 2364 opus
1968 2297 2069 2353 hoc

485 2375 784 2430 absolutum
834 2392 956 2433 esse
983 2378 1400 2435 fatebiturzhuc
1447 2385 1588 2437 enim
1635 2385 1918 2441 deductum
1949 2400 2066 2458 est,

484 2480 592 2535 quo
631 2467 809 2522 lumen
838 2472 1083 2525 naturale
1129 2471 1242 2526 sive
1291 2475 1660 2544 philosOphia,
1693 2493 1832 2547 qua-,
1867 2489 1922 2533 ut
1946 2494 2066 2535 cum

484 2559 824 2615 Tertulliano
870 2561 1074 2632 loquar,
1110 2580 1260 2619 mens
1303 2575 1387 2621 est
1416 2568 1719 2623 naturaliter
1748 2570 2063 2640 Christiana,

485 2660 698 2719 poterat
730 2653 970 2707 tendere.
1015 2654 1301 2720 Promerea
1351 2660 1596 2726 quamvis
1649 2661 1700 2715 in
1752 2671 1865 2718 toto
1903 2678 2068 2734 opere

486 2742 766 2811 multiplex
796 2759 916 2798 sese
947 2745 1203 2800 obtulerit
1229 2749 1363 2802 sacri
1397 2758 1570 2805 textus
1597 2753 1796 2811 citandi
1828 2757 2062 2823 occasio,

485 2834 538 2888 id
584 2850 688 2888 non
721 2835 843 2890 fecit
891 2837 1107 2890 Boetius
1160 2840 1259 2892 uisi
1303 2844 1491 2909 semel,
1521 2859 1648 2899 usus
1675 2845 1756 2901 his
1783 2848 2066 2917 sapientia:

484 2928 661 2982 verbis
693 2945 704 2980 :
731 2926 966 2999 Disponit
990 2934 1159 2983 omnia
1189 2936 1430 2988 suaviter.

555 3017 824 3074 Potuissct
849 3037 976 3090 ergo
1003 3024 1220 3078 Boetius
1260 3026 1326 3079 de
1355 3043 1445 3079 sua
1478 3027 1856 3087 Consolatione
1889 3033 2060 3101 philo-

485 3114 703 3180 sophica
745 3113 952 3167 locutus
981 3115 1182 3178 dicere,
1213 3119 1358 3185 quod
1389 3118 1572 3173 Justus
1597 3121 1802 3189 Lipsius
1830 3134 2068 3192 postmo-

485 3204 611 3254 dum
634 3201 698 3254 de.
727 3218 818 3256 sua
847 3203 1142 3258 Constantia
1168 3183 1318 3260 disit.
1351 3208 1410 3262 Si
1456 3211 1604 3275 mihi,
1631 3183 2068 3280 it-iquit,-Tlteolo-
2094 3183 2140 3247 c

481 3308 607 3362 gum
634 3309 785 3362 agere
809 3299 1150 3362 propositum,
1197 3298 1458 3363 aberravi;
1489 3303 1534 3353 si
1570 3302 1945 3374 philosophum,
1977 3324 2070 3362 cur

485 3384 692 3454 culpant
717 3387 742 3438 Ρ
777 3385 1057 3440 llaurimus
1086 3390 1220 3442 enim
1243 3407 1268 3442 e
1296 3392 1514 3457 lacunis,
1540 3394 1798 3464 inquiunt,
1821 3416 1936 3468 qua:
1953 3401 2067 3456 licet

495 3492 522 3525 ο
543 3475 816 3544 purissimo
848 3477 1131 3530 divinarum
1155 3477 1457 3535 Litterarum
1481 3485 1639 3553 fonte.
1671 3485 1720 3538 Η
1729 3504 1855 3541 ucne
1884 3508 1962 3544 me
1983 3508 2062 3546 vo-

485 3574 600 3616 cant
621 3565 643 3617 ?
667 3567 732 3616 At
759 3580 851 3633 ego
881 3582 942 3619 ex
962 3570 1134 3621 animo
1157 3580 1311 3623 testor
1339 3585 1385 3624 et
1432 3576 1714 3641 respondeo
1765 3594 1864 3631 non
1911 3582 2067 3634 alium

485 3669 566 3706 me
599 3655 729 3707 viam
776 3657 954 3710 salutis
998 3675 1173 3724 nosse,
1227 3677 1380 3728 quam
1426 3661 1578 3730 hanc,
1632 3683 1747 3736 qua:
1780 3686 1869 3739 per
1911 3688 2068 3724 unum

483 3743 631 3794 illum
671 3754 714 3796 ct
745 3745 993 3798 directum
1044 3748 1254 3802 limitrm
1281 3751 1432 3805 ducat
1458 3771 1470 3807 :
1497 3754 1564 3807 ad
1589 3772 1735 3825 quem
1758 3767 1925 3814 tamen
1954 3749 2070 3828 per-

483 3838 791 3891 currendum
828 3846 1074 3894 humanas
1103 3843 1257 3895 etiam
1299 3845 1496 3899 litteras
1545 3849 1822 3905 laxamenti
1871 3854 2069 3924 aliquid

481 3928 668 3996 a/ferre
696 3944 958 3992 censeam,
1015 3932 1115 3983 imo
1153 3935 1457 4004 adjumenti.
1490 3940 1759 4010 Augustini
1796 3945 2068 3998 consilium

481 4035 590 4071 esse
617 4021 721 4072 scio
764 4036 880 4090 qua:
903 4038 934 4073 a
959 4022 1276 4093 philosOphis
1305 4026 1495 4097 scripta
1519 4039 1658 4094 sunt,
1692 4033 1947 4104 colligere,
1975 4054 1991 4086 t
2022 4045 2068 4089 et

479 4111 535 4162 in
565 4126 715 4163 usum
742 4121 971 4166 nostrum
1001 4117 1277 4182 vindicare,
1318 4122 1694 4190 possessoribus
1720 4124 1826 4177 illis
1857 4127 2066 4198 injustis

479 4209 669 4269 erepta.
687 4202 830 4256 sI-Ioc
852 4207 990 4273 sequi
1019 4209 1174 4270 volui,
1201 4218 1255 4262 et
1275 4213 1496 4280 peccavi.
1531 4211 1849 4281 Peccassem,
1875 4221 2063 4288 fateor,

477 4294 523 4345 si
547 4309 733 4363 parum
756 4294 893 4347 hunc
917 4306 964 4350 et
1009 4300 1284 4367 mysticum
1313 4300 1574 4370 religionis
1604 4318 1791 4360 nostra'
1823 4311 2068 4377 liquorem

476 4388 816 4453 corrupissem
837 4388 990 4442 veteri
1009 4391 1179 4458 aliqua
1205 4403 1250 4444 et
1279 4391 1434 4445 olenti
1454 4394 1598 4462 fcere.
1630 4395 1696 4449 At
1721 4409 1896 4452 contra
1922 4404 2068 4456 insti-

479 4476 518 4526 ti
542 4490 562 4530 :
591 4485 637 4528 et
661 4478 945 4532 sordentem
989 4497 1078 4548 per
1105 4498 1158 4534 se
1185 4497 1462 4554 parumque
1506 4495 1748 4541 mundam
1781 4490 2063 4547 doctrinam

1710 351 1813 405 AN.
1857 351 2062 407 MANL.
2102 353 2252 408 SEV.
2299 355 2542 412 BOET".

2099 471 2145 526 Α
2176 469 2370 537 spernis
2393 469 2506 524 ideo
2527 470 2822 540 sagittarios
2847 479 2894 526 et
2920 471 3239 542 funditores?
3259 471 3321 526 lu
3343 474 3484 528 domo
3510 489 3720 536 extruen-

3629 367 3720 427 580

2179 564 2246 614 da
2271 562 2534 616 architecti
2564 565 2840 618 maximam
2875 566 3079 618 laudem
3109 575 3152 619 et
3179 583 3325 619 usum
3356 567 3590 624 :tollesne
3615 589 3722 643 ope.

2177 671 2262 707 ras
2287 655 2444 724 igitur
2483 664 2528 708 et
2555 657 2930 711 administros?
2953 656 3098 712 Idem
3137 657 3218 710 hic
3245 674 3409 712 cense.
3436 659 3614 716 Divina:
3632 666 3723 720 illis

2177 743 2386 799 Litterte
2407 748 2510 800 veri
2537 747 2759 811 roboris,
2787 765 2920 802 verae
2959 749 3159 802 virtutis
3185 760 3232 802 ct
3263 753 3546 804 constantia
3569 754 3724 808 solida:

2177 832 2451 899 e/fectrices
2477 850 2494 887 :
2522 852 2610 888 nec
2649 851 2816 890 tamen
2864 837 3142 894 humanam
3194 855 3402 902 prorsus
3451 845 3725 906 sapientiam

2176 940 2375 994 sperne.
2407 925 2538 978 Eam
2563 928 2697 992 dico,
2731 943 2843 994 quia
2876 944 2976 982 non
3002 945 3058 982 se
3079 927 3243 994 e/I'ert,
3275 931 3363 982 sed
3388 934 3528 983 servit
3552 935 3725 998 placide

2176 1027 2224 1070 et
2247 1019 2538 1071 ancillatur.
2565 1019 2807 1082 Lapides,
2827 1029 3091 1086 sarmenta,
3123 1021 3313 1073 calcem
3334 1037 3394 1074 ea:
3418 1022 3557 1075 veteri
3581 1037 3623 1074 et
3646 1027 3724 1078 diu

2174 1110 2320 1180 lapso
2343 1112 2562 1175 (edi/icio
2593 1111 2682 1165 illo
2709 1111 3048 1179 philosophice
3071 1124 3442 1178 componamus
3465 1129 3482 1165 :
3503 1129 3562 1165 ne
3581 1115 3726 1168 invide

2177 1199 2415 1254 lucellum
2443 1204 2538 1254 hoc
2573 1202 2868 1270 architecto,
2901 1211 2947 1256 et
2977 1203 3172 1272 patiare
3195 1204 3456 1256 materiam
3479 1205 3598 1257 hanc
3620 1209 3728 1258 sub-

2175 1292 2333 1344 sterni
2357 1293 2538 1344 saltem
2564 1293 2613 1344 in
2645 1293 3014 1360 fundamentis.
3043 1293 3108 1346 At
3135 1294 3264 1346 enim
3294 1309 3440 1346 sacra
3464 1293 3551 1345 illa
3573 1297 3728 1348 melio-

2173 1398 2251 1446 ra,
2281 1400 2370 1436 nec
2413 1384 2572 1436 verbis
2600 1383 2954 1436 abstinendum
3001 1385 3142 1452 fuit?
3174 1383 3391 1436 Meliora
3426 1387 3584 1452 fateor
3610 1399 3627 1437 :
3651 1388 3728 1437 sed

2174 1475 2307 1526 adde
2335 1475 2487 1526 etiam
2528 1475 2782 1542 graviora.
2815 1473 3054 1527 Lucerias
3099 1491 3234 1528 meos
3269 1474 3495 1539 expende
3519 1483 3562 1526 et
3601 1488 3728 1527 artus

2173 1573 2405 1632 artesque
2431 1564 2559 1616 libro
2586 1579 2606 1617 .'
2634 1579 2725 1617 cur
2754 1581 2882 1617 onus
2926 1564 3050 1618 mihi
3086 1565 3276 1635 imponi
3308 1565 3495 1631 patiar,
3524 1565 3600 1616 cui
3642 1580 3728 1615 non

2171 1655 2269 1706 sim
2298 1655 2547 1723 ferendo?
2569 1653 2860 1724 Theologis,
2886 1654 2940 1707 id
2966 1666 3035 1706 est
3061 1655 3258 1726 inriguis
3287 1655 3502 1724 altisque
3530 1654 3642 1708 viris
3670 1655 3730 1723 (et

2172 1748 2382 1799 eximios
2415 1747 2599 1800 multos
2627 1746 2737 1800 ltazc
2757 1756 2881 1800 (etas
2901 1748 3039 1812 tulit)
3071 1762 3255 1815 magna
3283 1747 3384 1798 ista
3409 1759 3455 1797 et
3484 1748 3587 1799 alta
3601 1746 3733 1798 relin-

2104 1837 2150 1896 B
2175 1851 2314 1904 quo:
2343 1851 2453 1889 mea
2473 1837 2650 1905 cymba
2689 1837 2816 1907 leget
2845 1839 3008 1890 littus.
3057 1835 3427 1904 I’IiilosOpltum
3450 1852 3540 1906 ego
3563 1851 3728 1904 agam,

2172 1929 2260 1982 sed
2299 1927 2662 1981 Christianum.

2244 2018 2509 2087 Quidquid
2544 2034 2669 2072 vero
2698 2018 2910 2086 Lipsius
2955 2019 3274 2084 intenderit,
3313 2031 3496 2073 noster
3537 2018 3731 2072 Boetius

2173 2109 2276 2165 hac
2303 2126 2397 2164 sua
2431 2111 2787 2179 philosophia:
2810 2113 3209 2176 Consolatione,
3250 2111 3359 2165 suis
3396 2129 3499 2165 nou
3543 2115 3732 2175 solum,

2171 2203 2269 2260 sed
2297 2203 2490 2258 alienis
2517 2204 2677 2257 etiam
2705 2213 3023 2258 cancrorum
3055 2203 3327 2257 hominum
3372 2202 3594 2266 morbis,
3623 2217 3735 2270 per-

2171 2296 2569 2352 turbationibus
2611 2296 2883 2361 nimirum,
2915 2306 3035 2364 apta
3079 2294 3266 2365 quaerit
3316 2294 3576 2348 remedia.
3619 2293 3738 2359 Quae

2170 2401 2347 2444 autem
2376 2390 2500 2448 duci
2528 2392 2827 2455 potuissent
2865 2397 3178 2458 argumenta
3207 2401 3273 2442 ex
3301 2401 3457 2440 sacra
3487 2385 3736 2468 doctrina,

2170 2493 2225 2537 et
2259 2484 2522 2553 exemplis
2551 2498 2671 2536 cum
2711 2481 2946 2544 Christi,
3001 2487 3113 2532 tum
3152 2486 3464 2532 sanctorum
3497 2476 3700 2530 Patrum
3723 2513 3738 2539 ,

2172 2573 2287 2629 haec
2320 2575 2631 2629 Cluistiaui-
2657 2574 2898 2644 quidem,
2927 2579 3019 2625 aut
3042 2570 3180 2625 forte
3204 2570 3367 2624 etiam
3401 2567 3618 2632 Judzcis,
3649 2582 3740 2619 ne-

2169 2680 2434 2733 quaquam
2498 2681 2627 2719 vero
2680 2663 2896 2734 paganis
2939 2661 3195 2731 prodesse
3235 2660 3538 2728 potuissent
3574 2675 3588 2709 :
3629 2671 3740 2710 cuto

2170 2756 2561 2826 philosophica,
2593 2755 2787 2825 quibus
2817 2753 3002 2818 utitur,
3034 2759 3349 2820 argumenta
3383 2756 3568 2816 utpote
3601 2756 3740 2799 natu-

2170 2850 2269 2904 rali
2302 2849 2500 2903 lumine
2529 2848 2777 2902 omnibus
2800 2845 3104 2900 hominibus
3131 2844 3288 2898 insito
3310 2841 3558 2906 fundata,
3583 2839 3743 2894 omni.

2171 2942 2268 2994 bus
2301 2943 2522 2994 omnino
2552 2939 2856 2992 hominibus
2885 2938 2951 2991 ad
2978 2935 3245 2992 curandos
3291 2931 3742 3004 perturbationum

2171 3034 2387 3088 morbos
2413 3035 2645 3086 maximo
2673 3032 2788 3084 usui
2819 3045 2938 3085 esse
2967 3031 3192 3100 possint.

2240 3127 2518 3180 Neminem
2544 3141 2702 3192 porro
2734 3138 2952 3178 movere
2989 3123 3182 3184 debet,
3221 3119 3365 3190 quod
3401 3117 3618 3173 Boetius
3637 3131 3745 3186 pas~

2169 3216 2267 3269 sim
2286 3216 2589 3285 promiserit,
2614 3215 2894 3284 incaeperit,
2911 3213 3217 3283 [estinaverit
3241 3211 3508 3265 absolvere
3529 3209 3745 3277 majora:

2168 3324 2290 3362 cum
2323 3309 2466 3362 enim
2498 3308 2806 3376 praedictum
2855 3307 3032 3360 lumen
3077 3303 3318 3358 naturale
3351 3302 3486 3356 nihil
3519 3298 3663 3354 aliud
3687 3297 3749 3351 sit

2171 3415 2330 3467 quam
2379 3399 2524 3452 notio
2553 3409 2715 3452 menti
2747 3397 2993 3452 humana:
3019 3397 3271 3451 divinitus
3309 3395 3613 3464 impressa,
3643 3390 3749 3445 sive

2169 3490 2454 3560 cegitatin,
2501 3505 2603 3557 qua
2658 3491 2822 3546 Deus.
2895 3497 3077 3558 utpote
3121 3487 3382 3556 magister
3431 3501 3541 3540 non
3585 3483 3751 3537 minus

2168 3599 2325 3654 quam
2377 3584 2690 3652 principium
2722 3590 2776 3636 et
2803 3581 2921 3636 linis
2953 3581 3199 3634 humana:
3237 3579 3463 3644 mentis,
3515 3575 3746 3631 eamdem

2170 3686 2405 3730 mentem
2457 3677 2615 3728 docet
2659 3676 2797 3726 viam
2849 3671 3035 3727 salutis
3078 3681 3324 3735 mternzc;
3381 3683 3620 3738 cumque
3649 3668 3752 3730 i,sa

2169 3766 2408 3837 ejusdem
2461 3768 2654 3820 mestis
2692 3765 2938 3826 attentio,
2989 3762 3230 3832 quadam
3287 3761 3359 3814 sit
3407 3755 3752 3826 interrogatio

2169 3861 2290 3913 sive
2323 3860 2578 3925 precatio,
2606 3871 2707 3925 qua
2742 3858 2853 3918 ipsa
2885 3869 3034 3908 mens
3067 3855 3156 3906 Dei
3189 3852 3457 3921 discipula
3502 3850 3754 3920 majorem

2169 3951 2526 4006 eruditionem
2589 3949 2758 4018 poscit
2822 3956 3080 4016 rogatque
3140 3961 3294 4000 suum
3363 3953 3752 4014 praeceptorem

2171 4042 2369 4096 Deum.
2427 4041 2595 4108 magis
2648 4039 2916 4092 illustrare
2973 4035 3413 4104 paratissimum;
3476 4047 3616 4102 prop
3641 4044 3754 4083 crea

2169 4144 2321 4188 aucta
2353 4142 2533 4186 nostra
2565 4131 2630 4185 ad
2662 4130 2798 4184 hanc
2839 4130 3062 4198 primam
3102 4128 3383 4181 veritatem
3427 4124 3754 4186 attentione,

2170 4224 2483 4294 priedictum
2527 4223 2700 4274 lumen
2729 4219 2798 4272 ita
2831 4233 3075 4272 cresm-re
3104 4226 3312 4286 potest,
3369 4225 3431 4270 ut
3480 4217 3621 4268 viam
3663 4223 3759 4280 qua

2171 4331 2325 4370 mens
2358 4315 2408 4368 in
2436 4313 2660 4383 patriam
2690 4311 2991 4377 revehatur,
3021 4309 3200 4378 aliquo
3230 4308 3395 4363 modo
3434 4308 3612 4378 possit
3637 4317 3758 4372 ape-

2172 4411 2315 4463 rire:
2350 4413 2760 4476 quanquam,ut
2805 4404 2992 4474 religio
3036 4401 3328 4456 christiana
3383 4401 3584 4464 doc-At,
3632 4398 3761 4450 hanc

2171 4500 2309 4553 viam
2343 4499 2566 4553 feliciter
2587 4498 2738 4552 obire
2770 4512 2875 4550 non
2925 4494 3212 4563 possimus,
3247 4494 3346 4547 nisi
3387 4503 3758 4550 tnonsraute,

476 4567 760 4639 depurgare
788 4581 936 4641 atque
966 4573 1230 4628 illustrare
1259 4592 1530 4647 aggressus
1554 4597 1665 4632 sum
1695 4599 1822 4636 novo
1849 4586 1947 4638 isto
1977 4605 2059 4641 so-
2091 4553 2143 4613 Β
2173 4607 2442 4660 praeun'e
2472 4602 2526 4645 et
2565 4591 2850 4658 adjuvante
2894 4587 3137 4652 Christo,
3193 4589 3280 4657 qui
3321 4598 3411 4641 est
3442 4588 3528 4640 via
3560 4585 3756 4643 veritas,

477 4659 546 4709 le.
571 4657 666 4711 Cui
697 4659 824 4712 bono
855 4671 1021 4715 autem
1043 4664 1097 4715 id
1128 4681 1230 4718 non
1262 4665 1450 4720 bonum
1472 4670 1575 4723 sit?
1606 4669 1669 4723 In
1696 4689 1887 4743 pugna,
1919 4680 2061 4746 equi-

477 4755 586 4799 tum
609 4759 693 4800 aut
722 4752 920 4803 κοῖαι-ἑξ
943 4753 1116 4806 militis
1142 4758 1450 4824 prmcipzmm
1474 4776 1679 4828 operam
1700 4781 1805 4818 esse
1830 4769 2014 4821 scimus
2040 4788 2060 4826 .-

2166 4693 2209 4736 et
2237 4683 2357 4735 rita.

530 4880 3751 4914 Ἣ

1389 5001 1543 5101 Α.
1623 5001 1790 5107 Μ.
1874 5005 2229 5112 sev.
2306 4943 2856 5112 BOETII'

533 5203 771 5324 DE
864 5203 1874 5341 CONSOLATI
1906 5218 2286 5346 ΟΝΕ
2381 5217 3705 5348 PHILOSOPHUE

1585 5397 1963 5502 LIBER
2042 5403 2566 5507 PRIMUS.

1896 5553 2269 5566 ———

875 5587 918 5654 ι
961 5584 1253 5641 METRUM
1292 5593 1310 5608 ⁹
1352 5587 1636 5646 PRIMUM.

465 5669 856 5727 Ancvstezvruu.
874 5703 944 5715 —
962 5674 1166 5729 Boetius
1195 5677 1452 5733 observato
1475 5682 1791 5747 discrimine,
1821 5685 1877 5737 l°
1921 5687 2050 5739 inter

539 5782 556 5800 ‘
587 5780 734 5846 Quod
763 5791 983 5839 vocatur
999 5785 1057 5837 ει.
1073 5789 1294 5855 giacttm.
1319 5789 1412 5843 Est
1433 5799 1607 5845 autem
1633 5792 1796 5860 elegia
1818 5807 2038 5848 carmen

2229 5620 2421 5692 priores-
2447 5633 2494 5671 et
2524 5635 2790 5689 prtrsentes
2818 5638 2938 5676 suos
2960 5640 3165 5684 versus;
3194 5624 3258 5676 2°
3285 5626 3428 5677 inter
3457 5635 3758 5692 prosperam

2231 5700 2280 5743 et
2320 5690 2587 5743 adversam
2626 5710 2768 5745 suam
2808 5694 3107 5761 fortunam;
3138 5695 3194 5748 5°
3224 5697 3352 5747 inter
3395 5690 3677 5764 ﬂorentem
3718 5699 3760 5744 ct

2150 5808 2401 5854 constans
2429 5814 2492 5854 ex
2517 5799 2714 5868 duplici
2735 5817 2934 5869 genere
2959 5819 3204 5859 versuum
3228 5807 3424 5859 altern
3453 5822 3602 5874 rum,
3630 5816 3759 5873 qu0~
