3998 6368
239 312 321 367 581
1158 316 1239 369 DE
1282 317 1799 374 CONSOLATlONE
1841 320 2316 377 PlIILOSOPlll/E
2358 324 2482 380 LIB.
2526 325 2564 380 1.

296 423 540 477 caducam
573 442 719 479 suam
755 437 984 491 atatem;
1017 430 1078 481 4·
1112 430 1241 480 inter
1275 447 1531 483 accessum
1562 442 1610 484 et
1638 448 1801 484 re'es-
1831 440 1875 494 Α

296 512 402 547 sunt
431 512 542 569 sua!
575 499 782 560 mortis;
822 514 882 550 ea:
913 501 1254 551 inconstantia
1286 502 1391 551 suis
1417 502 1588 554 amicis
1616 503 1795 569 probat

297 582 390 616 non
422 568 584 633 fuisse
614 569 811 635 felicem
838 584 1007 620 rerum
1032 586 1239 621 suarum
1266 579 1474 624 statum.

328 657 378 725 2
408 655 656 709 Carmina
683 656 771 724 qui
801 658 1065 725 quondam
1098 659 1271 711 studio
1302 659 1525 713 ﬂorente
1556 660 1756 726 peregi.

397 745 638 806 Flebilis,
672 748 800 801 heu!
836 756 1058 801 llltBSlOS
1085 763 1246 816 cogor
1278 749 1412 802 inire
1442 751 1651 802 modos.

3386 338 3489 394 582

2018 435 2152 487 Ecce
2184 436 2316 491 mihi
2350 438 2538 491 lacera:
2568 438 2767 493 dictant
2794 441 3074 497 scribenda
3109 444 3378 512 Camenas,

2081 534 2131 603 3
2164 535 2225 588 Et
2254 537 2393 589 velis
2420 538 2554 606 elegi
2585 538 2795 593 ﬂetibus
2817 557 2907 595 ora
2941 544 3132 613 rigant.

1904 635 1936 687 5
2016 636 2118 689 llas
2150 639 2335 691 saltem
2371 640 2547 692 nullus
2581 643 2748 706 potuit
2782 646 3093 712 pervincere
3124 660 3315 717 terror,

2083 736 2157 789 Ne
2188 747 2427 792 nostrum
2456 740 2680 795 comites
2701 758 3155 814 prosequeremur
3182 750 3298 804 iter.

1562 848 2135 905 INTERPBETATIO.

294 944 419 1009 Ego.
448 948 540 1017 aui
571 947 692 1017 olim
717 945 899 1012 perfeci
926 958 1178 1017 poemata,
1203 947 1322 999 dum
1346 947 1511 997 studia
1544 962 1658 998 mea
1690 948 1791 1017 [lo-

220 1026 403 1069 rereut.
438 1014 553 1067 lli-u
580 1016 694 1084 ipse
721 1014 946 1086 afﬂictus
975 1019 1251 1084 compellor
1273 1020 1478 1087 aggredi
1510 1034 1676 1069 versus
1707 1016 1799 1065 tri-

1902 953 2023 1021 stes.
2066 942 2147 994 En
2193 943 2357 996 Music
2392 944 2637 1021 laceratee
2652 960 2929 1021 suggerunt
2958 953 3102 1017 milii,
3133 971 3247 1016 quis
3287 967 3489 1021 oporrrt

1903 1012 2156 1077 scribere;
2206 1030 2475 1083 versusque
2519 1012 2722 1085 flebiles
2750 1012 3025 1090 aspergunt
3069 1012 3266 1078 uultum
3312 1012 3487 1081 ini-uni

1745 1102 1880 1157 ΝΟΤ

227 1216 329 1253 iam
363 1202 511 1268 prior
536 1200 847 1255 liexameter
872 1200 1305 1259 heroicus,sexto
1332 1200 1451 1252 loco
1470 1198 1789 1265 spondeum,

222 1267 402 1341 quinto
443 1272 746 1341 dactylum,
796 1281 1022 1335 quatuor
1067 1270 1282 1334 reliquis
1331 1267 1791 1341 indiscriininatim

221 1340 512 1406 spondeum
537 1342 619 1393 vel
641 1341 909 1410 dactylum
936 1340 1125 1403 habet;
1180 1340 1437 1406 posterior
1463 1344 1793 1410 tientauieter

221 1411 481 1476 elegiaeos
526 1412 710 1480 quinto
749 1406 1042 1479 quartoque
1090 1416 1205 1462 loco
1252 1419 1587 1474 anapwstos;
1635 1406 1793 1459 tertio

222 1484 544 1544 ευιιιιιιθιιηις
588 1482 794 1534 duobus
825 1481 1006 1550 primis
1038 1480 1338 1548 promiscue
1368 1480 1665 1546 Spondenm
1696 1485 1787 1529 aut

223 1551 483 1619 dat-tylmn
513 1552 737 1605 obtinet.

288 1642 337 1694 l.
368 1640 653 1712 Carmina]
692 1642 915 1696 Carmen
957 1656 987 1695 a
1024 1642 1264 1695 canendo
1291 1641 1512 1701 dictum,
1543 1639 1783 1712 utsicut,

223 1721 431 1767 auctore
465 1710 676 1776 Vossio,
716 1728 745 1765 a
771 1714 999 1782 genimen
1027 1725 1107 1767 est
1129 1728 1368 1781 germen;
1395 1712 1471 1782 sic
1496 1726 1523 1761 a
1554 1710 1785 1782 caiiimen

221 1784 280 1862 sit
302 1798 529 1862 carmen,
569 1799 609 1862 ri
634 1784 685 1835 in
715 1799 742 1834 r
769 1780 1063 1844 converso,
1108 1780 1551 1862 Quemadmodum
1584 1784 1634 1832 in
1655 1780 1783 1862 _plu-
1819 1803 1863 1862 Β

221 1854 359 1905 ribus
389 1852 529 1906 aliis.
569 1853 702 1906 lline
726 1867 937 1906 carmen
969 1862 1050 1904 est
1089 1854 1269 1905 stricta
1297 1854 1494 1912 oratio,
1522 1865 1586 1903 ex
1618 1850 1785 1916 pluri-

220 1923 306 1975 bus
330 1922 575 1975 versibus
596 1925 908 1988 eomposita,
925 1938 1080 1990 quam
1103 1933 1271 1987 poeta:
1291 1937 1485 1976 canere
1507 1921 1785 1973 dicuntur:

220 1996 347 2044 sicut
387 1993 635 2060 Virgilius
665 1992 889 2046 lEneida
930 1993 1188 2059 incipiens
1218 1994 1309 2055 ait,
1345 1995 1499 2044 Arma
1528 1993 1790 2058 virumque

218 2079 376 2114 cano:
408 2078 626 2115 earmeu
668 2066 808 2115 enini
850 2075 1064 2115 vocatur
1111 2063 1315 2125 longius
1352 2062 1615 2130 quoddam
1655 2062 1790 2114 vatis

216 2148 338 2199 apus
367 2150 379 2184 :
413 2142 471 2184 ut
496 2133 816 2199 epigramma
839 2149 853 2196 ;
876 2135 952 2185 sic
974 2132 1165 2185 Catulli
1191 2134 1570 2199 epigrammata
1601 2132 1788 2183 inscri-

220 2205 402 2255 buntur
432 2219 700 2267 carmina;
728 2210 779 2256 ut
810 2204 910 2256 ode
932 2220 945 2261 ;
970 2205 1045 2255 sic
1072 2202 1186 2255 odio
1221 2203 1419 2254 Horatii
1444 2201 1783 2269 appellantur

216 2276 488 2325 carminum
519 2274 635 2325 libri
660 2290 674 2325 :
700 2286 750 2325 ut
784 2273 1055 2341 quodlibet
1079 2288 1260 2337 poema
1289 2289 1302 2337 ;
1331 2272 1405 2324 sic
1433 2272 1564 2325 liber
1589 2272 1787 2340 primus

217 2344 435 2397 Lucretii
466 2346 533 2395 ab
566 2347 753 2397 eodem
779 2344 971 2396 dicitur
992 2359 1216 2404 carmen,
1250 2342 1285 2394 l.
1317 2358 1365 2395 νι
1397 2359 1409 2394 :

323 2435 714 2485 Commemorate
738 2436 867 2497 quod
900 2436 946 2484 in
973 2436 1129 2496 primo
1153 2447 1349 2496 quoque
1369 2434 1583 2481 carmine
1608 2433 1781 2481 claret.

271 2518 336 2571 At
366 2518 557 2572 unicus
590 2533 774 2571 versus
802 2534 904 2570 non
939 2517 1075 2570 solet
1111 2517 1364 2585 appeflari
1403 2532 1602 2587 carmen
1635 2532 1652 2569 :
1684 2514 1781 2568 nisi

211 2589 333 2643 forte
366 2591 395 2639 li
420 2604 473 2652 c,
516 2590 778 2640 sententia
812 2589 1013 2643 inclusa
1040 2627 1054 2645 ,
1089 2589 1319 2655 poemati
1353 2603 1455 2639 non
1503 2589 1671 2653 impar
1699 2587 1781 2640 vi—

208 2661 428 2714 deatur:
464 2660 604 2712 sicut
632 2658 903 2726 Virgilius,
932 2674 985 2711 III
1019 2657 1168 2720 ίΕιι..
1199 2674 1248 2709 v.
1277 2658 1399 2719 9.57,
1431 2659 1611 2710 canit:

318 2752 548 2800 Postibus
568 2750 785 2798 adversis
809 2750 903 2811 ﬁgo
929 2758 978 2798 et
1000 2762 1104 2797 rem
1126 2753 1341 2798 carmlne
1361 2751 1501 2811 signo
1523 2762 1538 2799 :

316 2813 499 2863 «Encas
522 2814 626 2861 tirec
646 2813 711 2861 de
734 2812 908 2860 Danais
925 2814 1188 2861 victoribus
1209 2824 1357 2858 arma.

265 2896 314 2947 2.
348 2893 593 2966 Medos]
634 2894 834 2948 Versus.
866 2895 1053 2948 Modus
1075 2895 1213 2947 enim
1238 2893 1533 2959 generatim
1568 2902 1648 2945 est
1672 2907 1783 2946 ine-

206 2966 486 3029 diorriias,
552 2982 709 3033 quam
770 2966 903 3018 ultra
947 2966 1186 3029 citraque
1243 2981 1344 3017 nan
1396 2972 1479 3016 est
1523 2977 1777 3018 reetuni:

204 3036 644 3106 quemadmodum
665 3036 824 3089 docet
850 3036 1117 3095 Horatius.
1149 3036 1238 3087 lib.
1267 3051 1280 3087 ι
1312 3050 1501 3098 serm.,
1526 3043 1628 3087 sat.
1655 3034 1705 3086 l:

310 3128 401 3177 list
424 3128 597 3174 modus
622 3128 668 3173 in
692 3126 840 3173 rebus
865 3140 877 3173 :
898 3134 1004 3172 sunt
1024 3125 1148 3173 certi
1170 3126 1385 3184 denique
1410 3125 1548 3180 lines,

311 3196 449 3248 Quos
473 3189 596 3236 ultra
619 3190 840 3248 citraque
864 3189 1037 3249 nequit
1055 3190 1326 3234 consistere
1350 3193 1555 3233 rectum.

262 3274 396 3326 llinc
436 3272 732 3325 moderatus
770 3270 909 3324 idem
946 3269 1083 3332 quod
1117 3277 1457 3335 temperatus:
1490 3269 1772 3331 modestus,

200 3346 332 3408 quasi
365 3346 576 3395 modum
605 3356 849 3403 servans;
880 3340 1230 3401 commodum,
1279 3341 1427 3405 quasi
1459 3354 1571 3389 cum
1602 3339 1772 3392 modo.

198 3415 244 3467 Si
270 3426 452 3467 autem
484 3412 699 3470 alicubi,
730 3412 961 3464 maxime
991 3412 1041 3462 in
1075 3424 1255 3469 sensu,
1289 3409 1629 3463 mediocritas
1658 3423 1775 3461 Ser-

198 3485 383 3545 vanda,
415 3485 713 3549 pnrsi-rtim
739 3496 863 3535 vero
891 3482 939 3533 in
974 3496 1038 3533 eo
1066 3482 1153 3547 qui
1192 3483 1247 3531 lit
1278 3480 1513 3540 anrilms,
1544 3494 1769 3547 quarum

197 3556 471 3619 judicium,
497 3564 718 3606 auctore
740 3551 937 3619 Tullio,
965 3561 1044 3603 est
1067 3550 1506 3614 superbissizitum
1536 3565 1636 3602 :ex
1667 3564 1773 3617 quo

197 3627 263 3684 lit.
292 3637 348 3677 ut
382 3624 585 3677 musica
618 3633 670 3675 et
700 3625 897 3690 poesis,
933 3634 1051 3689 qua:
1080 3624 1131 3672 iii
1169 3620 1268 3672 hoc
1308 3619 1496 3672 saltem
1529 3630 1770 3685 cognata:

197 3698 462 3755 dicuntur,
505 3696 642 3763 quod
690 3695 875 3745 eodem
918 3690 1536 3763 anilitu__percipi:iiitur,
1562 3690 1618 3763 i_n
1649 3691 1769 3763 qui-

196 3764 412 3819 busdam
444 3759 608 3816 modis
641 3772 918 3816 versentur
946 3778 961 3816 :
998 3760 1061 3812 In
1095 3759 1243 3812 Musi-
1265 3762 1328 3821 is,
1364 3761 1531 3825 inquit
1560 3760 1678 3812 Tull
1706 3774 1766 3813 ns

194 3838 287 3889 ide
324 3836 455 3899 Ur.,
505 3835 722 3895 iumeii,
774 3844 820 3884 et
864 3848 1030 3897 vocis,
1074 3844 1118 3881 et
1161 3831 1331 3890 modi;
1366 3830 1614 3881 lloratins
1645 3844 1771 3883 vero

195 3920 349 3961 carm.
386 3907 419 3958 I.
450 3920 505 3969 ii,
536 3904 628 3958 od.
662 3906 714 3965 1,
748 3919 798 3956 v.
833 3904 927 3955 ult.
968 3919 978 3953 :
1026 3902 1208 3964 Querw
1240 3901 1413 3952 modos
1451 3901 1634 3952 leviore
1663 3900 1768 3968 ple-

194 3985 329 4039 ctro;
374 3975 462 4029 od.
491 3974 590 4033 12.
624 3989 675 4026 v.
699 3976 729 4026 4
759 3991 769 4024 :
808 3972 983 4041 Aptari
1027 3974 1234 4023 cit/turre
1261 3972 1467 4033 modis;
1502 3971 1537 4022 Ι.
1568 3985 1644 4035 ιιι,
1677 3970 1765 4022 od.

192 4047 237 4107 5.
268 4064 316 4099 v.
362 4048 457 4098 ult.
486 4063 500 4096 :
532 4044 727 4112 Magna
748 4046 915 4095 modis
937 4052 1146 4094 tenuare
1171 4043 1373 4109 parvis;
1395 4042 1480 4092 od.
1508 4042 1563 4102 9.
1583 4056 1633 4092 ν.
1662 4041 1765 4093 1οτ

193 4115 382 4171 Dulces
402 4118 549 4169 docta
572 4117 751 4167 modos
780 4124 825 4165 ct
852 4114 1060 4165 cithara:
1088 4114 1250 4163 sciens
1274 4122 1361 4164 :et
1383 4114 1447 4164 de
1467 4116 1594 4164 Arte
1624 4120 1766 4180 poet.

296 4208 528 4256 Accessit
550 4206 866 4265 numerisque
883 4204 1134 4263 modisque
1154 4201 1350 4249 licentia
1373 4203 1540 4261 major.

248 4294 541 4358 Propterea
580 4290 669 4358 qui
708 4302 897 4341 versus
920 4286 1210 4351 cmuponit,
1239 4284 1321 4358 hic
1366 4283 1770 4358 Virgilio,h0t'i-

187 4362 284 4426 dio,
315 4353 565 4421 lI'oratio,
597 4353 650 4413 et
674 4360 882 4412 caneris
910 4358 1103 4409 dicitur
1128 4355 1418 4426 modulari;
1450 4356 1588 4407 sicut
1616 4353 1768 4407 Cice-

187 4425 291 4487 roni
333 4449 377 4486 ιι
408 4435 475 4485 de
506 4431 651 4494 Νηι.τ
685 4429 845 4481 Tibiae
883 4429 1130 4481 dicuntur
1155 4425 1415 4477 modulate
1456 4432 1691 4477 canentes
1715 4436 1763 4477 et

192 4505 404 4569 fidiculae
434 4516 699 4554 numerose
721 4509 979 4553 sonantes.

253 4575 401 4628 Sicut
442 4581 621 4624 autem
664 4585 876 4623 carmen
922 4583 1024 4619 non
1066 4566 1290 4630 dicitur,
1325 4566 1422 4618 nisi
1457 4564 1523 4617 de
1554 4565 1758 4631 integro

193 4655 406 4711 quotam
441 4654 704 4707 poemate,
740 4642 1152 4711 itaqmodnsﬂnon
1186 4636 1657 4711 \‘itlelllrlllt'llllSl
1690 4636 1757 4711 de

192 4705 451 4775 versibus,
484 4713 640 4778 hujus
684 4710 860 4777 operis
894 4707 1132 4775 partibus
1164 4724 1176 4758 :
1215 4706 1353 4778 unde
1399 4705 1642 4778 Boetius,
1667 4706 1755 4773 qui

190 4789 336 4837 verba
382 4786 497 4835 haec
530 4777 666 4834 inter
695 4796 753 4833 se
783 4788 1108 4847 opposuerat
1137 4777 1186 4830 in
1220 4777 1425 4829 duobus
1457 4778 1536 4828 liis
1568 4777 1756 4842 primis

192 4858 427 4907 versibus
464 4871 477 4904 :
510 4852 703 4921 peregi,
744 4859 987 4921 etrcogor
1026 4848 1185 4910 inire;
1228 4850 1398 4921 studio
1440 4848 1671 4921 ﬂorente,
1700 4855 1755 4899 et.

189 4925 384 4991 ﬂebilis,
415 4918 650 4978 αντίθετά
686 4920 999 4991 continuatis
1026 4934 1165 4991 nunc
1201 4918 1419 4986 opponit
1443 4918 1607 4991 etiam
1638 4932 1750 4967 car-

190 4986 321 5046 mina
366 4986 419 5047 et
450 4994 629 5045 modos
658 5001 898 5050 nuestos;
930 4990 1113 5056 sicque
1144 4987 1395 5040 leCiorem
1424 4986 1597 5047 docet,
1621 5000 1752 5053 qna-

192 5064 249 5115 lis
276 5076 389 5116 erat
426 5064 652 5115 alnlCllh'
675 5104 688 5127 ,
729 5070 1089 5130 quantumque
1114 5066 1345 5111 mutatos
1369 5072 1396 5108 a
1430 5058 1609 5109 Boetio
1641 5060 1755 5110 sive

188 5135 356 5201 seipse
385 5133 628 5186 ﬂorente.

252 5196 301 5258 '5.
337 5201 619 5271 Catlletttl'.J
660 5199 841 5264 Musw,
876 5214 992 5268 quin
1018 5199 1264 5271 dicuntur
1292 5196 1542 5271 Camenar,
1590 5212 1693 5249 non
1726 5212 1754 5250 τι

188 5285 339 5327 cantu
384 5270 617 5336 autumo,
651 5281 707 5324 ut
748 5272 960 5338 quidam
1012 5270 1178 5331 aiunt,
1227 5270 1319 5320 sed
1369 5284 1482 5338 non
1510 5282 1662 5319 sociis
1692 5282 1753 5321 ac

187 5360 417 5403 carmen,
438 5359 465 5396 a
496 5336 847 5403 canendoﬁta
875 5350 930 5391 nt
955 5341 1099 5406 prius
1121 5340 1426 5391 (licerentur
1445 5336 1707 5389 Carmente
1735 5355 1747 5390 :

188 5418 317 5481 quod
354 5416 623 5476 nimirum,
658 5412 819 5465 Musis
850 5412 1011 5463 veluti
1045 5410 1447 5481 insilit-antibus,
1479 5410 1603 5458 liant
1634 5422 1751 5460 car-

188 5477 319 5537 mina
353 5486 466 5537 sive
508 5493 729 5543 cantus;
777 5492 866 5533 aut
904 5481 1066 5545 quod,
1112 5480 1280 5545 inquit
1323 5477 1530 5537 Festus,
1562 5486 1754 5530 canant

189 5552 344 5607 Musa:
384 5555 723 5620 antiquorum
768 5550 985 5603 laudes:
1019 5550 1365 5617 quamobrem
1411 5548 1750 5620 scribendum

186 5621 438 5683 Camenae;
468 5617 569 5676 non
601 5620 871 5675 Canticum.
907 5621 994 5672 llic
1016 5630 1189 5671 autem
1225 5621 1385 5670 Musa:
1409 5631 1545 5669 nunc
1578 5617 1750 5684 perbi-

189 5694 378 5747 bentur
423 5696 614 5753 laceret.
666 5695 803 5759 quod
834 5694 992 5743 sortis
1025 5690 1289 5742 Boethium
1327 5688 1629 5755 participes,
1664 5690 1752 5739 illo

189 5764 411 5818 ﬂorente
439 5766 647 5828 ﬂorere,
671 5764 962 5827 eodemque
984 5759 1179 5811 al‘ﬂicto
1207 5760 1386 5825 afﬂigi,
1415 5771 1668 5821 pannosus
1700 5768 1752 5809 et

1902 1193 2091 1245 laceris
2130 1193 2333 1248 similes
2374 1194 2720 1250 viderentur:
2755 1201 3001 1266 antiquus
3029 1203 3173 1255 enim
3209 1215 3322 1259 erat
3351 1207 3486 1260 afﬂi-

1901 1270 2279 1343 ctor‘iiin’inos,
2313 1277 2492 1343 veSIes
2518 1268 2761 1343 scindere
2788 1287 2799 1320 :
2827 1273 2974 1343 unde
3011 1272 3101 1324 lib.
3134 1273 3253 1327 Job.
3295 1291 3411 1343 cap.
3445 1293 3482 1337 ι,

1899 1348 1952 1411 γε
1994 1334 2105 1411 ἒς)ζ
2123 1333 2263 1385 Tunc
2292 1337 2514 1388 surrexit
2545 1335 2722 1411 Joliiet
2754 1341 2913 1411 scidit
2943 1343 3237 1411 vestimenta
3278 1333 3372 1397 sud
3388 1363 3407 1411 ;
3432 1333 3487 1399 et

1898 1402 2226 1481 lib._I_Re‘g_.,
2258 1420 2569 1481 cap.uiv.__v.
2609 1409 2698 1481 l2,
2752 1407 2838 1460 Vir
2883 1412 2945 1461 de
2986 1410 3258 1481 Benjamin
3289 1432 3349 1467 ea:
3377 1402 3486 1469 acie

1895 1474 2024 1525 venit
2054 1475 2104 1526 in
2135 1476 2253 1555 Silo
2276 1477 2326 1526 in
2363 1476 2447 1555 die
2476 1475 2593 1555 illa,
2621 1480 2778 1555 {fissa
2802 1490 2935 1532 ueste
2962 1474 3343 1555 etgtoiispersus
3372 1490 3486 1555 pul-

1889 1557 2001 1595 vere
2034 1553 2207 1609 caput.
2239 1544 2354 1610 Ipse
2386 1544 2575 1613 Virgil.
2601 1547 2729 1602 Ain.
2768 1565 2861 1614 xii,
2896 1566 2947 1603 ν.
2977 1551 3081 1605 609
3111 1570 3123 1603 :

2014 1633 2291 1701 Demittunt
2316 1642 2547 1701 mentes;
2577 1638 2611 1685 it
2631 1639 2775 1685 scissa
2803 1646 2942 1688 veste
2963 1640 3181 1701 Latinus,

2011 1695 2238 1757 Conjugis
2260 1700 2493 1745 attonitus
2512 1697 2620 1747 fatis
2645 1701 2879 1761 urbisque
2898 1705 3056 1753 ruina.

1967 1776 2058 1828 llzn
2106 1778 2316 1831 tandem
2358 1780 2519 1833 Musa:
2568 1782 2763 1835 dictare
2813 1785 3064 1838 dicuntur
3113 1788 3300 1841 ﬂoctio
3350 1792 3479 1843 seri-

1894 1847 2092 1909 benda;
2131 1849 2269 1916 quod
2313 1860 2486 1915 poetic
2531 1852 2753 1917 litigant,
2799 1855 2929 1906 nihil
2958 1872 2984 1907 a
3026 1870 3084 1909 se
3113 1858 3222 1911 sive
3252 1873 3346 1913 ore
3369 1860 3483 1913 sivo

1894 1918 2157 1996 scriptura
2197 1921 2388 1996 emitti,
2424 1921 2523 1973 nisi
2567 1924 2707 1996 quod
2735 1924 2851 1996 sibi
2894 1926 3068 1991 luerit,
3104 1928 3481 1996 inspirantibus

1893 1987 2055 2040 Musis
2086 2028 2100 2051 ,
2135 1990 2401 2064 cognitum
2445 2007 2456 2041 :
2491 1987 2654 2064 quare
2697 1993 2745 2045 lii
2781 2010 3025 2062 magnum
3056 1987 3336 2064 quoddam
3366 2015 3481 2053 car-

1892 2073 2011 2109 ltlt‘tt
2045 2074 2153 2109 non
2180 2060 2349 2111 solent
2378 2060 2612 2127 aggredi.
2641 2064 2739 2115 nisi
2774 2060 2963 2118 iisdem
2990 2060 3151 2119 Musis
3175 2069 3433 2123 invocatis
3463 2086 3478 2124 :

1890 2142 1967 2179 Sic
2002 2128 2259 2204 llouii-rns
2298 2131 2400 2204 ἰλβ
2435 2146 2447 2182 :
2488 2130 2649 2183 Dicite
2678 2149 2833 2200 nunc,
2870 2137 3060 2203 inquit,
3111 2139 3254 2203 milii,
3289 2140 3476 2204 Musar,

1888 2214 2003 2272 qun:
2044 2200 2223 2272 domos
2271 2203 2492 2253 cwlestes
2529 2204 2751 2255 incolitis
2777 2218 2796 2256 .'
2824 2220 2907 2257 vos
2942 2200 3079 2257 enim
3112 2200 3399 2272 Deazestis,
3430 2200 3480 2263 et

1888 2270 2095 2343 adestis.
2131 2279 2176 2320 et
2212 2272 2382 2322 omnia
2411 2272 2639 2325 novistis.
2671 2272 2781 2326 Nos
2808 2285 2974 2327 autem
3004 2280 3190 2343 [amaro
3220 2270 3478 2332 duntaxat

1887 2340 2215 2414 accepimus;
2267 2356 2425 2414 neque
2468 2343 2745 2411 quidquam
2798 2340 3019 2409 scimus;
3062 2350 3138 2398 sic
3185 2347 3474 2414 Horatius,

1889 2408 1923 2459 Ι.
1951 2419 2131 2531 ιὸῦιιι.
2158 2411 2191 2463 5
2210 2452 2224 2474 ,
2261 2410 2411 2463 Musa
2452 2408 2611 2463 velini
2638 2430 2915 2479 memores;
2946 2408 3023 2469 sic
3048 2416 3191 2485 Virg.
3220 2416 3345 2472 Ain.
3372 2408 3477 2485 vn,

1889 2493 1937 2529 v.
2094 2496 2107 2531 ε

1889 2493 1937 2529 v.
1970 2482 2107 2534 (λιιι

2010 2554 2367 2624 ξυιιόζιθιιιιηᾳ
2392 2558 2645 2624 Helicona,
2669 2566 2795 2619 deae,
2822 2571 3091 2624 cantusque
3114 2573 3373 2619 movete...

2008 2617 2383 2688 Etuneministls
2406 2622 2555 2688 enim,
2582 2617 2723 2677 diva),
2750 2617 3090 2688 etiiiemorare
3114 2633 3322 2688 potestis
3349 2617 3363 2677 ἑ

2010 2679 2080 2725 Ad
2106 2693 2148 2726 ιι.
2170 2693 2192 2726 s
2214 2682 2291 2727 vix
2318 2685 2479 2728 trnnis
2502 2679 2640 2730 {anne
2663 2685 2930 2743 perlabitur
2956 2701 3091 2734 aura.

1957 2759 2010 2841 fi.
2056 2759 2255 2841 Etegi.]
2286 2762 2491 2841 .Versns
2519 2765 2711 2830 ﬂebiles
2736 2766 2849 2819 sive
2891 2769 3203 2824 miserabiles
3240 2786 3259 2825 :
3290 2773 3474 2841 elegos

1881 2831 2047 2891 enim,
2080 2835 2220 2885 unde
2248 2833 2441 2899 elegia,
2470 2844 2553 2886 est
2582 2848 2798 2888 carmen
2836 2852 3084 2891 versuum
3120 2831 3473 2896 hexametro-

1884 2917 1999 2976 rum
2031 2912 2593 2976 pentametrornmque
2626 2904 2849 2976 alternis
2874 2908 3260 2976 dispositorum
3291 2914 3354 2965 ad
3382 2915 3474 2965 ιιί-

1881 2970 2082 3047 stitiani
2110 2972 2403 3037 praesertim
2426 2973 2859 3041 signiﬁcandam:
2888 2970 3010 3031 hinc
3039 2978 3311 3047 Horatius,
3338 2983 3374 3034 l.
3406 2982 3474 3036 de

1881 3044 2009 3096 Arte
2037 3050 2179 3109 poet.
2205 3059 2217 3093 :

2004 3130 2241 3201 Versibus
2260 3133 2508 3201 impar-iter
2528 3136 2708 3201 junctis
2726 3139 3031 3196 querimonia
3055 3141 3289 3201 primum;

2005 3191 2120 3262 ξξοῖι
2144 3203 2286 3241 etiam
2306 3191 2485 3262 inclusa
2510 3205 2587 3243 est
2603 3198 2704 3262 voti
2729 3191 2973 3247 Sententia
2997 3191 3224 3262 compos:

2005 3256 2123 3319 Quis
2144 3264 2307 3302 tamen
2334 3258 2545 3317 exiguos
2569 3257 2742 3319 elegOs
2767 3262 2984 3308 emiserit
3011 3256 3179 3311 auctor

2002 3316 2304 3365 (-rammatiei
2328 3326 2517 3367 certant
2543 3327 2596 3367 et
2619 3316 2772 3367 adhuc
2794 3324 2885 3369 sub
2902 3321 3065 3382 judice
3091 3323 3149 3373 lis
3174 3332 3267 3373 est.

1881 3395 2023 3450 Idem
2053 3412 2223 3453 carm.
2260 3400 2296 3451 l.
2324 3415 2363 3460 I,
2390 3400 2477 3453 od.
2507 3402 2575 3455 53
2604 3419 2615 3453 :

2121 3488 2228 3551 Albi
2256 3501 2317 3536 ne
2341 3488 2509 3538 doleas
2532 3488 2639 3551 plus
2662 3493 2808 3542 nimio
2831 3506 3018 3544 memor

2121 3548 2324 3598 Immitis
2349 3548 2591 3611 Glyceias,
2617 3566 2713 3602 neu
2738 3557 3048 3606 miserabiles

2129 3611 2375 3659 Dec.intes
2398 3612 2586 3674 elegos.

1876 3679 2027 3735 Unde
2054 3683 2270 3736 Ovidius
2298 3684 2334 3736 Ι.
2366 3699 2402 3737 ιι
2432 3685 2601 3747 Fast.,
2632 3690 2682 3740 in
2714 3686 2863 3741 initio
2894 3706 2908 3741 :

1995 3772 2133 3821 Nunc
2160 3776 2367 3833 primum
2392 3775 2514 3822 velis
2535 3776 2667 3833 elegi
2692 3776 2956 3836 majoribus
2975 3779 3057 3825 itis
3084 3791 3097 3825 :

2061 3836 2324 3896 Exiguum,
2350 3838 2573 3895 memini,
2604 3851 2760 3898 nuper
2779 3844 2930 3887 eratis
2952 3852 3088 3899 Opus.

1945 3916 2159 3991 Scilicet
2194 3933 2386 3991 versus
2454 3919 2528 3969 illi
2588 3918 2787 3972 idcirco
2824 3934 3081 3991 vocantur
3117 3920 3273 3987 elegi,
3310 3925 3452 3991 quod

1875 3986 2035 4066 iidem
2069 3988 2136 4066 in
2188 3988 2461 4066 funeribus
2492 3992 2786 4066 prii-scrinii
2818 3986 3265 4066 adhiberentur;
3291 3986 3464 4066 £1370;

1873 4057 2015 4111 enim
2057 4058 2204 4126 ﬂetus
2252 4059 2443 4131 dicitur
2488 4060 2588 4131 dii-ro
2632 4056 2771 4113 τοῦὲ
2818 4057 3043 4131 ἒλέγιιν,
3079 4078 3195 4127 qua:
3227 4056 3467 4119 ﬂentiiini

1874 4142 1977 4198 vox
2020 4138 2103 4180 est
2126 4129 2261 4195 apud
2296 4127 2709 4196 Aristophanem
2743 4147 2755 4180 :
2788 4127 3133 4198 quamobrem
3161 4132 3377 4188 Ovidius
3402 4148 3462 4188 iii

1872 4196 1940 4251 de
1962 4197 2107 4260 Arte,
2141 4199 2275 4268 eleg.
2314 4201 2364 4266 l,
2398 4199 2490 4261 ait,

2058 4287 2259 4336 Flebilis
2282 4289 2504 4347 indignos
2523 4288 2720 4349 elegeia
2741 4286 2877 4337 solve
2902 4288 3098 4349 capillos
3126 4304 3137 4339 :

2118 4349 2227 4397 Heu
2253 4352 2393 4397 nimis
2417 4362 2479 4397 ex
2510 4362 2628 4397 vero
2652 4363 2778 4397 nunc
2805 4352 2888 4398 tibi
2911 4364 3090 4399 nomen
3110 4353 3262 4401 inest.

1949 4431 2411 4499 Quemadmodum
2446 4432 2600 4485 ﬂetus
2628 4433 2899 4501 elegorum
2926 4448 3066 4487 nunc
3094 4450 3123 4487 a
3158 4436 3342 4490 Boetio
3374 4452 3466 4489 vo-

1872 4515 2059 4557 cantur
2081 4505 2221 4566 veri;
2249 4506 2387 4569 quod
2423 4503 2669 4555 nimirum
2701 4520 2765 4557 ex
2795 4504 3032 4567 tristitia,
3057 4520 3176 4572 qua:
3202 4506 3358 4560 solita
3381 4518 3464 4561 est

1871 4574 2140 4640 elegorum
2168 4575 2408 4629 materia.
2435 4580 2700 4633 oriantur.
2732 4575 2920 4640 bisque
2941 4576 3070 4643 elegi
3100 4576 3350 4631 dicuntur
3369 4593 3461 4632 ora

1867 4646 2060 4714 rigare,
2085 4644 2223 4697 sicut
2251 4659 2281 4697 a
2316 4643 2531 4712 Virgilio
2561 4658 2609 4695 Vl
2642 4643 2884 4708 Aineid”
2916 4660 2967 4695 ν.
3002 4646 3104 4699 b99
3132 4663 3147 4698 :

1988 4735 2067 4783 Sic
2091 4747 2381 4789 memorans,
2409 4734 2543 4794 largo
2568 4733 2687 4782 ﬂetu
2711 4734 2853 4783 simul
2875 4748 2960 4782 ora
2985 4736 3193 4796 rigabat.

2022 4815 2133 4868 llas
2176 4812 2403 4883 saltemjj
2456 4814 2632 4869 Musas
2660 4832 2673 4868 :
2706 4832 2827 4869 nam
2869 4831 2931 4870 ex
2988 4816 3237 4870 omnibus
3283 4816 3457 4885 bonis,

1866 4888 2057 4953 quibus
2085 4891 2242 4938 homo
2269 4885 2407 4940 allici
2437 4898 2632 4954 potest,
2656 4902 2885 4953 quicque
2908 4896 3033 4941 sunt
3059 4890 3137 4940 vel
3163 4891 3456 4956 exteriora,

1867 4970 1921 5010 ιιι
1972 4957 2195 5021 divitiae,
2227 4957 2416 5021 limior,
2450 4958 2637 5022 amici,
2671 4958 2823 5010 liberi
2865 4966 2919 5010 et
2949 4968 3230 5027 parentes;
3265 4958 3346 5011 vel
3375 4960 3457 5013 in—

1868 5028 2083 5093 teriora,
2114 5030 2225 5081 sive
2255 5027 2515 5093 Corporis,
2544 5039 2599 5078 ut
2626 5030 2807 5091 robur,
2837 5028 3177 5095 pulchritudo
3231 5038 3283 5080 et
3313 5033 3456 5080 sani-

1867 5108 1976 5161 tas;
2010 5101 2121 5151 sive
2153 5098 2374 5159 mentis,
2406 5107 2462 5149 ut
2499 5099 2743 5161 scientia,
2776 5112 2827 5151 et
2859 5101 3056 5161 virtus;
3106 5099 3217 5150 sola
3264 5103 3457 5151 mentis

1869 5168 2002 5219 bona
2053 5170 2281 5219 hosnnm
2329 5170 2630 5220 incursibus
2674 5184 2776 5222 non
2822 5178 2948 5221 sunt
2984 5167 3209 5222 obnoxia
3243 5182 3258 5219 :
3291 5182 3461 5233 quare

1865 5239 1998 5291 Ovid
2057 5253 2111 5289 in
2140 5238 2329 5297 Trist.,
2363 5238 2431 5291 el.
2468 5238 2497 5289 7
2531 5253 2543 5289 :

1986 5333 2174 5392 Nempe
2194 5332 2275 5379 dat
2297 5340 2349 5379 et
2371 5331 2692 5389 quodcunque
2719 5330 2839 5378 libet
2864 5329 3050 5377 fortuna
3076 5329 3320 5389 rapitque,

2052 5394 2153 5441 Irus
2178 5401 2228 5440 et
2254 5400 2328 5440 est
2350 5393 2532 5450 subito,
2559 5394 2641 5452 qui
2667 5393 2806 5438 modo
2832 5392 3025 5439 Cro~sus
3050 5398 3176 5437 erat.

1984 5454 2189 5512 Singula
2209 5454 2325 5513 quid
2351 5453 2599 5501 referam?
2624 5453 2689 5499 nil
2718 5466 2808 5498 non
2825 5452 3027 5499 mortde
3054 5458 3302 5507 tenemus,

2054 5517 2271 5564 Pectoris
2297 5523 2519 5575 exceptis
2543 5514 2831 5575 ingeniique
2855 5514 3008 5559 bonis.

1990 5577 2060 5625 En
2088 5590 2181 5635 ego
2204 5588 2313 5624 cum
2336 5572 2481 5636 patria
2509 5572 2723 5633 caream,
2754 5572 2996 5632 vobiSqne
3019 5572 3261 5636 domoque

2055 5641 2305 5700 llaptaque
2323 5635 2435 5691 Sint,
2456 5637 2594 5683 adimi
2623 5648 2731 5695 qua:
2760 5649 2818 5700 po
2842 5647 2962 5680 uere
2986 5635 3106 5700 mihi
3132 5647 3143 5677 :

1986 5695 2190 5759 Ingenio
2224 5695 2382 5747 iamen
2410 5703 2511 5758 ips-
2539 5709 2650 5743 meo
2666 5699 2971 5759 comitorque
3000 5695 3235 5759 fruorque
3265 5710 3277 5746 :

2052 5756 2210 5811 (la-sar
2246 5763 2291 5808 in
2315 5762 2404 5807 hoc
2429 5756 2586 5819 potuit
2606 5759 2729 5818 juris
2754 5756 2939 5804 habere
2978 5757 3116 5805 nrhil.
