3998 6368
512 313 614 367 583

615 426 670 498 4
699 425 875 480 Gloria
907 424 1075 479 felicis
1105 424 1231 477 olim
1264 422 1552 489 viridisque
1578 419 1835 487 juventaa.

691 516 946 571 Solantur
978 514 1152 569 mossd
1185 528 1325 567 nunc
1353 526 1469 565 mea
1504 510 1607 563 fata
1636 508 1799 564 senis.

614 609 666 681 5
698 606 854 663 Venit
883 606 1024 661 enim
1058 613 1344 675 properata
1378 602 1531 656 malis
1559 600 1777 669 inepina
1820 604 2096 659 senectus,

1733 302 1841 357 AN.
1890 298 2096 355 MANL.
2139 295 2293 352 δην.
2341 290 2564 348 BOETII
3658 291 3747 347 58!.

2134 416 2177 471 A
2218 414 2277 464 l0

2391 407 2458 461 Et
2488 406 2642 459 dolor
2672 411 2878 455 :etatem
2910 398 3067 468 jussit
3099 398 3275 449 inesse
3305 410 3468 449 suam.

2322 495 2677 565 lntctnpestivi
2714 491 3006 547 funduntur
3034 488 3234 543 vertice
3260 491 3399 550 cani.

2396 588 2459 641 Et
2485 586 2663 641 tremit
2688 584 2849 639 efl‘eto
2879 596 3104 651 corpore
3131 580 3258 633 laxa
3287 580 3441 633 culis.

1867 682 2447 745 lNTEBI’RIiTATlO.

515 794 748 864 larryntis
796 794 1021 847 sinceris.
1073 791 1262 864 Nullus
1312 799 1470 841 metus
1517 788 1680 855 potuit
1724 782 2102 864 adducere'has

514 852 691 919 δηίιὲιη
712 864 907 923 Musas.
929 874 984 917 ut
1006 880 1107 916 non
1130 861 1490 915 comitarentur
1517 852 1680 910 meam
1704 861 1856 909 viam.
1884 852 2096 907 Eardent

515 939 697 997 Musas.
729 951 846 1000 quin
875 934 1086 988 fuerunt
1107 934 1273 1005 gloria
1304 946 1435 984 mea:
1453 933 1677 1005 juven'a:
1702 924 1961 1005 quondam
1990 923 2099 987 for—

512 1018 704 1058 tunata:
727 999 773 1057 et
794 1007 991 1068 vividtc,
1023 999 1352 1057 consolantur
1374 1016 1506 1054 nunc
1533 1000 1810 1052 adversam
1823 999 2100 1072 fortunam

513 1078 648 1129 senis
679 1078 858 1129 tristis.
896 1074 1033 1129 Nam
1064 1084 1289 1128 senectus
1344 1073 1586 1137 festinata
1617 1068 1859 1122 (erumnis
1891 1068 2101 1137 occessit

518 1147 647 1201 tnilti
686 1147 984 1216 improvisa,
1028 1156 1074 1199 et
1112 1160 1296 1197 maror
1324 1134 1511 1209 e/fecit,
1540 1150 1593 1193 ut
1623 1149 1747 1193 tetas
1772 1152 1867 1191 sua
1892 1142 2019 1188 esset
2049 1134 2101 1185 in

2209 794 2304 829 me.
2341 774 2562 827 Canities
2588 778 2895 835 prmmatura
2924 772 3187 834 snargt'tur
3218 782 3307 835 per
3338 780 3505 820 meum
3533 781 3684 839 caput,
3716 783 3757 828 et

2211 864 2327 901 mea
2352 846 2522 914 pellis.
2553 840 2798 914 confectis
2829 840 3088 899 membris,
3116 854 3302 903 rugosa
3324 842 3660 894 contrentiscit.
3679 843 3757 897 Illa

2208 911 2628 970 mors/tominum
2651 919 2735 964 est
2757 911 3042 981 fortunata,
3065 922 3430 981 qutenonsese
3455 912 3653 964 immittit
3679 917 3760 981 flo-

2207 988 2433 1040 rentibus
2479 982 2786 1049 temporibns
2807 1022 2819 1041 .
2854 988 2898 1031 et
2930 980 3070 1031 ades:
3098 1019 3111 1040 .
3140 978 3349 1049 afﬂictis
3391 982 3659 1048 frequenter
3679 978 3762 1035 im-

2208 1060 2432 1127 plorall.
2486 1047 2600 1105 Heu
2630 1059 2897 1127 quantum
2942 1047 3271 1101 inexorabilis
3316 1047 3674 1127 mors'reredit
3710 1054 3762 1105 ab

2211 1120 2515 1182 hominibus
2559 1122 2892 1184 calamitosis,
2942 1131 2987 1173 et
3034 1131 3289 1188 quantum
3334 1120 3549 1173 crudelis
3589 1135 3766 1177 recusat

2032 1219 2260 1278 NOTAE.

597 1332 644 1387 lJ
689 1341 940 1399 expertus
977 1340 1059 1384 est
1097 1328 1331 1391 Boetius.
1380 1326 1469 1396 qui
1506 1335 1696 1393 agente
1737 1320 2093 1399 Theodorico,

520 1419 623 1457 non
656 1392 825 1456 solum
866 1416 1017 1469 opes,
1059 1400 1364 1471 dignitates,
1398 1392 1713 1471 'hona’mque
1740 1392 2095 1471 valetudinem

520 1474 717 1536 amisit,
757 1471 850 1526 sed
881 1467 915 1525 a
942 1472 1051 1523 suis
1080 1471 1235 1524 etiam
1273 1469 1517 1522 desertus
1551 1467 1755 1527 amicis,
1785 1467 1981 1536 quippe
2008 1467 2098 1536 qui

524 1531 726 1597 terrore
750 1540 1211 1611 imperatoris.qni
1238 1540 1458 1592 Romam
1483 1552 1691 1611 quoque
1713 1531 1816 1611 non
1841 1531 2103 1611 dubitavit

521 1623 784 1675 evertere,
827 1601 956 1665 'victi
1003 1601 1252 1677 fugerunt
1281 1625 1295 1664 :
1328 1601 1672 1676 quamobrem
1715 1604 1947 1677 Boetius
1970 1601 2100 1677 solis

523 1685 683 1736 animi
732 1672 884 1737 bonis
927 1683 979 1734 in
1024 1672 1125 1733 suo
1173 1672 1366 1734 exsilio
1403 1677 1687 1731 comitatus
1728 1684 1834 1738 est.
1875 1672 2100 1727 scientia

524 1754 768 1807 videlicet
810 1764 861 1808 et
905 1753 1139 1813 virtute;
1181 1749 1274 1804 sed
1312 1764 1432 1803 cum
1461 1749 1527 1800 de
1566 1762 1658 1798 sua
1690 1746 1886 1799 virtute
1918 1750 2103 1808 aperte
2140 1744 2182 1802 Β

524 1827 574 1875 lo
596 1824 665 1885 iui
698 1839 799 1877 non
832 1824 901 1876 ita
938 1822 1155 1876 deceret
1195 1818 1364 1873 virum
1407 1817 1879 1872 modestissimum.
1908 1813 2099 1885 nomi-

524 1883 659 1945 natis
710 1894 892 1952 Musis.
935 1892 1173 1946 scientiae
1214 1891 1402 1944 saltem
1444 1887 1654 1944 comitis
1701 1884 1962 1940 meminit.
2015 1883 2106 1939 Sic

524 1963 676 2019 Ovid.
708 1980 757 2016 Iv
787 1964 973 2020 Trist..
1008 1962 1076 2013 el.
1118 1961 1133 2013 I
1168 1978 1181 2013 :

646 2034 725 2083 ille
745 2046 939 2094 quoque
969 2032 1102 2080 Musa
1124 2032 1271 2091 levat,
1305 2028 1439 2077 Ponti
1473 2027 1731 2094 locajussa
1760 2032 2042 2094 petentem:

711 2085 821 2142 Sola
841 2085 1007 2141 comes
1025 2100 1201 2140 nostrae
1230 2085 1441 2152 perstitit
1470 2089 1547 2136 illa
1572 2085 1714 2144 ingre.
1763 2085 1774 2088 ⁷
1869 2085 1902 2117 ’-

648 2156 759 2204 Sola
786 2168 877 2203 nec
896 2155 1087 2201 insidias
1107 2155 1237 2201 inter
1272 2165 1363 2200 nec
1388 2152 1551 2198 militis
1570 2161 1759 2207 ensem,

705 2217 808 2264 Nec
833 2227 966 2262 mare
992 2227 1083 2262 nec
1103 2222 1289 2271 ventos,
1309 2215 1679 2271 barbariamth
1704 2212 1859 2258 timet.

599 2289 639 2340 Ν
680 2306 711 2341 n
729 2287 971 2339 omittam
991 2284 1129 2352 quod
1150 2282 1484 2351 grammatici
1503 2282 1711 2339 docent.
1729 2284 1906 2332 saltem
1928 2292 2107 2352 natum

524 2375 645 2413 esse
663 2375 689 2409 a
716 2357 962 2425 Captivis,
979 2350 1067 2425 qui
1092 2350 1220 2407 nihil
1240 2352 1383 2406 aliud
1410 2363 1603 2421 praeter
1619 2352 1832 2405 salutem
1855 2367 1882 2400 ιι
1907 2350 2108 2402 victore

599 2439 734 2482 lunt.

529 2445 909 2568 peEtlfnlliloriad
941 2497 1141 2561 llonos,
1168 2495 1303 2568 bona
1338 2493 1472 2547 fama
1515 2502 1567 2546 et
1592 2491 1756 2561 gloria
1790 2491 1859 2568 ita
1892 2490 2109 2568 intonso

525 2569 799 2627 d-ll‘erunt.
829 2560 1089 2621 nt'honos
1119 2560 1386 2635 unoddam
1420 2568 1489 2618 sit
1517 2578 1704 2635 genus,
1737 2560 2108 2635 cnisutijicia-

524 2649 610 2692 tur
635 2639 862 2707 primum
884 2636 1095 2706 quidem
1127 2632 1260 2687 bona
1289 2635 1459 2697 fama;
1484 2633 1677 2687 deinde
1704 2632 1871 2753 gloria
1898 2648 1911 2685 :
1939 2646 2106 2699 quare

524 2712 661 2753 ςίμιιι
709 2712 897 2753 honos-
941 2706 1016 2753 sie
1060 2706 1228 2753 gloria
1266 2708 1558 2753 generatim
1597 2713 1680 2753 est
1739 2718 1855 2753 tona
1895 2703 2106 2753 virtutis

524 2703 661 2762 sit-nt
709 2703 914 2767 honos.
941 2706 1016 2761 sic
1060 2706 1229 2775 gloria
1266 2708 1558 2773 generatim
1597 2713 1680 2756 est
1709 2703 1855 2775 bona
1895 2703 2107 2775 virtutis

528 2780 715 2834 sitiente
758 2771 1121 2839 existimatio,
1160 2771 1312 2843 signo
1359 2776 1536 2843 aliquo
1582 2772 1912 2827 manifestata
1953 2787 1967 2825 :
2013 2771 2105 2843 sed

528 2851 696 2903 honos
720 2858 891 2916 potest
918 2862 1038 2901 esse
1066 2841 1256 2907 unius;
1287 2846 1422 2899 bona
1452 2841 1627 2908 tanta,
1651 2857 1759 2916 non
1795 2843 1892 2916 nisi
1923 2841 2106 2916 multi-

526 2913 749 2979 tudinis;
784 2929 837 2973 et
874 2920 1064 2986 gloria.
1096 2918 1258 2970 etiam
1303 2916 1618 2979 optimatum
1651 2914 1785 2986 bene
1816 2913 1879 2986 de
1912 2921 1964 2986 te
1994 2914 2108 2986 exi-

526 2989 851 3042 stimantium
879 2982 900 3039 ἶ
932 2986 1088 3051 hinc,
1119 2993 1337 3039 auctore
1364 2986 1671 3053 Scaligero,
1713 2984 1878 3050 glorii
1908 2982 2105 3053 dicitur

525 3059 676 3125 quasi
705 3057 866 3126 glosia
904 3072 921 3109 :
959 3057 1229 3124 quomodo
1254 3070 1368 3119 ara,
1404 3052 1562 3126 lares,
1596 3068 1779 3126 arena.
1808 3052 1958 3126 quasi
1984 3068 2098 3126 asa.

527 3122 677 3188 lases.
707 3122 862 3179 asena
896 3141 910 3177 :
953 3122 1115 3193 g'losia
1152 3135 1327 3178 autem
1370 3124 1542 3178 oritur
1576 3138 1642 3195 ex
1670 3124 1903 3195 γλῶσσα.
1948 3122 1997 3195 id
2030 3131 2111 3174 est
2141 3123 2182 3182 (ζ

529 3198 725 3265 lingua,
754 3196 892 3263 quod
918 3196 1085 3262 gloria
1108 3196 1174 3248 sit
1200 3196 1335 3247 fama
1368 3196 1555 3261 ingens
1578 3193 1643 3247 de
1670 3193 1894 3261 alicujus
1921 3194 2115 3246 vir.ute

527 3282 591 3321 ac
621 3266 847 3321 meritis.
880 3266 1009 3319 tlinc
1039 3265 1105 3318 de
1135 3280 1192 3318 se
1224 3265 1446 3328 Ennius,

1020 3343 1176 3391 Volito
1200 3344 1325 3390 vivu‘
1356 3356 1443 3403 per
1460 3355 1545 3390 ora
1568 3342 1741 3390 virum.

525 3416 675 3485 Quod
702 3416 935 3470 imitatur
964 3414 1149 3483 Virgil.
1192 3414 1404 3467 IEneid.
1445 3429 1543 3473 sit.
1576 3429 1626 3464 v.
1653 3412 1757 3467 253i
1786 3429 1797 3463 τ

648 3497 891 3543 Succedet
910 3494 1052 3554 fama,
1080 3494 1313 3554 visusque
1340 3505 1427 3553 per
1452 3504 1536 3541 ora
1560 3492 1761 3540 feretur.

600 3578 761 3631 Fama
789 3585 964 3629 autem
998 3591 1100 3628 non
1131 3574 1232 3627 alia
1255 3574 1320 3628 de
1342 3588 1500 3626 causa
1527 3572 1755 3627 habetur
1783 3570 2108 3639 ingens.nisi

524 3647 663 3705 quod
699 3649 812 3699 haec
844 3660 936 3712 per
966 3656 1176 3699 mentes
1203 3654 1257 3698 et
1303 3659 1397 3711 per
1426 3659 1518 3695 ora
1551 3658 1764 3711 quoque
1792 3642 2109 3712 optimatum

525 3727 746 3786 vagatur
784 3734 796 3767 :
838 3710 940 3769 huc
978 3715 1266 3782 respiciens
1306 3710 1516 3767 Tnilins
1557 3710 1653 3786 pro
1682 3710 1830 3765 Mar.
1864 3730 1876 3765 :
1905 3710 2108 3777 Gloria,

529 3785 715 3855 inquit.
761 3798 831 3839 est
874 3788 1086 3839 illustr.'s
1131 3796 1174 3836 et
1202 3795 1477 3855 pervagata
1508 3785 1789 3836 multorum
1820 3794 1863 3834 et
1897 3799 2107 3852 magno-

523 3854 637 3912 rum
656 3858 730 3909 vel
759 3858 809 3909 in
840 3872 959 3909 suos
988 3854 1140 3917 cives.
1164 3856 1238 3907 vel
1271 3856 1319 3906 in
1346 3854 1590 3921 patriam,
1614 3855 1687 3906 vel
1710 3855 1762 3906 in
1789 3868 1935 3906 onme
1954 3869 2109 3921 genus

523 3929 787 3982 hominum
814 3927 949 3997 fama
974 3926 1369 3997 meritorum.At
1390 3925 1755 3997 qnmritnritic
1778 3924 2107 3997 scientizene,

524 4014 592 4050 an
634 3992 842 4050 virtutis
880 3997 1042 4049 luerit
1083 3996 1267 4063 ingens
1306 3992 1605 4047 illa'Boctit
1650 3992 1832 4046 lauta?
1877 3993 1963 4061 qui
2014 4008 2108 4059 pro

523 4070 720 4120 virtute
752 4069 917 4120 Boetii
948 4068 1221 4126 sentiunt.
1263 4064 1312 4117 lii
1353 4064 1631 4133 legendum
1677 4072 1862 4130 putant
1888 4063 2105 4125 solatur,

521 4137 662 4204 quod
692 4138 930 4205 syntasis
954 4136 1151 4204 alioqui
1182 4150 1286 4188 non
1319 4144 1525 4205 staret:
1560 4136 1711 4200 quasi
1749 4133 1962 4185 Boetius
1994 4134 2107 4186 Iau-

522 4211 676 4261 dator
719 4204 973 4275 temporis
1013 4206 1116 4259 acti
1146 4220 1204 4259 se
1240 4219 1427 4274 puero.
1478 4204 1673 4275 discet
1712 4218 1771 4258 se
1814 4218 1998 4256 senem
2045 4219 2106 4257 ea

522 4272 888 4331 consolatione
916 4277 1203 4329 sustentari
1222 4272 1254 4341 ,’
1286 4276 1426 4341 quod
1456 4290 1548 4342 per
1568 4272 1840 4340 juventam
1862 4315 1876 4336 ,
1914 4284 1967 4327 et
1998 4276 2109 4326 vir-

522 4358 635 4401 tute
682 4361 734 4401 et
778 4346 946 4414 gloria
986 4347 1198 4401 virt‘utis
1248 4346 1487 4412 preemio,
1531 4343 1752 4396 affectus
1784 4342 1964 4397 fuerit.
2000 4344 2107 4398 Nos

522 4427 720 4478 autem.
768 4433 863 4485 pro
904 4418 1129 4470 scientia
1168 4424 1465 4484 pugnantes
1505 4414 1829 4485 arbitramur
1878 4414 2104 4479 gloriam

2390 1309 2585 1361 Indocili
2608 1319 2815 1357 numero
2838 1320 2945 1355 cum
2973 1319 3124 1366 grave
3148 1306 3302 1353 mo'lit
3325 1317 3461 1366 Opus.

2332 1374 2499 1423 Cantat
2525 1381 2577 1421 et
2600 1372 2813 1421 innitens
2833 1369 3015 1417 limos:e
3042 1380 3221 1428 pronus
3243 1380 3430 1426 arenas,

2394 1436 2614 1482 Adverso
2632 1433 2817 1481 tardam
2840 1432 3081 1491 quivehtt
3107 1442 3249 1475 amne
3273 1436 3448 1476 ratem.

2332 1499 2522 1557 Quique
2548 1494 2704 1542 refert
2730 1494 2915 1557 pariter
2932 1490 3093 1557 lentos
3115 1492 3172 1537 ad
3201 1498 3400 1551 pectora
3422 1503 3595 1551 remos,

2400 1554 2455 1609 In
2472 1569 2728 1605 numerum
2750 1554 2882 1615 pulsa
2908 1554 3103 1601 brachia
3130 1560 3289 1600 versat
3309 1566 3450 1615 aqua.

2336 1621 2519 1670 Fessus
2544 1626 2597 1667 ut
2620 1618 2838 1664 incubuit
2861 1616 3032 1663 bavn'o
3056 1627 3273 1674 saxoque
3295 1614 3483 1662 resedit

2396 1683 2584 1735 Pastor,
2610 1678 2881 1726 arnndineo
2899 1678 3116 1723 carmine
3143 1675 3323 1722 mulcet
3346 1688 3483 1724 oves.

2334 1742 2580 1794 Cantantis
2604 1742 2806 1802 pariter,
2832 1740 3016 1802 pariter
3039 1738 3146 1785 data
3171 1750 3319 1802 pensa
3342 1738 3584 1786 trahentis

2405 1796 2812 1853 Fallitur'ancilla:
2830 1796 3175 1859 decipiturque
3198 1796 3349 1847 labor.

2336 1867 2514 1917 Fertur
2539 1872 2591 1912 et
2615 1863 2818 1910 abducta
2848 1860 3111 1921 Lyrneside
3136 1862 3290 1908 tristis
3313 1860 3530 1910 Achilles

2399 1927 2612 1975 {Emouia
2639 1936 2777 1972 curas
2802 1930 3082 1972 attenuasse
3108 1921 3221 1980 lyra.

2334 1990 2453 2041 Cum
2478 1989 2701 2037 traheret
2722 1986 2865 2033 silias
2885 1984 3109 2045 orpheus
3134 1992 3183 2031 et
3202 1987 3320 2030 dura
3342 1986 3563 2036 canendo

2397 2052 2526 2099 Saxa
2551 2050 2624 2097 bis
2650 2048 2823 2095 amissa
2846 2044 3055 2105 conjuge
3080 2052 3279 2093 tium-tus
3302 2054 3429 2094 erat.

2287 2136 2377 2192 Sic
2407 2150 2534 2202 ergo
2564 2134 2708 2187 Musa
2741 2132 2882 2184 levat
2912 2131 3153 2183 Boetinm
3186 2130 3437 2202 {Verum
3474 2132 3571 2185 tria
3604 2135 3681 2189 hic
3704 2150 3777 2188 su-

2214 2217 2438 2276 persunt
2464 2202 2819 2276 observanda.
2845 2202 3079 2276 Primum
3109 2201 3320 2276 quidem
3350 2204 3681 2258 observanda
3710 2210 3777 2261 vis

2217 2271 2437 2332 eresurm
2467 2277 2517 2328 in
2554 2274 2634 2327 his
2664 2274 2859 2335 verbis,
2887 2271 3047 2336 felicis
3070 2272 3193 2322 olim
3222 2286 3239 2323 :
3267 2286 3475 2343 czesura
3504 2277 3661 2339 enim,
3681 2294 3783 2343 quin

2218 2349 2347 2401 nihil
2382 2345 2523 2399 aliud
2562 2354 2645 2397 est
2679 2345 2729 2395 in
2769 2358 2946 2405 versu,
2981 2356 3139 2408 quam
3179 2342 3395 2394 residua
3432 2345 3621 2405 prioris
3646 2342 3781 2399 scan-

2215 2419 2372 2471 sionis
2405 2415 2632 2483 sillaba,
2666 2430 2767 2481 qua
2804 2413 3064 2483 posterior
3097 2413 3297 2463 scansio
3329 2413 3603 2480 incipitur,
3634 2418 3783 2483 sylla-

2220 2491 2336 2543 bam
2370 2482 2499 2539 alias
2528 2488 2748 2538 brevem
2779 2482 3073 2551 producere
3104 2493 3315 2550 potest;
3350 2486 3497 2550 quod
3528 2482 3784 2549 nimirum.

2217 2560 2378 2613 veluti
2423 2556 2629 2610 initium
2669 2558 2944 2623 sequentis
2977 2552 3253 2617 vocabuli,
3298 2555 3372 2606 ita
3409 2556 3605 2609 elevari
3644 2557 3787 2610 debet

2218 2626 2649 2697 pronuntiando,
2672 2635 2731 2677 ut
2761 2626 2993 2697 reliquas
3020 2622 3262 2697 ejusdem
3299 2626 3545 2697 vocabuli
3577 2626 3787 2697 syllabas

2217 2693 2482 2753 sustinere
2513 2696 2716 2767 possit:
2754 2693 2998 2762 exempla
3028 2702 3156 2746 sunt
3182 2695 3383 2762 cuique
3413 2696 3570 2748 obvia
3605 2693 3620 2751 Ξ
3656 2698 3788 2767 Virg.

2216 2771 2343 2824 Aio.
2381 2784 2451 2830 Iv,
2487 2784 2534 2817 v.
2577 2766 2687 2819 διε

2339 2859 2630 2909 Pectoribus
2652 2855 2845 2904 inhians
2866 2855 3101 2915 spirantia
3123 2854 3332 2905 consulit
3358 2863 3503 2905 exta.

2290 2942 2489 2997 Deinde
2511 2938 2899 2993 observandum
2929 2937 3238 3007 di~crimen,
3266 2940 3414 3005 quod
3446 2939 3684 2993 nonnulli
3708 2954 3791 3007 ρος

2217 3026 2347 3067 ηιιιιι
2378 3016 2515 3065 inter
2537 3013 2799 3081 juventus.
2820 3012 3079 3081 juventaj.
3112 3018 3165 3062 et
3195 3012 3404 3076 iuventa
3434 3026 3453 3062 :
3488 3025 3610 3063 nam
3634 3012 3794 3080 juven-

2221 3095 2325 3141 tus.
2350 3078 2587 3150 inquiunt
2601 3122 2615 3144 ,
2637 3089 2719 3133 est
2738 3079 3021 3131 multitudo
3037 3078 3570 3149 jnvenum,juventas
3588 3078 3667 3135 est
3687 3082 3795 3143 dea,

2218 3167 2271 3207 et
2291 3158 2505 3224 juventa
2537 3164 2664 3203 a-tas
2700 3168 2710 3201 :
2742 3150 2833 3203 sed
2867 3152 2980 3224 hzrc
3009 3164 3114 3201 non
3144 3159 3398 3224 constant
3433 3168 3447 3206 :
3482 3167 3605 3204 nam
3632 3151 3794 3224 Sallu-

2218 3220 2353 3277 stius
2380 3228 2709 3292 jttvi-nttttem
2751 3220 2961 3292 vocavit
3009 3225 3242 3274 aetatem.
3295 3221 3585 3276 Postremo
3626 3223 3797 3275 obser-

2219 3291 2389 3347 vanda
2432 3304 2561 3345 a-tas
2610 3291 2793 3355 Boetii,
2834 3291 2921 3357 qni
2966 3293 3212 3358 quamvis
3255 3292 3339 3343 hic
3390 3295 3630 3360 seipsum
3669 3292 3797 3346 dicat

2217 3381 2425 3425 senem.
2456 3374 2565 3416 tum
2595 3373 2792 3423 tamen.
2816 3377 2935 3414 cum
2964 3365 3074 3413 tunc
3103 3363 3390 3429 scriberet,
3424 3366 3664 3416 nondum
3686 3363 3799 3415 atti-

2215 3445 2367 3503 gerat
2390 3436 2882 3503 quinquagesiitmm
2908 3432 3079 3483 :etatis
3107 3446 3217 3485 sua:
3246 3448 3454 3487 annum
3486 3450 3499 3486 ε
3528 3444 3798 3502 propterea

2216 3506 2363 3557 addit
2385 3520 2445 3558 se
2473 3520 2575 3556 non
2611 3514 2715 3555 tam
2746 3516 3028 3565 annorum,
3068 3517 3226 3571 quam
3268 3517 3642 3558 :erumnarum
3672 3504 3799 3557 serie

2216 3576 2461 3629 senuisse
2490 3576 2586 3627 sic.

2288 3648 2341 3699 9.
2387 3645 2621 3698 Venit....
2656 3640 2930 3711 senectus.]
2965 3642 3245 3695 Rationem
3276 3644 3438 3699 affert
3473 3646 3692 3700 Boetius
3714 3658 3802 3697 cur

2217 3732 2276 3771 se
2317 3716 2516 3770 dixerit
2557 3730 2760 3769 senem.
2810 3714 3069 3766 Senectus
3110 3727 3323 3780 quippe,
3380 3731 3541 3784 qua},
3591 3726 3796 3768 auctore

2221 3788 2417 3850 'l‘nllio,
2444 3785 2653 3838 deliniri
2685 3793 2858 3851 potest
2901 3798 3109 3836 occasus
3150 3785 3296 3849 t'itte,
3339 3800 3409 3839 ex
3458 3802 3528 3839 eo
3556 3784 3805 3851 contingit

2215 3857 2355 3926 quod
2383 3856 2550 3921 libris,
2575 3870 2639 3909 ex
2677 3855 2872 3926 quibus
2900 3855 3085 3926 solidre
3112 3857 3355 3922 corporis
3378 3857 3609 3909 animati
3640 3867 3804 3923 partes

2214 3924 2483 3988 constant.
2511 3924 2813 3988 retardatis,
2846 3924 3045 3977 eaedem
3080 3936 3256 3992 partes
3284 3928 3483 3980 solidae
3514 3928 3580 3979 ad
3614 3934 3798 3978 tantam

2214 3998 2463 4051 duritiem
2505 3994 2839 4064 perveniant,
2875 4004 2931 4046 ιιι
2961 4010 3065 4048 non
3098 3996 3255 4048 modo
3282 4012 3390 4051 non
3420 4008 3698 4061 crescant,
3719 3996 3803 4047 sed

2216 4083 2313 4121 nec
2358 4067 2558 4137 nutriri
2595 4066 2819 4137 possint.
2865 4065 2997 4137 llinc
3042 4064 3161 4117 cani
3189 4064 3287 4126 ies.
3317 4083 3473 4137 ruga:
3517 4076 3576 4121 et
3618 4078 3805 4137 tremor

2214 4140 2489 4191 oriuntur.
2521 4134 2753 4189 Canities
2791 4136 3005 4200 quidem
3043 4150 3070 4186 a
3106 4134 3625 4201 senectute'oritur.
3677 4135 3805 4205 quod

2213 4224 2403 4262 succus
2448 4220 2513 4261 ex
2551 4221 2657 4274 quo
2688 4210 2819 4258 tiunt
2838 4206 3037 4273 capilli.
3064 4208 3239 4259 minus
3262 4218 3424 4261 actus
3455 4208 3807 4277 corpusculo-

2216 4295 2331 4332 rum
2350 4281 2702 4335 rotuudornm
2734 4277 2950 4344 figuram
2982 4276 3153 4329 induit
3182 4292 3197 4332 :
3236 4292 3534 4345 prepterca
3563 4276 3709 4333 enim
3736 4277 3805 4329 al-

2215 4352 2436 4403 bescunt
2461 4350 2570 4411 uix,
2593 4362 2719 4407 ova.
2745 4347 2954 4409 charta,
2985 4346 3155 4416 ipsum
3179 4353 3342 4402 etiam
3367 4359 3735 4403 atramentum
3759 4348 3803 4401 in

2213 4435 2456 4487 spumam
2503 4431 2820 4471 conversum
2867 4428 3209 4487 :Vproptcrea
3260 4421 3609 4473 candescnnt
3657 4422 3805 4473 lintea

526 4490 663 4541 hanc
689 4484 863 4561 fuisse,
882 4488 1166 4561 Musarum,
1194 4486 1263 4539 de
1287 4486 1479 4554 quibus
1498 4485 1557 4561 in
1589 4500 1749 4561 versu
1781 4484 1968 4561 ultimo
1992 4488 2103 4553 agi-

2220 4484 2320 4542 rori
2350 4490 2559 4555 solique
2588 4489 2826 4554 exposita
2851 4502 2866 4539 2
2900 4484 3091 4561 bittcsi
3123 4488 3311 4542 eadem
3339 4492 3673 4558 Capillornm
3701 4504 3803 4541 ina-

523 4569 645 4611 tnr:
684 4558 823 4611 unde
854 4558 1134 4624 legendum
1164 4567 1434 4623 putamus,
1467 4558 1604 4609 sicut
1646 4555 1697 4607 in
1728 4554 1981 4607 omnibus
2004 4570 2099 4609 an-

524 4629 683 4695 tiquis
724 4628 994 4681 codicibus
1040 4628 1234 4695 legitur
1266 4627 1498 4679 solantur
1539 4640 1558 4678 :
1607 4624 1865 4695 quasiab
1907 4625 2096 4679 eodem

526 4694 708 4751 licetio
738 4698 981 4750 dicatur:
1014 4694 1178 4750 Music
1208 4699 1266 4748 ob
1293 4712 1417 4764 quas
1448 4697 1571 4748 dum
1602 4694 1808 4766 juvenis
1835 4696 2093 4765 ﬂorerent,

522 4769 739 4838 gloriam
767 4776 1063 4820 consecutus
1091 4784 1226 4829 sum,
1255 4783 1386 4819 nunc
1409 4766 1662 4834 afﬂictum
1683 4781 1854 4838 senem
1877 4781 1954 4818 me
1978 4782 2099 4838 conf

522 4836 771 4891 solantur.
807 4839 869 4891 Et
897 4850 1040 4891 certe
1068 4853 1189 4890 cum
1222 4851 1372 4890 mens
1405 4838 1634 4890 humana
1667 4836 1906 4900 pluribus
1937 4836 2095 4889 simul

522 4908 930 4977 cogitationibus
966 4908 1313 4961 vehementer
1356 4907 1497 4961 affici
1532 4914 1781 4977 nequeat.
1815 4914 2095 4977 propterea

522 4976 647 5033 dum
680 4979 730 5031 in
757 4977 1043 5046 jucundam
1077 4977 1448 5045 cngitationem
1480 4976 1668 5029 sedulo
1694 4976 1973 5040 incumbit,
2005 4990 2100 5030 sa:-

524 5054 640 5118 pius
684 5051 816 5102 tristi
863 5049 1204 5117 cogitatione.
1247 5048 1409 5118 veluti
1448 5048 1603 5115 hujus
1648 5049 1948 5113 immemor,
1991 5062 2093 5099 non

523 5116 731 5174 videtur
760 5120 897 5172 al'liei
932 5135 945 5169 :
990 5120 1067 5173 sic
1101 5118 1191 5186 qui
1229 5116 1468 5186 perfecto
1510 5120 1715 5171 scelere
1753 5118 2094 5171 conscientia:

520 5191 750 5245 stimulis
775 5198 1051 5252 vexantur,
1078 5190 1237 5243 iidem
1270 5188 1411 5249 Ittdn,
1429 5188 1707 5253 colloquiis
1747 5198 1839 5239 aut
1860 5187 2097 5255 qualibet

521 5264 619 5316 alia
644 5262 1047 5324 exercitatione,
1066 5269 1313 5328 tanquam
1337 5260 1703 5311 consolatione
1728 5258 1935 5311 tristem
1958 5258 2093 5311 hanc

518 5332 893 5401 cogitationem
938 5330 1273 5401 permulcent
1311 5330 1449 5401 :_sic
1488 5340 1637 5401 pater
1680 5328 1974 5401 inopinata
1999 5328 2091 5381 lilii

519 5398 677 5456 dilect
699 5400 848 5456 ssimi
876 5411 1048 5454 morte
1068 5400 1316 5462 alllictus,
1331 5398 1568 5465 diligenti
1592 5399 1890 5451 venationis
1911 5398 2095 5452 labore

522 5483 767 5541 tanquam
796 5472 1161 5526 consolatione
1190 5470 1387 5522 luctum
1420 5470 1491 5541 ita
1520 5470 1811 5541 abstergit,
1842 5478 1899 5520 ut
1934 5468 2093 5541 linjus

523 5538 799 5595 immemor
826 5543 1088 5596 videatur.
1118 5541 1338 5593 Ovidius
1368 5555 1418 5592 tv
1445 5539 1633 5604 Trist.,
1657 5540 1727 5593 el.
1766 5538 1816 5604 i,
1844 5538 1986 5591 canit
2016 5555 2029 5591 :

643 5632 789 5680 Exsul
818 5646 969 5689 eram,
994 5645 1007 5679 ι
1038 5633 1293 5693 rqniesque
1315 5633 1379 5679 mi
1418 5633 1453 5687 i.
1483 5644 1577 5679 non
1604 5630 1725 5679 fama
1752 5632 1903 5692 petita
1923 5638 1998 5681 est
2025 5643 2039 5680 :

708 5693 843 5741 Mens
862 5700 1046 5741 intenta
1071 5692 1170 5741 Suis
1194 5707 1257 5742 ne
1276 5692 1402 5742 foret
1427 5707 1581 5755 usque
1604 5694 1755 5740 malis.

649 5753 749 5801 lloc
768 5763 843 5803 est
866 5768 951 5803 i-ur
973 5763 1136 5804 cantet
1160 5758 1349 5805 vinctus
1370 5753 1564 5817 quoque
1589 5754 1827 5815 compede
1852 5754 2023 5812 fossor,

2212 4563 2366 4622 teria.
2415 4568 2733 4613 recitoerato
2769 4571 2864 4629 suo
2904 4556 3131 4629 pristino
3162 4572 3349 4629 Διιιυιιι.
3400 4556 3550 4614 lianc
3593 4564 3803 4629 ligurum
3862 4616 3865 4619 ν

2208 4639 2398 4689 mutet.
2427 4628 2651 4684 canities
2688 4628 2904 4681 exuitur
2933 4642 2946 4678 :
2979 4637 3035 4679 ut
3065 4628 3118 4679 in
3161 4626 3226 4679 iis
3257 4630 3564 4696 aliquando
3596 4626 3810 4692 contigit

2207 4702 2295 4768 qui
2324 4699 2646 4753 valetudinis
2684 4698 2814 4768 vitio
2843 4708 3156 4751 eanuerant.
3195 4698 3356 4767 Ruga:
3388 4702 3563 4753 etiam
3595 4714 3627 4752 a
3654 4714 3804 4751 sene-

2206 4767 2351 4824 ctute
2372 4771 2644 4824 oriuntur:
2670 4767 2809 4836 quod
2838 4768 2987 4820 fibra:
3008 4768 3167 4831 cutis,
3196 4783 3315 4837 qua:
3341 4780 3512 4823 antea
3539 4780 3688 4824 motu
3706 4770 3810 4822 dis-

2212 4842 2549 4902 tendchamr.
2603 4847 2823 4892 morata:
2853 4838 2973 4891 alia:
2997 4839 3116 4891 aliis
3147 4839 3224 4891 sic
3252 4839 3599 4901 incumbant.
3627 4850 3684 4894 ut
3705 4840 3808 4890 sul-

2208 4928 2328 4964 cntn
2361 4911 2616 4972 mentita},
2642 4909 2843 4961 vultum
2868 4923 3021 4962 arare
3047 4909 3350 4964 videantur.
3384 4912 3639 4979 Denique
3660 4924 3808 4963 senes

2211 4992 2441 5036 tremere
2464 4981 2659 5037 solent.
2693 4988 2911 5046 propter
2939 4979 3173 5049 inopiam
3201 4981 3500 5048 spirituum
3531 4996 3561 5033 a
3590 4980 3808 5035 cerebro

2209 5068 2303 5122 per
2334 5066 2528 5106 nervos
2553 5049 2897 5103 diffusorum.

2280 5122 2481 5191 Duplex
2529 5132 2706 5191 autem
2737 5128 2820 5173 est
2860 5126 3107 5173 senectus
3142 5162 3156 5186 ,
3207 5133 3403 5188 nempe
3465 5120 3736 5174 naturalis
3765 5128 3814 5170 et

2206 5193 2435 5247 violenta
2457 5210 2468 5244 :
2508 5190 2655 5260 prior
2674 5204 2957 5252 annorum.
2979 5192 3245 5260 posterior
3262 5206 3639 5244 aerumnarum
3663 5194 3811 5258 longa

2204 5267 2343 5320 serie
2364 5258 2558 5318 accidit
2585 5276 2600 5316 :
2630 5260 2769 5314 unde
2799 5259 2951 5313 Ovid.
2994 5259 3030 5312 Ι.
3061 5258 3166 5313 ide
3202 5260 3375 5323 Pont.,
3412 5263 3491 5314 el.
3525 5262 3562 5316 5
3590 5279 3606 5315 :

2391 5358 2496 5405 Jam
2521 5354 2639 5401 mihi
2660 5353 2883 5401 deterior
2902 5353 3036 5400 canis
3059 5355 3335 5413 aspergitur
3352 5358 3509 5413 tetas,

2456 5417 2823 5477 Jamquegmeos
2848 5412 3007 5461 vultus
3033 5426 3153 5471 ruga
3179 5412 3345 5462 senilis
3365 5412 3545 5477 arat...

2394 5474 2635 5529 Coulitvor
2652 5475 2815 5524 facere
2840 5476 2928 5523 hoc
2956 5487 3108 5522 annos
3134 5476 3255 5524 :sed
3280 5484 3328 5523 et
3346 5474 3516 5524 altera
3546 5486 3697 5524 causa
3721 5474 3811 5531 est,

2457 5540 2695 5587 Anxietas
2709 5538 2853 5584 animi
2879 5538 3237 5598 continuusque
3263 5536 3465 5585 labor...

2398 5603 2477 5651 Me
2504 5612 2695 5659 quoque
2721 5598 2945 5646 debilitat
2966 5600 3127 5647 series
3160 5602 3387 5645 immensa
3419 5598 3661 5647 laborum
3690 5610 3703 5645 :

2459 5664 2585 5709 Ante
2612 5673 2773 5708 meum
2796 5667 2988 5721 tempus
3014 5672 3164 5721 cogor
3189 5666 3242 5708 et
3267 5671 3375 5707 esse
3404 5672 3606 5709 senex.

2285 5746 2441 5813 Atqui
2466 5744 2677 5798 Boetius
2705 5756 2808 5797 non
2834 5741 2899 5797 de
2920 5756 3124 5798 annosa
3148 5755 3241 5796 sua
3266 5751 3559 5799 senectute
3582 5753 3818 5810 conque-
