3998 6368
968 280 975 303 ι

246 325 341 381 585
1174 319 1259 373 DE
1298 314 1825 374 (ZONSULATIONE

1947 314 2339 370 ,ιιοεοριιιιε
2379 317 2507 371 Llll.
2553 319 2592 372 Ι.

2118 426 2262 480 Pene
2284 436 2445 492 caput
2465 428 2634 483 tristis
2663 438 2925 484 merserat
2952 428 3081 484 hora
3114 442 3314 483 meum.

3432 317 3533 371 586

334 436 391 506 θ
416 434 559 489 Mors
585 431 861 486 hominum
886 430 1028 493 felix,
1058 444 1177 495 qua:
1199 445 1259 483 se
1280 444 1381 483 nec
1402 429 1650 482 dulcibus
1672 427 1827 479 annis
1862 434 1909 488 Λ

411 525 626 587 Inserit,
657 536 710 579 et
742 523 952 577 incestis
979 536 1123 591 saepe
1155 530 1339 577 vocata
1374 520 1542 575 venit.

244 624 305 678 l5
340 623 389 693 7
425 618 607 674 Eheu!
642 631 796 685 quant
829 613 989 668 surda
1018 614 1246 669 miseros
1271 613 1532 665 avertitur
1558 625 1686 663 aure
1710 650 1722 670 ,

415 714 476 766 Et
509 713 701 765 nentes
719 706 902 763 oculos
929 707 1180 761 claudere
1204 720 1345 760 szeva
1378 705 1572 773 negat!

341 807 476 860 Dum
504 804 715 859 levibus
736 801 980 856 malefida
1012 801 1168 855 bouis
1197 800 1407 853 fortuna
1438 798 1666 853 faveret.

2047 518 2197 574 Nunc
2218 519 2341 588 quia
2375 520 2617 576 fallacem
2647 524 2872 577 mutavit
2913 523 3092 577 nubila
3123 523 3349 584 vultum.

1938 609 2009 666 9.0
2121 611 2392 666 Protrahit
2417 614 2651 681 ingratas
2683 616 2844 683 impia
2874 617 2978 670 vita
3008 629 3207 670 moras.

2045 703 2102 772 8
2129 702 2266 769 Quid
2298 718 2381 756 me
2412 704 2621 759 felicem
2651 707 2810 761 toties
2835 706 3321 775 jactastis,amici?

2047 794 2146 859 Qui
2179 794 2393 856 cecidit,
2421 796 2599 850 stabili
2624 811 2728 851 non
2759 807 2875 852 erat
2905 799 2995 853 ille
3016 795 3208 868 gradu.

1615 882 2194 943 lNTERPRETATlO.

240 996 495 1047 obstruere
532 990 711 1045 oculos
748 986 1123 1059 facrymantes.’
1160 984 1528 1059 Cuntfortuna
1559 983 1621 1035 ob
1650 983 1828 1032 incon-

239 1076 453 1119 stantem
495 1063 717 1134 gratiam
760 1056 954 1134 temere
983 1058 1199 1123 credita,
1243 1057 1367 1109 mihi
1406 1056 1683 1134 aspira'ret,
1727 1066 1829 1102 non

238 1138 460 1190 multaut
495 1125 693 1197 "abfuit,
736 1132 859 1195 quin
902 1129 1010 1182 dies
1052 1139 1231 1182 motata
1275 1125 1615 1181 terminaverit
1664 1135 1829 1197 meam

239 1210 391 1261 vitam
420 1221 439 1260 :
463 1193 584 1274 jam.
608 1193 757 1267 vero,»
794 1202 1037 1269 quoniam
1076 1199 1286 1253 fortuna
1329 1200 1546 1250 adversa
1583 1193 1830 1246 convertit

1942 987 2204 1044 aspectum
2252 978 2546 1031 mendacem
2573 1020 2587 1041 ,
2633 980 2810 1046 anima
2854 995 2972 1034 mea
3020 978 3251 1046 improba
3296 976 3535 1045 producit

1945 1060 2096 1101 meos
2138 1050 2249 1102 dies
2292 1045 2646 1119 injucundos.'
2675 1050 2718 1103 Ο
2763 1052 2937 1114 amici,
2984 1045 3141 1115 quare
3185 1048 3390 1101 dixistis
3428 1057 3532 1099 tam

1941 1132 2095 1184 sirpe,
2130 1135 2208 1171 me
2235 1133 2355 1174 esse
2383 1121 2632 1173 beatum?
2656 1120 2744 1189 qui
2769 1122 2946 1189 lapsus
2981 1130 3076 1186 ert,
3106 1120 3197 1173 ille
3232 1135 3332 1173 non
3362 1119 3534 1171 stabat

1942 1190 2153 1261 vestigio
2190 1190 2339 1257 [ii-mo

1784 1314 2016 1368 NOTAE.

245 1448 380 1502 ritur
412 1464 428 1500 :
460 1444 504 1498 si
536 1443 750 1510 quidem
783 1441 899 1494 hinc
927 1455 1033 1493 non
1079 1437 1263 1510 incipit
1301 1446 1425 1510 ante
1464 1450 1661 1510 annum
1706 1433 1828 1510 vita:

244 1503 763 1587 quinquagesimum,
810 1526 969 1587 quem
1007 1503 1245 1587 nonduin
1286 1508 1533 1573 attigerat
1580 1503 1829 1587 Boetius,

245 1580 460 1656 quando
486 1580 606 1638 ltzec
636 1581 884 1656 scripsit;
928 1581 1021 1635 sed
1063 1580 1130 1633 de
1154 1580 1696 1656 _a_3r_umnosa_rsol_nm
1736 1589 1831 1626 sua

249 1647 523 1713 senectute
556 1656 641 1710 hic
677 1647 930 1723 loquitur,
966 1648 1529 1723 quarn‘idcircodicit,
1566 1647 1617 1698 l"
1650 1660 1833 1723 prape-

253 1743 419 1783 ratam
446 1728 593 1779 malis
616 1763 631 1787 ,
666 1714 804 1789 quod
835 1714 1086 1776 :eruinue
1124 1721 1321 1775 fuerint
1360 1718 1500 1772 illius
1541 1714 1833 1789 senectutis

258 1815 454 1859 causai;
484 1797 542 1851 2°
566 1787 1009 1863 inopinam,quod
1034 1795 1148 1846 haec
1174 1800 1297 1845 ante
1319 1799 1528 1863 tempus
1558 1787 1829 1863 _adfuerit_;

256 1873 317 1925 5°
342 1856 531 1925 (etatem
559 1856 774 1925 doloris,
805 1856 944 1931 quod
973 1879 1092 1917 eum
1123 1870 1254 1917 tetas
1282 1861 1463 1914 senilis
1484 1859 1725 1931 dolorem
1753 1856 1832 1909 af-

251 1940 397 1995 ferre
423 1940 611 1998 soleat,
644 1938 795 1991 dolor
828 1929 1013 1988 Boetio
1043 1932 1279 1986 attulerit
1310 1940 1524 1985 :etatem
1554 1929 1779 1983 senilem
1815 1944 1827 1977 :

250 2012 378 2067 hinc
396 2010 527 2065 eanii
541 2011 618 2063 ies
632 2008 795 2062 Boetii
821 2016 1039 2060 vocatur
1061 2004 1432 2069 intempestiva,
1453 2001 1591 2067 (μιοᾱ
1615 1998 1828 2062 exsilio,

246 2097 490 2145 carcere,
528 2081 846 2147 ueterisque
883 2074 1282 2147 calamitatibus
1308 2072 1565 2147 acciderlt
1597 2087 1612 2124 :
1647 2084 1834 2139 quem-

247 2143 540 2207 admotum
573 2143 836 2218 Scaliger,
869 2148 1101 2201 Exercit.
1134 2143 1238 2200 512
1271 2144 1321 2196 ἰιι
1352 2143 1582 2197 Cardan.
1604 2183 1631 2218 ,_
1653 2149 1836 2193 narrat

248 2225 537 2293 quemdam
562 2215 744 2293 subito
762 2219 947 2273 mortis
976 2229 1181 2272 terrore
1212 2228 1514 2285 correptum
1548 2215 1705 2266 unius
1734 2226 1831 2264 no-

252 2291 351 2350 ctis
375 2295 552 2364 spatio
581 2291 846 2364 canuisse.

318 2356 459 2419 Cum
489 2378 648 2432 porro
676 2360 916 2425 canities,
943 2372 1086 2429 rugae
1111 2369 1162 2412 ct
1186 2366 1387 2432 tremor
1410 2356 1702 2432 senectutis
1729 2369 1833 2406 non

253 2438 432 2490 minus
449 2428 766 2488 ae'ruinnosa-
782 2446 938 2500 quam
964 2444 1180 2482 annosae
1202 2430 1311 2483 sint
1329 2428 1571 2484 comites.
1590 2433 1836 2500 propter-

248 2524 307 2561 ea
346 2508 539 2559 horum
576 2506 631 2557 fit
660 2495 861 2557 mentio
890 2501 1134 2555 versibus
1191 2500 1252 2553 11
1286 2508 1341 2553 et
1371 2500 1436 2551 12
1462 2511 1612 2562 quasr
1642 2495 1838 2549 fuerint

249 2577 396 2633 eﬂeti
434 2577 677 2645 Corporis
710 2573 916 2628 ell'ccta.
954 2570 1156 2639 Nempe
1183 2570 1338 2645 effeta
1363 2577 1583 2645 vocatur
1605 2568 1833 2645 primum

251 2650 469 2719 quidem
503 2636 693 2719 parens
715 2657 1068 2719 quacunque,
1095 2636 1214 2719 quia:
1237 2643 1399 2695 fetum
1426 2639 1615 2698 edidit,
1642 2636 1836 2719 deipde

251 2708 468 2788 parens.
501 2708 618 2787 qua:
664 2708 924 2784 frequenti
963 2708 1125 2788 partu
1159 2713 1351 2788 lassata
1393 2725 1584 2788 parere
1618 2708 1834 2788 tandem

245 2778 431 2854 desiit,
460 2778 691 2855 denique
732 2778 817 2839 res
843 2778 1063 2852 qumvis,
1093 2798 1212 2851 qua:
1239 2778 1734 2855 exhaijjtisviribnus
1766 2778 1837 2830 ila

247 2849 490 2928 languet,
512 2849 641 2913 nihil
664 2871 721 2911 ut
753 2849 917 2925 possit
936 2849 1251 2924 producere.
1282 2853 1371 2907 Sic
1387 2851 1578 2921 Virgil.
1608 2849 1835 2916 tGeor.,

247 2933 439 2986 v.81:

376 3022 559 3071 Effctos
574 3022 793 3069 cinerem
814 3018 1108 3068 immundum
1130 3017 1314 3079 jactare
1339 3027 1427 3077 per
1451 3028 1612 3077 agros.

317 3105 346 3158 1
360 3105 413 3159 5.
430 3104 573 3158 Mors
590 3104 850 3156 hominum
868 3099 1036 3171 [etim]
1054 3102 1183 3153 Cum
1208 3099 1403 3171 locutio
1421 3098 1489 3151 sit
1502 3097 1840 3171 cogitationis

240 3177 542 3245 interpres,
573 3175 745 3243 qualis
774 3169 1158 3245 estcogitlitio,
1211 3169 1331 3245 talis
1368 3184 1488 3245 esse
1526 3170 1689 3245 debet
1740 3169 1834 3245 ho.

238 3239 413 3301 minis
442 3239 677 3299 locutio:
714 3259 839 3298 vere
860 3259 1001 3297 ellllll
1021 3240 1270 3295 Christus
1289 3242 1476 3293 Matth.
1497 3255 1589 3301 xu,
1612 3239 1703 3299 54,
1724 3241 1836 3293 ait:

237 3318 328 3372 Ea“.
353 3317 671 3370 abundantia
692 3316 858 3368 cordis
881 3330 934 3366 os
960 3313 1201 3379 loquitur.
1226 3310 1315 3363 Sic
1341 3311 1491 3370 llido,
1521 3309 1737 3365 Aineid.
1764 3326 1835 3378 Iv,

238 3405 343 3452 pro
380 3390 621 3447 diversis,
656 3387 847 3453 quibus
882 3402 930 3435 ιιι
957 3384 1182 3435 {laneam
1213 3382 1463 3453 afficitur,
1490 3383 1836 3453 cogitationi-

232 3461 343 3513 bus
378 3460 589 3513 divcrsa
622 3452 875 3525 loquitur,
921 3463 981 3507 ιιι
1018 3455 1159 3506 hunc
1190 3452 1349 3506 modo
1378 3466 1408 3505 a
1446 3452 1569 3517 diis,
1604 3454 1765 3507 modo
1808 3467 1838 3507 a

233 3533 379 3585 feris
401 3531 637 3598 genitum
670 3530 757 3580 dic
777 3536 814 3580 ut
841 3545 855 3579 :

370 3610 528 3658 Credo
549 3607 800 3669 equidem,
822 3618 915 3655 nec
938 3617 1057 3653 vana
1083 3602 1223 3663 fides,
1252 3614 1545 3669 genusesse
1568 3604 1835 3654 deorum...

375 3671 481 3720 Nec
505 3664 723 3718 tibi'diva
742 3664 935 3729 parens,
961 3670 1166 3729 generis
1190 3664 1282 3713 nec
1304 3664 1560 3729 Dardanus
1583 3673 1751 3715 auctor

369 3733 564 3782 Perﬁde
586 3746 600 3781 :
622 3733 711 3779 sed
734 3727 870 3779 duris
892 3728 1068 3791 genuit
1093 3736 1141 3775 te
1168 3728 1391 3791 cautibus
1416 3727 1623 3791 horrens

370 3796 628 3851 Caucasus,
656 3788 990 3855 Hyrcanaeque
1012 3826 1016 3833 .
1036 3791 1263 3837 dmorunt
1282 3788 1433 3836 ubera
1458 3789 1633 3847 tigres.

232 3866 377 3923 Cum
395 3865 555 3933 igitur
571 3865 786 3917 Boetius
809 3862 1041 3915 nondum
1067 3860 1392 3933 consuluerit
1417 3860 1834 3933 Philosophiam,

234 3956 346 3993 non
376 3931 724 4002 ini’elligeutia
755 3937 847 3988 sed
877 3931 1399 4000 prmjudiciodnctus
1422 3932 1835 4000 loquitur.Nou,

233 4010 488 4078 inquam,
523 4007 757 4078 loquitur
792 4002 1304 4078 duce_.in_t_elligentia
1336 4018 1348 4054 :
1382 4002 1586 4056 diceret
1606 4002 1752 4078 enim
1785 4004 1835 4057 in

230 4072 499 4148 prospera
525 4072 734 4148 fortuna
757 4090 877 4148 eum
900 4073 1075 4126 Tullio
1106 4080 1333 4124 mortem
1363 4084 1580 4148 propter
1606 4072 1837 4148 incertos

229 4144 399 4206 casus
425 4149 668 4216 quotidie
701 4145 1003 4207 imminere,
1046 4154 1099 4196 et
1126 4157 1340 4211 propter
1368 4148 1488 4197 vita:
1522 4144 1834 4216 brevitatem

228 4215 516 4291 nunquam
545 4220 700 4286 longe
724 4217 941 4269 abesse:
964 4216 1016 4267 in
1041 4216 1261 4291 adversa
1286 4229 1414 4267 vero
1430 4215 1673 4291 eamdem
1694 4230 1838 4291 mor-

228 4306 346 4347 tem
376 4287 570 4343 nioras
607 4302 959 4356 eotupensare
1000 4287 1576 4356 teteriiitatemelioris
1601 4287 1744 4349 vitze,
1781 4287 1837 4341 in

228 4380 400 4432 quant
416 4355 793 4416 introducit.Al
812 4358 950 4432 idem
967 4355 1690 4432 Boetiusloquitursuadenle
1708 4372 1837 4423 prm-

228 4426 463 4504 iudicio,
481 4432 752 4499 voluptate
774 4429 1024 4504 nimirum
1054 4434 1108 4479 et
1126 4447 1151 4474 ξι
1172 4426 1460 4504 grandine,
1475 4426 1666 4504 quibus
1684 4442 1835 4504 meus

231 4498 477 4559 humana
502 4504 554 4556 iu
580 4498 832 4570 prospera
854 4498 1185 4570 adversaque
1209 4498 1420 4570 fortuna
1449 4498 1715 4570 afficitur;
1743 4500 1834 4570 qui

228 4578 386 4630 enim
419 4567 692 4639 voluptate
712 4567 970 4630 afficitur,
995 4568 1122 4620 huic
1153 4582 1297 4619 mors
1329 4568 1415 4619 illa
1446 4567 1656 4619 videtur
1683 4568 1830 4637 felir,

226 4663 356 4716 qum
381 4660 434 4698 se
465 4641 700 4697 dulcibus
721 4641 868 4716 anuis
896 4656 997 4691 non
1020 4640 1191 4690 inserit
1215 4653 1234 4690 :
1255 4640 1342 4706 qui
1370 4652 1497 4690 vero
1519 4639 1832 4716 tt'grlltldlne

228 4710 404 4770 animi
440 4717 666 4776 laborat,
699 4712 874 4765 eidem
899 4726 1054 4771 mors,
1079 4724 1197 4772 ιμιιε
1218 4724 1354 4774 swpe
1374 4718 1551 4760 vocata
1576 4710 1731 4769 venit,
1762 4712 1830 4763 ita

230 4787 375 4841 felix
405 4786 639 4849 videtur,
683 4795 738 4834 ιιι
774 4796 841 4834 eo
883 4780 1151 4835 crudelior
1193 4780 1284 4841 sit,
1315 4794 1419 4847 quo
1452 4780 1615 4832 veluti
1645 4783 1829 4846 surda,

226 4861 407 4911 vitam
432 4856 560 4909 sinit
583 4855 705 4907 duci
735 4852 1051 4919 longiorem.
1078 4851 1250 4917 Atque
1281 4851 1403 4907 inde
1433 4849 1646 4902 Boetius
1674 4853 1831 4904 colli-

226 4933 331 5000 git,
351 4942 423 4982 ne
438 4927 654 5000 quidem
681 4924 761 4976 bis
784 4918 989 4990 legibus
1013 4929 1239 4973 mortem
1266 4921 1366 5000 sibi
1393 4921 1553 5000 fuisse
1577 4918 1785 5000 felicem
1817 4939 1830 4976 :

226 4990 366 5055 Eum
400 4990 545 5051 mors
575 4996 627 5048 in
661 5009 911 5062 prospera
946 5005 1182 5059 priceeps
1216 4992 1488 5062 voluerit,
1524 4992 1575 5043 in
1606 4990 1829 5062 adversa

225 5084 422 5124 autem
473 5060 683 5120 fortuna
728 5060 874 5118 larda
919 5064 1147 5115 noluerit
1195 5061 1355 5113 vitam
1399 5060 1611 5115 auferre
1646 5061 1833 5131 :quod

228 5144 377 5194 satis
404 5139 743 5191 manifestum
777 5134 881 5189 erit
908 5132 1205 5186 observatis
1234 5134 1548 5201 quibusdam
1586 5148 1706 5201 quae
1746 5148 1833 5187 sco

225 5220 479 5282 qituntur
506 5206 800 5282 vocabulis.

312 5284 405 5337 15.
438 5279 618 5334 Surda
661 5274 831 5346 aure.]
874 5272 1078 5328 Surdus
1120 5271 1316 5325 dicitur
1343 5273 1655 5346 homo,qui
1703 5290 1832 5329 aure

231 5352 501 5420 impedita
536 5364 644 5403 non
675 5344 864 5420 audit;
894 5360 1058 5413 quare
1089 5360 1206 5395 cum
1238 5344 1385 5396 auris
1409 5345 1581 5420 insitis
1609 5361 1832 5420 prieser-

232 5416 341 5479 tiiu
382 5421 635 5476 sordibus
676 5418 1016 5482 impediatur,
1044 5424 1325 5482 propterea
1371 5416 1555 5466 surdus
1600 5416 1732 5479 sive,
1777 5428 1832 5470 ut

231 5508 459 5550 veteres
490 5491 869 5560 loquebantur,
897 5486 1098 5560 sardus
1122 5485 1331 5560 videtur
1355 5486 1458 5560 dici
1492 5501 1583 5551 per
1614 5500 1831 5560 contra-

229 5566 485 5620 ctionem
513 5555 662 5631 quas.
692 5558 951 5631 sordidus.
998 5556 1124 5631 Sed.
1155 5555 1371 5631 nomine
1408 5556 1530 5608 hine
1567 5557 1632 5607 ad
1662 5560 1829 5610 solam

234 5645 486 5692 mentem
531 5625 813 5691 translato,
856 5629 943 5682 ille
983 5628 1143 5681 etiam
1174 5625 1368 5679 dicitur
1407 5638 1585 5679 mente
1612 5630 1833 5693 surdus,

234 5708 340 5778 qui
368 5706 596 5775 quodam
627 5700 817 5778 alieriu
844 5700 1114 5778 contrario
1144 5696 1429 5765 impeditus
1449 5708 1689 5752 orantem
1725 5715 1831 5753 non

238 5769 505 5833 exaudit:
540 5775 682 5827 unde
712 5773 845 5824 Stat.
877 5769 1065 5822 ILSlIV.
1096 5786 1105 5821 :

541 5893 811 5949 ΡΑΤΡοι..
863 5884 1077 5945 LXIII.

2122 1427 2375 1490 Odistique
2402 1428 2574 1490 chelyn
2597 1429 2844 1490 surdaque
2860 1428 3102 1477 averteris
3124 1438 3263 1475 aure.

2011 1521 2153 1575 Mors
2191 1531 2368 1575 autem
2410 1536 2437 1573 a
2483 1522 2653 1587 poetis
2684 1520 2897 1591 tingitur
2922 1521 3085 1575 veluti
3116 1519 3357 1591 quaedam
3399 1532 3523 1586 per-

1939 1607 2096 1655 sona,
2144 1607 2283 1659 quze,
2329 1605 2426 1657 pro
2456 1591 2688 1645 diversis
2727 1590 2839 1645 suis
2877 1592 3173 1655 affectibus,
3214 1590 3527 1644 invocantes

1940 1665 2110 1731 possit
2138 1661 2419 1725 exaudire,
2451 1664 2531 1715 vel
2559 1679 2664 1715 non
2692 1662 2967 1717 exaudire.

2016 1734 2099 1790 l6.
2131 1732 2385 1786 Claudere
2414 1732 2634 1803 καίοι]
2658 1733 2886 1786 Tantum
2919 1743 2997 1787 est
3031 1730 3306 1787 oculorum
3336 1732 3387 1784 in
3418 1729 3525 1783 vita

1942 1803 2173 1857 hominis
2199 1803 2460 1858 servanda
2492 1802 2842 1865 momentum,
2877 1816 2930 1855 ut
2960 1802 3069 1856 vita
3104 1804 3155 1855 in
3186 1810 3354 1865 motu,
3380 1813 3526 1853 mors

1940 1874 1991 1927 in
2016 1876 2196 1943 quiete
2225 1875 2502 1927 oculorum
2535 1875 2737 1927 versari
2772 1876 2929 1943 vulgo
2952 1874 3164 1927 dicatur
3194 1888 3210 1926 :
3245 1880 3525 1943 propterea

1937 1944 1982 1998 is
2034 1942 2285 1998 censetur
2315 1947 2495 1998 vivere
2522 1946 2612 2012 qui
2654 1944 2870 2011 fruitur,
2916 1945 3047 1997 mori
3088 1960 3213 1996 vero
3253 1942 3344 2008 qni
3380 1951 3527 1993 caret

1937 2016 2074 2078 lucc,
2098 2030 2214 2085 qua:
2235 2016 2401 2069 oculis
2417 2016 2727 2084 percipitur.
2750 2016 2881 2069 llinc
2896 2013 3113 2069 Eneid.
3135 2030 3205 2077 tv,
3222 2027 3363 2067 vers.
3380 2012 3517 2067 450:

2118 2115 2243 2163 Tum
2264 2128 2380 2163 vero
2406 2116 2595 2170 infelix,
2622 2116 2733 2164 fatis
2751 2116 2988 2163 exterrita
3011 2114 3133 2163 Dido

2122 2176 2327 2227 Mortem
2350 2188 2455 2226 orat
2477 2194 2487 2225 :
2512 2180 2659 2226 ualet
2691 2176 2800 2226 cceli
2827 2190 3047 2225 convexa
3070 2177 3197 2224 tueri
3224 2191 3235 2224 :

2121 2243 2229 2297 Quo
2252 2242 2404 2301 magis
2426 2247 2673 2301 inceptum
2695 2247 2899 2300 peragat
2916 2238 3174 2300 lucemque
3193 2234 3492 2297 relinquat...

2011 2334 2097 2389 17.
2118 2330 2349 2405 Fortuna
2367 2332 2652 2405 maleﬁda.]
2668 2332 2760 2405 Cui
2782 2332 2915 2386 male
2935 2332 3176 2405 credatur
3200 2347 3218 2383 :
3239 2332 3525 2405 cumeuim

1939 2404 2149 2458 fortuna
2174 2403 2356 2457 insana
2380 2405 2471 2468 sit,
2495 2403 2659 2467 caeca,
2686 2404 2861 2471 bruta,
2885 2404 3197 2471 globosique
3216 2403 3331 2456 saxi
3363 2404 3526 2455 instar

1937 2476 2209 2537 volubilis,
2238 2477 2376 2528 sicut
2408 2475 2693 2540 perhibent
2723 2474 3050 2543 philoSOpbi,
3083 2484 3362 2542 propterea
3392 2487 3527 2542 quos

1940 2546 2156 2609 attollit,
2182 2545 2398 2599 eosdem
2422 2547 2599 2599 statim
2618 2545 2892 2615 deprimit.
2914 2544 3063 2600 Unde
3084 2544 3326 2610 Horatio,
3348 2543 3526 2598 Carm.

1940 2617 1977 2669 1.
2008 2632 2044 2679 r,
2076 2619 2165 2669 od.
2200 2615 2290 2681 55,
2322 2615 2533 2669 fortuna
2564 2626 2647 2670 cst

2190 2714 2417 2764 Prmsens
2435 2714 2513 2763 vel
2542 2717 2638 2764 imo
2660 2715 2838 2765 tollere
2856 2716 2918 2764 de
2944 2716 3093 2777 gradu

2196 2776 2403 2825 Mortale
2428 2790 2624 2837 corpus,
2647 2778 2724 2825 vel
2746 2776 2985 2838 superbos

2194 2838 2403 2887 Vertere
2425 2838 2675 2888 funeribus
2698 2840 2980 2902 triumphos.

2016 2933 2102 2986 18.
2152 2930 2296 2984 Hora
2336 2942 2577 2985 merserat
2615 2930 2809 3002 caput.]
2854 2933 3086 3000 Tempus
3122 2934 3291 2999 poetis
3333 2933 3526 2987 dicitur

1943 3017 2105 3060 causa
2130 3018 2337 3057 rerum:
2367 3003 2506 3056 unde
2523 3003 2664 3057 aliud
2687 3019 2999 3071 prosperum
3023 3004 3162 3072 quod
3193 3005 3354 3066 favet,
3381 3006 3525 3059 aliud

1944 3075 2227 3129 adversum
2261 3074 2401 3143 quod
2430 3084 2603 3127 nocet.
2634 3076 2771 3143 liora
2802 3084 2977 3129 autem
3007 3075 3249 3143 quaedam
3280 3086 3361 3129 est
3392 3085 3526 3129 tem-

1949 3146 2091 3213 poris
2129 3142 2291 3211 pars,’
2317 3158 2437 3212 quin
2470 3144 2611 3210 quod
2653 3142 2766 3200 fere
2797 3155 2990 3215 mergat
3018 3142 3278 3211 Boetinui,
3326 3146 3527 3201 idcirco

1867 3210 1912 3273 C
1946 3210 2166 3271 vocatur
2186 3210 2363 3269 tristis.

2012 3305 2098 3362 90.
2135 3304 2305 3378 Impia
2332 3305 2481 3378 vita]
2530 3306 2728 3374 Impius
2757 3318 2858 3370 est,
2908 3310 2997 3377 qui
3036 3308 3104 3361 de
3131 3307 3262 3375 Duo,
3296 3311 3526 3378 parenti-

1944 3378 2041 3432 bus
2090 3387 2183 3432 aut
2220 3377 2282 3447 iis
2323 3380 2410 3444 qui
2452 3377 2730 3445 parentum
2760 3382 2902 3433 vii-es
2930 3387 3140 3447 gerunt,
3173 3377 3311 3433 male
3354 3396 3526 3435 mere-

1944 3460 2065 3503 lur:
2100 3448 2239 3502 unde
2269 3446 2431 3501 hct-ba
2464 3450 2731 3516 qnmdam,
2764 3465 2882 3518 qum
2924 3446 3064 3517 quod
3110 3458 3230 3502 nata
3277 3462 3526 3518 parentes

1941 3520 2187 3573 surculos
2221 3518 2466 3581 suffocet,
2492 3520 2651 3588 impia
2671 3522 2987 3588 appellatur.
3008 3519 3122 3572 Vita
3153 3530 3348 3579 autem.
3366 3537 3523 3589 quam

1944 3591 2023 3643 ba
2049 3601 2201 3644 tenus
2247 3590 2461 3643 Boetius
2504 3598 2674 3642 instar
2715 3590 2994 3655 cojusdam
3042 3595 3299 3657 parentis,
3343 3591 3528 3646 fovere

1943 3660 2244 3723 Studuerat,
2259 3662 2324 3715 de
2346 3661 2537 3715 eodem
2558 3661 2767 3714 videtur
2785 3662 2921 3714 male
2944 3662 3138 3715 mereri
3164 3663 3212 3714 in
3242 3666 3361 3725 hoc,
3382 3664 3524 3731 quod

1944 3747 2212 3785 recessum
2241 3746 2397 3783 sutum
2430 3732 2848 3799 procrastiuaos,
2872 3730 3110 3795 ejusdem
3140 3732 3305 3787 Boetii
3331 3730 3527 3786 atrum-

1944 3818 2039 3855 nas
2070 3803 2344 3865 producat.
2360 3799 2450 3855 Sic
2472 3801 2830 3865 Quintilianus
2854 3806 2904 3855 in
2928 3803 3160 3857 l’roosm.
3195 3804 3230 3856 l.
3254 3818 3305 3856 vt
3329 3803 3522 3867 lustit.,

1942 3874 2150 3938 impiam
2175 3881 2325 3924 vocat
2348 3872 2683 3924 vivacitatem.

2012 3967 2100 4019 21.
2133 3963 2340 4035 Amici]
2367 3964 2580 4018 Boetius
2619 3965 2907 4034 alloquitur
2932 3980 3061 4019 suos
3087 3966 3310 4031 amicos,
3340 3974 3523 4036 tttpote

1941 4039 2030 4104 qui
2061 4053 2179 4091 cum
2212 4045 2366 4089 antea
2399 4037 2639 4089 Boetium
2673 4036 2877 4089 felicem
2905 4036 3189 4098 dixissent,
3232 4036 3346 4103 ipso
3376 4039 3524 4093 exitu

1944 4125 2083 4161 nunc
2111 4110 2189 4161 sui
2218 4108 2418 4160 erroris
2444 4106 2688 4160 convinci
2721 4117 2963 4175 possunt.
3000 4106 3217 4161 Scilicet
3245 4106 3522 4161 hominum

1942 4178 2135 4231 animis
2174 4178 2331 4231 insita
2376 4184 2459 4231 est
2499 4177 2765 4231 felicitatis
2802 4187 2857 4230 et
2888 4179 3119 4230 miseriae
3162 4182 3310 4231 n0tio
3341 4195 3352 4229 :
3384 4182 3527 4233 unde

1944 4250 2213 4303 miseriam
2247 4249 2495 4315 fugimus.
2528 4248 2834 4302 felicitatem
2868 4250 3239 4315 prosequimur
3265 4250 3525 4303 naturali-

1943 4329 2043 4373 ter.
2074 4320 2206 4372 Cum
2250 4327 2426 4372 autem
2459 4328 2515 4372 ut
2545 4318 2633 4371 illa
2674 4320 2843 4381 notio,
2875 4318 2954 4371 sic
2992 4318 3105 4373 bzec
3136 4320 3422 4387 pr0pensio
3455 4323 3527 4374 sit

1943 4389 2034 4444 Dei
2077 4389 2391 4443 illustrantis
2418 4389 2787 4457 moventisque
2817 4403 3030 4453 munus,
3060 4399 3341 4456 propterea
3370 4399 3522 4445 utra-

1940 4477 2043 4529 que
2086 4460 2174 4513 illa
2209 4460 2460 4526 cOgitatio
2496 4460 2702 4513 ratiOue
2740 4459 2819 4512 sui
2860 4459 2928 4512 ita
2957 4469 3099 4513 recta
3131 4470 3213 4512 est
3257 4471 3311 4513 et
3339 4463 3523 4515 unius-

1942 4532 2084 4585 modi
2112 4532 2163 4585 in
2194 4531 2441 4583 omnibus
2466 4530 2789 4592 hominibus,
2814 4537 2871 4582 ιιι
2900 4544 3001 4583 ιιοη
3028 4531 3124 4582 nisi
3152 4540 3371 4599 propter
3398 4546 3522 4599 per-

1867 4590 1915 4649 D
1940 4618 2149 4657 versam
2194 4600 2423 4655 hominis
2449 4600 2589 4654 male
2628 4590 2946 4671 applicantis
2978 4590 3304 4654 νοιιιιιὶτιιρίιι
3335 4590 3516 4671 iniqua

1935 4676 2005 4729 sit
2031 4683 2085 4727 et
2110 4671 2412 4738 multiplex.
2450 4671 2601 4731 Hinc,
2633 4687 2730 4736 pro
2761 4670 2909 4724 vario
2936 4672 3392 4737 perturbationum
3422 4670 3524 4726 im-

1935 4755 2082 4812 petu,
2130 4744 2266 4798 alius
2300 4742 2516 4807 divites,
2561 4739 2699 4795 alius
2743 4750 3010 4810 potentes,
3051 4743 3188 4795 alius
3215 4744 3334 4795 aliis
3367 4744 3524 4798 boois

1935 4811 2132 4869 Creatis
2158 4814 2379 4867 allectos
2408 4820 2557 4881 putat
2584 4826 2704 4866 esse
2734 4811 2936 4865 felices.
2980 4812 3068 4867 Sic
3089 4828 3219 4881 ergo
3247 4827 3312 4867 ex
3334 4814 3523 4869 amicis

1937 4884 2129 4946 Boetii,
2178 4884 2304 4935 dum
2351 4884 2433 4935 hic
2479 4885 2716 4948 ﬂoreret,
2767 4882 3009 4935 nonnulli
3056 4883 3227 4951 ipsum
3277 4884 3527 4939 dixerant

1935 4956 2173 5019 beatum,
2201 4956 2338 5023 quod
2361 4953 2552 5019 Opibus
2582 4952 2921 5014 abundaret;
2954 4955 3157 5018 creteri,
3183 4955 3325 5022 quod
3358 4957 3525 5022 magi-

1936 5035 2163 5079 stratum
2185 5035 2426 5093 gereret;
2450 5023 2543 5076 sed
2570 5039 2758 5077 omnes
2780 5039 2921 5078 nunc
2942 5025 3087 5078 exitu
3105 5028 3523 5086 convincuntur.

1941 5094 2181 5149 Boetium
2211 5110 2314 5146 non
2341 5104 2621 5161 propterea
2644 5095 2747 5147 dici
2775 5096 3027 5149 debuisse
3059 5096 3264 5150 felicem
3294 5114 3307 5148 :
3342 5095 3523 5164 lapsus

1940 5168 2137 5236 quippe
2168 5174 2374 5219 certum
2404 5176 2505 5236 est,
2524 5166 2885 5236 instabilitatis
2913 5178 3309 5235 argumentum,
3336 5177 3391 5218 et
3426 5166 3523 5218 mi-

1938 5235 2082 5292 seria
2118 5251 2354 5305 przesens
2397 5235 2585 5304 probat
2621 5236 2819 5289 nullam
2851 5235 3014 5289 fuissp
3044 5236 3370 5302 praeteritam
3407 5236 3527 5287 feli-

1939 5312 2157 5361 citatem
2185 5326 2199 5360 :
2234 5307 2279 5359 si
2307 5308 2519 5375 quidem
2544 5321 2666 5359 cum
2714 5318 2886 5375 metus
2912 5306 3222 5358 amittenda:
3255 5305 3523 5375 prosperi-

1942 5378 2064 5431 tatis
2093 5371 2338 5446 quzedam
2366 5378 2436 5431 sit
2467 5377 2699 5435 miseria,
2733 5371 2933 5429 idcirco
2962 5376 3102 5429 nulla
3137 5371 3525 5446 liominis'pro-

1938 5445 2168 5513 speritas
2184 5447 2367 5502 haberi
2386 5447 2929 5515 potestfelicitas,uisi
2952 5447 3064 5501 haec
3085 5445 3523 5511 fueritparticeps

1938 5520 2274 5579 consumite,
2308 5520 2459 5587 cujus
2492 5520 2580 5572 ille
2608 5518 2944 5571 sitconscius
2969 5517 3202 5585 :jactata
3228 5525 3405 5568 autern
3436 5518 3525 5570 illa

1942 5591 2109 5645 Boetii
2140 5586 2467 5660 prosperitas
2496 5596 2747 5642 constans
2775 5603 2880 5660 non
2914 5586 3012 5640 fuit
3045 5603 3059 5640 :
3088 5587 3523 5654 quandoquidem

1942 5662 2033 5715 ille
2072 5657 2336 5731 de'gradu
2377 5660 2615 5731 dejectus
2655 5667 2734 5709 est
2770 5674 2782 5708 ε
2818 5657 3044 5731 hincque
3073 5660 3410 5731 manifestum
3445 5671 3527 5712 cst

1942 5728 2441 5801 aliquem'potttisse
2468 5728 2675 5783 cadere.
2706 5742 2774 5793 qu
2815 5728 2847 5779 d
2880 5728 3018 5780 idem
3042 5728 3320 5782 ceciderit.

3063 5877 3132 5935 19
