3998 6368
226 359 324 412 589

1184 355 1270 409 DF.
1311 349 1831 409 CONSULATlONE
1873 344 2352 403 PHILOSOPIIIE
2394 343 2522 398 LIB.
2560 344 2599 397 l.

3427 349 3530 403 590

206 469 487 540 'lubiliqne
541 469 761 526 materia
808 467 1091 538 perlectae;
1141 483 1299 538 quas,
1352 469 1427 522 uti
1478 477 1598 537 post
1636 467 1825 520 eadem
1857 471 1902 526 Α
1935 461 2186 518 tulerant.
2229 463 2330 532 ιε
2359 462 2380 490 ³
2409 461 2475 514 Et
2499 461 2722 516 dextera
2747 460 2962 531 quidem
2992 460 3110 532 ejus
3141 461 3370 529 libellos,
3409 478 3530 520 see-

228 565 514 634 prodente,
544 561 796 632 cognovi,
827 559 941 614 suis
968 560 1216 616 manibus
1243 563 1356 630 ipsa
1386 568 1652 614 texuerat.
1682 559 1826 624 Qua-

226 672 342 710 rum
372 664 398 691 α
430 655 688 724 speciem,
725 652 886 707 veluti
923 652 1158 706 l‘umosas
1189 653 1446 720 imagines
1473 651 1629 713 solet,
1657 650 1828 719 caligo

227 747 472 818 qumdam
508 745 768 814 neglecta:
811 746 1092 798 vetustatis
1140 745 1463 798 obduxerat.
1499 745 1514 775 ⁸
1547 744 1740 797 llarum
1773 744 1824 796 in

228 849 474 894 extremo
507 837 584 907 (5)
612 837 846 906 margine
876 847 935 897 n.
968 837 1018 888 in
1048 841 1301 905 supremo
1329 852 1457 890 vero
1484 845 1524 890 Θ
1553 835 1827 902 legebatur

231 930 516 985 in'extnm.
552 937 721 998 Atque
750 929 889 982 inter
925 937 1177 996 utrasque
1211 928 1440 991 litteras,
1478 927 1529 979 in
1563 927 1823 980 scalarum

228 1027 474 1088 tundunt,
500 1024 694 1088 gradus
717 1022 933 1091 quidam
959 1021 985 1058 δ
1009 1023 1242 1090 insigniti
1269 1021 1604 1085 videbantur,
1634 1019 1826 1088 quibus

231 1131 258 1158 ε
284 1122 354 1172 ab
384 1121 638 1173 inferiore
661 1118 726 1171 ad
753 1120 999 1187 superius
1026 1120 1348 1172 elementum
1377 1125 1520 1170 esset
1542 1129 1819 1168 a~census.

229 1210 491 1264 Eamdem
525 1218 702 1263 tamen
733 1219 934 1263 vestem
965 1208 1316 1262 violentOrum
1348 1206 1697 1276 quorumdam
1720 1206 1824 1260 sci-

227 1302 423 1355 derunt
448 1317 659 1365 manus,
682 1311 732 1356 et
756 1299 1063 1369 particulas,
1087 1317 1219 1370 quas
1237 1302 1462 1371 quisque
1482 1299 1678 1370 potuit,
1699 1300 1824 1352 abs-

1933 563 2110 623 ptrum
2140 566 2270 606 vero
2299 551 2520 606 sinistra
2563 551 2823 621 gestabat.
2858 549 2879 582 ⁸
2909 551 3038 618 Qua:
3083 553 3172 607 ubi
3219 550 3246 591 ά
3291 563 3530 622 partiens

1935 647 2113 702 Musas
2159 645 2312 705 vidit,
2357 654 2545 698 nostro
2595 645 2912 698 assistentcs
2959 654 2982 680 ι·
3020 656 3160 712 toro,
3211 646 3529 719 ﬂetibusque

1934 745 2068 798 meis
2100 744 2260 797 verba
2300 743 2585 803 dictantes,
2631 751 2897 796 commota
2946 743 3234 812 paulisper,
3271 759 3334 800 ac
3363 757 3530 801 Iorvs

1931 837 2259 892 inﬂammata
2290 835 2308 873 τ
2341 836 2666 889 luminibus:
2696 835 2848 903 Quis,
2875 836 3063 906 inquit,
3099 841 3194 892 has
3227 849 3254 886 ε
3285 841 3531 895 scenicas

1932 931 2305 984 meretriculas
2335 930 2399 981 ad
2433 929 2570 981 hunc
2601 928 2679 996 (5i
2710 943 2909 996 aegrum
2955 931 3196 997 permisit
3234 934 3530 989 accedere?

1936 1041 2054 1093 qum
2081 1024 2293 1077 dolores
2315 1023 2430 1092 ejus
2462 1038 2566 1075 non
2600 1021 2758 1074 modo
2786 1020 2943 1074 nullis
2973 1023 3228 1077 remediis
3258 1025 3528 1093 foverent,

1940 1132 2126 1172 verum
2167 1117 2416 1171 dulcibus
2463 1115 2682 1182 insuper
2720 1115 2928 1170 alerent
2972 1117 3227 1171 venenis?
3268 1119 3362 1175 llas
3405 1133 3531 1177 sunt

1945 1212 2087 1263 enim
2121 1224 2241 1278 qua:
2278 1208 2302 1244 ιι
2345 1207 2688 1262 inl'rnctuosis
2714 1206 3000 1260 all'ertuum
3038 1209 3226 1276 Spinis,
3261 1211 3278 1250 ί
3309 1214 3527 1272 uberem

1945 1299 2204 1354 fructibus
2225 1301 2449 1355 rationis
2475 1308 2710 1370 segetem
2736 1307 2951 1366 necant,
2976 1299 3359 1376 hominumque
3379 1324 3531 1364 men-

1593 1391 1794 1445 INTER
1804 1391 2165 1450 PRETATIO.

305 1473 333 1500 ι
371 1462 639 1517 Formam.

309 1534 336 1572 δ
369 1533 638 1590 lnsrnivti.

312 1618 332 1643 ε
369 1609 446 1658 Ab
475 1607 581 1657 inm
604 1609 672 1659 ad
697 1623 946 1659 summam
970 1606 1211 1658 litteram.

308 1673 334 1711 δ
371 1675 627 1729 Pra'stues
664 1674 969 1730 carminum.

317 1755 340 1781 ε
374 1744 538 1798 lecto.

2011 1465 2026 1500 ί
2066 1466 2263 1518 Oculis.

2008 1546 2033 1581 s
2069 1537 2382 1591 'l'heutrules.

2007 1605 2029 1642 ¹¹
2068 1607 2358 1660 Sterililns.

2017 1678 2025 1712 ί
2069 1677 2389 1731 Fecundam.

1863 1815 1990 1868 'l'.—F..

1863 1817 1870 1825 '
1909 1816 1990 1868 .—i~‘..

241 1887 521 1940 mavimam
569 1897 775 1956 partem
816 1889 1142 1949 invenerint,
1183 1885 1302 1939 ideo
1347 1887 1682 1956 philosophia
1727 1816 1901 1950 hilo};
1927 1904 1989 1940 ex
2021 1900 2126 1953 ψη»
2155 1883 2350 1956 laetum
2376 1889 2458 1936 est
2486 1892 2543 1936 ut
2571 1882 2705 1956 liber
2732 1892 2786 1936 et
2815 1883 3026 1956 libellus
3053 1899 3112 1938 ea
3145 1886 3319 1951 δίαιιίῐί
3357 1899 3512 1942 arent

231 1963 346 2010 suis
374 1957 604 2011 manibus
630 1960 848 2012 texuisse
875 1959 989 2024 ipsa
1020 1957 1349 2026 perhibetur,
1378 1971 1672 2023 earumque
1700 1972 1826 2025 pro-

231 2041 415 2095 pterea
445 2031 683 2094 speciem,
727 2029 880 2082 veluti
917 2031 1149 2100 famosas
1191 2030 1439 2097 imagines
1479 2031 1628 2092 solet,
1658 2027 1827 2100 caligo

227 2100 470 2166 qmtdam
496 2103 737 2170 neglectte
761 2103 1023 2153 uetustatis
1054 2099 1342 2153 abduxisse.
1371 2100 1488 2165 Quo
1520 2101 1578 2151 lit
1603 2109 1658 2170 ut
1689 2099 1826 2170 Boe-

230 2183 356 2234 tuts,
371 2170 529 2240 cujus
559 2169 754 2224 examia
787 2173 1047 2225 Latinitas
1069 2174 1120 2222 itt
1136 2173 1380 2224 versibus
1405 2172 1620 2232 emicat,
1637 2169 1829 2222 barba-

227 2256 315 2293 ras
343 2241 609 2307 quasdam
630 2242 916 2304 dictiones,
933 2243 1144 2295 nonnisi
1171 2243 1309 2310 apud
1346 2240 1692 2308 philosophos
1720 2242 1829 2293 ιιδί-

232 2321 384 2369 tatas.
405 2313 648 2366 insiduta
675 2329 769 2368 sua
791 2315 1035 2367 oratione
1057 2328 1315 2379 usurpare
1344 2328 1448 2364 non
1479 2311 1824 2366 dubitaverit.

300 2385 312 2413 '
359 2381 565 2436 [larunt
601 2386 650 2436 iu
691 2399 912 2438 extremo
945 2382 1221 2454 margine]
1249 2383 1310 2436 ν.
1343 2385 1562 2450 Spe-cies
1592 2383 1706 2454 phil
1739 2397 1829 2437 so-

229 2452 366 2514 pbie
394 2469 541 2507 nunc
573 2468 962 2524 proponuntur.
992 2452 1084 2508 Est
1108 2452 1262 2514 enim,
1289 2454 1460 2522 inquit
1492 2465 1671 2507 noster
1696 2453 1828 2508 Bne-

226 2526 333 2577 tius
384 2524 597 2594 praefat.
647 2530 699 2579 in
741 2527 1027 2596 Pnrphyr.,
1061 2525 1384 2596 philosophia
1414 2526 1826 2596 genuuspecies

228 2613 336 2648 sero
379 2601 497 2666 ejus
544 2600 662 2650 dua:
683 2613 852 2680 anna,
893 2613 1010 2667 qua:
1044 2601 1321 2680 Qewpnrtnn
1365 2596 1824 2680 diciturhaalteura,

230 2683 338 2732 quia
363 2669 749 2740 νπρακταήελὶιι
787 2679 862 2721 est
896 2666 1211 2736 speculatiua
1243 2678 1290 2721 et
1330 2678 1514 2720 activa.
1549 2666 1704 2720 Prior
1737 2668 1826 2720 illa

225 2737 463 2803 species.
490 2755 611 2806 quae
649 2737 823 2793 littera
855 2749 897 2795 Θ
928 2742 1283 2807 signiﬁcatur,
1320 2740 1370 2790 in
1408 2752 1554 2791 mera
1585 2739 1827 2792 veritatis

221 2812 718 2876 eonteiiiplatioue:
764 2812 1032 2876 pesterior
1065 2821 1267 2869 autem,
1300 2824 1420 2876 quae
1462 2808 1636 2862 littera
1677 2816 1738 2868 tl,
1773 2811 1824 2861 in

221 2882 620 2935 exercitatione
657 2881 868 2935 virtutis
911 2892 1176 2945 versatur,
1225 2890 1282 2934 ut
1311 2883 1470 2934 ducet
1510 2880 1568 2933 S.
1614 2881 1752 2947 Aug.
1789 2879 1825 2932 Ι.

221 2966 314 3005 vm
348 2951 416 3004 de
441 2950 562 3004 Civ.
597 2952 711 3014 Dei,
743 2966 863 3020 cap.
895 2953 952 3014 4,
984 2952 1072 3006 tibi
1106 2952 1366 3013 Socrates,
1391 2950 1583 3019 inquit,
1619 2951 1672 3002 in
1700 2953 1827 3002 acti-

218 3039 279 3074 va
306 3023 613 3075 excelluisse
641 3033 969 3077 memoratur.
1008 3021 1336 3093 Pythagoras
1363 3037 1480 3093 vero
1509 3023 1674 3090 magis
1698 3037 1826 3073 con-

217 3093 537 3165 teiiiplatiece
558 3094 740 3160 quibus
767 3095 929 3163 potuit
966 3092 1319 3165 iutelligéntim
1349 3092 1539 3145 viribus
1560 3093 1822 3165 institisse.

221 3164 459 3237 Proinde
491 3163 644 3237 Plato
675 3163 1230 3237 utrumquejungeudo
1258 3166 1639 3234 philosophiam
1661 3163 1826 3234 perfe-

216 3235 348 3288 cisse
371 3236 640 3288 laudatur.
864 3235 867 3236 ⁷
960 3235 970 3237 ἡ
1067 3235 1092 3240 ﬂ

289 3306 532 3360 TbeOria
581 3306 796 3372 quidem
848 3307 900 3359 in
955 3321 1226 3371 supremo,
1278 3305 1456 3370 praxis
1501 3305 1554 3357 in
1599 3316 1825 3359 extremo

215 3378 461 3448 margine
492 3379 773 3448 legebatur,
807 3377 949 3446 quod
983 3375 1158 3442 judice
1191 3377 1308 3443 ipso
1343 3377 1650 3438 Ari~totelc,
1690 3391 1824 3428 con-

215 3449 537 3514 templativa
587 3459 806 3516 praestet
851 3460 1087 3502 actuosie
1133 3464 1144 3498 :
1191 3450 1382 3517 gradus
1432 3456 1608 3500 tamen
1667 3457 1821 3510 sunt,

213 3523 420 3587 quibus
460 3521 528 3570 ab
565 3535 666 3571 una
703 3519 769 3572 atl
801 3523 1020 3572 atteram
1061 3533 1319 3572 ascensus
1368 3520 1458 3570 tiat
1505 3529 1558 3569 et
1599 3517 1826 3571 desern-

214 3604 310 3643 sus
345 3605 363 3644 :
397 3590 522 3657 quia
556 3605 654 3644 nec
685 3591 997 3643 exercitatio
1037 3589 1246 3642 virtutis
1276 3589 1394 3642 sine
1427 3587 1666 3643 veritatis
1691 3604 1824 3642 con—

215 3661 467 3724 templati
508 3674 578 3715 ne
625 3671 820 3730 potest,
868 3676 966 3715 nec
1014 3661 1402 3725 contemplatio
1437 3661 1676 3713 veritatis
1710 3662 1826 3714 sine

215 3732 616 3784 exi-rcilatintte
673 3731 887 3784 virtutis
940 3731 1101 3785 debet
1151 3746 1298 3786 e-se.
1351 3731 1589 3782 'l‘andem
1647 3748 1826 3783 manus

217 3801 507 3855 hominum
540 3804 894 3865 uiolentorum,
923 3803 1012 3869 qui
1044 3803 1250 3854 scilicet
1281 3801 1705 3870 praecipitantiae
1735 3811 1826 3854 aut

220 3873 546 3942 pra-judicio
578 3873 962 3940 pbilosoliltati,
1007 3889 1178 3942 neque
1222 3872 1432 3927 veritati
1473 3873 1825 3925 consideran-

217 3945 325 4005 dae,
366 3960 544 4012 neque
577 3945 756 3997 virtuti
787 3945 1103 3999 exercenda:
1134 3945 1479 4005 studuerunt,
1512 3956 1674 3995 voces
1704 3943 1824 4007 phi-

218 4015 533 4082 losophicas
584 4017 792 4082 partitae
833 4023 978 4077 sunt,
1016 4021 1070 4068 et
1117 4014 1421 4081 particulas.
1455 4029 1581 4082 quas
1618 4014 1829 4083 quisque

215 4088 412 4154 patuit,
459 4086 799 4138 abstulerunt.
845 4084 1000 4138 Rom.
1041 4101 1054 4138 t
1091 4103 1103 4136 :
1148 4085 1269 4151 Qui.
1319 4100 1435 4135 cum
1480 4087 1829 4154 rogum-issent

214 4158 416 4219 Deum,
443 4173 544 4209 non
572 4158 701 4210 sicut
733 4157 890 4208 Deum
919 4155 1352 4227 gloriﬁcaverunt,
1378 4165 1467 4207 aut
1496 4155 1686 4224 gratias
1707 4171 1822 4225 ege—

212 4237 365 4291 runt,
399 4227 490 4280 sed
518 4238 828 4280 evanuerunt
859 4228 912 4279 iu
949 4227 1336 4297 cogitationibus
1367 4227 1473 4278 suis
1506 4235 1554 4279 et
1589 4227 1828 4278 obscura-

212 4310 330 4352 tum
365 4308 439 4352 est
471 4299 717 4366 insipiens
745 4313 833 4350 cor
861 4313 1036 4351 eorum
1071 4314 1090 4357 :
1117 4298 1336 4350 dicentes
1363 4298 1498 4349 enim
1529 4313 1584 4350 se
1610 4312 1717 4350 esse
1743 4313 1828 4350 sa-

213 4373 442 4440 pientes,
473 4371 618 4422 stulti
653 4369 780 4439 [acti
807 4379 948 4440 sunt.
1262 4389 1266 4392 ·

291 4443 314 4473 ³
353 4435 662 4494 Dextera...
699 4438 967 4494 libellos...
1009 4450 1264 4507 sceptrum
1304 4440 1512 4492 sinistra
1545 4435 1826 4509 gestabat]

212 4512 310 4567 Vl.
344 4512 592 4580 Denique
625 4511 978 4580 philosOphim
1010 4527 1136 4562 IIsllS
1165 4509 1482 4575 proponitur
1510 4525 1524 4563 :
1555 4525 1678 4563 nam
1709 4509 1830 4575 phi-

212 4584 473 4652 losophia
508 4582 652 4636 utilis
680 4592 760 4636 est
787 4589 851 4634 ad
884 4593 1109 4635 creteras
1135 4581 1446 4647 disciplinas
1469 4580 1827 4646 capessendas

211 4668 269 4709 ct
303 4655 379 4706 atl
411 4655 680 4725 regendm
716 4655 960 4725 animos,
986 4653 1127 4719 quod
1162 4653 1360 4725 libellis
1405 4662 1726 4725 sceptroque
1753 4654 1827 4725 εῖτ
1861 4653 1907 4710 Ι)

212 4723 532 4796 εηίῐὶρειιιὶκ
571 4725 802 4778 Primum
836 4723 1053 4793 quidem
1102 4723 1435 4796 p_hilos0phia
1470 4723 1726 4796 utilisest
1758 4723 1822 4774 ad

212 4793 457 4850 exteras
493 4796 803 4862 disciplinas
845 4793 1206 4864 capessendas
1237 4811 1248 4844 :
1279 4805 1544 4861 quatenus
1581 4793 1700 4844 hint-
1735 4810 1823 4846 er-

213 4870 372 4922 roris
412 4866 636 4930 vitandi,
670 4869 792 4919 inde
832 4881 966 4919 vero
1011 4865 1269 4934 veritatis
1299 4865 1633 4918 invenienda:
1681 4865 1826 4934 leges

213 4938 572 5007 praescribit:
602 4937 743 4991 unde
776 4938 986 4990 Tullius
1028 4951 1194 5003 saepe,
1236 4933 1599 4998 Philomphia,
1633 4933 1822 5003 inquit,

212 5010 460 5063 omnium
500 5020 662 5061 mater
700 5011 888 5060 artium
917 5024 932 5060 :
963 5009 1341 5059 (nudandarum
1380 5008 1604 5057 omnium
1636 5007 1824 5057 artium

213 5081 550 5141 pros-reatris:
571 5089 618 5132 et
644 5081 790 5144 quasi
831 5096 1014 5143 parens
1045 5093 1064 5131 :
1094 5094 1185 5129 nec
1209 5094 1323 5130 rero
1352 5079 1461 5130 sine
1490 5077 1822 5143 philosOpho-

209 5171 341 5204 rum
374 5152 646 5216 disciplina
685 5167 840 5221 genus
878 5161 924 5202 et
963 5151 1179 5207 speciem
1215 5151 1466 5219 cujusque
1494 5149 1565 5200 rei
1595 5163 1819 5210 cernere,

209 5237 394 5291 neque
427 5237 538 5274 eam
576 5223 866 5290 deﬁniendo
894 5221 1170 5284 explicare,
1203 5237 1290 5270 nec
1323 5221 1543 5291 tribuere
1570 5221 1622 5271 in
1652 5230 1822 5289 partes

209 5290 523 5365 possumus,
555 5308 646 5344 nec
665 5293 1044 5365 judicare'qua:
1063 5305 1178 5341 vera
1198 5306 1318 5365 quin
1341 5290 1472 5356 falsa
1493 5301 1631 5365 sunt,
1661 5305 1824 5365 neque

208 5361 437 5417 cernere
463 5361 840 5431 consequentia,
869 5366 1208 5429 repugnantia
1237 5362 1424 5420 ridere,
1454 5361 1690 5427 ambigua
1715 5361 1823 5411 dis-

206 5443 464 5504 tinguere
485 5449 503 5486 :
549 5435 689 5502 quod
715 5434 1064 5500 philosophiae
1089 5433 1321 5504 ol'liriutn
1347 5431 1529 5484 libellis
1556 5433 1670 5493 sign
1698 5433 1821 5482 lica-

211 5503 312 5560 tur
340 5524 360 5560 :
385 5505 580 5559 libellus
607 5508 750 5560 enim
774 5505 826 5557 di
864 5507 966 5556 itur
993 5523 1018 5554 a
1047 5503 1168 5554 liber
1194 5519 1211 5555 :
1233 5503 1354 5554 liber
1376 5513 1577 5564 autem,
1606 5511 1822 5556 auctore

209 5577 460 5635 Isidoro,
493 5577 586 5629 lib.
620 5592 690 5639 vt,
722 5591 772 5628 c.
805 5575 886 5635 1'2,
915 5584 988 5628 est
1016 5574 1224 5626 interior
1257 5573 1428 5626 tunica
1457 5575 1679 5632 corticis,
1707 5589 1821 5633 qua:

208 5650 376 5720 ligno
410 5648 731 5720 coha’retpin
774 5663 875 5720 qua
919 5647 1114 5720 antiqui
1156 5645 1474 5720 scribebant;
1512 5645 1650 5720 unde
1685 5643 1815 5720 Plin.

209 5714 414 5779 L'xm,
447 5735 496 5772 ρ.
532 5721 621 5783 11,
656 5718 719 5770 In
745 5714 1051 5786 palmarum,
1089 5717 1276 5778 illqllll,
1312 5715 1449 5786 {aliis
1493 5718 1656 5779 primo
1693 5714 1821 5765 scri-

211 5791 492 5858 ptitatu-u,
530 5790 714 5842 deinde
742 5783 1077 5851 quorumdam
1115 5783 1357 5858 arborum
1392 5783 1566 5843 libris;
1597 5786 1735 5858 quod
1768 5795 1816 5836 et

211 5856 585 5915 Cassiodorus
616 5859 813 5913 indicat
839 5865 871 5910 l.
902 5874 950 5911 st
980 5858 1126 5922 Van,
1153 5872 1237 5924 t-p.
1265 5857 1353 5920 5R,
1385 5859 1470 5907 tibi
1502 5858 1568 5908 de
1593 5856 1776 5906 charta
1803 5873 1816 5905 :

1934 1972 2051 2026 qua:
2078 1956 2130 2007 in
2162 1954 2223 2008 iis
2249 1956 2449 2026 scripta
2489 1955 2912 2026 continerentur.
2949 1953 3159 2026 Deinde
3188 1957 3377 2010 eadem
3409 1961 3528 2026 pili-

1935 2024 2179 2093 lnsophia
2204 2024 2350 2078 utilis
2376 2025 2551 2096 estad
2581 2024 2844 2096 regendos
2872 2025 3078 2078 animus
3102 2042 3117 2082 :
3145 2028 3306 2080 animi
3333 2024 3528 2096 quippe

1933 2107 2210 2161 reguntur,
2244 2111 2364 2148 cum
2393 2095 2594 2149 sedatis
2623 2095 3132 2163 perturbationibus,
3163 2108 3270 2150 ttnu
3303 2095 3528 2155 veritate

1932 2171 2166 2228 detecta,
2204 2168 2396 2236 quibus
2447 2167 2778 2231 philosoiihia
2821 2177 3012 2238 vacat:
3043 2168 3187 2233 hinc,
3239 2182 3293 2221 ιιι
3341 2183 3526 2238 postea

1931 2241 2158 2303 dict-tur,
2190 2239 2338 2291 Plato
2365 2238 2543 2290 docuit
2571 2247 2678 2289 tum
2711 2238 2893 2290 beatas
2921 2237 3034 2292 fore
3055 2237 3383 2306 respublicas
3403 2258 3524 2296 cum

1933 2323 2022 2363 aut
2061 2311 2362 2378 philosophi
2395 2319 2775 2380 regerettt,aut
2801 2323 2954 2380 reges
2979 2310 3524 2380 phtl03opharentur:

1931 2383 2072 2451 quod
2107 2381 2334 2434 alterum
2378 2378 2732 2448 philosopltite
2769 2378 3002 2432 ofﬁcium
3033 2378 3231 2450 sceptro
3263 2384 3528 2444 signiﬁca-

1933 2463 2018 2506 tur
2049 2469 2061 2506 :
2093 2462 2364 2520 sceptrum
2394 2452 2536 2504 enim
2570 2451 2780 2518 imperii
2811 2453 3019 2520 signum
3055 2461 3139 2506 est
3177 2471 3190 2518 ;
3235 2455 3375 2508 unde
3425 2455 3527 2509 lai-

1929 2526 2128 2580 Crezins
2158 2526 2194 2578 Ι.
2231 2539 2260 2576 v
2289 2540 2302 2575 :

2055 2615 2186 2669 Ergo
2207 2614 2412 2674 regibus
2430 2615 2608 2662 occisis
2629 2612 2865 2660 subversa
2893 2613 3090 2672 jacebat

2057 2677 2268 2726 PriStina
2293 2675 2520 2736 majestas
2535 2674 2784 2733 soliorum,
2809 2683 2860 2722 et
2884 2683 3080 2737 st-eptra
3107 2689 3242 2738 supet
3259 2677 3333 2726 ba.

2003 2761 2152 2823 Quod
2190 2774 2350 2828 porro
2381 2760 2568 2811 dextra
2613 2759 2682 2810 sit
2722 2758 2933 2810 sinistra
2967 2759 3174 2827 agilior,
3206 2772 3260 2813 ut
3288 2761 3523 2828 philoso-

1932 2833 2052 2899 phia
2112 2831 2176 2883 ad
2234 2830 2531 2906 dgcendum
2569 2829 2820 2906 paratior
2864 2846 3025 2906 quam
3073 2833 3136 2884 ad
3191 2834 3524 2906 regendum,

1934 2911 2213 2970 propterea
2263 2901 2447 2953 dextra
2494 2901 2695 2968 quidem
2742 2901 2853 2970 ejus
2886 2900 3103 2968 libellos,
3135 2912 3385 2973 sceptrum
3412 2900 3526 2960 vero

1935 2974 2143 3026 sinistra
2173 2974 2419 3042 gestabat.
2865 3038 2879 3042 Δ
3395 2992 3404 3000 ·

2002 3044 2024 3074 ³
2070 3038 2196 3108 ραι-ἑ
2252 3044 2336 3096 ubi
2388 3044 2608 3114 poeticas
2657 3038 2881 3111 Musas]
2930 3042 3092 3097 Mnsze
3134 3042 3376 3098 feruntur
3403 3061 3525 3101 esse

1931 3114 2169 3184 virgines
2203 3117 2469 3182 qtttrdatn,
2503 3131 2645 3182 quat,
2679 3114 2882 3168 Plimlm
2917 3114 3164 3177 praeside,
3193 3116 3524 3172 carminibus

1931 3200 2244 3254 operantur.
2289 3186 2382 3239 lite
2432 3185 2615 3257 lleetio
2655 3195 2778 3238 sunt
2807 3185 3031 3252 duplicis
3059 3188 3297 3255 generis,
3331 3204 3524 3257 nempe

1855 3275 1901 3340 ρ
1933 3258 2166 3340 poeticm_,
2191 3269 2245 3311 et
2273 3256 2684 3340 philosophiae;
2712 3257 2812 3309 illm,
2840 3257 3275 3340 per-turbatione.
3309 3258 3390 3312 ba:
3425 3256 3524 3314 tio-

1933 3324 2078 3382 tione
2106 3329 2246 3381 clara
2274 3324 2328 3382 et
2356 3324 2599 3380 distincta
2632 3329 2806 3380 ductae
2833 3324 3095 3393 judicanti

2006 3399 2234 3452 Poeticae
2267 3413 2431 3451 musa»
2461 3399 2730 3458 dicuntur,
2760 3415 2876 3466 qua:
2913 3399 3399 3462 perturbationibus
3429 3400 3525 3456 ob-

1930 3483 2144 3524 cmcatm
2173 3469 2429 3538 quidquid
2474 3469 2884 3530 per'nrbzitionis
2921 3478 3021 3532 est,
3053 3468 3182 3521 illud
3211 3473 3441 3536 probant
3471 3483 3527 3528 et

1930 3540 2218 3605 luqnutttttr
2242 3558 2255 3594 :
2282 3541 2420 3592 unde
2452 3556 2546 3607 pro
2574 3542 2790 3593 diverso
2819 3554 3015 3607 genere
3041 3551 3132 3592 aut
3165 3545 3523 3608 perturbatio-

1933 3628 2061 3664 num
2093 3621 2185 3665 aut
2214 3627 2399 3664 eorum
2444 3615 2635 3678 quibus
2682 3612 3113 3678 petturbationes
3148 3613 3367 3665 excitari
3403 3630 3527 3682 pos-

1931 3693 2075 3746 sunt,
2110 3683 2192 3736 lite
2223 3683 2384 3736 Musae
2417 3683 2574 3750 vulgo
2617 3698 2806 3735 novem
2853 3693 3224 3736 numerantur.
3272 3685 3402 3738 Hinc
3432 3701 3526 3740 eas

1932 3753 2104 3815 Plato,
2134 3755 2168 3806 Ι.
2203 3769 2233 3806 x
2265 3753 2332 3804 de
2369 3752 2524 3819 Rep.,
2560 3761 2706 3818 putat
2743 3769 2773 3804 e
2806 3767 2901 3803 sua
2949 3755 3162 3805 civitate
3192 3769 3312 3806 esse
3343 3760 3525 3820 expel-

1933 3824 2054 3877 lend
2077 3840 2140 3878 «s.
2176 3823 2346 3882 Recte,
2383 3823 2549 3890 inquit
2581 3823 2788 3874 Tullius
2817 3838 2851 3875 ll
2885 3824 3070 3880 Tnse..
3095 3841 3125 3873 a
3154 3821 3375 3877 Platone
3400 3829 3526 3879 edu-

1930 3905 2112 3947 cuntur
2144 3904 2302 3956 poeta:
2329 3910 2390 3946 ea:
2419 3911 2479 3945 ea
2504 3894 2701 3946 civitate
2727 3911 2877 3960 quant
2907 3898 3050 3954 [Μίδαι
3076 3897 3182 3955 ille,
3216 3911 3329 3946 cum
3361 3914 3525 3952 mores

1931 3967 2152 4031 Optimos
2180 3975 2225 4017 et
2253 3967 2498 4032 Optimum
2527 3965 2817 4034 reipublicre
2852 3973 3040 4016 statum
3075 3966 3358 4034 exquireret
3389 3983 3407 4019 :
3437 3970 3520 4020 cui

1931 4039 2278 4090 consentiens
2309 4035 2364 4089 S.
2401 4039 2537 4105 Aug.
2573 4039 2606 4087 l.
2641 4051 2672 4086 tt
2707 4037 2772 4086 tle
2799 4035 2908 4087 (liv.
2945 4036 3058 4093 llei,
3088 4050 3136 4086 c.
3176 4036 3261 4096 M,
3297 4037 3522 4100 Platoni,

1933 4108 2126 4175 inquit,
2155 4109 2319 4172 potius
2351 4111 2522 4175 pulum
2555 4106 2726 4158 danda
2769 4116 2863 4167 est,
2902 4105 2991 4175 qui
3029 4120 3142 4156 cum
3185 4107 3385 4159 ratione
3411 4108 3492 4176 for

1932 4188 2094 4231 maret
2123 4179 2288 4246 qualis
2323 4194 2432 4231 esse
2473 4181 2648 4230 civltas
2691 4181 2884 4241 debent,
2932 4185 3176 4245 tanquam
3206 4180 3524 4232 aduersarios

1932 4250 2149 4302 ciuitatis
2188 4260 2364 4315 poetas
2407 4250 2598 4301 censuit
2646 4248 2767 4300 urbe
2801 4247 3082 4317 pellendos.
3126 4247 3297 4301 Homo
3325 4251 3524 4316 quippe

1931 4335 2024 4374 seu
2047 4320 2258 4374 veritati
2289 4335 2382 4374 seu
2414 4320 2598 4373 virtuti
2644 4319 2874 4382 studeat,
2917 4333 3116 4372 exuere
3158 4319 3334 4386 potius
3364 4322 3528 4376 debet.

1932 4399 2145 4446 veteres
2191 4406 2350 4459 quam
2402 4405 2565 4443 novas
2617 4390 2838 4442 induere
2891 4391 3338 4457 perturbationes.
3392 4393 3524 4446 Hinc

1931 4463 2093 4516 Musa:
2119 4465 2234 4516 istae
2259 4476 2400 4516 nunc
2421 4460 2674 4514 dicuntur
2695 4461 2986 4512 assistentes
3009 4471 3118 4511 toro
3142 4461 3330 4523 Boetii,
3358 4461 3528 4517 illius-

1931 4550 2035 4602 que
2055 4536 2258 4601 ﬂetibus
2286 4531 2432 4584 verba
2454 4533 2701 4584 dictantes
2727 4547 2745 4583 :
2765 4533 2886 4597 quia
2912 4545 3051 4582 nunc
3075 4531 3286 4584 Boetius
3317 4533 3526 4589 videtur

1936 4604 2336 4668 perturbatione
2370 4603 2547 4664 obrui,
2587 4602 2827 4672 nihilque
2869 4602 3010 4653 aliud
3041 4617 3198 4669 quam
3232 4606 3372 4669 quod
3409 4622 3527 4672 per-

1934 4675 2166 4729 turbatio
2210 4676 2394 4736 dictat,
2447 4674 2709 4740 proferre.
2753 4671 2885 4724 lline
2929 4672 3131 4726 ea-dem
3168 4676 3330 4728 Marte
3372 4679 3527 4730 torvis

1934 4746 2289 4816 philosophiae
2320 4746 2596 4816 luminibus
2635 4743 2800 4816 aspici
2831 4742 3075 4816 leniatur
3104 4761 3115 4795 :
3147 4747 3396 4810 quoniam
3436 4763 3527 4800 ve-

1933 4813 2086 4879 ri'as,
2127 4813 2211 4870 cui
2253 4815 2588 4869 invenienda:
2635 4813 2968 4882 pltilnsotibia
3005 4816 3202 4878 studet,
3248 4819 3528 4882 perturba-

1933 4891 2197 4951 tionibus,
2246 4887 2438 4956 quibus
2499 4887 2580 4938 lne
2632 4885 2912 4956 indulgent
2964 4885 3158 4944 Musae,
3213 4889 3524 4951 impeditur.

1939 4960 2096 5014 Vetus
2135 4967 2228 5020 est,
2267 4955 2341 5012 ait
2381 4955 2532 5010 Plato
2578 4955 2612 5008 Ι.
2658 4971 2684 5008 x
2723 4957 2787 5007 tle
2832 4955 3064 5021 llepuh.,
3114 4956 3456 5022 philosOphite
3483 4972 3530 5013 et

1932 5033 2150 5099 poetices
2199 5027 2470 5082 dissensio.
2524 5027 2658 5081 lliuc
2701 5028 2830 5092 ipsa:
2877 5028 3039 5081 Musa:
3086 5044 3226 5081 nunc
3265 5041 3530 5083 vocantur

1931 5099 2270 5155 meretricula!
2303 5113 2535 5160 scenica',
2566 5109 2620 5152 et
2650 5099 2884 5152 Seirenes
2913 5115 3070 5164 usque
3095 5100 3145 5150 in
3171 5101 3380 5151 exitium
3415 5104 3532 5153 dul-

1931 5191 2032 5235 crs,
2077 5173 2218 5240 quod
2266 5171 2561 5230 blanditiis,
2599 5171 2758 5222 rebus
2798 5170 2934 5222 lit-lis
2966 5178 3018 5223 et
3047 5171 3290 5222 cantibus
3331 5171 3442 5223 suis
3479 5173 3530 5224 in

1929 5259 2171 5298 erratem
2205 5244 2496 5308 vitiumque
2529 5244 2784 5292 llldllt'illll
2814 5257 2825 5291 :
2855 5241 3106 5294 Seirenes
3137 5245 3277 5292 enim
3308 5242 3533 5305 quibus.

1932 5315 2054 5368 dam
2100 5322 2225 5367 sunt
2266 5311 2597 5375 meretrices,
2645 5327 2764 5378 qute
2807 5314 3061 5378 deceptos
3110 5311 3421 5380 navigantes
3464 5320 3528 5364 at

1931 5400 2197 5440 Summam
2225 5391 2517 5454 egestatem
2545 5382 2789 5454 redigant
2813 5398 2827 5438 :
2856 5383 2972 5434 aliis
2997 5391 3118 5433 sunt
3149 5394 3384 5433 munsn-a
3418 5399 3529 5433 tua-

1937 5460 2051 5510 rina
2087 5453 2399 5509 mulieribus
2441 5453 2634 5520 partim
2675 5453 2889 5513 similia,
2923 5467 3043 5519 qua:
3077 5467 3221 5504 vocts
3266 5454 3529 5505 suavitate

1936 5537 2319 5594 prietereuntes
2366 5540 2467 5577 nau
2495 5537 2555 5576 as
2601 5525 2832 5592 sopiunt,
2870 5522 3179 5590 sopitusque
3215 5523 3478 5576 devorent
3512 5539 3527 5575 :

1933 5599 2074 5653 Unde
2099 5598 2258 5652 Ovid.
2291 5612 2344 5650 Itt
2373 5600 2440 5650 de
2467 5596 2585 5648 Art.
2613 5611 2624 5646 :

2054 5698 2264 5747 Monstra
2289 5698 2440 5746 maris
2463 5697 2701 5745 Seirenes
2722 5697 2880 5749 erant,
2908 5703 3020 5752 quae
3042 5702 3161 5740 voce
3187 5704 3360 5740 canora

2116 5761 2371 5818 Quaslibet
2389 5758 2618 5805 admissas
2638 5756 2902 5803 detinuere
2927 5761 3078 5802 rates.

2003 5854 2292 5923 Propterea
2343 5851 2543 5906 etedem
2593 5848 2753 5902 Musm
2803 5846 3054 5903 dicuntur
3101 5848 3306 5904 dolores
3356 5850 3523 5905 Boetii
