3998 6368
543 281 643 335 691
855 335 858 339 ,
1783 281 1889 337 AN.
1938 281 2102 336 MANI

2222 283 2340 336 εν.
2387 279 2609 336 nomn
3685 295 3770 351 ωε

547 409 629 450 tes
649 396 1010 454 assuefaciunt
1031 398 1236 464 morbo,
1265 413 1370 450 non
1393 397 1640 452 liberant.
1667 398 1766 468 13
1788 400 1803 428 ¹
1826 400 1884 454 At
1911 397 1954 450 si
1978 414 2134 466 quem
2171 404 2214 458 Α
2246 408 2390 452 esset
2437 397 2630 450 mulier
2679 405 2784 449 tam
2835 395 3134 465 imperiosa:
3171 399 3507 467 auctoritatis,
3538 405 3773 482 obstupui,

551 514 573 523 —
601 488 904 552 profanum,
929 491 1003 544 uti
1025 491 1184 558 vulgo
1212 490 1426 544 solitum
1451 489 1623 552 vobis,
1651 490 1922 543 blanditia:
1946 500 2135 542 vestra:
2243 493 2464 557 visuque
2507 490 2560 541 iu
2606 497 2805 542 terram
2846 488 3045 553 delixo,
3092 490 3344 559 quidnam
3386 493 3618 566 deinceps
3653 517 3776 562 esse;

547 583 908 645 detraherent,
944 581 1120 633 minus
1152 582 1375 634 moleste
1405 581 1681 635 terendum
1712 593 1978 648 putarem,
2004 579 2135 635 nihil
2241 588 2446 638 actura,
2479 587 2792 646 exspectare
2819 580 3008 633 tacitus
3032 581 3190 648 cmpi.
3214 580 3345 635 Tum
3379 584 3457 637 illa
3487 591 3681 657 propius
3705 609 3778 650 ac.

546 672 740 738 quippe
774 673 822 723 iu
849 688 913 726 eo
940 684 1138 726 nostrae
1165 673 1189 710 ι’
1213 689 1394 740 operte
1417 672 1759 727 Imderentur.
1797 671 1900 744 14
1940 675 1960 703 ’
1983 672 2134 726 llunc
2240 669 2460 734 cedens,
2487 670 2537 721 in
2563 677 2800 722 extrema
2825 670 3000 723 lectuli
3031 672 3134 724 mei
3165 681 3312 738 parte
3335 677 3580 741 consedit,
3603 695 3779 736 meum-

541 775 668 812 τετυ
698 772 720 801 ο
754 762 1002 818 Eleaticis
1027 775 1186 833 atque
1211 765 1543 819 Academicis
1564 765 1753 818 studiis
1777 764 2134 819 innutritum?
2241 775 2344 828 que
2375 761 2590 814 intuens
2623 763 2828 814 vultum
2865 762 3007 815 luctu
3037 777 3278 831 gravem,
3315 765 3424 834 (l0)
3453 778 3600 836 atque
3625 773 3672 826 in
3697 775 3782 827 ltu-

540 853 643 908 Sed
675 854 817 909 abite
844 857 1022 924 potius
1074 856 1095 886 ⁸
1122 856 1372 910 Seirenes
1403 871 1568 925 usque
1592 855 1647 909 in
1676 856 1896 910 exitium
1923 856 2127 921 dulces,
2241 869 2384 905 mum
2409 867 2641 907 tumrore
2660 852 3050 918 deiectumJtis
3068 855 3309 909 versibus
3325 858 3390 911 de
3411 869 3594 915 nostra:
3615 867 3781 921 mentis

545 946 784 1014 meisque
814 963 935 1000 cum
979 948 1143 1003 Musis
1179 949 1476 1001 curandum
1521 948 1926 1016 sanandumque
1968 948 2134 1002 reliu-
2241 945 2637 1013 perturbatione
2667 955 2956 1012 conquesta
2995 955 3098 999 est.

540 1041 711 1107 quite.
745 1039 839 1093 llis
870 1041 958 1095 ille
978 1038 1225 1096 dchorus
1257 1042 1570 1110 increpitus,
1600 1042 1792 1109 dejecit
1823 1041 1966 1096 humi
1996 1057 2132 1096 ιιιω-
2756 1037 2861 1107 16
2879 1037 3166 1094 METRUM
3190 1045 3206 1060 '
3234 1039 3294 1093 11.

542 1131 674 1184 stior
703 1135 930 1196 vultum,
975 1135 1358 1202 confessusque
1399 1134 1596 1187 rubore
1642 1135 2040 1197 verecundiam,
2075 1135 2135 1187 li-
2242 1129 2727 1214 An'thttENTUtt.'—
2759 1127 3098 1210 l’hilosOphia
3129 1133 3308 1214 mentis
3344 1131 3594 1214 Boetiaum
3615 1149 3784 1206 pertur-

542 1248 663 1282 men
695 1233 775 1302 (Si)
807 1235 972 1287 tristis
1001 1235 1259 1288 excessit.
1289 1236 1356 1288 At
1387 1249 1505 1302 ego,
1538 1233 1691 1299 cujus
1720 1235 1863 1287 acies
1887 1232 2136 1302 lacrymis
2991 1211 3233 1302 utsic";
3247 1205 3467 1302 ⁸1]ίὶ
3488 1209 3634 1302 αἶ’έῇ

839 1271 972 1345 ⁸³⁵⁵⁵⁵
1001 1271 1259 1346 “"“i‘”
1289 1271 1356 1288 ‘“
1387 1271 1505 1302 ‘5‘“
1538 1271 1691 1299 “'1‘”
1720 1271 1863 1287 """‘°
1888 1271 2136 1346 '"“'-’_"”“’
2315 1271 2451 1346 armti
2483 1280 2682 1346 natura
2708 1273 2969 1321 scientiam
3016 1289 3132 1323 cunt
3173 1288 3233 1326 ea
3271 1271 3500 1341 confert,
3527 1295 3635 1346 qum
3672 1298 3782 1334 mine

543 1350 715 1386 mersa
750 1336 1025 1400 caligarat,
1060 1351 1125 1389 ne
1155 1335 1474 1402 dignoscere
1508 1350 1716 1403 possem
1747 1350 1991 1402 quamam
2020 1335 2134 1389 hare
2313 1339 2508 1391 videtur
2533 1341 2762 1409 ejusdem
2789 1343 2852 1395 de
2880 1343 3027 1394 rebus
3055 1344 3288 1396 omnibus
3342 1335 3665 1414 ignoratione.

1902 1451 2476 1508 INTERPRETATIU.

2314 1581 2336 1606 ο
2378 1539 2668 1624 Dialecticis
2695 1583 2741 1626 et
2780 1570 3080 1626 Platonicis.

2308 1639 2335 1676 ά
2369 1641 2540 1694 Turba
2576 1644 2866 1714 objurgata.

2064 1752 2289 1808 NOTAE.

611 1575 635 1601 ⁸
673 1566 982 1620 Επῖιιϊηειιιιι
1013 1580 1057 1618 et
1087 1567 1364 1634 vulgarem.

613 1637 636 1670 ι’
671 1638 910 1690 Labores.

535 1867 767 1919 dulcibus
795 1872 1001 1932 iusuprr
1034 1868 1169 1918 alere
1203 1867 1435 1925 tcacuis;
1462 1865 1736 1927 uﬂectuum
1767 1869 1924 1933 spinis
1965 1873 2123 1920 ratio-

533 1942 610 1991 nis
639 1949 851 2008 segetem
889 1955 1100 1998 nccare;
1131 1947 1317 1989 mentes
1345 1937 1662 2004 assuefacere
1692 1939 1888 2000 morbo,
1923 1955 2021 1991 non
2059 1940 2123 1992 li-

533 2011 730 2062 berare.

607 2079 999 2147 Philosophiae
1030 2087 1205 2133 autem
1251 2079 1411 2132 Musa!
1448 2077 1720 2141 dicuntur,
1755 2095 1873 2144 qum
1911 2089 2122 2147 pertur-
2156 2089 2198 2147 Β

531 2151 838 2205 balionihus
869 2159 1064 2208 exutae,
1098 2162 1147 2200 ut
1185 2149 1329 2202 clare.
1368 2148 1725 2212 distincteque
1765 2160 2119 2218 cognoscunt,

531 2222 607 2274 sic
632 2221 870 2286 judicaut
899 2239 912 2274 :
939 2221 1081 2274 unde
1111 2235 1380 2288 nunquam
1423 2221 1677 2272 falluntur
1705 2237 1717 2271 :
1748 2220 1844 2272 has
1873 2220 2048 2282 Plato,
2084 2224 2119 2274 I.

531 2307 561 2345 Χ
594 2293 660 2345 de
701 2293 857 2361 Rep"
902 2293 1126 2344 laudans
1167 2300 1321 2344 vocat
1353 2291 1580 2343 dirimmt
1626 2307 1804 2361 genus,
1838 2306 2039 2359 easque
2072 2295 2121 2346 in

529 2376 623 2415 sita
651 2364 864 2416 civitate
889 2363 1137 2415 admittit.
1171 2362 1210 2414 ll
1233 2382 1284 2423 ιι,
1311 2362 1500 2432 lugatis
1527 2361 1692 2415 Μηδὶς
1723 2363 1964 2428 poeticis,
1993 2364 2125 2418 Boe-

529 2435 662 2486 tium
690 2434 947 2501 deinceps
979 2433 1264 2486 docebunt.

606 2506 621 2535 ¹
654 2507 716 2558 At
755 2505 800 2558 si
847 2521 992 2569 quem
1023 2501 1339 2573 profanum]
1379 2503 1639 2555 Pro‘anus
1670 2502 1866 2557 dicitur
1893 2515 1943 2558 et
1977 2504 2005 2555 l:
2031 2521 2123 2558 cus

528 2586 580 2629 et
603 2575 792 2638 homo;
831 2579 890 2630 ιο
925 2575 1072 2628 locus
1105 2575 1356 2641 profanus
1383 2573 1424 2624 is
1448 2584 1666 2627 vocatur
1697 2575 1786 2641 qui
1818 2576 1966 2643 quasi
2003 2592 2123 2643 pto-

525 2649 608 2699 rut
649 2661 678 2700 a
722 2645 846 2700 fano
882 2646 1108 2714 positus,
1142 2659 1296 2699 sacer
1342 2661 1444 2697 non
1483 2654 1564 2698 est
1597 2662 1611 2697 :
1643 2661 1748 2712 quo
1789 2647 1949 2700 modo
1992 2647 2117 2700 Ain.

531 2733 628 2776 xu,
663 2733 717 2771 v.
747 2717 894 2771 778:

1021 2806 1197 2866 Tuque
1221 2809 1398 2865 optima
1433 2807 1617 2855 ferrum

648 2870 802 2918 Terra
832 2875 948 2918 tene
978 2883 989 2914 :
1017 2867 1143 2931 colui
1171 2876 1358 2916 vestros
1382 2872 1424 2919 si
1451 2882 1652 2929 semper
1669 2869 1903 2931 honores,

644 2934 777 2990 Quos
801 2939 968 2980 contra
995 2930 1222 2980 xlineadzc
1251 2931 1383 2978 bello
1408 2933 1577 2980 fecere
1602 2933 1842 2994 profanos.

590 3014 650 3068 21°
683 3014 853 3067 llomo
893 3014 1154 3079 profanus
1197 3014 1283 3067 ille
1331 3015 1554 3067 habetur
1591 3015 1679 3082 qui
1713 3016 1863 3082 quasi
1894 3017 2057 3069 etiam
2089 3031 2117 3068 a

522 3085 643 3138 lano
672 3086 873 3151 procul,
907 3087 1073 3138 sacris
1104 3099 1207 3138 ιιοιι
1238 3095 1320 3137 est
1350 3085 1589 3138 initiatus
1624 3101 1636 3136 :
1665 3088 2116 3154 quemadmodum

521 3156 738 3211 fEncid.
766 3166 839 3221 vt,
866 3173 916 3208 v.
942 3157 1047 3210 9.58
1075 3174 1088 3208 :

890 3246 1087 3304 Procul,
1112 3258 1142 3294 ο
1169 3246 1334 3307 procul
1361 3255 1468 3294 este
1494 3246 1703 3306 profani,

706 3307 984 3358 Conclamat
1008 3317 1161 3365 vates,
1202 3316 1408 3368 totoque
1433 3310 1652 3358 absistite
1676 3310 1800 3358 luco.

589 3389 931 3457 Philosophia
965 3407 1092 3462 ergo
1126 3407 1265 3443 nunc
1302 3408 1424 3445 cunt
1458 3393 1727 3447 hominem
1757 3407 1910 3448 vocat
1938 3397 2114 3461 prola-

520 3479 669 3524 nutu,
702 3463 793 3529 qui
828 3463 1114 3529 pru'ceptis
1155 3465 1536 3530 philostqthiris
1579 3480 1683 3518 non
1737 3467 1996 3527 imbutus,
2046 3469 2112 3517 ab
2141 3465 2188 3526 C

519 3533 632 3604 ipsa
667 3535 1000 3604 philosophia
1037 3533 1244 3586 alienus
1285 3543 1365 3586 est
1396 3551 1410 3588 :
1443 3536 1519 3586 sic
1555 3535 1804 3588 lloratius
1833 3538 2110 3604 imperitos

515 3603 766 3658 homines
797 3618 850 3656 et
876 3619 904 3655 a
936 3603 1098 3656 Musis
1137 3607 1362 3666 alienos,
1397 3619 1423 3655 a
1464 3607 1575 3658 suis
1609 3603 1958 3667 carminibus,
1996 3620 2108 3662 tan-

517 3691 674 3740 quam
719 3674 971 3745 prolauos
1010 3690 1038 3728 a
1081 3677 1268 3737 sacris,
1312 3691 1522 3742 arcens,
1561 3677 1706 3731 canit
1743 3678 1776 3730 I.
1812 3694 1866 3731 ιιι
1901 3680 2106 3744 ιὶιιτιιι.,

515 3748 605 3801 od.
644 3749 666 3800 1
705 3766 718 3799 :

764 3837 855 3887 Odi
881 3836 1131 3899 profanum
1157 3836 1348 3897 vulgus,
1375 3847 1427 3887 et
1449 3851 1594 3887 arceo
1624 3855 1634 3888 :

764 3899 952 3948 Favete
977 3901 1158 3962 linguis
1185 3911 1195 3945 :
1227 3903 1435 3948 cartnina
1463 3915 1557 3950 non
1581 3904 1717 3962 prius

764 3963 958 4018 Audita,
986 3963 1229 4010 Musarum
1255 3963 1484 4010 sacerdos

767 4025 1047 4083 Virginibus
1071 4027 1334 4084 puerisque
1361 4032 1519 4073 canto.

584 4132 762 4198 Quare
796 4130 1153 4194 philosophia,
1188 4148 1308 4196 qua!
1339 4147 1480 4183 nunc
1523 4131 1689 4184 utitur
1729 4131 1825 4185 hac
1861 4133 2109 4201 loquendi

516 4201 708 4260 lorma,
742 4218 858 4270 th‘.
898 4203 1100 4255 (lrzrcis
1136 4205 1515 4266 ἀπεσιώπησις,
1546 4203 1791 4256 Ciceroni
1830 4205 2108 4259 reticentia

514 4273 731 4333 dicitur,
763 4289 863 4342 qua
893 4273 1140 4325 vid-licet
1171 4278 1343 4326 oratio
1397 4275 1472 4326 sic
1519 4275 1882 4333 contrahitur,
1928 4287 1983 4327 ιιι
2025 4278 2109 4329 vix

514 4354 766 4410 appareat
799 4345 921 4412 quid
955 4345 1198 4396 dicturus
1241 4343 1400 4397 fuerit
1438 4354 1640 4404 orator,
1679 4345 1752 4398 ita
1793 4346 2003 4399 videtur
2036 4349 2112 4398 Io-

514 4417 605 4483 qtti
638 4432 649 4466 :
681 4415 756 4472 Si,
789 4431 820 4465 o
847 4414 1010 4467 Musa:
1043 4418 1286 4481 poeticm,
1315 4415 1544 4480 aliquem
1579 4416 1931 4488 philosophia:
1961 4417 2112 4488 igna-

514 4501 656 4549 rum,
688 4495 746 4536 ut
775 4497 951 4537 vester
990 4501 1104 4537 mos
1140 4499 1241 4540 est.
1274 4504 1299 4534 ιι
1333 4487 1544 4539 ratione
1581 4487 1644 4540 :td
1693 4490 2110 4556 perturbationis

513 4557 827 4624 obsequium
878 4556 1268 4611 detraheretis.
1319 4557 1366 4609 id
1422 4560 1598 4610 minus
1644 4558 1926 4612 molestum
1981 4560 2108 4611 utilti

514 4627 790 4680 videretur
821 4644 834 4681 :
862 4626 955 4678 sed
987 4626 1229 4679 But-tium
1263 4627 1314 4678 iu
1347 4629 1491 4680 omni
1526 4629 1880 4696 philosophia:
1913 4646 2111 4692 genere

512 4697 1006 4752 versatissiuuun...
1048 4707 1244 4751 extera
1282 4698 1595 4751 reticentur.
1630 4698 1718 4752 Sic
1752 4701 2026 4754 Juvenalis
2058 4719 2069 4752 :

697 4810 929 4870 Maiorum
954 4811 1137 4872 primus
1153 4809 1376 4872 quisquis
1398 4806 1591 4872 fuitille
1616 4815 1828 4872 tuorum,

699 4869 797 4920 Aut
823 4877 984 4932 pastor
1011 4869 1097 4920 fuit.
1123 4869 1208 4919 aut
1241 4871 1356 4918 illud
1383 4871 1511 4930 quod
1540 4873 1708 4919 dicere
1725 4869 1851 4919 nolo.

515 4959 602 5008 Sic
641 4955 891 5022 Virgilius
921 4970 1077 5007 versu
1112 4955 1390 5006 notissimo
1420 4971 1432 5004 :

635 5049 767 5102 Clitus
789 5060 884 5107 ego
986 5049 1073 5094 sed
1098 5055 1254 5096 motos
1279 5053 1474 5107 praestat
1495 5058 1789 5105 componere
1816 5048 2006 5096 ﬂuctus.

2232 1872 2472 1982 exeas...th
2500 1875 2565 1928 ab
2596 1873 2850 1928 Ecademo
2881 1873 3052 1930 Heroe
3082 1893 3094 1928 :
3126 1877 3264 1928 unde
3295 1875 3474 1928 llorat.
3508 1878 3661 1943 Epist.
3686 1885 3714 1936 l.
3734 1903 3780 1951 tt,

2233 1956 2365 1982 ιηηςι
2416 1954 2434 1975 ιν
2482 1964 2492 1974 -

2233 1954 2390 2012 epist.
2416 1954 2448 1998 ‘2
2482 1964 2492 1996 :

2355 2058 2558 2124 scilicet
2579 2067 2631 2108 ut
2649 2072 2843 2124 possem
2859 2073 3011 2124 curvo
3033 2061 3328 2117 dignoscere
3355 2073 3564 2124 rectum,

2352 2123 2514 2184 Atque
2539 2124 2669 2170 inter
2692 2122 2839 2169 silvas
2864 2123 3085 2172 Ecadcmi
3111 2139 3344 2185 quaerere
3372 2122 3562 2177 verum.

2229 2215 2383 2275 Atqui
2411 2215 2622 2267 Boetius
2643 2214 2693 2266 in
2711 2211 2996 2268 dialecticis
3018 2228 3062 2269 et
3086 2215 3371 2270 Platoniris
3394 2221 3645 2275 doctrinis
3664 2239 3770 2278 eter-

2225 2286 2570 2360 citatissimus
2617 2285 2759 2360 l'uit_:
2796 2289 2845 2338 in
2880 2289 3160 2360 dialecticis
3200 2291 3458 2355 quidem:
3491 2297 3607 2360 quia
3647 2297 3779 2349 diale-

2227 2356 2398 2406 cticos
2439 2357 2600 2428 libros
2647 2357 2948 2411 Aristotelis
2989 2358 3121 2422 (qui,
3168 2360 3373 2423 judicio
3405 2356 3686 2428 Ciceronis,
3717 2369 3782 2418 l.t

2226 2428 2292 2478 de
2338 2428 2510 2492 Orat.,
2545 2427 2612 2480 de
2663 2431 2870 2481 ratione
2912 2429 3209 2482 disserendi
3255 2435 3425 2485 multo
3477 2435 3615 2496 plura
3654 2453 3780 2501 quam

2225 2510 2414 2549 omnes
2449 2501 3003 2572 magistrimnltoque
3028 2502 3246 2572 meliora
3281 2503 3439 2572 dixit)
3474 2509 3722 2558 transtulit
3745 2517 3786 2558 et

2224 2570 2624 2646 commentariis
2647 2571 2952 2646 illustravit.
2987 2570 3042 2646 lu
3072 2571 3357 2646 I’lattmicis
3382 2570 3509 2629 vero
3534 2593 3545 2628 :
3576 2592 3784 2646 progres-

2224 2652 2284 2691 su
2316 2642 2456 2692 enim
2489 2643 2684 2703 patebit
2722 2643 2960 2694 lloetium
2997 2644 3394 2697 l’latonimrum
3428 2642 3694 2711 opiniones
3720 2664 3786 2701 rc-

2224 2721 2309 2763 cte
2339 2711 2691 2772 intellexisse,
2723 2715 2891 2780 iisque
2925 2713 3088 2766 luisse
3114 2715 3564 2769 addictissimutu.

2297 2781 2318 2811 ³
2374 2781 2606 2836 Seirettes
2665 2800 2831 2856 usque
2879 2785 2932 2836 in
2987 2787 3196 2837 exitium
3251 2787 3454 2840 dulces.
3499 2791 3504 2856 l
3549 2790 3788 2851 Seireues,

2224 2850 2429 2926 (Errare,
2456 2864 2702 2926 Σειρῆνες,
2732 2850 2870 2907 unde
2901 2864 2954 2907 et
2985 2871 3080 2920 per
3104 2857 3149 2908 ei
3180 2866 3236 2909 et
3267 2873 3368 2926 per
3395 2861 3411 2910 i
3443 2850 3647 2925 longum
3677 2863 3790 2912 scri-

2227 2925 2383 2982 bitur,
2424 2925 2652 2990 duplicis
2696 2935 2823 2978 snnt
2873 2928 3119 2992 generis,
3170 2925 3370 2990 nempe
3424 2939 3715 2988 terrestres,
3749 2941 3793 2981 et

2226 2998 2462 3070 Inarime.
2499 2997 2825 3070 Terrestres,
2858 2996 3099 3050 lttrorum
3130 3012 3325 3066 genus,
3360 3002 3557 3055 nostris
3589 3002 3790 3070 physicis

2223 3065 2472 3118 dicuntur
2495 3069 2708 3123 ἀπὸτοῦ
2735 3071 3018 3144 σείρεσῦᾳι,
3044 3071 3182 3131 quod
3216 3071 3467 3124 bestiola!
3492 3065 3600 3124 111ιῆ
3615 3065 3794 3124 contra-

2223 3146 2307 3187 CIa
2338 3141 2644 3192 membrana
2679 3139 2914 3190 curvata:
2939 3139 3150 3204 jaceant
3185 3159 3195 3192 :
3230 3142 3298 3192 de
3336 3145 3420 3196 his
3459 3144 3680 3206 loquitur
3705 3142 3788 3194 Pli-

2225 3206 2342 3258 nius
2376 3208 2410 3260 Ι.
2445 3226 2514 3272 \l,
2542 3225 2662 3276 cap.
2699 3209 2795 3268 lli;
2829 3210 2920 3262 sed
2950 3211 3015 3262 de
3045 3213 3124 3262 his
3155 3229 3301 3263 nunc.
3344 3231 3450 3265 non
3494 3218 3676 3274 agitur.
3705 3211 3794 3264 lla-

2223 3279 2352 3330 titur!
2380 3279 2456 3358 sic
2483 3280 2641 3358 dirue
2672 3282 2766 3358 vel
2793 3283 2893 3358 ἁπῤ
2934 3291 3024 3340 τῆς
3048 3291 3251 3358 σξιρᾶς,
3287 3301 3314 3335 a
3351 3301 3379 3336 γ
3408 3301 3583 3345 nemo,
3607 3286 3682 3335 vel
3709 3287 3794 3336 ἀπὸ

2221 3357 2308 3425 ’τορ
2330 3352 2568 3425 adparat!
2599 3353 2933 3425 decipiendo,
2956 3353 3105 3425 quod
3131 3352 3300 3407 cantu
3331 3371 3432 3408 suo
3466 3357 3792 3425 imprudentes

2221 3422 2453 3472 advenas
2499 3423 2806 3474 devinciant
2851 3424 3253 3492 decipiantque,
3312 3426 3557 3479 feruntur
3605 3424 3795 3478 Acheloi

2221 3491 2363 3544 "IlVli
2398 3503 2450 3544 et
2479 3492 2744 3555 Calliopes
2792 3494 2944 3554 litim;
2982 3491 3214 3561 superne
3262 3496 3586 3560 virginibus,
3621 3501 3796 3548 tulernr

2221 3563 2452 3636 piscibus
2476 3565 2699 3616 similes.
2727 3564 2862 3618 Tres
2891 3577 3264 3626 numerantur,
3299 3567 3659 3636 Parthenope,
3683 3567 3798 3617 Lett-

2220 3633 2385 3694 cosia,
2419 3633 2601 3696 Ligca,
2629 3650 2854 3698 quarum
2898 3652 2999 3688 una
3050 3651 3202 3696 voce,
3238 3639 3413 3692 altera
3464 3633 3626 3696 tibiis,
3665 3636 3795 3688 tertia

2221 3703 2332 3773 lyra
2359 3715 2536 3764 canat,
2569 3719 2757 3759 omnes
2797 3715 2940 3758 tanta
2975 3718 3163 3759 cautus
3193 3707 3514 3772 dulcedine,
3549 3719 3605 3762 ut
3635 3719 3796 3760 nautas

2219 3775 2422 3844 sopitos
2452 3775 2723 3842 naufragio
2753 3777 2996 3843 perdant.
3028 3779 3182 3833 Uviil.
3215 3793 3274 3832 ιιι
3301 3780 3371 3835 de
3399 3780 3521 3833 Art.
3556 3797 3566 3830 :

2345 3894 2554 3942 Monstra
2580 3894 2726 3939 maris
2743 3890 2981 3939 Seirenes
3007 3896 3164 3946 erant,
3193 3906 3308 3955 quze
3332 3908 3460 3944 voce
3484 3907 3656 3943 canora

2403 3959 2502 4025 15
2534 3961 2788 4020 Quaslibet
2813 3963 3040 4012 admissas
3063 3965 3338 4015 detinuere
3367 3975 3519 4014 rates.

2293 4047 2362 4097 lix
2407 4063 2512 4112 quo
2563 4045 2754 4098 lactmn
2785 4057 2866 4098 est
2899 4057 2954 4096 ut
2984 4048 3242 4115 quidquid
3289 4051 3509 4100 animos
3553 4047 3793 4100 hominum

2219 4119 2534 4184 Corrumpit,
2577 4117 2705 4168 illud
2741 4117 2891 4168 Siren
2921 4130 3156 4172 vocetur.
3194 4121 3339 4171 sient
3375 4120 3618 4180 Horatio,
3647 4119 3790 4171 Serm.

2220 4190 2255 4242 Ι.
2289 4204 2347 4250 tt,
2377 4199 2477 4239 sat.
2503 4190 2555 4250 ’5,
2584 4188 2792 4239 vitanda
2814 4199 2884 4239 est
2920 4191 3149 4252 improha
3181 4190 3343 4243 Siren
3370 4191 3596 4244 desidia.
3619 4190 3701 4244 Sic
3722 4189 3794 4241 ιιιιο

2219 4267 2307 4311 tur
2339 4258 2499 4311 Musae
2534 4259 2753 4322 poetica:
2791 4259 3251 4324 perturbationum
3291 4273 3578 4325 parentes.
3610 4271 3693 4312 aut
3715 4257 3794 4309 sal-

2221 4341 2325 4382 tem
2360 4329 2594 4381 nutrices
2634 4343 2773 4381 nunc
2802 4339 3055 4380 vocanttl'
3091 4329 3338 4384 Seirenes
3369 4333 3440 4384 ad
3473 4334 3678 4385 exitium
3705 4329 3789 4380 sive

2219 4402 2284 4454 ad
2317 4400 2604 4468 perniciem
2634 4415 2790 4464 usque
2815 4400 2986 4452 dulces
3009 4415 3027 4452 :
3053 4399 3175 4454 hinc
3205 4403 3421 4456 ea-dem
3457 4404 3618 4456 .‘llusa-
3638 4401 3788 4467 juben-

2220 4483 2302 4524 tttr
2331 4473 2479 4524 abire
2508 4471 2967 4532 subentttibus'tue
3006 4471 3167 4524 Musis
3211 4472 3616 4542 philoSophicis
3650 4474 3790 4542 locum

2218 4543 2430 4604 cedere,
2482 4558 2586 4594 non
2636 4552 2762 4592 ante
2813 4551 2987 4594 tamen
3031 4558 3186 4610 quam
3218 4543 3292 4596 ab
3335 4540 3452 4611 ipsa
3488 4540 3790 4611 philosophia

2223 4613 2550 4682 pergraviter
2574 4615 2934 4680 reprehensre,
2967 4628 3229 4680 suamque
3261 4615 3544 4667 tristitiam
3579 4624 3789 4668 testatze:

2219 4681 2360 4756 uttde
2409 4685 2594 4756 chorus
2623 4684 2728 4756 _ille
2773 4682 2969 4756 dicitur
3007 4685 3293 4752 increpitus
3333 4685 3632 4756 (increpari
3679 4681 3792 4756 idem

2216 4755 2355 4821 quod
2391 4754 2570 4807 verbis
2589 4752 2772 4804 aliisve
2799 4755 2961 4821 signis
2989 4751 3242 4823 gravibus
3272 4751 3629 4823 reprehendi)
3655 4763 3703 4807 et
3727 4751 3799 4802 de-

2205 4827 2392 4896 jvcisse
2424 4824 2563 4877 humi
2590 4826 2814 4896 iniustior
2836 4826 3046 4877 vultum.
3075 4823 3217 4876 Abiit
3247 4827 3477 4880 tandem
3510 4823 3798 4896 chorusille

2213 4892 2266 4949 ιιι
2309 4899 2462 4948 lintea
2511 4894 2668 4946 tristis
2713 4897 2954 4958 eIccssit;
3003 4897 3218 4962 optimis
3263 4899 3417 4950 enim
3468 4892 3796 4965 philosophia!

2217 4968 2472 5020 institutis
2514 4982 2618 5017 non
2663 4967 2807 5032 prius
2859 4968 3018 5019 imbui
3070 4982 3395 5031 possumus,
3445 4985 3605 5036 quam
3649 4967 3798 5036 Musas

2215 5039 2350 5098 illas,
2381 5037 2690 5104 similesque
2733 5039 3188 5105 perturluttionum
3232 5034 3795 5092 veritati‘inveuiendat

2210 5109 2599 5162 contrariarum
2640 5122 2829 5160 causas
2880 5111 3060 5162 valere
3101 5107 3466 5176 jusserimus.
3510 5111 3795 5177 Quanquam

580 5134 598 5162 “
640 5130 787 5202 Hunc
822 5147 934 5184 vero
983 5131 1220 5183 Eleuticis
1259 5140 1409 5202 atque
1437 5131 1772 5185 Academicis.
1807 5129 1824 5202 ]
1861 5130 2102 5185 Dialecti-

507 5206 580 5253 ris
624 5213 667 5254 et
713 5201 996 5254 Platonicis
1042 5216 1060 5254 :
1098 5203 1270 5254 studia
1319 5201 1460 5253 enim
1513 5201 2100 5256 dialecticavocantur

508 5274 745 5326 Eleatica
777 5291 793 5326 :
825 5275 946 5342 quia
989 5273 1263 5328 dialectica
1312 5272 1481 5324 fertur
1530 5274 1742 5324 inventa
1787 5288 1814 5324 a
1857 5272 2093 5334 Zenone,

506 5345 618 5408 qtti,
645 5345 786 5415 quod
811 5358 958 5396 ortus
982 5347 1048 5397 sit
1074 5359 1137 5397 ex
1163 5345 1310 5406 Elea,
1334 5354 1555 5394 voratur
1588 5343 1816 5415 Eli-ales.
1851 5344 1944 5395 Est
1968 5361 2096 5397 vero

511 5414 908 5471 Elc:t.auctore
937 5415 1195 5469 Strabone
1228 5417 1260 5468 I.
1297 5431 1366 5475 Vt,
1401 5416 1590 5467 civitas
1624 5414 1865 5464 Ian-anim
1895 5431 1923 5467 a
1960 5416 2096 5468 l’lto-

509 5487 760 5540 censibus
785 5487 1019 5549 condita,
1056 5485 1382 5539 l’armeuidis
1413 5497 1462 5536 et
1502 5483 1736 5536 Zenonis
1779 5483 2095 5553 Pythagori-

509 5571 694 5609 cormn
743 5559 930 5624 patria.
985 5557 1167 5610 Studia
1213 5565 1390 5609 autem
1447 5554 1715 5607 Platonica
1762 5557 2100 5621 appellantur

513 5627 839 5688 Academica,
870 5628 1008 5695 quod
1049 5627 1196 5679 Plato
1224 5629 1426 5691 primus
1457 5629 1506 5678 iu
1544 5626 1829 5677 Academia
1865 5625 2102 5692 philoso-

511 5697 690 5763 phiam
732 5698 1006 5765 prol'essus
1032 5699 1120 5750 sit.
1171 5699 1262 5750 Est
1303 5711 1432 5748 vero
1465 5695 1749 5748 Academia
1782 5712 2103 5749 nemorosus

509 5779 660 5820 extra
691 5777 744 5822 et
775 5781 937 5836 prope
979 5767 1211 5822 Athenas
1257 5769 1425 5825 loeas,
1470 5767 1556 5835 qui
1603 5767 1748 5834 prius
1787 5767 1964 5830 dictus
2005 5769 2102 5822 fuit

2211 5181 2316 5232 ilhc
2367 5180 2792 5246 perturbationes
2831 5195 2976 5245 saipe
3024 5183 3250 5232 remotis
3300 5183 3390 5235 his
3428 5183 3610 5235 causis
3647 5179 3799 5230 adhuc:

2209 5241 2555 5317 perseverant
2585 5267 2597 5301 :
2634 5251 2774 5302 unde
2822 5241 3157 5318 philosophia
3187 5251 3264 5305 de
3309 5254 3519 5307 mentis
3556 5251 3798 5304 Boetiana:
3831 5241 3842 5262 ‘

2205 5322 2590 5391 perturbatione
2609 5323 2681 5374 sic
2701 5329 2974 5388 conquesta
2997 5334 3091 5374 est.

2277 5417 2294 5436 '
2323 5414 2472 5478 Quod
2498 5414 2790 5478 generatim
2815 5413 3032 5479 lyricum
3057 5425 3086 5464 a
3123 5412 3240 5481 lyra
3263 5455 3280 5476 ,
3332 5422 3528 5482 utpote
3551 5413 3676 5480 lyra:
3701 5407 3798 5482 sive

2207 5483 2396 5535 lilibtts
2416 5493 2674 5551 aptatum,
2700 5485 2976 5550 speciatim
2994 5479 3329 5536 A'cmanium
3351 5479 3427 5537 al)
3445 5479 3721 5538 inventore
3734 5479 3799 5528 dt-

2207 5557 2365 5607 citur.
2394 5555 2677 5606 Estautem
2697 5570 2909 5606 carmen
2941 5565 3194 5608 constans
3227 5570 3299 5608 ex
3339 5571 3452 5608 uno
3489 5568 3683 5626 genere
3700 5564 3800 5626 vel"

2209 5640 2361 5676 suum
2384 5665 2396 5685 ,
2429 5642 2653 5692 quorqu
2687 5626 2909 5689 quilibet
2939 5629 3290 5691 eonlpouitttr
3322 5643 3394 5680 ex
3430 5621 3665 5695 qu'attror
3693 5621 3799 5673 uill-

2214 5697 2314 5748 ntis
2348 5711 2529 5747 versus
2559 5697 2755 5748 heroici
2785 5697 3026 5762 pedibus,
3060 5700 3126 5750 ita
3153 5706 3211 5749 ιιι.
3235 5705 3368 5765 post
3400 5695 3701 5752 secundum
3721 5705 3778 5758 DC

2213 5768 2332 5820 ιιι-ιιι
2365 5768 2568 5838 syllaba
2601 5768 2854 5835 supersit.
