3998 6368
459 394 563 448 595
1684 395 1793 449 AN.
1843 396 2006 449 SMN!

2123 393 2251 447 μεν.
2298 395 2516 449 ΒΟΕἨΙ
3643 389 3747 444 596

601 505 861 573 Exercet,
890 506 1070 561 varios
1099 506 1239 561 ﬂexa
1270 519 1365 577 per
1393 505 1575 571 orbes,
2080 510 2126 564 Α
2160 503 2226 557 15
2303 504 2434 572 Quis
2461 503 2907 561 volvatstahilem
2940 503 3158 575 spiritus
3183 502 3390 563 orbem.

596 596 978 666 Comprensam
1008 598 1060 651 in
1094 598 1331 653 numeris
1361 598 1531 653 victor
1560 597 1813 652 habebat.
2301 597 2408 666 20
2438 595 2533 651 Vel
2564 611 2660 650 cur
2687 596 2975 665 Hesperias
3009 596 3159 650 sidus
3185 596 3236 649 in
3265 594 3435 649 undas

596 687 699 758 19
737 688 875 753 Quin
908 689 1069 741 etiam
1102 702 1314 755 causas,
1350 688 1493 743 unde
1520 702 1713 741 sonora
2296 684 2592 755 Casurum,
2625 691 2787 744 rutilo
2814 698 2999 757 surgat
3024 691 3230 743 abortu
3264 708 3279 743 :

599 776 843 833 Flamiua
876 781 1169 833 sollicitent
1198 796 1415 849 a:quora
1448 780 1625 849 ponti;
2294 782 2433 847 Quid
2466 782 2609 837 veris
2639 781 2875 852 placidas
2909 792 3168 850 temperet
3200 782 3379 843 horas,

1786 888 2367 947 INTERPRETATIO.

442 995 701 1033 conversa:
751 996 841 1049 per
888 982 1134 1033 circuitus
1178 981 1400 1034 diversos
1431 1020 1448 1045 ,
1498 979 1596 1033 has
1632 996 1831 1033 summa
1877 979 2035 1033 colle-

439 1066 546 1101 c‘as
581 1051 774 1117 peritus
818 1053 1033 1106 tenebat.
1081 1052 1336 1105 Prteterea
1358 1060 1717 1105 consueverat
1762 1051 2032 1119 inquirere

437 1136 621 1173 causas
650 1122 833 1189 quibus
856 1124 989 1176 renti
1039 1128 1305 1188 frementes
1337 1122 1536 1174 turbent
1568 1123 1833 1189 planitiem
1869 1123 2027 1173 maris

437 1202 713 1257 tequatam,
744 1207 943 1259 easque
966 1193 1217 1247 reddere:
1250 1206 1353 1246 non
1383 1206 1539 1246 secus
1568 1208 1631 1245 ac
1646 1195 1883 1262 quisnam
1903 1192 2015 1259 spi-

2141 984 2271 1036 ritus
2319 992 2576 1037 convertat
2606 984 2789 1036 cmlum
2836 993 3094 1046 constans,
3122 994 3214 1036 aut
3253 1000 3411 1052 quare
3458 994 3654 1037 astrum
3691 984 3745 1035 in

2143 1071 2306 1121 aquas
2332 1056 2643 1122 vespertinas
2665 1056 2929 1121 lapsuram
2953 1058 3169 1107 emineat
3209 1055 3273 1107 ab
3322 1057 3515 1108 oriente
3539 1070 3745 1125 purpu~

2143 1139 2263 1186 reo;
2287 1126 2409 1192 quid
2438 1125 2729 1178 moderetur
2771 1126 2878 1177 dies
2926 1126 3231 1192 tranquillos
3260 1126 3408 1187 reris,
3444 1136 3504 1178 ut
3529 1128 3742 1178 det-oret

2127 1205 2290 1249 terras
2314 1196 2525 1264 ﬂoribus
2552 1197 2861 1265 purpureis:
2902 1198 3026 1263 quid
3050 1198 3258 1265 (ecit,ut
3279 1198 3740 1250 autumnusabun-

1966 1281 2195 1337 ΝΟΤΑΞ.

442 1389 563 1441 qna!
595 1376 754 1445 vulgo
797 1376 1052 1429 dicuntur
1098 1377 1249 1444 βακε,
1280 1386 1405 1429 sunt
1451 1376 1630 1429 sidera
1661 1374 1856 1441 lucida,
1901 1390 2021 1443 quae

434 1446 677 1498 eamdem
716 1447 853 1500 inter
882 1462 941 1501 se
967 1448 1312 1512 distantiam,
1347 1461 1506 1499 sensu
1545 1446 1769 1513 arbitro,
1799 1460 2013 1510 semper

435 1529 654 1569 servare
704 1517 953 1571 videntur
998 1536 1008 1569 :
1062 1518 1143 1571 lia:
1172 1529 1349 1570 autem
1386 1518 1558 1570 stellzn
1591 1516 2011 1570 innumerabiles

433 1597 557 1668 sunt
587 1603 600 1639 :
635 1588 775 1663 unde
817 1586 1011 1668 Genef.
1043 1605 1129 1668 xv,
1159 1588 1397 1668 Numera
1435 1587 1632 1668 stellas,
1661 1588 1704 1640 si
1745 1598 1923 1668 potes:
1957 1600 2011 1641 et

432 1655 491 1709 S.
527 1658 660 1726 Aug.
689 1673 775 1711 xvi
825 1660 891 1711 de
928 1660 1040 1713 Civ.
1078 1660 1206 1722 Dei,
1231 1676 1279 1713 c.
1312 1658 1408 1723 ‘25,
1441 1657 1580 1721 Nec,
1612 1655 1812 1723 inquit.
1839 1673 2012 1711 omnes

432 1743 516 1778 eas
562 1728 721 1780 videri
750 1745 897 1796 posse
921 1731 1228 1783 credendum
1252 1739 1325 1782 est
1354 1744 1373 1783 :
1412 1745 1531 1781 nam
1574 1738 1765 1795 quanto
1800 1729 2012 1797 quisque

430 1797 627 1849 acutius
655 1799 897 1864 intuetur,
922 1809 1060 1853 tanto
1082 1802 1252 1869 plures
1275 1800 1409 1852 videt
1434 1814 1451 1852 :
1479 1799 1604 1865 quin
1627 1813 1814 1852 omnes
1838 1799 2006 1865 philo-

431 1869 583 1936 sophi
610 1868 840 1921 fatentur
865 1853 913 1922 llt
944 1853 1111 1924 lactea
1136 1872 1215 1923 via
1242 1853 1577 1923 innumeram
1602 1884 1723 1923 esse
1745 1853 2007 1934 ejusmodi
2045 1853 2084 1908 Β

428 1939 702 1992 stellarum
754 1940 1147 1995 multitudinem
1183 1959 1195 1993 :
1243 1956 1409 2009 quare
1440 1941 1576 1993 banc
1612 1939 2005 1993 multitudinem

430 2019 765 2075 perspectam
805 2010 1002 2066 habere
1029 2029 1132 2064 ttou
1166 2014 1334 2081 potuit
1358 2013 1593 2067 Boetius.
1625 2010 1809 2063 Stella:
1830 2022 2010 2063 antetn

429 2094 593 2149 vagae,
619 2096 737 2148 qttzc
754 2084 910 2151 vulgo
940 2083 1193 2135 dicuntur
1223 2084 1462 2151 planeac,
1486 2081 1799 2135 Suntsidera
1821 2096 2007 2145 opaca.

430 2166 545 2214 qua:
571 2152 795 2205 invicem
811 2154 968 2205 modo
985 2154 1269 2215 accedunt,
1287 2154 1445 2206 modo
1459 2153 1708 2205 rt-cedmit
1731 2167 1924 2218 :quare.
1942 2151 2012 2204 iti-

430 2232 511 2292 ter
551 2220 639 2275 illa
684 2225 787 2282 Sol,
822 2234 874 2275 ut
904 2234 1027 2292 pote
1056 2226 1203 2277 sidus
1234 2225 1503 2287 lucidum,
1546 2237 1575 2274 a
1623 2223 2012 2275 recentioribus

430 2290 496 2353 plt
523 2293 759 2359 losoplti<
780 2309 885 2346 non
906 2290 1239 2348 recensetur.
1268 2295 1348 2347 Illi
1368 2309 1494 2347 vero
1524 2296 1751 2360 planetu:
1774 2293 1860 2345 alii
1887 2301 2011 2344 sunt

430 2364 771 2431 majores,qui
788 2366 959 2433 palam
974 2375 1096 2418 ante
1112 2367 1295 2418 oculos
1309 2364 1543 2416 omnimn
1563 2375 2010 2426 versantur,nem-

430 2448 493 2495 pe
515 2435 797 2498 Saturnus,
819 2434 1047 2503 Jupiter,
1074 2436 1236 2500 Mars,
1266 2437 1463 2497 Venus,
1493 2435 1807 2496 Mercurius,
1831 2436 2005 2487 Luna:

430 2513 480 2555 et
526 2504 622 2557 bos
669 2522 879 2559 numero
925 2506 1348 2573 comprehendere
1395 2506 1562 2573 potuit
1608 2506 1823 2557 Boetius
1862 2523 1873 2557 :
1918 2505 2007 2558 alii

430 2585 553 2626 sunt
583 2576 839 2640 minores,
871 2579 959 2646 qui
991 2594 1093 2630 non
1127 2576 1227 2629 nisi
1272 2592 1481 2631 summo
1520 2592 1637 2627 cutn
1670 2576 1852 2628 labore
1896 2577 2009 2628 atti-

428 2646 830 2702 niadvertuntur
855 2664 870 2701 :
895 2651 1076 2712 quales
1107 2656 1231 2700 sunt
1263 2662 1423 2714 prope
1460 2646 1783 2708 Saturnum,
1822 2646 2005 2699 Jovem

429 2724 477 2786 et
504 2716 755 2781 Martem,
782 2719 867 2786 qui
906 2730 1119 2786 propter
1154 2736 1181 2769 a
1212 2718 1460 2772 dicuntur
1482 2718 1734 2771 satellites
1759 2717 2006 2774 Saturni.

431 2785 570 2838 lovis
596 2798 650 2839 et
683 2785 882 2843 Martis.
919 2785 1056 2849 lino,
1092 2798 1146 2841 nt
1172 2805 1292 2842 cum
1339 2790 1543 2843 Seneca
1586 2789 1804 2855 loquar,
1855 2788 2006 2841 inulti

429 2866 620 2921 praeter
659 2857 758 2913 hos
809 2876 902 2926 νισι·
938 2869 1201 2913 secretum
1242 2871 1402 2923 eunt,
1442 2874 1708 2927 nunquam
1760 2858 2008 2912 humanis

430 2928 591 2999 oculis
617 2943 803 2983 euntes
830 2950 841 2983 :
871 2947 1042 2999 neque
1070 2932 1209 2983 enim
1243 2936 1419 2983 omnia
1452 2932 1589 2982 Deus
1617 2931 1862 2983 Immanis
1887 2945 2007 2983 ocu-

429 2997 490 3049 lis
519 3014 640 3052 nota
690 3002 832 3055 l'ecit.
857 2997 1007 3067 Quod
1044 3004 1257 3055 tandem
1293 3001 1632 3065 PliilOsopliia
1677 3000 1760 3053 hic
1792 3018 1893 3053 non
1926 3001 2005 3053 lo-

429 3084 616 3135 quatur
660 3072 757 3125 nisi
789 3074 855 3126 de
905 3072 1150 3140 planetis,
1187 3073 1355 3139 iisque
1394 3072 1684 3138 majoribus
1721 3070 1802 3125 vel
1835 3088 1896 3125 ex
1940 3088 2005 3125 eo

429 3150 570 3205 patet
598 3144 738 3209 quod
772 3143 910 3197 dicat
943 3144 1037 3195 has
1064 3145 1239 3196 ste/las
1282 3158 1434 3210 rugas
1461 3159 1693 3194 recursus
1741 3158 2001 3206 exercere;

429 3220 688 3276 quatenus
719 3216 1047 3267 recurrendo
1089 3223 1153 3265 ab
1190 3229 1255 3267 eo
1284 3214 1424 3279 quod
1458 3212 1685 3278 primum
1716 3224 1992 3267 tenuerint!

430 3292 544 3345 iter,
582 3283 864 3345 recedunt,
896 3295 951 3338 et
996 3285 1163 3337 varios
1212 3300 1300 3352 per
1346 3285 1488 3336 orbes
1535 3284 1701 3351 ﬂecti,
1738 3296 2002 3352 quatenus

429 3354 504 3403 sui
548 3364 672 3407 sunt
717 3356 968 3419 singulis,
1028 3371 1163 3423 quos
1214 3355 1711 3417 altllllath‘llltllUS,
1781 3354 2007 3421 planetis

429 3423 705 3494 circuitus.
729 3424 965 3490 Denique
988 3428 1144 3478 victor
1168 3425 1303 3477 idetn
1330 3436 1411 3479 est
1440 3425 1578 3491 quod
1612 3426 1716 3478 voti
1744 3440 1963 3494 compos
1993 3443 2005 3477 :

430 3493 502 3546 sic
523 3494 732 3565 _enitn,
762 3504 980 3550 auctore
1027 3497 1235 3562 Servio,
1281 3495 1661 3565 intelligendus
1709 3507 1791 3550 est
1824 3493 2007 3565 Virgil.

430 3578 482 3615 ιιι
511 3561 729 3633 Georg.,
753 3580 804 3620 ν.
840 3566 873 3619 8
903 3582 917 3618 :

702 3657 741 3706 Τ
746 3658 951 3722 entanda
973 3659 1047 3705 via
1073 3664 1168 3719 est,
1193 3672 1287 3722 qua
1312 3671 1392 3707 me
1413 3671 1609 3720 quoque
1635 3658 1811 3716 possim

549 3716 748 3767 Tollere
774 3720 937 3783 ltutno,
966 3716 1391 3784 victorque'virtun
1417 3716 1621 3769 volitare
1645 3734 1730 3781 per
1753 3732 1853 3767 ora.

497 3802 583 3854 15.
624 3800 770 3856 Unde
810 3821 998 3857 sonora
1032 3803 1290 3875 [Iamiam]
1322 3804 1407 3859 IV.
1443 3806 1655 3858 Boetius
1694 3821 1752 3858 se
1800 3821 2009 3873 quoque

429 3872 619 3925 fatetur
663 3876 981 3941 cognovisse
1028 3872 1311 3930 ventorum
1359 3891 1567 3929 causas.
1618 3872 1829 3929 Ventus
1866 3879 2008 3929 enim

428 3944 721 4009 generatim
755 3956 837 3999 est
867 3956 1041 4001 motus
1070 3949 1209 4000 aeris
1236 3948 1542 4001 bucetilluc
1556 3946 1857 4001 efﬂuentis:
1886 3948 2011 4001 hinc

430 4024 603 4086 ventus
647 4017 922 4085 Sealigero
976 4020 1042 4071 de
1081 4018 1241 4071 Caus.
1276 4020 1311 4069 Ι.
1355 4019 1415 4081 1.,
1444 4034 1494 4071 c.
1526 4018 1592 4071 (57
1616 4059 1631 4079 ,
1666 4020 2011 4086 pluribusque

428 4085 547 4138 aliis
575 4087 771 4139 dicitur
794 4102 822 4139 a
855 4089 1131 4153 veniendo;
1155 4089 1295 4157 quod
1324 4089 1490 4140 venire
1512 4085 1809 4152 sitmoveri,
1839 4085 2012 4141 ventus

429 4164 605 4228 autem
633 4159 772 4209 aeris
799 4169 993 4213 motus.
1013 4160 1081 4212 At
1102 4169 1290 4213 ventus
1317 4159 1547 4225 duplicis
1569 4171 1650 4212 eSt
1674 4160 1885 4228 generis
1915 4175 2012 4225 pro

431 4226 624 4293 duplici
658 4228 836 4286 modo.
871 4245 975 4297 quo
1024 4238 1116 4283 aer
1148 4230 1249 4282 huc
1296 4231 1522 4296 illucque
1548 4226 1771 4282 el'lluere
1813 4242 2007 4296 potest.

432 4299 585 4350 Alter
604 4311 793 4351 ventus
817 4302 873 4352 lit
898 4301 1035 4353 nube
1058 4311 1366 4367 Corruente,
1388 4315 1490 4352 non
1514 4317 1668 4354 secus
1686 4315 1748 4353 ac
1770 4302 2012 4353 videmus

431 4384 555 4420 casu
586 4370 814 4433 arboris,
852 4372 1031 4432 torris,
1065 4382 1157 4425 aut
1198 4372 1473 4439 cujusdam
1516 4370 1734 4424 alterius
1781 4373 2010 4437 ingentis

432 4444 671 4503 corporis
717 4452 929 4493 veutmn
974 4441 1231 4503 excitari,
1277 4443 1562 4505 nimirum,
1599 4458 1814 4511 proper
1860 4443 2008 4495 illum

432 4524 715 4581 Corporum
769 4524 1033 4564 motorum
1082 4514 1392 4578 circuitum,
1430 4514 1546 4565 sine
1577 4530 1683 4581 quo
1734 4513 1911 4566 nullus
1957 4516 2008 4567 ιιι

433 4581 630 4631 mundo
674 4580 785 4633 fieri
833 4592 1006 4673 potest
1034 4594 1229 4664 motus.
1270 4584 1383 4664 Iloc
1413 4584 1571 4673 mo‘do
1602 4585 1845 4664 oriuntur
1871 4596 2007 4667 tetu-
2042 4618 2084 4673 υ

434 4662 665 4723 pestates
693 4667 835 4719 saepe
862 4654 1078 4721 quidem
1115 4655 1165 4706 in
1210 4657 1391 4715 terris,
1420 4658 1512 4706 sed
1542 4658 1737 4723 sacpius
1767 4657 1816 4707 in
1852 4657 2002 4708 tnari.

433 4720 581 4773 Alter
611 4733 796 4774 Ventus
839 4720 892 4775 lit
935 4724 1218 4791 vaporibus
1251 4740 1279 4777 a
1301 4727 1414 4777 sole
1445 4740 1537 4787 per
1562 4720 1683 4777 aera
1735 4741 2010 4778 rarescen-

434 4792 1063 4859 tibus,quemadmodum
1090 4796 1330 4849 VillClllU\
1353 4806 1569 4849 ventum
1609 4796 1720 4848 lieri
1751 4797 1801 4848 iti
1829 4812 2005 4861 pomo,

433 4866 587 4935 tigno
603 4864 754 4935 viridi
788 4876 841 4917 et
866 4866 1077 4935 vulgato
1114 4882 1258 4929 v.ise,
1288 4869 1425 4935 quod
1458 4864 1764 4931 /Eolipilam
1791 4880 2004 4931 vocant,

433 4934 558 5005 dum
579 4933 690 4986 Iure
708 4934 812 5000 igni
827 4933 1195 4990 atltntivetilur.
1223 4933 1377 5005 Atqui
1405 4937 1617 4989 Boetius
1630 4939 1853 5005 cognitis
1866 4938 2006 4991 side-

431 5004 577 5057 ribus
607 5006 903 5071 praesertim
949 5023 1077 5061 vero
1105 5010 1238 5071 sole,
1272 5008 1531 5074 ejusmodi
1567 5004 1845 5061 ventorum
1875 5023 2004 5061 cau-

430 5090 518 5147 sas
539 5078 821 5145 cognovit:
844 5080 1275 5145 quandoquidem
1305 5082 1418 5131 sole
1446 5090 1693 5133 movente
1714 5080 1999 5147 aliquando

431 5146 519 5209 lit,
555 5158 610 5199 ut
660 5158 752 5199 aut
804 5152 970 5202 nubes
1001 5160 1249 5216 corruat,
1281 5160 1371 5201 ant
1418 5166 1582 5215 vapor
1626 5146 1859 5204 rarescat
1907 5166 1999 5216 per

430 5234 585 5280 aera,
615 5217 901 5286 quodcum
932 5222 1254 5288 ireqnentius
1285 5221 1556 5289 contingat
1588 5220 1637 5273 iu
1671 5223 1799 5273 mari
1839 5236 1994 5283 quam

431 5306 480 5342 ιιι
516 5299 673 5342 terris
704 5305 918 5358 propter
947 5294 1200 5358 majorem
1240 5303 1329 5343 aut
1360 5293 1575 5358 nubium
1610 5292 1995 5345 imminentimn

429 5370 521 5411 aut
554 5356 815 5425 vaporum
849 5356 1249 5429 eXSttrgetitittttt
1300 5356 1763 5429 etipiatitfidcirco
1808 5380 1997 5415 sonora

430 5434 643 5498 [lumina
693 5448 833 5486 nttnc
878 5434 1223 5497 perlnbentur
1266 5449 1472 5501 tequora
1515 5434 1655 5501 ponti
1680 5433 1952 5485 sollicitare
1978 5449 1997 5486 :

432 5517 578 5555 mare
618 5506 761 5555 enim
805 5504 1101 5569 appellatur
1149 5516 1203 5555 et
1246 5520 1417 5569 a'quor
1460 5514 1511 5556 et
1557 5515 1740 5567 pontus
1781 5519 1998 5570 :thuor

432 5573 683 5639 quidem,
707 5574 846 5640 quod
874 5590 1024 5636 aqua:
1048 5574 1258 5639 superﬁ-
1283 5575 1356 5625 ies
1380 5574 1601 5641 :t-quatis
1626 5574 1854 5640 undique
1884 5591 2004 5641 pott-

432 5643 668 5703 tlel‘tblls,
687 5645 993 5708 planissima
1009 5646 1070 5698 sit
1096 5663 1106 5697 ;
1133 5645 1270 5697 unde
1284 5644 1507 5705 Tullius,
1528 5645 2005 5711 ιιΑιῊιΙηαιιηριιίιι

434 5722 537 5763 tam
558 5713 765 5784 planam
789 5716 1002 5776 videtur,
1038 5717 1235 5784 inquit,
1258 5732 1410 5782 quant
1436 5716 1613 5767 mare?
1632 5730 1698 5767 ea:
1730 5732 1827 5782 quo
1852 5729 2004 5768 et:um

433 5799 607 5849 tequor
637 5783 766 5836 illud
788 5795 947 5853 poeta:
979 5783 1172 5839 vocant.
1208 5786 1406 5837 l’ontus
1434 5802 1581 5847 vero,
1613 5787 1656 5838 si
1688 5786 2002 5853 quibusdam

439 5857 737 5919 credamus,
764 5860 830 5910 ab
859 5857 1063 5911 Euvino
1099 5876 1109 5909 :
1144 5856 1242 5910 nisi
1275 5865 1448 5913 tamen
1485 5858 1534 5929 ip
1566 5872 1596 5912 e
1653 5855 1888 5912 Euxinus
1922 5859 2001 5912 di-

2133 1385 2288 1430 catur
2338 1376 2569 1439 Pontus,
2601 1394 2665 1431 es
2716 1393 2784 1433 eo
2825 1377 2965 1447 quod
3018 1394 3167 1432 mare
3209 1393 3372 1432 omne
3422 1380 3735 1433 nominatur

2124 1459 2347 1518 pontus,
2385 1449 2600 1518 lorica
2630 1449 2810 1510 πόνος.
2863 1448 3027 1508 labor,
3081 1451 3329 1517 quoniam
3378 1448 3594 1518 plenum
3644 1461 3735 1505 est

2122 1517 2348 1571 laboris.
2383 1517 2598 1587 Virgil.,
2626 1519 2728 1573 ecl.
2764 1535 2848 1583 ts,
2895 1535 2949 1573 ν.
2984 1518 3048 1573 57
3082 1536 3097 1572 :

2238 1607 2300 1673 Et
2326 1621 2451 1657 nunc
2474 1622 2619 1657 omne
2644 1610 2731 1658 tibi
2751 1615 2959 1658 stratum
2978 1610 3092 1659 silet
3106 1622 3295 1671 aequor,
3320 1618 3371 1659 et
3393 1624 3589 1673 omnes,

2241 1671 2437 1733 ASpice,
2466 1673 2656 1719 ventosi
2677 1673 2963 1721 ceciderunt
2981 1674 3245 1722 murmuris
3269 1685 3417 1721 auras.

2188 1754 2257 1809 Et
2283 1757 2384 1809 ecl.
2415 1756 2470 1821 6,
2506 1772 2557 1809 v.
2591 1757 2660 1812 55
2696 1772 2708 1806 :

2238 1846 2361 1895 Tum
2384 1846 2563 1896 durare
2583 1849 2737 1897 solum
2760 1856 2812 1899 et
2833 1849 3113 1899 discludere
3138 1849 3301 1899 Nerea
3326 1860 3490 1913 ponto.

2190 1930 2266 1983 Ex
2312 1932 2506 1999 quibus
2558 1943 2703 1999 patet
2733 1949 2890 2000 quam
2944 1935 3223 2002 ingeniose
3271 1940 3415 1990 venti
3465 1938 3723 1992 dicantur

2115 2001 2395 2054 sollicitare
2415 2003 2528 2057 sive
2553 2007 2769 2057 turbare
2790 2020 2996 2067 (equom
3011 2001 3157 2075 ponti
3181 2022 3199 2059 :
3224 2020 3347 2061 cum
3375 2024 3560 2075 sequor
3592 2024 3721 2076 pro-

2118 2076 2230 2149 prie
2261 2090 2364 2149 non
2393 2083 2498 2126 tam
2527 2090 2685 2149 mare
2708 2084 2889 2141 notet,
2918 2092 3077 2145 quant
3104 2076 3222 2146 ejus
3250 2079 3558 2148 planitiem,
3596 2096 3723 2149 qua“

2114 2142 2369 2196 llantbns
2396 2145 2848 2199 ventisturbatnr.
2936 2142 2947 2145 ⁷
3134 2142 3151 2146 ⁷
3252 2142 3261 2145 ’
3546 2142 3632 2149 ⁷’
3736 2148 3739 2151 λ

2191 2215 2272 2267 15.
2294 2216 2419 2280 Quis
2430 2217 2593 2291 volvat
2606 2218 2836 2291 stabilem
2851 2217 3061 2291 spiritus
3081 2218 3363 2291 orbem.]V.
3382 2220 3601 2291 Boetius
3618 2222 3708 2274 ad~

2116 2284 2591 2359 ditgsecognovisse
2617 2288 2761 2359 illum
2788 2287 3031 2341 Universi
3056 2284 3334 2355 Spiritum,
3359 2307 3520 2359 quem
3537 2290 3713 2354 Plato,

2115 2357 2447 2429 Aristotcles,
2472 2356 2681 2421 Cicero,
2704 2357 2953 2426 Virgilius
2977 2359 3263 2429 plura-que
3285 2377 3347 2415 ex
3366 2356 3600 2427 antiquis
3617 2380 3716 2415 auo

2112 2428 2351 2498 ctorilius
2376 2440 2712 2496 agnoverunt
2747 2445 2760 2481 :
2796 2430 2886 2497 qui
2935 2431 3151 2498 quidem
3180 2428 3419 2496 ’Spiritus
3451 2433 3583 2486 nihil
3630 2444 3717 2487 est

2120 2497 2261 2549 aliud
2319 2515 2474 2565 quam
2535 2513 2731 2573 corpus
2776 2497 3043 2573 quoddam
3074 2501 3367 2573 subtilius,
3419 2505 3561 2570 quod
3615 2520 3716 2573 per

2112 2582 2301 2641 caetera
2337 2584 2560 2637 torpora
2606 2570 2856 2623 diffusum
2910 2572 3023 2624 lnec
3065 2570 3217 2640 juxta
3268 2572 3418 2641 leges
3462 2570 3639 2628 motus
3680 2591 3713 2627 ει

2119 2638 2225 2692 ι)οι
2261 2638 2375 2704 ipso
2406 2649 2636 2694 statutas
2667 2652 2861 2694 movet.
2891 2638 3080 2711 Virgil.
3116 2642 3243 2697 Eu.
3272 2638 3359 2709 vf,
3394 2660 3444 2697 v.
3471 2645 3573 2699 7:24
3610 2663 3622 2696 :

2234 2727 2477 2796 Principio
2497 2731 2697 2796 ccelum,
2718 2744 2778 2796 ac
2795 2740 2972 2796 terras,
2998 2744 3292 2796 camposque
3319 2734 3585 2796 liquentes,

2176 2810 2182 2817 -
2235 2788 2605 2857 buceutemque
2631 2788 2828 2857 globum
2852 2788 2997 2852 Iun.e,
3026 2788 3320 2857 Titaniaque
3348 2788 3478 2844 a'stra

2232 2853 2441 2917 Spiritus
2464 2856 2596 2902 intus
2616 2856 2702 2903 alit
2733 2870 2742 2903 :
2771 2863 3021 2915 totamque
3048 2854 3202 2903 infusi
3231 2853 3318 2917 per
3342 2869 3478 2906 artus

2234 2914 2373 2979 Mens
2397 2920 2547 2976 agitat
2571 2917 2764 2967 molem.
2787 2924 2838 2964 et
2864 2914 3039 2977 magno
3061 2931 3115 2964 se
3141 2914 3348 2979 corpore
3371 2922 3560 2969 miscet.

2233 2975 2352 3042 l_nde
2378 2975 2623 3025 hominum
2645 2975 2986 3042 pecudumque
3008 2992 3183 3039 genus,
3206 2975 3416 3042 vitaeque
3439 2982 3688 3031 volantum

2230 3036 2294 3106 Et
2315 3051 2424 3097 quae
2449 3036 2726 3106 marmoreo
2753 3040 2846 3089 l'ert
2872 3036 3082 3106 monstra
3095 3042 3193 3106 sub
3216 3036 3417 3106 requare
3441 3054 3636 3106 pontus.

2232 3099 2417 3164 [gneus
2434 3108 2515 3148 est
2536 3102 2644 3149 ollis
2664 3104 2818 3163 vigor,
2843 3112 2892 3151 et
2915 3103 3133 3150 ctrlestis
3153 3099 3295 3164 origo

2233 3161 2515 3225 Seminibus
2534 3177 2547 3211 :
2567 3161 2801 3224 quantum
2822 3177 2915 3211 non
2941 3167 3087 3212 noxia
3104 3161 3303 3225 corpora
3329 3166 3518 3217 tardant

2235 3223 2541 3289 '_I‘_erreuique
2565 3223 2801 3274 hebetant
2831 3235 2986 3288 artus,
3010 3223 3396 3289 moribundaque
3418 3232 3639 3277 membra

2237 3284 2364 3335 Hinc
2396 3284 2621 3337 metuunt
2651 3284 2983 3351 cupiuntque,
3029 3288 3199 3338 dolent
3226 3284 3542 3411 gaulgentque
3568 3306 3582 3342 :
3608 3306 3713 3343 nec

3352 3365 3494 3401 auras

3352 3365 3494 3401 auras

2238 3408 2544 3472 Respiniunt,
2574 3410 2749 3459 clausae
2770 3412 2990 3461 tenebris
3013 3418 3063 3460 et
3080 3423 3278 3462 carcere
3303 3408 3450 3462 eiero.

2190 3492 2324 3564 llioc
2344 3493 2685 3563 Philosophia
2715 3510 2855 3549 nunc
2884 3496 3040 3549 docet
3060 3497 3305 3564 spiritum
3336 3498 3482 3552 illum
3505 3500 3712 3554 volvere

2115 3562 2348 3615 stabilem
2374 3570 2544 3617 orbem
2570 3562 2629 3617 et
2657 3582 2874 3619 causam
2916 3582 3034 3620 esse
3062 3562 3167 3619 non
3194 3570 3365 3622 solum
3395 3585 3489 3623 cur
3518 3572 3710 3626 sidera

2115 3644 2353 3686 oriantur
2396 3644 2452 3687 et
2503 3637 2783 3699 occidant,
2817 3653 3000 3690 verum
3050 3642 3211 3692 etiam
3255 3655 3351 3693 cur
3391 3641 3577 3694 rutilus
3626 3645 3710 3696 sit

2115 3704 2423 3758 earumdem
2455 3717 2625 3760 ortus.
2663 3707 2895 3760 Primum
2928 3708 3141 3773 quidem
3167 3712 3319 3763 volvit
3353 3712 3589 3764 stabilem
3615 3730 3710 3766 or-

2116 3775 2221 3825 bem
2252 3789 2271 3828 :
2298 3777 2421 3845 quia
2452 3777 2715 3830 Convertit
2746 3778 2972 3841 caelum,
2999 3782 3140 3847 quod
3169 3795 3289 3833 cum
3332 3781 3519 3835 eadem
3552 3798 3710 3836 sein-

2120 3848 2607 3921 pertnaguitudine,
2634 3847 2821 3918 ﬁgura,
2842 3853 3165 3912 etmotione,
3180 3868 3339 3904 sensu
3354 3852 3557 3921 judice,
3576 3854 3703 3908 afﬁ-

2115 3918 2305 3979 ciatur,
2324 3918 2520 3973 idcirco
2535 3920 2725 3973 dicitur
2739 3921 2939 3973 stabile:
2957 3933 3234 3989 propterea
3248 3918 3387 3975 enim
3406 3933 3546 3975 terra
3562 3927 3701 3991 ipsa,

2118 4003 2263 4059 mare
2292 3999 2345 4040 et
2369 4004 2481 4054 aer,
2534 3991 2584 4042 in
2617 3990 2810 4053 quibus
2843 4002 3015 4043 tamen
3062 4007 3252 4059 magna
3281 4001 3363 4045 est
3402 3990 3700 4050 formarum

2118 4058 2448 4121 vicissitudo,
2476 4059 2677 4113 stabilia
2703 4074 2927 4128 Corpora
2969 4058 3244 4114 vocantur.
3281 4064 3483 4117 Deinde
3531 4080 3697 4120 causa

2114 4138 2195 4179 est
2216 4143 2311 4181 cur
2339 4129 2518 4183 sidera
2544 4132 2786 4183 otiantnr
2814 4142 2869 4184 et
2896 4133 3141 4184 occidant
3166 4150 3177 4185 :
3203 4134 3341 4186 sicut
3370 4138 3512 4187 enim
3549 4142 3702 4191 navis

2117 4198 2183 4251 :b
2211 4214 2269 4250 ea
2300 4216 2401 4267 qua
2441 4202 2879 4273 t-ircmnluuditur
2906 4218 3041 4271 aqua
3070 4203 3351 4268 abripitur,
3388 4208 3455 4258 ita
3487 4208 3699 4273 sidera,

2121 4273 2412 4341 prtcsertitn
2438 4286 2625 4337 opaea,
2660 4271 2961 4339 cujusmodi
2981 4284 3103 4325 sunt
3127 4276 3373 4341 planeta',
3402 4271 3701 4333 ett-ornem!

2116 4338 2184 4412 ab
2212 4356 2275 4392 eo
2299 4358 2402 4408 quo
2423 4338 2944 4406 cirrmnl'unduntur,
2973 4338 3160 4411 spiritu
3182 4348 3417 4399 conveni
3449 4361 3695 4412 possunt.

2119 4411 2291 4485 Poeta:
2306 4424 2483 4485 autem
2500 4424 2673 4485 ortum
2689 4414 3005 4483 obitumque
3020 4425 3284 4467 astrorum
3303 4411 3695 4485 describentes,

2118 4481 2228 4532 lia-c
2250 4492 2309 4555 et_
2330 4483 2395 4535 ab
2423 4484 2575 4551 aquis
2600 4498 2901 4552 emergere,
2923 4481 3063 4555 etin
3090 4501 3253 4555 aquas
3285 4498 3504 4555 peracto
3534 4481 3695 4544 cursu

2118 4551 2553 4629 revertihlingunt
2587 4570 2599 4605 :
2630 4555 2707 4608 sic
2734 4551 2881 4629 aiunt
2911 4572 2923 4606 :
2954 4553 3096 4629 _E_ois
3124 4551 3224 4629 qua
3270 4551 3344 4609 έυι
3376 4565 3607 4629 exsurgit
3634 4566 3697 4613 ab

2116 4623 2282 4696 undis.
2311 4622 2435 4677 Sese
2454 4626 2561 4677 alto
2588 4641 2685 4693 qua
2716 4627 2915 4696 gurgite
2936 4623 3117 4678 t'ollunt
3138 4622 3262 4680 solis
3286 4632 3420 4696 equi.
3447 4622 3695 4685 Croc-eunt

2114 4694 2342 4773 linquens
2374 4698 2569 4747 Aurora
2608 4695 2790 4750 cubile.
2836 4696 2967 4773 linit
2987 4697 3189 4773 Oceano
3220 4694 3344 4751 noxi.
3377 4701 3475 4753 Sol
3499 4720 3697 4773 quoque

2111 4774 2157 4813 et
2189 4766 2418 4840 exoriens
2445 4778 2490 4840 et
2520 4782 2630 4817 cum
2663 4784 2715 4818 se
2737 4769 2917 4840 condet
2951 4769 3004 4820 in
3045 4771 3225 4829 undas,
3262 4780 3391 4833 etc,
3426 4766 3695 4840 iidemque

2111 4849 2277 4900 aquas
2311 4837 2426 4888 illas
2457 4838 2506 4889 in
2536 4852 2669 4905 quas
2705 4838 2881 4891 sidera
2928 4855 2986 4891 se
3022 4840 3291 4901 condunt,
3325 4852 3519 4895 vocant
3561 4837 3692 4896 Hes-

2109 4906 2393 4978 periasiab
2422 4924 2483 4959 ea
2535 4908 2686 4978 stella
2719 4926 2835 4976 quae
2867 4922 3086 4961 vocatur
3127 4910 3387 4972 Hesperus
3436 4930 3455 4966 :
3506 4917 3694 4978 Inﬁma

2109 4978 2272 5041 enim,
2296 4977 2613 5043 iuqutt'l‘ull.
2632 4993 2665 5030 ιι
2684 4979 2875 5031 ili-Ant.
2914 4980 3157 5044 deorum,
3179 4984 3398 5050 quinque
3411 4990 3693 5037 errantium

2112 5052 2606 5127 ternaque-proxima
2633 5050 2781 5127 stella
2813 5049 3023 5103 Veneris
3060 5067 3171 5118 quae
3190 5054 3473 5127 φωσφόρος
3496 5054 3691 5119 Gra’ce,

2114 5116 2320 5191 Lucifer
2347 5118 2528 5171 Latine
2554 5119 2765 5191 dicitur,
2793 5138 2906 5172 tum
2953 5116 3302 5191 antegreditur
3331 5116 3498 5177 'solem
3528 5143 3547 5179 :
3578 5116 3692 5178 cum

2110 5188 2428 5311 subﬁqaitur
2465 5200 2666 5255 autent,
2720 5190 3002 5260 Hesperus.
3052 5188 3197 5246 Unde
3227 5193 3437 5263 Virgil.,
3465 5198 3569 5250 ecl.
3622 5213 3688 5261 ι,

2110 5274 2157 5309 v.
2286 5275 2300 5311 :

2108 5274 2300 5311 v.11:

2230 5350 2305 5399 lte
2329 5350 2522 5398 domum
2548 5359 2744 5412 saturae,
2769 5354 2901 5401 venit
2925 5353 3193 5415 lleSpt-rus,
3219 5354 3288 5403 ite
3311 5356 3532 5417 capellae.

2183 5433 2423 5503 Denique
2460 5436 2596 5488 idetn
2630 5437 2846 5504 spiritus
2877 5438 3091 5491 cllieere
3124 5450 3297 5501 potest
3320 5455 3415 5493 Cur
3445 5454 3587 5496 ortus
3612 5460 3686 5497 Sl-

2111 5503 2297 5557 dertun
2340 5506 2407 5557 sit
2457 5503 2668 5568 rutilus,
2710 5510 2985 5560 densando
3030 5508 3235 5563 scilicet
3286 5513 3364 5565 vel
3399 5513 3685 5566 relaxainlo

2110 5577 2296 5635 nubes,
2323 5577 2533 5643 quibus,
2568 5579 2765 5632 lumine
2816 5581 2959 5632 varie
2989 5583 3315 5646 modilicato,
3351 5584 3478 5636 varii
3530 5586 3680 5638 exhi-

2109 5646 2219 5699 beri
2252 5658 2472 5713 possnnt
2499 5648 2723 5701 colores.

2183 5718 2269 5770 18.
2305 5718 2442 5782 Quid
2472 5718 2644 5789 t°eris.J
2677 5719 2759 5771 Vl.
2790 5720 3003 5792 Boetius
3032 5721 3303 5792 subjungit
3346 5739 3405 5778 se
3451 5734 3680 5790 tempes-

2112 5794 2272 5858 tatem
2298 5802 2517 5839 vernam
2547 5793 2882 5857 cognovisse.
2913 5790 3042 5856 Ver,
3068 5790 3439 5858 utait‘Varro,
3473 5797 3507 5848 l.
3541 5812 3588 5848 tv
3617 5800 3675 5849 de

2110 5861 2146 5913 ῑ.
2182 5857 2247 5926 l.,
2274 5858 2351 5913 sic
2376 5858 2586 5924 dicitur,
2623 5863 2757 5927 quod
2782 5872 2887 5915 tum
2913 5862 3069 5917 virere
3101 5864 3351 5932 incipiant
3379 5857 3597 5933 virgulta
3622 5883 3677 5919 ac
