3998 6368
282 310 378 364 597

422 423 489 478 Ut
522 433 725 480 terram
758 427 929 483 roseis
960 427 1182 483 ﬂoribus
1207 442 1365 486 ornet
1397 450 1410 485 :

282 514 344 570 ΙΟ
442 517 548 591 21
589 516 728 584 Quid
755 517 902 573 dedit
930 529 988 574 ut
1015 520 1170 586 pleno
1192 521 1388 577 fertilis
1422 539 1564 578 anno

416 615 725 671 Autumnus
755 618 992 687 gravidis
1023 619 1212 675 inﬂuat
1244 623 1388 688 uvis,

417 705 620 761 Rimari
650 708 861 773 solitus,
887 721 1049 780 atque
1081 712 1297 768 latentis

415 797 631 853 Natura:
663 801 842 856 varias
872 802 1102 858 reddere
1128 819 1339 861 causas.

413 895 524 965 22
553 893 704 950 Nunc
727 894 870 964 jacet
895 896 1055 952 eﬂ‘eto
1087 899 1288 954 lumine
1318 902 1535 965 mentis,

265 985 360 1039 25-
416 984 486 1039 Et
515 1001 737 1055 pressus
762 987 1014 1056 gravibus
1038 989 1175 1044 colla
1205 993 1431 1060 catenis,

413 1075 793 1148 Declivemque
821 1093 1017 1148 gerens
1045 1081 1283 1150 pondere
1311 1082 1512 1138 vultum
1536 1124 1548 1146 ,

1201 314 1288 368 DE
1325 315 1847 373 CUNSULATIONE
1887 318 2365 376 PHILOSOPHLE
2408 323 2535 378 LIB.
2581 324 2616 378 l.

3462 332 3568 387 598

1895 440 1949 497 Α
2118 438 2357 508 Cogitur,
2390 441 2530 506 heu,
2563 441 2818 495 stolidam
2847 454 3070 495 cernere
3100 449 3316 496 terram.

2537 554 2646 624 23
2685 553 2904 609 PROS.\
2951 554 3008 607 ιι,

1981 606 2369 696 Attonitum-rgat.
2398 652 2468 696 έ-
2505 606 2846 694 Ρῖῖοεξιρὴἱα
2886 627 3069 678 medici
3099 643 3370 696 personant
3409 633 3570 684 susci-

2054 693 2219 760 piens,
2266 691 2444 746 Boetio
2486 691 2733 748 attentius
2761 691 3108 762 considerato,
3133 699 3365 752 eumdem
3415 701 3569 754 inter-

2053 775 2242 838 rogat;
2279 764 2370 818 sed
2399 766 2577 818 eodem
2622 776 2838 830 tacente,
2884 768 3092 838 conjicit
3123 769 3289 833 ipsum
3337 769 3570 825 laborare

2049 834 2302 904 lethargo,
2334 851 2479 902 quem
2515 847 2570 890 ut
2599 848 2757 899 curet,
2789 838 2931 890 illius
2971 834 3142 891 oculos
3170 841 3462 896 mortalium
3489 859 3568 895 re-

2045 920 2158 957 rum
2187 905 2318 958 nube
2348 908 2624 977 caligantes
2654 925 2745 960 sua
2775 919 2907 961 veste
2945 909 3177 979 detergit.

2043 995 2148 1051 Sed
2177 997 2192 1026 ⁸
2225 997 2506 1051 medicina:
2529 1039 2544 1064 ,
2575 999 2741 1066 inquit
2776 1008 2823 1066 α,
2859 997 2886 1036 ιι
2923 989 3134 1068 tempus
3161 1011 3265 1067 est,
3301 1019 3406 1059 non
3437 1019 3568 1072 que-

1973 1086 2119 1140 relm.
2162 1088 2182 1117 ¹
2213 1085 2348 1141 Tum
2399 1103 2528 1142 vero
2571 1098 2696 1143 tots
2725 1089 2776 1142 in
2811 1103 2897 1143 me
2936 1090 3137 1144 intenta
3173 1102 3193 1130 ο
3231 1092 3518 1147 luminibus
3550 1111 3563 1155 ;

1629 1183 2209 1241 INTERPRETATIO.

265 1263 450 1318 dantcr
475 1267 728 1341 fecundus
754 1271 964 1327 instillet
985 1275 1165 1328 vinum
1189 1277 1404 1330 racemis
1429 1279 1656 1341 tumidis,
1688 1286 1861 1331 suetus

266 1340 488 1419 scrutari
517 1344 801 1419 et_occullat
830 1355 1028 1419 naturis
1048 1362 1228 1419 causas
1259 1349 1483 1402 diversas
1509 1340 1716 1419 referre.
1745 1350 1859 1417 Ille,

268 1411 487 1490 utquam
506 1453 520 1475 ,
557 1409 772 1490 Boetius
792 1415 1207 1490 cteliquondam
1233 1409 1604 1490 terrarumque
1628 1409 1861 1490 peritus,

271 1476 424 1530 Nunc
439 1483 555 1532 lure
576 1485 757 1536 utentis
770 1476 1030 1540 debilitata
1038 1487 1179 1557 jacet
1213 1498 1296 1541 stu
1306 1489 1474 1556 pidtts.
1493 1476 1535 1542 ei
1556 1476 1715 1545 veluti
1739 1476 1862 1543 con;

339 1577 366 1640 Ρ
409 1568 784 1640 ξὴίιοεοριιίθ.

342 1639 369 1675 ι)
408 1639 647 1708 Tempus
673 1653 746 1696 est
775 1645 996 1699 sanandi
1014 1687 1028 1710 ,
1061 1662 1162 1700 non
1193 1648 1478 1704 inve/tendi.

1972 1282 2176 1356 strictus
2205 1284 2437 1356 piaculis
2485 1285 2786 1356 ponderosis
2843 1286 2981 1339 circa
3035 1287 3247 1351 collum,
3280 1287 3564 1355 habensque

1974 1351 2709 1428 faeiem‘depr‘essampropter
2729 1359 3030 1428 gravitatem
3056 1358 3408 1418 vinculorum,
3438 1351 3563 1427 proli

1976 1423 2126 1476 dolor
2152 1424 2172 1476 .’
2195 1425 2395 1496 coyitur
2415 1423 2646 1495 spectare
2666 1423 2857 1481 terram
2880 1439 3142 1495 parentem
3165 1431 3294 1481 tanti
3316 1423 3561 1496 stuporis.

2051 1587 2072 1615 ε
2119 1577 2312 1631 Oculis.

1781 1713 2012 1775 ΝΟΤᾹΞ.

273 1815 459 1889 seuere
490 1819 542 1857 se
574 1815 773 1889 tempus
816 1811 972 1871 anni,
1003 1809 1103 1862 nisi
1144 1812 1280 1889 quod
1319 1811 1483 1889 tene;
1523 1815 1699 1866 dicunt
1728 1814 1852 1889 βῆρ,
1898 1815 1942 1871 Β
1974 1807 2170 1887 quibus
2202 1816 2250 1857 ut
2277 1805 2500 1889 physici
2525 1806 2750 1889 student
2761 1807 3144 1889 _inquirendis,
3183 1811 3260 1865 sic
3294 1810 3576 1889 inquisivit

268 1874 502 1938 Tempus
548 1877 798 1931 omnibus
844 1888 1068 1944 notum,
1122 1874 1262 1948 q‘uo-l
1319 1884 1404 1937 hic
1454 1874 1863 1938 connucndatiir

263 1961 386 2020 cum
414 1961 443 1998 a
472 1948 684 2020 propria
715 1949 944 2014 ratione,
972 1961 1079 2003 tmn
1111 1957 1176 2002 ab
1207 1953 1488 2007 eli‘ecubus
1515 1956 1644 2009 suis.
1671 1959 1712 2009 A
1741 1971 1863 2020 pro-

263 2019 379 2083 pria
401 2018 623 2093 quidem
669 2021 899 2083 ratione,
933 2036 1052 2090 quae
1090 2022 1140 2074 in
1176 2023 1276 2078 hoc
1306 2035 1550 2079 versatur
1577 2029 1717 2093 quod
1745 2018 1864 2079 iver

263 2096 331 2140 δτι
363 2086 573 2152 placida
605 2097 919 2156 tempestas,
949 2086 1061 2146 sole
1095 2094 1344 2148 nimirum
1389 2105 1512 2149 tunc
1556 2086 1672 2150 dies
1728 2111 1854 2151 noc-

264 2156 404 2211 tibus
430 2169 681 2235 ieiunante
707 2161 885 2235 :nnde
907 2161 1102 2235 dicitur
1128 2182 1140 2216 :
1169 2167 1308 2229 Quid
1332 2167 1462 2219 veris
1481 2167 1712 2235 placidas
1739 2180 1864 2220 tem-

265 2239 400 2305 peret
444 2228 654 2305 horas:
692 2231 759 2285 ab
789 2231 1073 2305 eﬂ'ectilius
1122 2228 1252 2289 vero
1294 2228 1490 2305 nempe
1536 2253 1563 2289 a
1615 2239 1861 2304 ﬂoribus,

263 2301 459 2375 quibus
490 2302 766 2375 moderata
809 2303 900 2354 illa
947 2306 1069 2357 anni
1107 2314 1396 2375 tempestas
1426 2301 1636 2361 'terram
1677 2301 1859 2374 ornut,

263 2372 482 2438 quique,
535 2372 675 2439 quod
723 2389 968 2427 rosarum
1020 2372 1231 2430 colores
1281 2378 1549 2443 referant,
1606 2372 1862 2434 vocantur

260 2445 393 2495 rosei
425 2457 474 2494 ιι.
512 2445 790 2513 eleganter
823 2445 1056 2513 explicat
1086 2447 1274 2518 Virgil.
1315 2465 1348 2502 ιι
1373 2449 1595 2521 Georg,
1631 2467 1682 2507 ν.
1713 2452 1814 2506 125
1845 2468 1858 2503 :

382 2535 489 2583 Ver
513 2536 638 2583 adeo
663 2536 817 2585 frondi
838 2551 1110 2596 nemorum.
1140 2555 1229 2589 ver
1254 2544 1372 2592 utile
1397 2545 1533 2593 silvis
1558 2559 1570 2593 :

381 2596 521 2646 Vere
545 2605 734 2647 tument
761 2609 927 2664 terrae,
950 2613 998 2650 et.
1023 2605 1254 2664 genitalia
1272 2609 1458 2654 semina
1482 2617 1700 2668 poscunt.

322 2678 421 2732 20.
451 2680 591 2744 Quid
614 2681 749 2732 dedit
767 2691 888 2734 ut...
907 2695 1198 2739 autumnus.
1221 2685 1332 2740 VII.
1362 2687 1578 2741 Boetius
1591 2690 1860 2744 concludit

257 2763 315 2820 se
354 2755 565 2817 pariter
607 2753 925 2820 cognatiSse
970 2766 1311 2810 autumnum.
1342 2762 1630 2812 Autumnus
1677 2772 1856 2813 autem

258 2819 393 2899 sive,
419 2833 471 2872 ut
509 2819 753 2899 nottnulli
801 2825 1040 2899 scribere
1090 2827 1326 2899 malunt,
1360 2831 1698 2892 Auctumnus,
1742 2833 1860 2899 qui-

259 2890 519 2969 busdam,
550 2895 821 2947 referente
854 2894 1032 2969 Festo,
1058 2898 1138 2950 sic
1182 2890 1510 2966 appellatur,
1557 2890 1700 2969 quod
1733 2890 1858 2954 tunc

256 2963 494 3042 maxime
531 2974 829 3042 augeantur
873 2967 1143 3042 hominum
1187 2963 1335 3034 «ipes,
1375 2963 1587 3024 coactis
1604 2986 1856 3042 agrorum

254 3032 520 3087 fructibus
552 3050 565 3086 :
595 3035 738 3088 unde
761 3035 944 3106 Virgil.
976 3053 1010 3090 tt
1065 3032 1288 3110 σθω-8.,
1317 3032 1371 3095 v.
1402 3043 1507 3096 520
1537 3061 1548 3094 :

383 3127 570 3174 Glande
588 3140 706 3175 sues
731 3127 824 3178 laeti
843 3130 1056 3178 redeunt
1085 3147 1098 3180 :
1119 3132 1238 3180 dant
1257 3135 1427 3181 arbuta
1450 3133 1586 3184 silva:

384 3187 445 3237 Et
467 3192 623 3237 varios
639 3191 774 3251 ponit
800 3194 926 3240 tctus
941 3201 1200 3241 autumnus
1229 3208 1239 3242 :
1268 3203 1320 3243 et
1343 3197 1441 3243 alte

383 3251 513 3301 Mitis
533 3253 579 3298 iu
599 3254 776 3314 apricis
799 3255 1024 3314 coquitur
1047 3255 1289 3304 vindemia
1305 3259 1454 3306 saxis.

327 3333 482 3408 Unde
521 3335 682 3408 etiam
727 3346 998 3389 autumnus
1039 3352 1179 3391 nunc
1210 3352 1238 3390 a
1281 3339 1624 3408 Philosophia
1661 3341 1857 3395 dicitttr

283 3406 410 3459 leno
456 3406 638 3475 fertilis
659 3423 791 3460 anno
839 3408 1063 3475 gravidis
1085 3409 1298 3476 iii/luere
1333 3413 1441 3464 uvis
1465 3427 1482 3465 :
1508 3406 1684 3477 plenus
1709 3415 1853 3466 enim

283 3425 410 3459 seno
456 3425 638 3475 ιεηιιιδ
659 3425 791 3460 anno
839 3425 1063 3475 gravatis
1085 3425 1298 3476 tit/tuere
1333 3427 1441 3464 uvis
1465 3427 1482 3465 :
1508 3425 1684 3477 plenus
1709 3428 1850 3466 enim

252 3425 341 3532 iiic
370 3477 509 3531 idem
540 3477 680 3544 quod
713 3479 928 3547 refertus
959 3495 977 3532 :
1008 3480 1147 3532 sicut
1174 3479 1360 3552 Virgil.
1396 3498 1430 3534 tt
1461 3481 1683 3551 Georg,
1712 3500 1759 3536 ν.
1783 3486 1809 3537 ηίπ
1839 3501 1850 3535 :

377 3567 486 3633 ﬂuc
509 3575 672 3633 pater,
698 3582 728 3616 ο
748 3568 960 3633 Lemne:
991 3571 1088 3618 tuis
1108 3571 1186 3619 hic
1210 3574 1368 3620 omnia
1397 3574 1542 3633 plena

375 3630 682 3695 gruneribus,
714 3632 799 3679 tibi
824 3633 1083 3695 pampineo
1105 3635 1331 3695 gravidus
1354 3630 1589 3685 autumno

374 3691 548 3741 Floret
568 3691 709 3754 ager,
725 3691 916 3755 Spumat
937 3691 1360 3756 plenis'vindomia
1386 3697 1550 3748 labris.

325 3775 559 3843 lnﬂuere
582 3793 714 3832 vero
738 3778 879 3832 idem
898 3778 1038 3847 quod
1060 3781 1320 3835 abundare
1346 3798 1364 3835 :
1388 3785 1525 3836 sicut
1549 3783 1752 3840 Seneca
1778 3784 1850 3839 ait

255 3849 479 3919 fortuna;
506 3849 769 3919 inﬂuentis
797 3851 952 3902 dona.

319 3919 411 3970 2:.
442 3917 688 3990 [limam]
712 3919 1054 3985 Persarutari,
1074 3922 1274 3991 penitis
1297 3921 1575 3992 inquirere:
1593 3925 1682 3990 qui
1705 3927 1846 3980 enini

253 4003 461 4043 natura:
486 4006 681 4044 causas
714 3995 923 4054 penitus
952 3994 1202 4059 inquirit,
1230 3995 1274 4047 is
1304 3994 1470 4047 inStar
1500 3996 1648 4048 (ξειιιίς
1683 4013 1843 4049 νθιιει-

254 4059 344 4136 tici
397 4063 576 4136 omnia
623 4061 785 4136 debet
815 4065 1102 4136 _|u5trare:
1163 4065 1304 4118 unde
1354 4062 1628 4133 Physicus,
1678 4067 1849 4136 inquit

253 4133 468 4184 Orator.
501 4148 516 4185 t
546 4132 614 4186 de
641 4131 760 4186 Nat.
795 4132 1049 4198 deorum,
1096 4143 1179 4189 est
1226 4131 1513 4206 speculator
1545 4131 1848 4206 venatorque

253 4213 472 4256 naturae.

319 4271 411 4326 25.
450 4273 669 4326 Natura:
699 4273 865 4328 varias
891 4275 1107 4329 reddere
1133 4273 1359 4344 causam]
1387 4276 1586 4330 Natura
1609 4292 1636 4329 a
1665 4296 1730 4330 na
1759 4296 1847 4332 cor

253 4342 470 4407 dicitur,
519 4358 589 4418 ut
622 4347 772 4418 φύσις
817 4362 847 4398 a
895 4349 1006 4418 φύω
1045 4365 1058 4400 :
1101 4363 1267 4416 quare
1298 4342 1517 4410 natura,
1551 4366 1600 4401 ιιι
1647 4366 1845 4418 genere

252 4428 430 4469 causa
455 4416 758 4479 elficietttis,
784 4416 1068 4480 estcausa,
1093 4433 1119 4469 a
1143 4436 1243 4486 qua
1273 4435 1381 4478 res.
1407 4416 1702 4486 praesertim
1727 4437 1844 4474 sen-

253 4486 387 4557 silis,
421 4488 659 4540 nascitur
687 4506 697 4538 :
730 4488 781 4540 in
809 4502 1004 4557 genere
1036 4505 1163 4542 vero
1195 4489 1408 4550 formai,
1435 4501 1621 4542 natura
1645 4491 1843 4544 dicitur

254 4555 412 4634 insita
437 4557 724 4634 Cujuslibet
749 4555 991 4634 corporis
1027 4560 1235 4634 forma,
1275 4578 1376 4634 qua
1411 4561 1541 4634 illud
1571 4576 1600 4613 a
1629 4564 1836 4615 caeteris

252 4628 628 4702 distinguatur.
653 4629 742 4702 Sic
763 4629 1038 4702 conciliari
1067 4641 1288 4698 possunt
1312 4628 1683 4694 ili-crepantes
1711 4635 1833 4702 phi-

253 4697 598 4771 losophorutn
629 4701 914 4768 opiniones
947 4718 960 4754 :
987 4699 1247 4769 Namque,
1278 4703 1446 4771 inquit
1474 4703 1681 4756 Tullius
1704 4697 1736 4756 it
1767 4706 1834 4755 de

251 4767 375 4843 Nat.
404 4770 648 4834 deorum,
669 4767 768 4823 alii
795 4780 1028 4825 naturam
1054 4767 1256 4827 censent
1295 4767 1404 4825 esse
1428 4772 1527 4825 vim
1555 4776 1834 4843 quamdam

249 4839 362 4892 sine
384 4851 578 4894 ratione
604 4843 813 4895 cientem
842 4853 1007 4896 motus
1049 4845 1100 4896 in
1134 4844 1429 4910 carperibus
1469 4839 1701 4897 necessar
1725 4864 1780 4898 os
1813 4864 1832 4903 ε

251 4910 345 4982 alii
388 4922 553 4964 autem
600 4913 704 4964 vim
751 4914 1052 4982 participem
1096 4917 1312 4968 ratouis
1363 4923 1514 4982 atqtte
1563 4917 1825 4969 ordinis...

253 4980 387 5052 tium
415 4994 582 5035 autem
610 4985 698 5052 qui
739 4980 911 5036 Omnia
953 4995 1154 5039 natura:
1200 4987 1400 5039 nomine
1431 4980 1697 5048 appellent
1722 5028 1736 5050 ,
1774 5000 1828 5040 ut

251 5049 524 5119 Epicurus,
549 5049 636 5122 qui
659 5055 731 5108 ita
769 5055 948 5107 dividit
979 5060 1207 5109 omnium
1227 5097 1243 5120 ,
1278 5071 1392 5124 qua:
1423 5057 1523 5108 sint
1545 5098 1559 5120 ,
1589 5049 1827 5110 naturam

248 5139 356 5175 esse
379 5141 592 5194 corpora
618 5135 666 5178 et
689 5126 1083 5195 inane,quaeque
1109 5127 1187 5181 liis
1207 5128 1460 5181 accidant.
1483 5128 1698 5181 Scilicet
1731 5148 1825 5182 na—

253 5205 368 5246 tura
397 5196 448 5248 in
484 5211 683 5266 genere
709 5211 910 5260 causa},
943 5199 1134 5264 duplex
1168 5209 1283 5259 est,
1319 5199 1569 5251 nimirum
1621 5199 1786 5264 prima
1810 5242 1825 5266 ,

250 5279 436 5338 nempe
461 5272 618 5329 licus,
640 5269 788 5338 cujus
809 5269 1066 5321 solertiam
1083 5312 1095 5334 ,
1117 5270 1286 5338 inquit
1305 5269 1442 5322 idem
1467 5283 1648 5323 oratur
1670 5270 1820 5334 ibid.,

247 5335 388 5410 nulla
415 5356 520 5404 ars,
553 5335 709 5391 nulla
746 5354 947 5405 manus,
983 5357 1126 5393 nemo
1166 5335 1338 5410 opifex
1384 5344 1624 5394 consenui
1667 5344 1825 5408 possit

247 5407 484 5480 imitando
513 5426 532 5464 :
563 5419 620 5463 et
640 5411 908 5476 secunda,
938 5407 1478 5480 videlicetquoddam
1506 5426 1703 5480 corpus
1744 5412 1824 5466 di-

248 5477 438 5534 vinitus
467 5489 672 5534 motum
706 5499 717 5532 :
768 5486 867 5534 hoc
895 5481 1037 5535 enim
1070 5484 1142 5535 vis
1182 5477 1254 5536 est
1301 5481 1410 5535 sine
1458 5477 1657 5536 ratione
1686 5485 1822 5538 ciens

250 5560 408 5604 motus
432 5554 485 5606 in
514 5553 725 5621 reliquis
763 5555 1059 5622 corporibus
1091 5554 1419 5606 necessarios.
1452 5552 1520 5605 At
1553 5564 1738 5607 natura
1769 5554 1820 5607 itt

246 5632 435 5686 genere
458 5626 642 5677 forma:
672 5632 756 5677 est
788 5623 1202 5692 unumquodque
1224 5639 1440 5691 corpus,
1467 5631 1522 5676 et
1545 5623 1593 5676 si
1621 5624 1689 5677 ita
1715 5625 1824 5692 pla-

247 5703 331 5764 cet
355 5692 601 5762 Epicuro,
626 5694 790 5748 atomi
811 5703 864 5749 et
891 5697 1069 5749 inane.
1095 5695 1362 5762 Quidquid
1391 5697 1489 5754 sit,
1517 5711 1622 5747 non
1650 5699 1824 5764 agitur

249 5757 336 5811 hic
362 5757 453 5817 nisi
480 5768 546 5820 de
569 5757 757 5819 natura
779 5805 793 5828 ,
825 5765 876 5819 in
905 5757 1337 5835 genere—tortum.
1367 5765 1491 5818 Hth
1519 5757 1711 5819 autcui
1729 5782 1818 5818 na-

251 5837 359 5883 tura
400 5836 623 5889 obscura
674 5837 885 5903 quidem
932 5849 1046 5902 est,
1079 5839 1173 5893 sed
1220 5852 1344 5892 suas
1405 5835 1558 5892 habet
1604 5850 1815 5901 causas,

1968 1892 2082 1940 eas,
2114 1876 2419 1941 invenitque
2465 1878 2700 1931 BoetiUs.
2737 1878 2892 1939 lia-c.
2929 1878 3176 1948 inquam,
3224 1876 3409 1934 natura
3460 1882 3562 1935 ob-

1969 1964 2124 2000 scura
2155 1959 2237 2001 est
2263 1964 2276 2002 :
2303 1949 2426 2021 quia
2459 1962 2562 2021 non
2583 1950 2828 2021 generali
2862 1949 3155 2008 duntaxat.
3184 1953 3276 2005 sed
3302 1953 3560 2021 singulari

1967 2019 2128 2072 debet
2155 2019 2355 2086 percipi
2379 2019 2723 2087 cogitatione,
2747 2036 2864 2086 qua:
2895 2030 3077 2086 utpote
3101 2024 3166 2074 ab
3195 2019 3414 2076 inlinitis
3439 2038 3560 2089 νιος

1970 2090 2255 2156 petundum
2311 2089 2581 2158 adjuuctis
2633 2091 2894 2158 pendens,
2952 2091 3272 2147 dillitttllitne
3325 2094 3558 2146 obtineri

1969 2171 2165 2226 potest.
2200 2163 2336 2215 Suas
2379 2174 2556 2213 tamen
2605 2171 2829 2225 natura,
2863 2160 2977 2214 btec
3009 2162 3170 2217 habet
3208 2180 3395 2216 causas
3428 2181 3440 2216 :
3477 2169 3560 2217 tti-

1969 2231 2039 2284 bil
2079 2232 2223 2286 enim
2273 2233 2328 2283 tit
2358 2231 2475 2284 sine
2525 2246 2620 2283 sua
2660 2247 2842 2286 causa.
2887 2231 2977 2285 llis
3018 2233 3196 2288 can-is
3230 2235 3559 2300 inquiteuditt

1967 2301 2184 2356 student
2207 2301 2446 2372 physici,
2479 2305 2883 2372 ttt_qu:inu|am,
2914 2318 3016 2368 qua
3060 2320 3089 2356 a
3137 2313 3251 2358 cmt-
3276 2319 3349 2358 ι·ιὸ
3388 2306 3559 2357 humi-

1967 2374 2122 2426 nibus
2150 2370 2520 2437 secernuntur,
2537 2370 2844 2427 felicitatem
2859 2372 2958 2426 sibi
2980 2377 3184 2446 possint
3204 2392 3518 2445 comparare
3545 2395 3555 2428 :

1972 2459 2094 2497 nam

2154 2535 2292 2586 Felix
2317 2537 2399 2598 qui
2423 2537 2574 2597 potuit
2595 2549 2758 2585 rerum
2783 2550 2810 2585 c
2829 2551 3086 2597 ignoscere
3109 2553 3296 2590 causas.

2043 2622 2146 2675 llas
2199 2622 2431 2687 denique
2480 2635 2670 2675 causas
2719 2634 3029 2690 persttectas
3082 2625 3265 2678 Itahllll
3320 2625 3554 2691 Boetius,

1964 2695 2164 2758 quippe
2197 2694 2283 2756 qui
2316 2694 2494 2744 rimari
2529 2691 2708 2743 solitus
2739 2696 2932 2746 caelum
2964 2706 3284 2763 terramque.
3331 2711 3556 2751 consue-

1973 2775 2124 2818 verat
2157 2765 2226 2816 lat
2260 2764 2359 2816 ntis
2393 2772 2593 2815 natura:
2622 2763 2787 2815 rarius
2817 2764 3028 2818 reddere
3059 2781 3257 2818 causas.
3289 2767 3389 2818 Sed
3421 2769 3552 2824 heu!

2037 2834 2128 2886 9.4.
2168 2833 2323 2888 Nunc
2345 2833 2531 2905 jacet]
2565 2833 2710 2886 Mens
2745 2835 2972 2886 humana
3003 2835 3081 2888 sic
3110 2840 3283 2888 media
3307 2847 3388 2889 est
3422 2842 3556 2893 inter

1966 2904 2167 2967 Deum,
2202 2921 2230 2957 a
2260 2904 2367 2972 quo
2398 2904 2608 2957 condita
2643 2913 3013 2978 conservatur,
3047 2917 3099 2958 et
3149 2922 3362 2970 ctu-pus,
3396 2909 3553 2978 Cujus

1965 2988 2047 3030 est
2076 2979 2278 3038 l'ortna,
2311 2985 2364 3028 ut
2411 2991 2516 3043 quo
2561 2977 2730 3043 magis
2775 2974 2902 3034 Deo,
2928 2986 3019 3028 aut
3065 2983 3273 3042 Corpori
3319 2974 3552 3033 moventi

1965 3048 2299 3114 obsequitur,
2331 3061 2396 3098 eo
2426 3048 2592 3111 magis
2630 3061 2790 3112 gnara
2825 3046 2949 3110 fiat,
2977 3058 3067 3099 attt
3093 3050 3271 3116 ignara
3307 3067 3318 3098 :
3353 3048 3552 3115 (.‘orpus

1965 3119 2098 3170 enim
2119 3159 2134 3181 ,
2161 3127 2218 3169 ut
2244 3117 2438 3169 dit-itur
2464 3117 2592 3185 Sap.
2625 3133 2696 3176 ιχ,
2728 3118 2864 3181 quod
2912 3120 3274 3181 corrumpitur,
3308 3133 3551 3184 πέμψαι-αι

1885 3201 1934 3261 C
1965 3190 2226 3250 animant,
2255 3201 2302 3240 et
2325 3198 2538 3261 _terrena
2581 3187 2825 3261 habitatio
2867 3189 3103 3261 deprimit
3145 3206 3348 3242 sensum
3391 3194 3551 3244 multa

1964 3262 2286 3326 cogitantem.
2324 3259 2461 3311 Deus
2489 3273 2636 3317 vero.
2671 3259 2828 3311 Joan.
2861 3275 2908 3321 l,
2943 3260 3199 3312 illuminat
3227 3277 3425 3313 omnem
3454 3263 3550 3315 lto-

1963 3332 2148 3383 minetn
2177 3330 2448 3382 venientem
2498 3332 2548 3380 in
2579 3331 2718 3381 hunc
2751 3333 3017 3383 mundum.
3052 3333 3184 3383 illuc.
3221 3334 3550 3396 perturbatio

1965 3412 2112 3456 recte
2145 3416 2282 3454 nunc
2317 3401 2625 3466 perbiln-tur
2655 3401 2879 3454 teddcic
2907 3401 3110 3464 effetum
3144 3406 3312 3455 lumen
3340 3407 3546 3468 utentis,

1961 3485 2012 3527 et
2037 3474 2204 3526 instar
2227 3472 2457 3544 gravium
2501 3483 2796 3523 catenarum
2821 3472 3011 3524 rultum
3041 3473 3108 3524 ad
3153 3482 3344 3544 terram
3381 3477 3548 3540 depri-

1960 3560 2093 3595 mere
2115 3559 2134 3597 :
2166 3548 2258 3596 sed
2288 3543 2502 3596 Boetius
2529 3543 2727 3594 dicitur
2750 3543 2939 3595 catenis
2957 3559 3159 3608 pressus
3175 3543 3331 3604 colla,
3360 3550 3546 3612 supple

1957 3614 2237 3668 secundum
2269 3616 2461 3668 :Sicut
2496 3613 2678 3682 Virgil.
2710 3614 2780 3664 Us
2806 3618 3138 3681 numerosque
3170 3614 3276 3667 Deo
3302 3617 3504 3668 simi/is.

2029 3709 2044 3738 ί
2089 3707 2363 3761 Medicina:
2411 3717 2606 3775 t'mpus
2651 3716 2740 3758 est.
2782 3704 2796 3776 ]
2853 3705 2918 3759 Ut
2964 3707 3211 3772 corporis
3242 3709 3318 3761 sic
3353 3711 3546 3762 tuentis

1956 3794 2064 3831 sum
2093 3789 2217 3831 sunt
2247 3777 2615 3846 :Pgritudines,
2648 3777 2996 3849 quamobrem
3039 3793 3132 3849 sua
3163 3789 3242 3829 est
3273 3781 3545 3849 utriusque

1956 3849 2254 3902 incdit-ina:
2291 3849 2432 3901 unde
2459 3851 2498 3901 (Σ
2521 3865 2571 3899 c.
2621 3862 2674 3900 ιιι
2707 3847 2864 3899 'l‘usc.
2898 3863 3014 3914 qq.,
3065 3846 3320 3900 Medicina
3350 3846 3543 3915 animi,

1956 3920 2144 3987 inquit,
2175 3936 2266 3971 cur
2305 3936 2409 3971 non
2457 3928 2560 3972 tam
2587 3919 2892 3989 desiderata,
2925 3927 3027 3968 tam
3047 3920 3216 3989 culta,
3248 3931 3349 3970 tam
3374 3933 3541 3989 grata,

1953 4001 1997 4043 et
2017 3991 2226 4060 probata
2247 4007 2401 4059 quam
2436 3989 2703 4057 corporis?
2747 3987 3087 4052 PhiluSophia
3115 4002 3317 4054 autem,
3355 3987 3542 4059 apo..-

1951 4079 2069 4126 qtne
2103 4064 2154 4113 in
2183 4060 2504 4130 cogitatione
2534 4071 2803 4120 versatur,
2839 4062 3037 4113 mentis
3065 4073 3280 4113 ext-reet
3313 4063 3543 4116 incdit-i-

1952 4146 2103 4193 nam;
2138 4132 2436 4186 observatis
2468 4142 2645 4185 tamen
2688 4131 2751 4184 iis
2781 4145 2900 4199 quae
2927 4147 2955 4182 a
2996 4132 3215 4183 medicis
3249 4146 3538 4200 corporum

1949 4204 2230 4256 observari
2262 4204 2465 4256 solent:
2503 4205 2550 4254 lit
2585 4203 2727 4254 enim
2753 4243 2766 4262 ,
2808 4203 2861 4254 1“
2888 4217 3060 4269 aegros
3083 4202 3335 4255 attentius
3362 4205 3538 4258 consi-

1948 4272 2165 4327 detant:
2194 4290 2314 4327 nam
2335 4274 2529 4326 medico
2551 4273 2786 4341 diligenti
2805 4314 2817 4330 ,
2841 4273 3006 4340 inquit
3035 4273 3242 4326 'l'ullius
3270 4288 3306 4326 tt
3330 4275 3398 4329 de
3419 4277 3534 4341 0r.,

1949 4345 2250 4413 priusquam
2282 4355 2491 4397 conetur
2516 4360 2651 4414 (egro
2681 4344 2923 4396 adhibere
2951 4343 3257 4395 nti-dicinam
3277 4385 3292 4408 ,
3327 4361 3424 4397 non
3459 4363 3540 4399 so-

1949 4416 2051 4466 lum
2075 4418 2280 4468 morbus
2301 4417 2434 4486 ejus,
2452 4418 2534 4467 cui
2556 4415 2742 4467 mederi
2760 4415 2849 4466 vol
2871 4426 2907 4476 t,
2937 4417 3026 4466 sed
3042 4415 3199 4486 etiam
3219 4419 3540 4470 consuetudo

1945 4486 2037 4538 val.
2057 4488 2156 4538 utis
2180 4500 2224 4539 et
2257 4484 2439 4539 natura
2470 4488 2697 4552 Corporis
2727 4484 3083 4555 cognoscenda
3125 4496 3242 4549 est;
3271 4486 3334 4538 ‘2"
3366 4503 3539 4555 (egros

1952 4557 2322 4625 alloquuntur,
2376 4569 2432 4610 ut
2485 4557 2624 4626 quod
2667 4571 2759 4609 sua
2821 4557 3170 4608 meditatione
3215 4571 3537 4625 cognoscere

1870 4605 1919 4662 λ)
2400 4605 2514 4681 tatul
2532 4628 2599 4681 de
2631 4627 2821 4679 morbo
2853 4641 3010 4690 quam
3033 4625 3101 4679 de
3143 4605 3534 4684 consiietudiue

1940 4699 2166 4751 valentis
2192 4709 2246 4752 et
2297 4709 2483 4752 natura
2537 4699 2799 4765 corporis.
2854 4697 2903 4749 id
2941 4699 3340 4761 percunctat‘tdo
3367 4711 3420 4752 ct
3448 4703 3524 4753 in-

1949 4771 2269 4837 terroqmdo
2310 4770 2558 4833 eliciant;
2605 4771 2666 4823 5°
2714 4767 2871 4836 tegi-is
2909 4771 3206 4836 praesertim
3253 4771 3534 4824 silentibus

1939 4857 2152 4894 tnauutn
2192 4842 2496 4906 admovent,
2529 4850 2582 4893 ut
2610 4849 2751 4892 tactu
2778 4839 2979 4907 judice,
3016 4840 3268 4906 praedicta
3311 4843 3531 4896 evulen-

1939 4912 2042 4964 tius
2075 4922 2469 4980 cognoscantur
2499 4929 2511 4964 :
2547 4920 2758 4963 inventa
2792 4911 2933 4962 enim
2984 4911 3152 4963 morbi
3185 4927 3346 4965 cauSa
3377 4929 3532 4966 cura-

1936 4983 2134 5036 tionem
2166 4997 2287 5036 csse
2318 4983 2588 5035 inventam
2623 4981 2813 5034 medici
2844 4989 3062 5049 putant;
3093 4980 3155 5032 40
3201 4999 3373 5051 aegros
3405 5000 3532 5035 cun-

1933 5054 2196 5119 solantur,
2247 5053 2449 5106 causali
2484 5063 2574 5106 aut
2624 5053 2826 5106 nullutn
2857 5067 2979 5105 esse
3009 5053 3278 5116 morbum,
3319 5065 3409 5106 aut
3438 5070 3530 5107 cu-

1935 5125 2196 5177 rationem
2240 5124 2355 5191 t'jllS
2412 5138 2532 5193 esse
2585 5122 2796 5177 facilem
2838 5140 2849 5175 :
2915 5122 3107 5176 Medici
3159 5127 3302 5179 cuitu
3362 5126 3529 5193 inquit

1928 5197 2142 5251 Orator.
2177 5210 2210 5247 tt
2237 5186 2302 5248 de
2354 5186 2493 5258 Div...
2527 5210 2820 5263 quanquam
2837 5208 2972 5260 swpe
3015 5193 3330 5264 inteltigunt,
3363 5186 3528 5247 tamen

1928 5282 2190 5330 nunquant
2225 5265 2372 5334 (agris
2420 5266 2616 5331 dicunt,
2667 5281 2726 5318 eo
2776 5267 2949 5316 morbo
2985 5281 3069 5317 eos
3095 5280 3202 5316 esse
3234 5267 3524 5318 morituros.

1929 5338 2085 5405 Atqui
2120 5341 2188 5388 ita
2223 5336 2566 5403 Philosolihia
2609 5352 2748 5388 nunc
2779 5351 2836 5387 se
2857 5337 2994 5402 gerit
3020 5349 3142 5401 erga
3175 5336 3212 5387 Β
3237 5337 3442 5405 -e_tinm.

2001 5403 2030 5438 ²’
2062 5406 2192 5459 Tum
2246 5422 2361 5459 vero
2393 5407 2512 5459 tatis
2557 5409 2608 5459 in
2642 5422 2720 5458 me
2744 5408 2936 5458 intenta
2968 5403 3293 5474 luminibus.]
3325 5406 3362 5458 Ι.
3400 5407 3494 5459 Phi

1930 5478 2171 5544 Iosephia
2206 5477 2444 5530 Boetium
2487 5479 2743 5530 attentius
2789 5477 3093 5529 considerat
3126 5492 3139 5526 :
3176 5488 3231 5528 ut
3275 5479 3406 5529 facta
3439 5489 3521 5528 at-

1931 5551 2168 5603 tentione
2200 5565 2303 5602 non
2340 5550 2510 5600 solum
2545 5548 2789 5600 morbum
2824 5547 3011 5608 Boetii,
3042 5545 3126 5598 cui
3154 5547 3356 5600 mederi
3387 5549 3518 5611 vult,

1927 5622 2022 5675 sed
2048 5621 2209 5675 etiam
2252 5619 2695 5674 c0usuetudinem
2731 5617 2981 5680 valentis,
3012 5626 3064 5668 rt
3091 5627 3334 5670 naturam
3367 5635 3511 5672 men-

1929 5694 1996 5745 tis
2033 5702 2321 5761 cognoscat
2358 5709 2370 5743 :
2405 5689 2629 5761 attentio
2665 5687 2859 5761 quippe
2886 5687 3050 5761 animi
3085 5686 3153 5740 ita
3190 5693 3402 5756 prapria
3439 5697 3520 5746 est

1929 5755 2316 5830 philos'ctphiai,
2371 5769 2426 5812 ut
2483 5760 2579 5812 hac
2610 5755 2980 5830 praecipitatio
3026 5769 3079 5810 et
3123 5755 3521 5827 piarjudiciuta,

1930 5828 2272 5888 iul'ensissitni
2317 5833 2554 5883 veritatis
2606 5828 2941 5883 invenienda:
2975 5831 3180 5896 hostes,
3217 5835 3459 5885 vitentur
3505 5847 3518 5884 .'
