3998 6368
265 336 359 393 σοι
810 324 811 327 ‘
1201 341 1291 396 DE
1330 337 1849 397 CONSOLATIONE
1894 338 2367 395 Puttosornta:
2412 340 2536 395 LIB.
2580 342 2620 395 ι.

1891 456 1939 512 Δ

746 452 853 524 26
891 450 1181 510 usruou
1218 453 1249 486 υ
1287 453 1374 507 ιιι.

266 563 666 618 Αιιαυιιειιιτυιι.
705 594 771 601 -
802 562 1011 617 Boetius
1055 564 1191 617 canit
1217 580 1291 629 se,
1340 566 1597 631 aspirante
1635 561 1864 615 Philoso-

336 633 480 699 phia,
513 636 587 687 sic
634 632 951 687 illustratum
993 636 1170 698 fuisse,
1204 637 1335 687 sicut
1363 635 1579 686 nubibus
1610 645 1756 686 vento
1777 634 1862 701 [tt-

329 704 489 776 gatis,
522 715 657 758 terra
683 706 952 775 pristinam
980 714 1246 772 recuperat
1271 708 1455 759 lucem.

403 814 560 871 Tunc
586 830 674 870 me
698 815 939 870 discussa
971 816 1241 885 liquerunt
1280 823 1437 872 nocte
1465 816 1722 880 tenebrze,

478 906 904 973 Luminibusque
935 906 1083 975 prior
1108 906 1266 961 rediit
1286 907 1471 976 vigor:

3458 342 3565 400 602

2120 449 2190 504 Ut
2218 465 2339 503 cum
2376 451 2635 517 principiti
2666 450 2833 521 glonir
2847 460 3033 507 rantur
3064 451 3239 507 sidera
3268 449 3433 521 Coro,

2184 543 2288 612 27
2319 542 2696 611 Nimbosisque
2722 544 2875 612 polus
2897 544 3044 597 stetit
3074 542 3366 608 imbribus,

2079 633 2111 686 5
2138 632 2229 687 Sol
2254 634 2405 698 latet,
2436 647 2500 687 ac
2522 633 2757 687 nondum
2781 634 2922 688 coelo
2942 632 3280 688 venientibus
3309 634 3488 697 astris,

2183 726 2424 795 Desuper
2453 726 2507 780 in
2539 734 2735 780 terram
2767 741 2870 780 nox
2903 725 3161 780 funditur.

2112 816 2256 870 llanc
2284 817 2329 870 si
2355 816 2605 871 Threicio
2636 817 2834 870 Boreas
2867 818 3099 870 emissus
3130 817 3197 868 ah
3227 826 3383 868 antro

2188 908 2468 973 Verberat,
2500 916 2554 962 et
2580 910 2822 962 clausum
2852 917 3057 963 reseret
3084 907 3251 969 diem,

1636 1016 1932 1073 INTERPR
1943 1018 2214 1073 ETATIO.

331 1109 508 1177 Tunc,
564 1109 736 1177 inquit
780 1108 1019 1171 Boetius,
1069 1108 1287 1160 tenebrat
1312 1108 1649 1160 discesserunt
1679 1125 1709 1158 a
1743 1123 1851 1171 me,

253 1182 477 1249 caligine
496 1176 781 1247 dissipata,
812 1191 859 1233 et
888 1180 978 1233 tua;
1007 1179 1223 1243 pristina
1251 1179 1452 1230 revertit
1484 1176 1645 1249 iaculis
1677 1178 1809 1230 meis
1834 1196 1847 1230 :

252 1246 691 1321 quemadmodum
717 1251 926 1318 quando
954 1251 1113 1303 stellio
1140 1250 1465 1301 involvuntur
1507 1265 1539 1300 a
1578 1246 1712 1301 Coro
1763 1265 1850 1300 ra-

1964 1109 2104 1174 pido,
2142 1118 2308 1163 vento
2332 1110 2580 1171 occiduo,
2609 1120 2654 1162 et
2683 1109 2865 1162 caelum
2896 1109 3093 1163 relatur
3121 1109 3334 1160 nubibus
3363 1106 3563 1175 pluvia-

1960 1195 2072 1231 rum
2106 1181 2361 1248 fecundis.
2394 1183 2473 1233 sol
2501 1181 2858 1245 absconditur,
2885 1189 2935 1233 et
2965 1195 3067 1232 nox
3093 1179 3240 1233 irruit
3269 1194 3332 1230 ex
3358 1177 3561 1232 sublimi

1963 1254 2013 1302 in
2043 1250 2278 1307 humum.
2312 1251 2372 1305 Si
2405 1250 2596 1305 Boreas
2626 1260 2803 1304 ventus
2836 1266 2901 1305 ea:
2924 1251 3173 1320 spelunca
3215 1248 3437 1303 Thracia
3467 1264 3556 1301 or-

1796 1338 2019 1393 NOTAE.

258 1452 387 1493 vero
430 1437 487 1490 in
533 1451 718 1505 rugam
756 1444 907 1499 veste,
940 1432 1041 1487 hoc
1088 1441 1190 1505 est,
1237 1430 1853 1505 verbisphilosophicis

259 1508 505 1563 oratione
558 1501 903 1575 conjunctis:
953 1518 1051 1558 usu
1086 1503 1284 1575 quippe
1330 1501 1682 1575 cogitationes
1726 1516 1848 1557 cum

263 1580 463 1639 verbis,
490 1572 687 1645 quibus
717 1575 1002 1644 signiﬁcari
1036 1575 1236 1637 solent,
1269 1574 1336 1626 ita
1354 1572 1808 1645 cotijtittctmstiitt
1833 1614 1846 1636 ,

263 1662 323 1705 ut
348 1642 649 1715 saepissime
704 1642 797 1699 has
854 1646 1225 1714 cogitationes,
1252 1659 1379 1705 non,
1440 1642 1539 1697 nisi
1569 1644 1745 1698 verbis
1794 1644 1848 1715 in

275 1714 581 1774 memoriam
612 1719 897 1778 revocatis,
924 1715 1309 1769 recordemur:
1350 1727 1507 1781 supra
1544 1727 1720 1767 autem
1771 1714 1851 1767 di-

270 1805 407 1847 ctum
422 1798 501 1844 est
514 1796 695 1842 vestes
720 1787 1076 1856 Philosophia:
1097 1800 1217 1839 esse
1241 1799 1399 1838 voces
1429 1784 1847 1853 phlosophicas.
1888 1802 1931 1859 ῃ

339 1891 359 1908 ⁸
392 1882 619 1937 Carmen
649 1882 908 1934 constans
946 1894 1012 1931 ex
1044 1876 1237 1946 duplici
1268 1891 1468 1945 genere
1497 1891 1747 1930 versuum
1779 1876 1855 1929 al-

266 1966 562 2016 ternorum,
595 1966 822 2020 quorum
857 1951 1002 2016 prior
1023 1949 1333 2020 hexaineter
1365 1946 1643 2020 heroicus;
1686 1956 1855 2015 poste-

262 2028 377 2080 rior
407 2018 743 2085 tetraineter,
773 2020 927 2089 cujus
955 2030 1184 2089 quatuor
1225 2019 1389 2086 pedes
1421 2018 1697 2071 imitantur
1715 2033 1853 2086 qua-

260 2108 380 2151 tuor
407 2096 616 2161 primos
649 2092 1054 2147 heloicivcrsus
1074 2090 1256 2160 pedes,
1284 2090 1649 2157 frequentiore
1671 2097 1849 2142 tamen

260 2167 495 2235 dactylo.

328 2259 386 2314 1.
426 2258 582 2313 Tum:
609 2254 735 2327 me.]
775 2254 922 2309 Mens
946 2255 1112 2309 Boctii
1144 2254 1638 2323 perturbationibus
1664 2253 1857 2327 ohscue

265 2344 377 2385 rata
402 2346 563 2382 suum
599 2326 746 2394 prius
777 2328 954 2380 lumen
977 2328 1231 2379 amiserat
1258 2341 1273 2378 :
1299 2340 1404 2379 non
1437 2340 1592 2379 secus
1620 2339 1683 2378 ac
1713 2326 1855 2378 oculi

262 2401 529 2469 corporis,
574 2398 863 2451 accedente
891 2407 1071 2461 nocte,
1101 2396 1336 2469 tenebris
1365 2397 1725 2469 involvuntur.
1750 2396 1857 2469 Sed

262 2466 739 2537 vix—l’liilosojihia,
763 2484 858 2522 ceu
882 2483 1079 2521 novum
1104 2467 1272 2527 sidus.
1301 2468 1539 2534 emicuit,
1569 2481 1687 2520 cum
1716 2466 1859 2534 ejus-

260 2546 382 2597 dem
417 2541 588 2594 Boetii
612 2554 783 2604 tuens,
808 2538 1293 2608 perturbationibus
1310 2538 1533 2603 sedatis,
1565 2552 1664 2591 suo
1691 2537 1859 2604 priori

263 2614 468 2668 lumine
491 2620 729 2665 recreata
759 2610 943 2677 cmpit,
976 2619 1033 2662 ut
1077 2620 1203 2662 ante
1245 2617 1621 2671 consueverat,
1652 2609 1855 2662 videre.

330 2685 391 2737 5.
434 2681 504 2736 Ut
536 2681 695 2750 t‘unt.]
737 2680 939 2733 Eximio
970 2680 1285 2745 similitudo,
1338 2680 1450 2733 sive
1474 2679 1859 2750 orattoiradu-

260 2769 395 2809 cens
424 2753 494 2806 ad
536 2762 767 2805 mentem
792 2767 856 2805 ex
890 2764 1118 2819 corpore
1147 2750 1349 2817 diSpai-i
1398 2751 1574 2803 simile
1605 2768 1621 2805 ς
1653 2749 1739 2802 hic
1765 2764 1860 2801 an.

261 2836 374 2879 tem
401 2834 542 2877 terra
570 2824 732 2876 refert
763 2832 994 2876 mentem
1020 2838 1038 2885 ;
1070 2821 1179 2884 sol,
1210 2821 1631 2889 philosophiam;
1665 2821 1859 2877 nubes.

262 2893 732 2966 perturbationes;
771 2894 959 2966 venti,
1011 2894 1230 2966 spiritus
1276 2892 1734 2966 perturbationum
1768 2907 1860 2957 pa-

262 2962 487 3027 ren'es;
519 2980 624 3017 nox
656 2974 709 3016 et
752 2963 867 3017 dies
895 2963 1085 3018 alterni
1113 2965 1351 3017 alternas
1384 2962 1778 3031 ignorationem
1804 2969 1860 3014 et

261 3035 676 3105 intelligentiam
708 3033 965 3088 referunt.

334 3111 394 3163 5.
439 3101 805 3160 Ctomerantur
828 3101 1044 3173 siderit.]
1068 3102 1309 3157 Glomero
1348 3103 1541 3157 dicitur
1579 3117 1607 3154 a
1635 3103 1854 3171 glomus,

2035 1434 2292 1506 LUPolus
2335 1433 2515 1506 stetit]
2557 1434 2769 1488 (Icelum
2800 1433 3093 1489 obductum
3144 1431 3265 1488 fuit.
3298 1431 3388 1488 Sic
3416 1432 3563 1487 enim

1965 1503 2238 1575 Virgilius,
2269 1506 2369 1561 ecl.
2417 1505 2473 1569 7,
2494 1503 2548 1559 ἦν.
2578 1506 2647 1562 54
2678 1521 2691 1557 :

2204 1600 2345 1648 Stant
2366 1604 2418 1648 et
2432 1597 2651 1661 juuiperi
2679 1605 2733 1648 et
2756 1605 2999 1647 castaneae
3022 1598 3241 1647 hirsutae.

2031 1678 2246 1733 Aineid.
2309 1696 2398 1743 vi,
2455 1696 2506 1733 v.
2560 1681 2685 1747 500,
2737 1680 2805 1737 de
2852 1681 3154 1743 Charonte,
3214 1678 3366 1747 cujus
3413 1660 3555 1733 oculi

1961 1750 2170 1805 flamma
2202 1752 2302 1819 tegi
2329 1752 2667 1805 videbantur.

2086 1843 2300 1892 t‘anities
2325 1843 2503 1893 inculta
2522 1843 2673 1904 jacet,
2698 1850 2827 1892 stant
2850 1840 3030 1890 lumina
3053 1841 3263 1890 ﬂamma.

2033 1924 2252 1981 Aineid.
2284 1942 2356 1980 xu
2377 1964 2394 1991 ,
2424 1942 2477 1979 ν.
2527 1928 2654 1991 407,
2678 1926 2745 1981 de
2784 1924 2924 1980 caelo
2962 1925 3103 1995 quod
3138 1924 3356 1992 pulvere
3385 1924 3559 1977 obdu-

1959 2004 2106 2052 ctum
2129 2007 2263 2051 erat.

2703 2087 2809 2137 Jam
2831 2087 3035 2150 pulvere
3054 2087 3229 2136 coelum

2087 2150 2231 2199 Stare
2258 2150 2437 2199 vident.

2036 2231 2168 2285 llinc
2192 2231 2405 2284 additur
2429 2245 2570 2283 vers.
2610 2229 2662 2286 5.
2694 2229 2788 2285 Sol
2818 2231 2958 2283 latet.

2033 2302 2087 2358 5.
2114 2301 2363 2355 Nondum
2395 2303 2521 2354 casto
2542 2302 2850 2353 venientibus
2881 2297 3078 2370 astrinj
3117 2298 3230 2353 Nox
3256 2299 3401 2354 enim
3429 2313 3560 2367 poe-

1965 2376 2032 2428 tis
2066 2382 2385 2441 prmsertun.
2418 2372 2646 2438 duplicis
2676 2382 2754 2425 est
2800 2373 3033 2440 generis.
3084 2371 3264 2425 Altera
3315 2370 3551 2424 nascitur

1964 2446 2247 2499 occidente
2294 2444 2429 2505 sole,
2464 2443 2925 2508 eudcantibusque
2971 2445 3179 2496 t'll'iel‘ls
3219 2442 3400 2507 astris,
3438 2455 3558 2509 quae

1966 2528 2253 2581 propterea
2309 2514 2440 2567 oriri
2491 2515 2790 2567 dicuntur:
2842 2514 2910 2566 de
2960 2511 3061 2567 hac
3115 2517 3273 2568 nocte
3320 2512 3557 2581 loquitur

1963 2586 2111 2655 Virg.
2145 2601 2179 2638 tt
2212 2583 2363 2647 Ᾱῧιι.⁹
2395 2600 2446 2637 v.
2471 2582 2604 2637 250:

2089 2675 2312 2724 Vertitur
2336 2676 2528 2723 interea
2554 2674 2730 2720 corium
2755 2681 2806 2722 et
2830 2676 2928 2721 ruit
2951 2673 3150 2723 Oceano
3175 2686 3294 2732 nox,

2091 2737 2349 2786 Involvens
2364 2738 2536 2785 umbra
2565 2748 2737 2796 magna
2760 2743 3045 2797 terramque
3070 2736 3349 2797 polumque.

2039 2822 2223 2876 Altera
2252 2822 2446 2883 oritur,
2479 2820 2638 2873 etiam
2675 2829 2802 2873 ante
2840 2819 2969 2873 solis
2998 2832 3269 2881 occasum,
3301 2819 3418 2886 ipso
3455 2831 3560 2871 cae-

1964 2895 2203 3017 (62:5th
2232 2892 2393 3015 asgtzis
2426 2890 2741 2954 latentibus,
2769 2889 2837 2945 de
2863 2904 2964 2958 qua
2997 2889 3229 2958 loquitur
3253 2887 3392 2943 idem
3415 2887 3559 2958 Virg.

1964 2979 1980 3017 ι
2084 2984 2160 3017 ιι..
2193 2978 2245 3015 ν.
2368 2978 2382 3016 ε

2089 3055 2313 3114 Eripiunt
2333 3054 2495 3103 subito
2520 3053 2679 3101 nubes
2702 3052 2978 3107 cmlumquc
3003 3054 3236 3111 diemque

2090 3118 2390 3167 Teucrorum
2412 3129 2473 3165 ex
2494 3117 2683 3164 oculis:
2712 3124 2856 3176 ponto
2879 3127 2971 3162 uox
3008 3117 3196 3162 ncuhat
3221 3119 3325 3162 atra

261 3196 331 3263 ἔτι
370 3176 668 3263 ρειρξρημς
690 3175 1693 3263 βω(ιμδιέίῗῑιξξι,εὀηιιεξὲκρῗἷξῐίυέλ
1887 3179 1933 3240 C
2042 3198 2103 3253 Et.
2153 3198 2221 3251 de
2252 3197 2351 3249 hac
2397 3206 2555 3250 nocte
2604 3173 2743 3249 nunc
2773 3210 2839 3263 ag
2865 3206 2947 3247 tur
2973 3211 2987 3247 :
3017 3195 3158 3247 unde
3187 3194 3382 3248 dicitur
3410 3194 3559 3263 fundi

258 3244 413 3303 filum
445 3247 535 3300 lilo
563 3247 887 3301 circumacto
911 3247 1227 3309 iuvolvatur,
1251 3248 1419 3296 sidera
1450 3260 1591 3298 nunc
1613 3244 1861 3297 dicimtur

264 3318 729 3389 gloriierari,quod
774 3318 888 3371 haec
918 3318 1150 3389 nubibus
1185 3315 1737 3389 circumfundentibus
1784 3332 1863 3389 in-

265 3385 598 3445 volvantur:
632 3402 807 3456 neque
845 3386 989 3441 enim
1025 3387 1314 3455 putandum
1346 3398 1448 3448 est,
1480 3385 1718 3439 Boetium
1745 3385 1862 3439 exi-

262 3463 523 3515 stimasse
566 3458 753 3512 stellas
785 3474 942 3526 posse
962 3459 1138 3512 ventis
1178 3459 1247 3511 ita
1291 3456 1519 3517 movi-ri,
1567 3467 1621 3509 ut
1671 3457 1860 3509 iisdem

258 3533 324 3586 ad
369 3546 429 3585 se
465 3529 695 3584 invicem
729 3530 1104 3584 accedentibus
1131 3528 1397 3598 quoddam
1454 3532 1542 3582 fiat
1587 3530 1861 3581 stellarum

258 3616 481 3674 agmen.
517 3600 629 3656 Iloc
659 3601 769 3655 fere
796 3602 955 3655 modo
984 3599 1171 3671 Virgil.
1208 3600 1463 3669 tGeorg.,
1502 3615 1549 3652 ι.
1594 3600 1718 3664 525,
1764 3616 1864 3651 ca-

258 3687 337 3729 aut
368 3691 385 3728 ε

387 3763 452 3814 Et
472 3763 647 3812 {tedam
674 3761 947 3823 glomerant
963 3765 1311 3823 tempestatem
1330 3758 1568 3807 imbribus
1588 3761 1706 3809 atris

383 3826 622 3876 Collectae
648 3838 709 3873 ex
736 3828 834 3872 alto
851 3826 1023 3871 nubes.

334 3907 392 3961 ’5.
436 3902 619 3975 Coro.]
659 3903 992 3975 Corussive
1020 3901 1219 3956 Caurus
1268 3912 1456 3955 ventus
1505 3910 1589 3955 est
1638 3902 1770 3955 ﬂans
1797 3900 1865 3953 ab

261 3992 462 4031 occasu
494 3973 711 4030 aestivo:
747 3974 887 4027 unde
947 3973 1030 4026 hic.
1081 3984 1270 4027 ventus
1306 3988 1384 4027 sic
1427 3974 1729 4026 contrarius
1778 3985 1864 4027 est

264 4050 463 4112 motui,
493 4062 599 4116 quo
630 4056 722 4098 aer
763 4045 834 4098 ab
869 4055 988 4098 ortu
1022 4044 1358 4116 inuoccasunt
1390 4043 1578 4106 cietur,
1613 4056 1667 4095 ιιι
1699 4044 1865 4097 nubes

262 4114 551 4173 contrariis
576 4119 696 4169 hinc
724 4126 778 4170 et
809 4116 932 4170 inde
965 4114 1335 4186 malihuscorr
1355 4129 1551 4182 pressa:
1577 4127 1859 4186 cogantur,

261 4192 544 4258 c0pi0sutn
568 4189 818 4251 imbrem,
852 4188 951 4240 nisi
984 4188 1139 4241 aliter
1160 4185 1545 4253 dissolvantur,
1563 4185 1859 4241 eittissurte.

258 4260 415 4332 Virg.
451 4276 483 4313 ν
513 4258 667 4324 τΕιι.,
694 4274 743 4311 v.
779 4258 923 4311 ηδε

632 4349 769 4408 Quot
797 4350 991 4398 tumidis
1012 4349 1324 4397 submersum
1344 4348 1565 4396 tunditur
1582 4346 1695 4395 olim

387 4414 657 4469 Fluctibus,
680 4414 883 4473 hyberu‘i
910 4412 1129 4473 condunt
1146 4413 1227 4458 ubi
1249 4410 1409 4458 sidera
1434 4408 1559 4473 Cori.

328 4477 391 4532 ὁ.
438 4471 799 4541 Νξηώοεὶεφιε
843 4472 1132 4543 imbribus.]
1167 4473 1370 4526 Imbres
1412 4471 1639 4543 nimbosi
1668 4471 1859 4526 dieun-

1970 3272 2021 3321 in
2056 3282 2245 3320 terram
2267 3268 2479 3333 desuper
2511 3268 2735 3319 nondum
2756 3265 2883 3319 cado
2903 3266 3209 3318 venientibus
3238 3268 3410 3333 astris,
3440 3279 3561 3333 qua:

1967 3340 2174 3393 scilicet
2197 3338 2477 3391 occidente
2500 3340 2613 3393 sole
2634 3338 2865 3391 emicare
2890 3336 3084 3389 solent.

2039 3412 2091 3463 7.
2136 3409 2371 3476 Boreas.|
2421 3409 2617 3463 Boreas
2658 3406 2738 3462 esi
2787 3416 2977 3461 ventus
3003 3408 3136 3459 flans
3163 3408 3232 3461 ab
3257 3416 3376 3459 ortu
3404 3406 3555 3476 testi-

1969 3498 2034 3533 vo
2060 3500 2072 3533 :
2099 3480 2445 3550 quamobrem
2474 3479 2638 3533 simili
2673 3486 2976 3550 motutquo
3003 3492 3095 3531 aer
3134 3477 3201 3530 ah
3223 3487 3343 3531 ortu
3362 3475 3439 3550 ad
3468 3490 3560 3529 oc-

1969 3548 2151 3605 casum
2194 3552 2572 3610 circumactus,
2616 3550 2809 3604 cietur.
2857 3548 2991 3602 llinc
3022 3559 3197 3601 autem
3230 3548 3403 3600 omnia
3436 3562 3556 3613 qua)

1968 3624 2033 3677 de
2067 3634 2167 3676 usto
2196 3632 2355 3675 vento
2378 3621 2483 3674 dici
2514 3621 2688 3674 Solent
2717 3630 2941 3689 possunt
2979 3618 3184 3674 inferri.
3214 3617 3559 3689 Priinoeniin

1976 3706 2166 3746 ventus
2196 3694 2282 3746 hic
2322 3707 2352 3745 e
2381 3692 2597 3761 regione
2642 3687 2765 3743 tloii
2794 3691 2962 3761 spirat
2987 3707 3008 3761 _:
3038 3705 3157 3757 qnia
3182 3689 3354 3743 Corus
3379 3688 3468 3741 ﬂat
3495 3687 3561 3741 ah

1969 3780 2161 3818 occasu
2184 3765 2372 3817 aestivo
2406 3780 2417 3814 :
2449 3759 2590 3815 unde
2613 3762 2887 3827 utriusque
2909 3759 3065 3828 hujus
3089 3763 3231 3813 venti
3264 3770 3447 3812 noster
3468 3772 3559 3810 au-

1967 3846 2083 3888 ctor
2142 3850 2281 3888 utine
2326 3833 2588 3886 meminit.
2617 3831 2865 3885 Secundo
2889 3830 3026 3883 idem
3060 3842 3247 3883 ventus
3270 3829 3559 3883 vehemens

1968 3916 2049 3961 est
2073 3921 2087 3957 :
2114 3907 2363 3973 quoniam
2394 3920 2495 3957 una
2525 3920 2645 3956 cum
2676 3917 2799 3973 aere
2829 3901 2995 3973 fertur
3021 3899 3087 3973 ad
3110 3915 3356 3973 occasum
3390 3916 3403 3950 :
3436 3913 3558 3952 cum

1968 3971 2146 4029 autem
2178 3976 2352 4029 onmis
2396 3986 2585 4027 ventus
2608 3972 2900 4025 Vt-hentens
2928 3971 2995 4024 sit
3029 3971 3271 4041 frigidus,
3307 3979 3557 4039 propter-

1967 4066 2027 4101 ca
2052 4047 2323 4115 Virgilius,
2354 4046 2458 4099 ecl.
2491 4046 2542 4111 Ἰ,
2579 4059 2631 4097 v.
2664 4041 2754 4107 5|,
2783 4042 2960 4095 canit:

2093 4138 2181 4188 llic
2201 4145 2384 4187 tantum
2408 4138 2579 4185 ltoreze
2601 4150 2829 4185 curamus
2849 4136 3049 4197 frigora,
3073 4142 3310 4196 quantum

2092 4202 2191 4250 Aut
2218 4214 2475 4248 numerum
2502 4199 2661 4261 lupus,
2680 4208 2765 4248 aut.
2783 4201 3018 4247 torrentia
3042 4199 3234 4245 flumina
3256 4198 3404 4259 ripas.

2038 4280 2213 4349 Atque
2265 4280 2389 4333 hinc
2443 4282 2578 4334 inite
2630 4282 2864 4333 nominis
2920 4277 3070 4349 istius
3122 4278 3487 4345 interpretatio
3532 4294 3547 4329 :

1966 4348 2149 4427 βορέας
2180 4351 2325 4427 enim
2365 4350 2719 4427 videtur__tlici
2748 4364 2777 4403 a
2806 4350 2966 4420 βοὰω,
2995 4348 3182 4427 clamo,
3214 4357 3267 4399 et
3295 4349 3427 4427 ρέω,
3469 4349 3552 4399 de-

1966 4418 2137 4486 eu'rro,
2170 4421 2309 4487 quod
2334 4431 2528 4473 ventus
2582 4422 2689 4482 ille,
2743 4418 2813 4473 ut
2858 4430 2979 4487 pote
3010 4418 3395 4481 vehementior,
3428 4432 3551 4471 eum

1965 4495 2142 4548 sonitu
2176 4502 2376 4547 currat.
2409 4491 2593 4545 Tertio
2631 4493 2723 4545 ille
2772 4499 2964 4543 ventus
3011 4502 3236 4543 serenus
3263 4499 3367 4555 est,
3415 4488 3557 4556 quod

260 4560 375 4623 '3",
402 4546 543 4615 ⁶1ι¹⁰ι¹
578 4544 803 4623 "19"!”
847 4554 1096 4623 ¹²¹¹,(ὶ¹¹³¹¹¹
1124 4542 1223 4596 7⁵³³
1254 4543 1477 4596 materia
1504 4542 1691 4623 ί,¹¹⁰¹¹¹δί
1725 4560 1857 4598 c‘m'
1890 4542 2595 4619 Déiiii'éeié'éahcdr'rétis
2631 4542 3074 4623 intibescoaetas,
3138 4542 3557 4616 ntateria'm'intd

261 4614 539 4671 tineamur
568 4634 582 4669 :
616 4615 829 4668 nimbus
855 4614 996 4667 enim
1035 4631 1138 4667 non
1170 4628 1329 4668 secus
1352 4629 1414 4667 ac
1442 4614 1608 4667 nubes
1632 4629 1859 4682 genera.

261 4692 359 4741 tim
406 4688 537 4742 illud
567 4687 763 4741 dicitur
786 4689 926 4751 quod
954 4685 1105 4737 nubit
1150 4686 1265 4738 sive
1294 4686 1508 4751 Operit:
1544 4685 1686 4738 unde
1724 4689 1855 4737 m'm-

262 4762 385 4821 bus,
417 4758 587 4827 inquit
639 4756 875 4810 Isidorus
916 4756 951 4809 Ι.
982 4770 1097 4827 aut,
1125 4770 1175 4809 c.
1208 4756 1297 4819 51,
1330 4766 1404 4808 est
1445 4756 1657 4820 lasciuia
1689 4768 1855 4809 trans-

261 4846 413 4883 versa
442 4826 503 4881 ea:
528 4844 657 4881 auio
681 4836 858 4880 assuta
888 4827 938 4878 in
969 4826 1154 4890 linteo,
1176 4827 1311 4893 quod
1333 4837 1405 4879 est
1437 4827 1489 4878 in
1520 4827 1684 4892 fronte
1707 4827 1855 4892 femi-

262 4915 476 4952 narum.
511 4899 586 4953 Ex
618 4915 725 4968 quo
754 4898 974 4952 Plautus
1020 4898 1295 4949 nimbatam
1323 4898 1659 4951 meretricem
1701 4898 1854 4951 dixit.

260 4973 488 5026 Scilicet
527 4970 718 5032 nubes,
751 4986 870 5039 qua:
902 4968 1030 5023 nihil
1075 4980 1156 5022 est
1204 4968 1349 5039 aliud
1378 4983 1735 5039 quainvapor
1770 4983 1858 5021 ca-

264 5040 648 5111 liginosus,’iu
688 5040 900 5111 sublimi
948 5043 1089 5094 aeris
1118 5038 1593 5111 ρὶιειιιῐιιιιιιύειιιίεξ
1625 5040 1859 5107 pondere

265 5109 517 5174 libratus,
558 5110 809 5164 deorsum
844 5109 968 5163 ferri
1004 5122 1177 5177 pntest
1208 5110 1415 5162 duobus
1450 5109 1644 5171 modis,
1681 5120 1733 5162 et
1765 5126 1859 5174 pio

265 5187 486 5236 diverso
507 5181 798 5235 descensus
810 5181 887 5233 sui
910 5196 1091 5246 ntodo,
1114 5180 1354 5234 diversos
1379 5179 1573 5232 habere
1596 5180 1816 5235 efl'ectus
1843 5197 1855 5233 :

267 5255 350 5309 vel
393 5254 532 5305 enim
576 5255 744 5305 nubes
772 5251 974 5320 integra
1006 5251 1304 5319 descendit,
1340 5253 1419 5305 vel
1469 5251 1769 5316 frustatim;
1812 5252 1856 5306 si

266 5328 475 5387 integra
508 5323 819 5389 descendat,
848 5323 1092 5390 fulguris,
1126 5322 1385 5385 fulminis,
1432 5323 1673 5384 touitrui,
1723 5337 1859 5388 prte-

266 5392 457 5449 sertim
486 5408 612 5447 vero
645 5393 978 5460 tempestatis
1010 5408 1203 5462 parens
1226 5407 1344 5447 esse
1370 5404 1565 5459 poteSI.
1597 5393 1649 5446 Si
1678 5408 1855 5446 autem

267 5470 535 5518 trostalin
567 5466 880 5527 descendat,
912 5463 1071 5534 hujus
1100 5474 1208 5518 tres
1247 5481 1367 5518 esse
1408 5466 1583 5517 solent
1628 5468 1812 5517 fortine
1840 5482 1851 5515 :

261 5536 518 5591 nimirum
555 5534 665 5595 nix,
696 5534 893 5601 pluvia,
921 5546 974 5588 et
1013 5537 1255 5603 grando;
1308 5551 1428 5587 nam
1479 5536 1648 5589 vi|l0si
1703 5537 1857 5588 nubis

258 5608 466 5675 globuh
518 5608 760 5659 radendo
802 5609 883 5658 vel
935 5618 1151 5659 servant
1200 5606 1281 5659 vel
1333 5616 1542 5659 mutant
1570 5623 1718 5658 suam
1751 5613 1857 5658 tor-

263 5693 418 5731 niaiii
449 5695 460 5727 :
492 5676 538 5730 si
570 5684 808 5738 servant,
857 5676 1027 5745 ningit
1054 5694 1068 5732 :
1103 5676 1146 5731 si
1175 5691 1302 5729 vero
1334 5687 1563 5740 tntttuttl,
1596 5681 1649 5729 hi
1670 5687 1754 5728 aut
1793 5679 1856 5729 li-

260 5761 523 5816 quescunt
568 5755 796 5811 tantum,
830 5756 1049 5815 tumque
1099 5750 1263 5815 pluit;
1311 5760 1402 5800 aut
1452 5749 1739 5802 durescunt
1799 5750 1859 5800 li-

259 5818 447 5889 quati,
477 5830 694 5888 tumque
715 5819 855 5873 cadit
881 5828 1104 5887 grando.

1965 4636 2133 4690 brium
2155 4676 2171 4699 ,
2207 4633 2450 4702 dissipet.
2486 4632 2638 4688 Unde
2670 4633 2827 4687 Ovid.
2854 4646 2904 4685 vi
2937 4631 3152 4684 Metam.
3184 4646 3197 4683 :

2086 4726 2212 4787 Apta
2241 4727 2356 4773 mihi
2386 4727 2454 4771 \iS
2480 4732 2575 4784 est,
2598 4738 2692 4785 qua
2718 4724 2871 4774 tristia
2896 4720 3059 4771 nubila
3084 4721 3233 4783 pello,

2091 4789 2143 4838 Et
2168 4788 2291 4837 freta
2317 4790 2559 4846 concutio,
2588 4787 2863 4848 nodosaque
2889 4787 3064 4834 robora
3085 4791 3242 4833 verto.

2040 4872 2193 4927 Unde
2237 4872 2397 4923 etiam
2448 4885 2591 4924 nunc
2640 4869 2833 4923 dicitur
2873 4870 3106 4921 clausum
3144 4882 3373 4921 reserare
3400 4866 3556 4934 diem,

1970 4945 2072 4996 hoc
2102 4953 2186 4996 est
2208 4944 2390 5008 fugare
2436 4941 2624 5007 nubes,
2666 4940 2879 5008 quibus,
2910 4939 3073 4994 etiam
3099 4948 3222 4994 ante
3248 4938 3380 4994 solis
3403 4953 3559 4993 occa-

1968 5028 2110 5076 sum,
2142 5027 2241 5064 nox
2273 5014 2406 5063 facta
2430 5020 2533 5065 est.

2036 5085 2088 5136 7.
2134 5082 2365 5135 Eniissus
2393 5080 2455 5133 ab
2483 5080 2678 5151 aittro.]
2714 5080 2925 5150 Optime
2955 5079 3174 5151 Boreas,
3207 5090 3298 5135 aut
3329 5080 3557 5148 quilibet

1962 5155 2099 5207 alius
2127 5153 2309 5205 mundi
2338 5164 2553 5217 ventus,
2605 5170 2634 5206 a
2669 5150 2986 5221 tempestate
3013 5150 3281 5218 diversus,
3320 5154 3383 5203 ab
3409 5162 3558 5203 antro

1962 5226 2122 5279 emitti
2145 5224 2364 5289 dicitur,
2398 5236 2452 5276 ut
2482 5239 2497 5276 ι
2527 5224 2679 5287 1En.,
2708 5239 2763 5278 v.
2793 5224 2893 5278 64:

2085 5313 2185 5361 Srd
2212 5321 2351 5374 pater
2370 5314 2681 5376 omnipotens
2701 5313 2950 5375 speluncis
2969 5312 3152 5361 abdidit
3172 5312 3309 5361 atris.

2040 5394 2503 5460 Queinadtuudum
2551 5395 2691 5449 enim
2725 5406 2917 5448 ventus
2951 5408 3251 5460 pomorum,
3281 5400 3554 5446 castanea-

1966 5482 2103 5531 rum,
2140 5468 2264 5537 ligiu
2299 5467 2502 5526 viruhs,
2550 5465 2656 5519 itno
2683 5474 2737 5520 et
2760 5465 2899 5535 globi
2943 5464 3099 5537 :etiei,
3124 5478 3279 5537 quem
3315 5461 3548 5537 (Eolipi-

1969 5540 2070 5589 lant
2097 5534 2289 5591 vocant
2314 5578 2330 5600 ,
2362 5548 2609 5590 movente
2633 5534 2779 5605 igne,
2819 5552 2882 5589 ex
2916 5534 3232 5601 quihusdam
3272 5535 3424 5587 veluti
3458 5550 3552 5587 an-

1968 5611 2393 5673 tris,v:tpnrihus
2422 5608 2648 5669 scilicet,
2695 5622 2795 5673 qua
2846 5606 2966 5656 data
3001 5613 3174 5671 porta,
3229 5608 3553 5657 rarescendo

1970 5682 2247 5731 ruentibus
2267 5691 2440 5731 oritur
2468 5696 2481 5732 :
2511 5681 2589 5730 sic
2614 5678 2898 5743 praedictus
2929 5674 3111 5727 muudi
3144 5684 3335 5728 ventus
3363 5691 3424 5728 ex
3448 5677 3552 5730 cir-

1968 5748 2356 5801 cumstantibus
2398 5760 2559 5812 terra,
2609 5746 2879 5799 inutilibus
2910 5756 2964 5798 et
2995 5746 3243 5811 nubibus,
3279 5745 3441 5800 veluti
3487 5764 3552 5801 ex

1973 5821 2177 5890 magnis
2210 5820 2523 5888 quibusdam
2564 5817 2850 5885 speluncis,
2882 5829 3074 5885 agi-nte
3106 5817 3237 5881 sole,
3269 5818 3557 5885 vaporibus
