3998 6368
494 312 595 369 607

1718 327 1828 381 AN.
1872 328 2076 382 MANL.

2187 328 2282 381 εν.
2329 326 2555 384 ΒΟΕἸῚΙ
3632 343 3715 395 608

488 435 635 490 ruit?
656 436 821 504 Cujus
843 447 869 476 ι
901 435 1267 494 haereditatem
1298 455 1419 495 cum
1465 440 1721 512 deinceps
1754 441 2078 512 Epicureum
2111 447 2155 502 Α
2186 460 2374 498 eorum
2405 456 2427 483 ο
2466 446 2701 513 profanae
2733 444 3094 501 multitudinis
3134 461 3319 503 errore
3360 453 3606 518 pervertit.
3633 459 3719 531 3‘

488 528 700 597 vulgus,
730 545 792 582 ac
819 530 1091 596 Stoicum,
1133 532 1423 601 czeterique
1470 547 1567 601 pro
1602 532 1681 600 (5)
1728 548 1822 587 sua
1855 533 2084 601 quisque

486 629 642 686 parte
682 629 893 688 raptum
932 621 1011 676 ire
1056 622 1396 686 molirentur,
1429 638 1624 693 meque
1662 624 2080 691 reclamantem,

488 709 937 781 reuitentemque,
983 712 1126 767 velut
1161 712 1215 767 in
1257 722 1461 781 partem
1512 714 1733 784 prazdzc,
1765 714 2082 779 traherent,

486 812 725 869 vestem,
783 820 945 874 quam
994 806 1132 862 meis
1182 816 1459 862 texueram
1513 810 1795 875 manibus,
1846 809 2083 865 discide-

486 902 647 959 runt,
710 894 1055 967 abreptisque
1117 896 1185 951 ab
1243 913 1305 953 ea
1376 899 1709 967 panniculis,
1768 909 1931 955 totam
1996 914 2083 955 me

486 982 590 1036 sibi
635 985 865 1041 cessisse
892 987 1204 1054 credentes,
1235 988 1439 1044 abiere.
1482 989 1537 1044 ln
1578 990 1796 1060 quibus,
1826 991 2079 1060 quoniam

488 1075 733 1144 qumdam
788 1080 956 1133 nostri
1005 1078 1217 1136 habitus
1267 1081 1489 1151 vestigia
1540 1082 1876 1146 videbantur,
1922 1097 2075 1136 meos

487 1163 982 1224 essebfamiliares
1024 1170 1382 1241 imprudentia
1426 1182 1570 1239 rata,
1618 1173 1733 1245 (10)
1783 1175 2072 1229 nonnullos

2189 544 2339 611 Quod
2385 546 2429 599 si
2476 561 2576 600 nec
2624 547 2643 576 ¹
2693 544 3023 615 Anaxagorae
3073 549 3281 618 fugam,
3310 564 3402 605 nec
3463 554 3481 583 '
3522 553 3720 613 Socratis

2191 660 2487 713 venenum,
2527 660 2627 701 nec
2654 647 2675 677 ³
2702 646 2933 701 Zenonis
2968 658 3261 713 tormenta,
3295 652 3527 720 quoniam
3572 669 3678 712 sunt
3700 661 3721 696 ⁴

2191 748 2491 816 peregrina,
2530 748 2758 813 novisti;
2799 747 3123 817 at‘Canios,
3168 750 3273 822 35
3311 752 3403 807 l'at
3441 764 3462 792 ε
3496 756 3727 831 Senecas,

2194 846 2215 877 °
2232 856 2288 901 at
2313 847 2571 911 Soranos,
2593 864 2821 916 quorum
2848 863 2947 903 nec
2974 859 3297 916 pervetusta,
3330 868 3424 907 nec
3448 852 3726 913 fincelebris

2190 948 2447 1002 memoria
2475 956 2588 1011 est,
2624 950 2763 1002 scire
2794 949 3031 1016 potuisti.
3074 949 3223 1015 Quos
3248 952 3378 1007 nihil
3406 954 3537 1008 aliud
3564 957 3611 1011 in
3640 959 3731 1013 cla-

2188 1050 2309 1105 dem
2334 1050 2595 1117 detraxit,
2625 1050 2724 1104 nisi
2748 1051 2889 1121 quod
2930 1051 3126 1107 nostris
3151 1054 3386 1109 moribus
3427 1066 3450 1103 l5
3492 1058 3726 1127 instituti,

2187 1152 2207 1182 ⁷
2239 1150 2431 1205 studiis
2456 1150 2821 1221 improborum
2857 1150 3198 1207 dissimillimi
3221 1154 3545 1211 videbantur.
3579 1160 3731 1232 Itaque

1840 1263 2421 1322 INTERPRETATIO.

561 1360 586 1387 ο
614 1350 933 1407 Doctrinam.

561 1420 590 1459 ι)
621 1422 953 1479 Domesticos.

561 1504 584 1531 ε
615 1493 828 1550 Aliente.

556 1562 583 1599 ι¹
619 1562 827 1617 [tentata
852 1565 963 1619 loco
987 1577 1035 1620 et
1063 1577 1306 1637 tempore.

2261 1369 2285 1464 ἵ
2316 1358 2567 1480 ῗεὲςηιηι
2592 1366 2636 1409 et
2669 1355 2934 1411 Soranum
2957 1354 3259 1428 philosoph'
3312 1398 3331 1415 .

2352 1445 2381 1477 η
2424 1438 2543 1478 tcta.

2352 1438 2543 1478 ndtcta.

2255 1508 2279 1544 ε
2312 1496 2725 1567 i’bilosopliicis.

2012 1654 2240 1713 NOTAE.

486 1743 601 1813 ipso
638 1742 873 1808 Tullio,t
904 1744 970 1799 de
1013 1744 1131 1810 Or.,
1156 1748 1383 1800 ontnium
1427 1744 1833 1815 sapientissimus
1864 1750 2075 1801 sanczis-

484 1816 707 1887 simeque
754 1817 874 1868 vixit
904 1832 924 1871 :
966 1826 1241 1884 pr0pterea
1289 1819 1513 1887 populus
1561 1832 1787 1874 mortem
1838 1821 1953 1887 ejus
2000 1820 2069 1872 ila

483 1884 679 1958 doluit,
714 1896 767 1939 ut
787 1887 1025 1958 ejusdem
1054 1884 1394 1944 accusatores
1427 1891 1618 1956 partim
1652 1901 1843 1951 morte,
1868 1884 2070 1958 'partim

484 1957 680 2009 exsilio
716 1959 974 2029 punierit,
1008 1957 1211 2027 ipsique
1243 1959 1449 2013 Socrati
1493 1971 1726 2013 statuam
1757 1957 1952 2014 aeream
1981 1977 2074 2029 po-

482 2037 689 2097 suerit:
724 2028 844 2079 obiit
876 2036 1050 2081 tamen
1083 2040 1277 2083 astante
1309 2031 1679 2097 pltilosOpltia:
1722 2048 1841 2084 nam
1864 2076 1878 2097 ,
1914 2028 2076 2085 ut’ait

482 2095 712 2161 Tullius,
744 2099 895 2157 ibid.,
932 2095 1368 2170 elegantissimum
1411 2100 1579 2170 Lysia:
1620 2095 1936 2165 orationem,
1973 2118 2075 2168 qua

482 2183 660 2244 prose
690 2171 742 2220 in
779 2170 979 2244 judicio
1026 2181 1267 2244 uteretur,
1300 2175 1527 2237 respuit,
1572 2182 1618 2224 et
1658 2175 1731 2225 ita
1777 2174 1830 2225 in
1870 2174 2075 2244 judicio

484 2238 666 2302 capitis
693 2254 783 2311 pro
807 2256 860 2292 se
886 2240 993 2308 ipse
1018 2242 1175 2301 diam,
1208 2250 1263 2293 ut
1306 2258 1409 2294 non
1445 2244 1663 2311 supplex
1692 2254 1777 2295 aut
1817 2238 1955 2306 reus,
1984 2245 2075 2296 sed

486 2319 541 2359 ut
574 2310 811 2377 magister
852 2321 939 2362 aut
983 2311 1221 2363 demittas
1268 2310 1674 2367 viderettti'esse
1708 2314 1965 2385 judcum.
2020 2316 2073 2368 ltt
2104 2366 2125 2375 κ

484 2393 593 2453 quo
617 2382 878 2453 victoriam
909 2384 1091 2433 mortis
1120 2385 1400 2450 pronteruit
1427 2399 1447 2436 :
1475 2385 1646 2453 quod,
1679 2382 1879 2451 judicu)
1911 2386 2077 2452 ipsius

485 2448 781 2512 Ciceronis,
815 2466 961 2504 mors
988 2448 1253 2520 illa,'qu:e
1287 2448 1727 2513 naturte'debita.
1763 2471 1867 2507 non
1899 2448 2073 2509 solum

486 2522 830 2594 propatria,
863 2522 955 2575 sed
985 2521 1143 2575 etiam
1186 2539 1279 2591 pro
1334 2529 1559 2577 veritate
1604 2535 1685 2578 est
1735 2526 2069 2594 pmissimum

488 2591 730 2658 reddita,
777 2602 867 2645 aut
911 2595 1183 2647 meliorem
1233 2612 1390 2663 quam
1432 2598 1520 2663 qui
1571 2606 1653 2648 est
1696 2591 1747 2649 in
1797 2596 1938 2659 vita,
1985 2608 2076 2650 aut

485 2671 633 2735 certe
664 2679 768 2735 non
798 2664 1121 2718 deteriorem
1152 2666 1306 2719 affert
1350 2678 1567 2718 stutum.
1615 2667 1851 2735 [lenique
1902 2667 2070 2733 ipsius

488 2734 726 2805 S‘ocratis
770 2735 1097 2803 doctrinam,
1141 2751 1259 2802 quin
1309 2740 1559 2803 tpioniam
1610 2734 1776 2791 instar
1830 2739 2070 2805 pecunias

485 2802 603 2869 ejus
654 2816 823 2856 morte
874 2806 937 2856 all
988 2808 1198 2874 aliquos
1256 2802 1529 2873 pervenit,
1588 2809 1789 2862 idcirco
1830 2802 2073 2862 ’vocatur

485 2874 725 2941 ejusdem
767 2875 1059 2940 Itwreditas,
1093 2877 1270 2945 partiti
1315 2888 1438 2932 sunt
1493 2878 1727 2943 Epicurei
1778 2894 1841 2930 ac
1872 2880 2070 2943 Stoici,

486 2959 710 3017 quorum
750 2944 821 2998 illi
848 2944 1101 3014 Epicuro,
1125 2946 1177 3000 hi
1206 2948 1423 3003 Zenone
1446 2950 1579 3002 duce
1608 2950 2071 3017 pliilosOphantur.

486 3013 619 3068 Nam
647 3016 765 3068 dum
800 3013 1075 3087 prateipue
1106 3030 1231 3072 sunt
1266 3013 1701 3087 philosophorinn
1734 3013 2071 3080 antiquorum

486 3096 669 3158 scene,
693 3102 718 3135 a
746 3086 935 3155 quibus
960 3098 1173 3143 ett-terte
1200 3086 1580 3157 prOmunaruut
1606 3109 1618 3145 :
1650 3106 1841 3158 nempe
1868 3089 2070 3153 Ionica,

487 3157 643 3222 cujus
669 3172 854 3210 aucwr
887 3160 1082 3211 dicitur
1117 3159 1313 3214 Thales
1349 3160 1608 3225 Milesius;
1641 3173 1695 3216 et
1722 3157 1944 3226 Italica,
1975 3179 2068 3215 eu-

2184 1750 2349 1818 tatem
2406 1742 2678 1818 vindicare
2722 1746 3307 1818 conaretur,ANearcbi
3363 1755 3568 1818 tyranni
3600 1744 3733 1812 iussu

2179 1817 2509 1887 cruciatum,
2542 1816 2680 1887 inter
2724 1824 2999 1887 tormenti
3028 1816 3258 1886 linguam
3291 1816 3536 1873 dentibus
3576 1828 3734 1887 pra'ci-

2178 1885 2323 1938 disse
2364 1894 2418 1938 et
2467 1886 2517 1938 iu
2568 1884 2747 1952 Cyprii
2799 1887 2936 1955 regis
2991 1884 3368 1953 interrogantis
3426 1884 3603 1945 faciem
3653 1910 3731 1947 ex-

2177 1956 2430 2031 Spuisse._
2451 1958 2836 2031 Anaxarchum,
2870 1958 3220 2031 Democritum
3239 1977 3293 2031 ua
3321 1959 3506 2028 Cyprio
3548 1973 3735 2031 tyranno

2179 2026 2603 2097 ea'carni/ictttum
2653 2029 2970 2095 acerpimus,
3022 2029 3191 2097 inquit
3238 2026 3464 2091 Tullius,
3511 2026 3732 2086 lenonem

2179 2095 2415 2173 Eleatem
2441 2098 2491 2173 in
2524 2098 2786 2173 tormentis
2815 2108 3047 2150 necatum
3068 2095 3306 2173 ,iuempe
3339 2119 3364 2151 a
3414 2102 3642 2155 Nearcho
3672 2116 3734 2173 ty-

2180 2183 2368 2221 ranuu.
2401 2166 2597 2236 Sicque
2626 2168 2767 2236 apud
2797 2179 3005 2223 veteres
3035 2166 3382 2238 philosophus
3415 2174 3649 2225 [παρεδίιῦ
3672 2166 3731 2228 est

2179 2238 2467 2303 sapientia.

2249 2308 2271 2339 ⁸
2317 2310 2383 2379 At
2417 2306 2624 2361 Canios.
2666 2305 2684 2379 ]
2738 2307 2798 2362 ll.
2852 2308 3051 2363 Eadem
3108 2311 3370 2377 sapientia
3418 2312 3575 2365 etiam
3623 2316 3735 2379 apud

2180 2378 2512 2433 recentiores
2560 2379 2909 2447 philosophos
2955 2384 3197 2435 lacessita
3243 2384 3384 2435 luit:
3432 2398 3549 2434 nam
3592 2378 3735 2436 Julius

2177 2448 2376 2502 Canius
2407 2450 2540 2513 sive,
2572 2459 2629 2502 ut
2667 2451 2781 2501 vult
2812 2450 3044 2517 Lipsius,
3074 2451 3251 2504 Canus
3298 2451 3487 2506 eodem
3520 2470 3622 2520 quo
3661 2456 3738 2509 Se-

2180 2534 2311 2590 ueca
2358 2524 2554 2573 sa'culo
2585 2532 2760 2585 natus,
2798 2523 3271 2587 prtestantissimus
3322 2523 3680 2590 philosophus.
3716 2541 3739 2576 ιι

2178 2588 2329 2654 Caio,
2355 2605 2474 2643 cum
2515 2606 2621 2659 quo
2651 2591 2740 2643 diu
2775 2594 3065 2644 altercatus
3110 2588 3740 2657 lucrum—moriedamna-

2180 2670 2284 2721 tus,
2319 2664 2453 2713 hanc
2484 2676 2604 2714 eum
2635 2661 2926 2714 incredibili
2957 2663 3119 2716 animi
3148 2665 3450 2717 constantia
3484 2666 3667 2725 subiit,
3688 2674 3741 2719 ut

2179 2732 2343 2784 refert
2372 2732 2488 2799 ipse
2518 2731 2721 2786 Seneca
2752 2732 2788 2786 l.
2815 2732 2882 2784 de
2906 2732 3131 2801 Trauq.,
3158 2753 3207 2786 (ι.
3238 2737 3325 2787 H.

2250 2802 2270 2832 ⁵
2320 2804 2384 2853 At
2447 2801 2688 2856 Senecas.
2733 2800 3001 2874 JASeneca
3060 2800 3442 2874 philosilphus,
3493 2807 3547 2861 S.
3603 2805 3744 2858 i'anlo

2179 2886 2466 2940 inquimus.
2502 2874 2675 2941 primo
2704 2888 2732 2925 a
2763 2871 2959 2926 ChriSIi
3006 2871 3284 2928 nativitate
3317 2877 3519 2929 saaculo
3558 2878 3747 2939 ﬂoruit,

2180 2953 2479 3015 princeptor
2524 2942 2770 3009 Neronis,
2818 2960 2846 2997 a
2896 2961 3001 3012 quo
3047 2961 3166 2999 cum
3220 2947 3527 3015 ingentibus
3575 2948 3748 3000 divinis

2178 3014 2479 3067 cumulatus
2528 3016 2741 3075 fuisset,
2797 3027 2970 3069 morte
3018 3014 3300 3069 damnatus
3351 3028 3473 3071 est;
3508 3018 3747 3083 Quamvis,

2180 3093 2237 3137 ut
2266 3085 2335 3137 ait
2362 3084 2668 3157 Suetonius
2714 3087 2763 3137 in
2809 3084 2926 3138 Vita
2971 3085 3220 3151 Neronis,
3248 3104 3389 3157 sa'pe
3436 3101 3750 3142 commeatum

2182 3156 2404 3229 petenti,
2433 3156 2673 3224 bonisque
2695 3158 2886 3209 cedenti
2918 3170 3175 3221 persancte
3201 3156 3456 3223 iurasset,
3489 3170 3751 3229 suspectum

489 3227 577 3294 jus
618 3240 775 3294 caput
808 3229 901 3281 fuit
950 3228 1296 3298 Pythagoras.
1332 3229 1525 3284 laniem
1553 3233 1670 3285 ιιιιευ
1713 3233 2075 3287 celeberrimae
2106 3228 2152 3291 C
2182 3242 2235 3298 se
2265 3226 2476 3298 frustra.
2524 3228 2900 3295 periturum/ue
2946 3230 3134 3296 ratius.
3176 3245 3329 3295 quam
3379 3226 3659 3283 nociturth
3693 3234 3752 3282 el-

491 3300 703 3351 exstitei
720 3309 815 3352 unt
861 3301 1096 3361 familize.
1133 3317 1325 3368 nempe
1354 3302 1813 3356 Academicorum
1838 3312 1893 3356 et
1925 3305 2072 3357 Peri-

490 3371 871 3440 pateticorum;
916 3368 1116 3424 Italiae
1157 3373 1356 3440 pariter
1394 3374 1533 3436 diue,
1568 3375 1820 3427 nimirum
1870 3376 2078 3427 Stoico-

491 3452 608 3492 rum
641 3447 697 3512 et
730 3439 1293 3512 Epicureorum,qui,
1327 3456 1381 3495 ut
1414 3444 1646 3511 loquitur
1674 3450 1728 3496 5.
1761 3446 1986 3512 August.
2034 3446 2072 3499 l.

490 3510 704 3584 vnn-de
732 3510 843 3563 Civ.
874 3510 999 3575 Dei,
1023 3527 1074 3567 c.
1104 3513 1154 3574 7,
1191 3524 1464 3581 posuerunt
1487 3510 1746 3584 judicium
1779 3510 2000 3568 veritatis
2025 3517 2078 3569 in

492 3581 722 3654 censibus
748 3586 1001 3646 corporis,
1051 3599 1323 3651 eorumque
1347 3581 1524 3651 iit/illis
1547 3596 1592 3638 et
1623 3586 1891 3651 fallacibus
1920 3604 2072 3654 regu-

496 3651 560 3701 lis
592 3654 762 3703 onmia
805 3667 916 3717 qua!
962 3654 1251 3716 discimtur,
1302 3658 1553 3709 metienda
1598 3673 1701 3709 esse
1742 3651 2079 3721 censuerunt;

492 3721 693 3788 qnique
739 3734 1017 3791 propterea
1066 3730 1428 3778 recta-nantem
1467 3728 1860 3795 reuitentemque
1901 3728 2075 3795 philo-

493 3795 734 3858 Sopltialll
766 3796 1001 3865 experti,
1033 3796 1450 3865 ιιιιίεοςυριιὶιειιιη
1482 3807 1724 3863 vestem,
1763 3801 1811 3851 id
1845 3810 1927 3853 est
1960 3799 2075 3852 dic-

493 3866 686 3939 tiones.
719 3864 911 3933 quibus
952 3864 1280 3934 tegerentur,
1313 3868 1629 3921 discideruut
1662 3883 1928 3939 verosque
1962 3870 2077 3939 piti-

492 3933 746 4001 los0phos
771 3939 974 3988 mentiti
1000 3933 1143 3990 sunt.

567 4007 579 4035 ¹
628 4007 951 4085 Anaxagora?
994 4006 1235 4089 [agnon]
1290 4008 1344 4061 In
1381 4010 1910 4089 _Anaxagora_etiam
1956 4022 2079 4066 ante

494 4074 732 4128 Platonis
758 4086 970 4131 :etatem
999 4074 1258 4143 sapientia
1292 4080 1429 4132 male
1459 4074 1679 4149 excepti
1715 4082 1832 4136 fuit.
1868 4087 2080 4134 Anaxa-

492 4160 651 4217 goras
691 4149 832 4199 enim
879 4149 993 4216 ipso
1037 4152 1260 4204 Somne
1298 4150 1584 4217 antiquior,
1612 4152 1839 4205 docente
1878 4152 2075 4217 Tullio,

492 4216 625 4289 ili\it
657 4218 936 4271 materiam
967 4220 1259 4286 infinitam,
1294 4221 1386 4273 sed
1418 4216 1531 4289 ejus
1562 4226 1845 4287 particulas
1875 4216 2079 4277 similes

493 4286 635 4339 inter
665 4304 721 4341 se
767 4289 1017 4354 minutas,
1060 4306 1152 4346 eas
1200 4286 1749 4359 primum—confusas,
1800 4303 1978 4359 postea
2025 4296 2081 4348 in

492 4360 734 4432 ordinem
782 4360 1039 4413 adduetas
1089 4372 1269 4417 mente
1308 4362 1510 4416 divina.
1555 4364 1631 4416 Ex
1675 4380 1781 4432 quo
1820 4364 2076 4431 eunlccit,

493 4430 662 4481 solem
713 4444 817 4483 non
857 4446 980 4486 esse
1027 4432 1228 4495 Deum,
1268 4433 1361 4486 sed
1409 4430 1705 4501 lampadem
1755 4436 2075 4489 ardentem:

492 4514 555 4550 ac
583 4510 860 4564 propterea
898 4502 948 4555 in
982 4503 1226 4556 exsilium
1275 4505 1479 4571 pulsus,
1506 4516 1597 4557 aut
1643 4506 1820 4573 potius
1850 4506 2081 4560 libenter

494 4574 766 4644 prolectus
794 4582 914 4626 est:
943 4574 1114 4644 fertur
1140 4575 1334 4644 quippe
1363 4590 1520 4643 agros
1549 4584 1604 4629 et
1635 4576 1949 4642 patrimonia
1983 4592 2077 4629 sua

494 4640 799 4714 reliquisse,
828 4653 884 4697 ut
921 4640 1171 4697 discendi
1200 4640 1583 4714 quierendique
1614 4640 1807 4699 divina:
1845 4650 2081 4701 delecta-

497 4711 622 4786 tiom
649 4720 760 4764 toto
786 4728 845 4768 se
875 4716 1054 4770 animo
1075 4711 1315 4771 dederet.
1346 4711 1577 4772 Consule
1602 4718 1890 4786 Diogenem
1923 4719 2080 4772 Laer-

493 4782 648 4835 tium.

564 4854 583 4885 ¹
616 4852 848 4908 Socratis
872 4871 1134 4910 venenum.
1164 4855 1183 4929 ]
1218 4858 1301 4929 De
1347 4858 1570 4914 Socrate
1594 4859 1703 4928 jam
1728 4860 1928 4913 dictum
1960 4870 2077 4917 est:

493 4935 737 4988 superest
780 4940 947 4993 genus
980 4928 1373 4982 niortt's’illius:
1406 4931 1640 4984 decessu.
1669 4943 1847 4983 autem
1889 4932 2079 4985 hausto

493 5009 658 5069 succo
685 4996 1180 5069 cicutievenenatn,
1204 5015 1311 5067 quo
1332 5003 1689 5056 Athenienses
1714 5002 1776 5053 ad
1808 5002 2076 5069 publicum

496 5066 685 5141 mortis
725 5067 1044 5134 supplicium
1094 5073 1417 5124 utebantur:
1461 5072 1583 5125 hinc
1616 5066 1873 5131 Socrates.
1909 5074 2081 5141 inquit

493 5135 705 5203 Cicero,
738 5153 856 5212 cum
882 5155 1007 5212 pene
1030 5140 1134 5203 iam
1158 5142 1211 5193 in
1242 5157 1396 5194 manu
1437 5144 1751 5212 mortiferum
1777 5144 1904 5195 illud
1944 5135 2081 5196 tene-

490 5219 567 5260 ret
597 5209 869 5277 poculum.
900 5209 1099 5263 locutus
1130 5214 1201 5263 ita
1227 5222 1328 5276 est,
1353 5222 1408 5265 ut
1447 5231 1548 5266 non
1574 5209 1640 5267 ad
1671 5225 1880 5266 mortem
1911 5216 2077 5278 trudi,

492 5295 664 5353 verum
690 5280 743 5353 in
766 5282 945 5353 coitum
971 5282 1227 5335 videretur
1246 5285 1551 5339 ascendere:
1573 5298 1626 5340 et
1657 5285 1858 5341 Seni-ca
1877 5326 1891 5349 ,
1917 5286 2077 5353 epist.

493 5350 584 5414 67,
612 5349 792 5415 Catix,
825 5352 991 5419 inquit
1009 5392 1023 5416 ,
1058 5366 1348 5418 venenatus,
1373 5356 1460 5423 qui
1485 5357 1748 5411 Socratem
1771 5349 2030 5411 transtulit
2054 5374 2081 5410 e

492 5438 694 5475 carcere
715 5423 768 5475 in
790 5423 989 5476 cazlum.

565 5492 584 5522 ³
615 5493 835 5546 Zenonis
878 5504 1151 5549 tormenta.
1186 5494 1198 5565 ]
1239 5495 1294 5549 In
1335 5497 1553 5549 Zenone
1583 5496 1742 5549 etiam
1792 5507 1915 5548 ante
1964 5497 2082 5550 Pla-

497 5565 637 5614 tonis
664 5575 874 5617 u-tatem
902 5568 1159 5634 sapientia
1192 5570 1330 5621 male
1356 5578 1575 5634 excepta
1609 5568 1724 5619 fuit.
1756 5566 1901 5619 Zeno
1932 5570 2076 5621 enim

496 5634 613 5707 ipso
651 5650 862 5700 quoque
893 5644 1117 5691 Socrate
1155 5640 1424 5707 antiquior
1466 5638 1628 5690 multa
1678 5651 1894 5706 propter
1924 5656 2074 5691 suam

494 5703 676 5776 sapien
706 5708 830 5776 iam
859 5721 1121 5761 tormenta
1176 5703 1360 5775 passus
1407 5719 1526 5761 est:
1557 5708 1648 5760 sed
1679 5703 1941 5776 'quienam
1988 5709 2072 5761 illa

495 5774 717 5839 fuerint,
748 5775 932 5842 quisve
964 5774 1287 5832 tllormnam
1308 5791 1390 5831 tur
1421 5796 1523 5831 non
1559 5774 1784 5831 constat.
1823 5779 2071 5832 Probabi-

491 5846 594 5899 ltus
624 5854 705 5899 est
738 5845 1036 5915 Zenonem,
1066 5850 1191 5903 dum
1226 5852 1307 5903 hic
1342 5854 1522 5906 Eleum
1558 5853 1780 5917 patriam
1814 5854 1863 5904 in
1904 5852 2064 5906 liber-

2108 4612 2161 4672 D

2185 3296 2281 3369 llic
2325 3297 2671 3369 philosophus
2700 3298 2809 3369 sibi
2856 3314 3005 3350 venas
3051 3316 3368 3364 pra'secaus,
3405 3302 3575 3369 inquit
3622 3314 3755 3355 vetus

2184 3368 2447 3437 interpres
2488 3367 2788 3432 Juvenaiis,
2817 3379 2916 3421 sat.
2941 3369 2995 3432 5,
3030 3386 3336 3436 crurumque
3367 3367 3519 3424 cenas
3565 3374 3755 3423 abrum-

2180 3455 2321 3505 pens,
2354 3447 2401 3490 et
2446 3438 2666 3491 durante
2712 3448 2876 3490 tractu
2909 3442 3309 3507 lentitudiueque
3357 3445 3561 3504 monis,
3593 3442 3758 3494 hausto

2182 3524 2393 3571 veneno,
2422 3519 2468 3560 et
2511 3518 2765 3576 postremo
2806 3511 2987 3563 calidw
3024 3527 3171 3579 aqua:
3214 3522 3458 3580 stagnum
3510 3516 3755 3576 introieris,

2181 3580 2497 3632 exanimatus
2535 3588 2630 3633 est.
2659 3580 2951 3642 Nimirum,
2982 3591 3039 3635 ut
3068 3584 3182 3650 ipse
3211 3584 3420 3636 Seneca
3452 3586 3651 3637 alllit'th
3675 3584 3758 3634 ad-

2184 3650 2410 3702 mirabili
2453 3650 2772 3715 constantia,
2804 3662 3088 3719 antequam
3133 3667 3465 3718 moreretur,
3512 3657 3759 3707 :tllOCttlttS

2182 3722 2299 3773 ait:
2337 3720 2533 3793 Neroni
2572 3722 2794 3773 sarrieuti
2828 3723 2958 3775 nihil
2994 3722 3136 3775 aliud
3174 3739 3480 3788 supererat,
3513 3738 3625 3793 post
3660 3741 3759 3776 ma-

2182 3802 2306 3843 trem
2337 3792 2646 3866 fratremque
2684 3794 2996 3866 intrfectas,
3026 3810 3177 3863 quam
3218 3806 3275 3848 ut
3315 3792 3612 3850 educatoris
3642 3811 3761 3866 prte-

2183 3863 2499 3930 ceutorisque
2521 3879 2689 3915 necem
2714 3864 2973 3927 adficeret.

2255 3931 2276 3964 ⁸
2308 3934 2372 3985 At
2413 3933 2661 3988 Soranos.
2705 3933 2944 4002 liiareas
2987 3934 3247 4002 Soranus,
3297 3938 3764 4006 prmstantissimus

2183 4003 2310 4057 item
2357 4005 2734 4075 philosophus,
2781 4008 3000 4059 Senecae
3049 4003 3308 4075 aequalis,
3354 4008 3569 4075 justitia
3616 4019 3762 4075 atque

2185 4075 2443 4128 industria
2494 4074 2816 4129 oilensimrcs
2861 4074 3366 4143 ejusdemNrronis
3398 4080 3470 4132 ita
3516 4082 3689 4144 auxit,
3721 4091 3767 4129 nt

2184 4146 2250 4198 ad
2284 4154 2509 4218 mortem
2537 4155 2690 4218 actus
2722 4147 2882 4199 tuerit
2905 4148 2971 4200 ab
3004 4149 3193 4201 eodem
3224 4161 3483 4218 tyranno,
3515 4153 3602 4217 qui
3633 4166 3765 4213 mag-

2186 4216 2483 4289 nitudinem
2533 4216 2929 4285 imperatoriam
2970 4218 3117 4271 cattle
3164 4216 3459 4289 insignium
3511 4216 3768 4282 virorum,

2189 4291 2339 4352 quasi
2370 4287 2517 4353 regio
2547 4288 2784 4340 faeiuore
2824 4299 3092 4343 ostentare
3130 4287 3435 4355 videbatur,
3465 4301 3524 4344 ut
3553 4294 3627 4344 ait
3653 4292 3769 4346 Cor-

2190 4357 2361 4411 nelius
2383 4357 2550 4411 Tacit.
2579 4358 2772 4411 Annal.
2798 4359 2833 4410 l.
2860 4375 2965 4412 svi.

2256 4427 2332 4481 Ne
2365 4440 2516 4501 putes
2562 4428 2647 4481 hic
2687 4428 2895 4493 Canios,
2928 4432 3168 4501 Senecas,
3194 4441 3241 4483 ct
3282 4431 3527 4486 Soranos
3574 4433 3771 4501 signiti-

2185 4512 2310 4552 care
2338 4500 2619 4551 imitatores
2640 4508 2694 4553 et
2727 4516 2966 4564 sequaces
2994 4500 3255 4568 ejusmodi
3290 4500 3735 4569 philosophorum
3754 4542 3767 4564 ,

2190 4570 2648 4642 quemadmodum
2691 4572 2979 4623 arbitratur
3024 4572 3257 4624 Thomas
3306 4575 3582 4642 Anglicus
3623 4590 3637 4627 :
3684 4574 3772 4641 ipsi

2184 4651 2311 4693 sunt
2352 4640 2684 4715 philosOphi,
2716 4642 2805 4715 qui
2856 4653 3074 4715 propter
3102 4644 3364 4708 majorem
3408 4640 3644 4715 ἔμφασιν
3686 4640 3773 4697 nu-

2186 4727 2334 4763 tuero
2364 4714 2554 4779 plurali
2597 4714 3010 4779 exprimuntur:
3043 4712 3133 4768 Sic
3161 4715 3399 4768 dicimus
3430 4712 3771 4776 Alexandros,

2183 4781 2510 4851 Augustines,
2534 4790 2641 4836 etc.

2255 4863 2274 4891 ⁷
2307 4860 2507 4915 Studiis
2546 4862 2819 4931 impiorum
2869 4860 3244 4932 dissimillimi.]
3276 4863 3495 4919 Idcirco
3515 4866 3659 4921 enim
3688 4866 3775 4918 im-

2186 4932 2339 5005 probi
2361 4933 2485 4986 odio
2508 4934 2701 4986 habent
2734 4934 2952 5005 probos,
2976 4932 3160 4999 eisque
3181 4946 3405 5002 nocent,
3434 4939 3565 5005 quia
3592 4938 3770 4991 horum

2185 5002 2504 5071 illornmque
2525 5005 2898 5075 cogitationes,
2928 5004 3221 5056 locutiones
3248 5015 3302 5057 et
3329 5002 3506 5075 opera
3544 5010 3685 5062 inter
3724 5024 3774 5060 se

2184 5084 2309 5128 sunt
2337 5074 2606 5127 contraria
2635 5091 2647 5125 :
2682 5076 3130 5141 quemadmodqu
3161 5074 3433 5131 docemur
3466 5078 3773 5144 Sapienti;i~,

2186 5160 2223 5197 ιι
2248 5160 2263 5198 :
2293 5144 2756 5198 Circumveniamus
2786 5160 2905 5215 ergo
2923 5146 3124 5215 justum
3143 5185 3157 5206 ,
3185 5149 3443 5210 quoniam
3483 5150 3686 5203 inutilis
3713 5161 3777 5201 εκι

2187 5216 2348 5281 nobis,
2382 5228 2430 5269 et
2458 5217 2743 5290 contrarius
2769 5216 3107 5290 est‘operibus
3137 5218 3347 5281 nostris,
3382 5230 3435 5272 et
3468 5223 3775 5290 impropernt

2189 5287 2330 5338 nobis
2358 5297 2562 5360 peccata
2579 5285 2736 5360 legis,
2760 5296 2805 5339 et
2825 5286 3478 5360 di,’/amat_innospeccata
3497 5285 3623 5342 disc.
3634 5285 3776 5360 plina:

2187 5369 2392 5409 nostra.
2414 5356 2669 5428 Promittit
2691 5374 2743 5410 se
2762 5358 3021 5411 scientiam
3043 5357 3136 5410 Dei
3160 5357 3367 5420 habere,
3410 5372 3464 5413 et
3504 5356 3673 5428 ﬁlium
3694 5360 3776 5411 Dei

2187 5445 2241 5480 se
2266 5430 2511 5480 nominat.
2538 5426 2732 5501 Factus
2749 5438 2820 5481 est
2852 5428 2998 5480 nobis
3025 5430 3083 5501 in
3105 5426 3775 5501 traductionemvcogitatiu-

2187 5515 2308 5551 num
2340 5509 2647 5552 nostrarum.
2692 5497 2872 5551 Gravis
2898 5510 2968 5551 ρει
2999 5500 3139 5551 nobis
3168 5501 3315 5551 etiant
3351 5504 3427 5552 ad
3468 5497 3773 5563 ridendum,

2184 5573 2425 5635 quoniam
2469 5570 2733 5622 dissimilis
2772 5580 2843 5622 est
2894 5569 3012 5621 aliis
3059 5574 3157 5622 cita
3202 5571 3367 5635 illius,
3403 5584 3455 5625 tt
3499 5578 3775 5625 immutata

2180 5653 2298 5692 sunt
2330 5642 2421 5691 riw
2460 5644 2589 5709 ejus.
2634 5641 2900 5710 Tanquam
2934 5657 3156 5707 nugaces
3196 5644 3446 5696 trslintati
3498 5661 3677 5696 sumus
3719 5648 3776 5691 ab

2178 5711 2270 5763 illo
2295 5727 2312 5764 :
2337 5722 2383 5763 et
2411 5713 2625 5763 abstinet
2654 5729 2707 5764 se
2726 5730 2758 5765 a
2779 5714 2871 5765 viis
2898 5713 3085 5765 nostris
3116 5722 3359 5778 tanquam
3401 5715 3470 5767 ab
3501 5717 3778 5767 immundi-

2178 5785 2280 5848 tiis,
2308 5792 2354 5835 et
2377 5786 2586 5855 prmfert
2609 5784 2881 5838 nouissima
2899 5784 3159 5853 justorum
3177 5825 3192 5853 ,
3219 5794 3262 5836 et
3284 5784 3559 5854 gloriatur
3586 5796 3776 5855 palmo

2176 5870 2228 5908 se
2256 5855 2435 5908 habere
2466 5853 2649 5909 Deum.
