3998 6368
283 296 369 351 615
1160 286 1246 341 DE
1286 285 1798 343 CONSOLATIONE
1844 284 2324 343 PHILOSOPIIIE
2368 287 2497 342 LIB.
2542 285 2581 340 l.

397 401 493 455 Nec
513 412 583 468 sp.
605 410 689 452 res
715 396 914 466 aliquid
944 412 1040 452 nec
1072 398 1390 453 extimescas
1411 443 1425 464 ,

398 488 751 546 Exarmaveris
776 487 1085 553 impotentis
1116 490 1249 542 iram
1280 506 1293 542 :

278 587 331 640 l3
392 582 486 654 41
517 582 581 634 At
621 579 862 648 quisquis
888 578 1131 645 trepidus
1164 588 1345 648 pavet,
1377 580 1456 633 vel
1489 588 1634 646 optat
1659 619 1673 644 ,

392 674 531 741 Quod
559 689 658 726 non
688 675 757 727 sit
782 673 1008 736 stabilis,
1040 674 1230 743 suique
1263 674 1391 735 iuris
1413 714 1429 733 .

391 769 587 838 Abjecit
604 769 867 839 clypeum,
903 770 1127 837 lucoque
1159 780 1336 821 motus

391 862 573 928 Nectit,
602 878 702 931 qua
728 862 907 915 valeat
938 862 1099 927 trahi,
1132 871 1400 917 catenam.

776 953 882 1025 (.2
923 954 1141 1010 PROSA
1184 953 1275 1008 ιν.

269 1054 625 1106 Διιῦωιεθίτυιι.
652 1077 720 1087 -
756 1046 963 1119 Boetius
997 1050 1058 1101 de
1088 1048 1427 1119 intelligentia
1457 1048 1824 1115 prmtlictorum

324 1136 498 1179 suoque
523 1120 719 1172 vulnere
740 1136 770 1170 a
795 1118 1129 1186 PhilosOpIiia
1155 1118 1513 1188 interrogatus,
1534 1119 1824 1171 memoratis

323 1192 526 1259 primum
547 1191 744 1253 quidem
772 1192 905 1251 loco,
954 1192 1127 1242 habitu
1153 1202 1201 1243 et
1228 1191 1391 1253 t'ultu,
1413 1193 1592 1256 quibus
1624 1206 1727 1242 non
1753 1199 1826 1241 ita

324 1264 501 1328 pridem
539 1261 767 1329 excipere
804 1262 994 1315 solebat
1024 1259 1440 1330 PliilosOphiam,
1480 1261 1665 1312 deinde
1711 1276 1826 1312 vero

3417 288 3522 341 6H

1849 399 1901 459 Α
1996 399 2278 467 pra’ceptis,
2319 414 2433 468 qua!
2460 408 2508 452 et
2546 416 2576 451 a
2613 397 2949 469 Philosophia
2988 406 3273 469 acceperat,
3317 404 3365 450 et
3404 399 3524 452 dili-

2002 480 2176 539 genter
2222 479 2484 523 exsecutus
2528 474 2717 540 fuerat,
2768 470 2989 541 injustas
3040 476 3193 540 refert
3236 470 3316 523 sui
3360 470 3525 523 exsilii

2002 557 2206 593 causas.

2004 655 2020 684 ¹
2052 652 2325 717 Sentisne,
2365 652 2535 722 inquit
2563 629 2610 720 εί,
2637 652 2781 718 ιιιεε,
2814 664 2975 724 alque
3014 654 3193 707 animo
3236 654 3527 708 illabuntur

1932 748 2067 801 tuo?
2110 747 2251 801 Esne
2290 745 2317 783 δ
2355 744 2467 809 ὄνος
2508 748 2704 822 λύρας-ἲ
2750 748 2885 815 Quid
2917 748 3050 803 ﬂes?
3090 748 3227 814 Quid
3276 747 3527 819 lacrymis

1934 854 2119 893 manas
2141 840 2190 893 εἳ
2209 838 2423 905 ἐξαύδα
2453 845 2524 912 μή
2552 844 2689 894 κεῦθε
2713 841 2811 910 νὸῳ
2836 854 2849 890 :
2878 840 2933 894 Si
2954 855 3173 909 operam
3207 842 3527 895 medicantis

1933 944 2253 1002 exspectas,
2296 941 2514 1002 oportet
2556 934 2748 987 vulnus
2790 934 3030 1002 detegas.
3068 932 3174 1004 A3
3217 932 3349 989 Tum
3379 930 3402 969 ἀ
3428 949 3527 1003 ego

1934 1025 2164 1079 collecto
2190 1026 2244 1078 in
2266 1025 2406 1080 vires
2429 1025 2609 1079 animo
2635 1040 2648 1076 :
2677 1033 2700 1060 ε
2725 1027 2879 1078 Anne
2919 1024 3093 1079 adhuc
3126 1034 3247 1095 eget
3284 1026 3527 1079 admoui-

1937 1122 2103 1185 tione,
2129 1135 2227 1175 nec
2251 1134 2345 1190 per
2372 1134 2430 1174 se
2456 1122 2586 1172 satis
2616 1120 2816 1173 eminet
2844 1118 3069 1173 fortuna:
3096 1119 3147 1173 iu
3177 1132 3273 1172 nos
3299 1119 3522 1173 saevien—

1937 1216 2004 1269 tis
2030 1215 2331 1284 asperitas?
2373 1213 2585 1273 Nihilne
2616 1223 2667 1269 te
2700 1211 2719 1251 ί
2754 1213 2870 1285 ipsa
2903 1214 2923 1244 '
2966 1213 3067 1268 loci
3110 1214 3274 1268 facies
3305 1212 3526 1268 movet?

1582 1369 2159 1426 INTEItPRETATIO.

268 1468 405 1535 inique
426 1468 622 1537 tyranni
662 1483 674 1517 :
708 1467 797 1519 sed
816 1465 1102 1535 quicunque
1125 1464 1297 1517 metuit
1326 1474 1562 1525 tremens,
1593 1474 1681 1516 aut
1700 1482 1817 1528 spe-

270 1549 351 1597 rat,
375 1540 437 1605 is,
464 1538 703 1599 quoniam
733 1552 833 1589 non
854 1547 926 1589 est
957 1546 1195 1589 constans
1225 1546 1269 1588 et
1300 1552 1506 1604 compos
1532 1538 1629 1597 sui,
1656 1537 1815 1605 depo-

270 1609 350 1659 suit
375 1618 591 1671 scutum,
624 1618 672 1658 et
719 1622 814 1661 sua
866 1608 984 1661 sede
1024 1607 1270 1674 disjectas
1296 1608 1553 1675 componit
1583 1608 1811 1671 vincula,

273 1678 418 1746 quibus
439 1681 544 1745 rapi
576 1680 757 1739 possit.

331 1756 352 1785 ⁸
386 1748 737 1816 Philosophia.

1998 1462 2024 1502 ι’
2065 1462 2255 1514 Asinus
2293 1462 2441 1530 lyrae.

1998 1546 2019 1572 ι·
2069 1532 2182 1595 Dic,
2217 1548 2375 1599 neque
2403 1540 2569 1585 mente
2598 1540 2757 1601 tegas.

1993 1602 2019 1641 ἀ
2064 1603 2303 1656 Boetius.

1996 1686 2018 1711 ο
2063 1673 2404 1740 Respondet).

1998 1744 2017 1783 ί
2063 1750 2106 1799 υ
2147 1743 2518 1813 PhiluSophia.

1780 1836 2005 1895 ΝΟΤτΕ.

368 1934 678 1995 Conveniunt,
704 1936 879 1995 quibus
901 1943 984 1983 aut
1006 1935 1166 1983 odium
1185 1934 1387 1983 cru-lele
1413 1936 1623 1997 tyranni,

363 1999 447 2044 Aut
466 2005 631 2044 metus
647 2012 759 2044 acer
787 2005 911 2045 erat.

314 2078 476 2145 Neque
495 2096 633 2134 vero
661 2082 921 2147 ejusmodi
956 2092 1211 2151 tyrannos
1242 2082 1422 2148 timet,
1476 2081 1567 2149 qui
1618 2081 1823 2150 magni-

257 2151 409 2204 tudtue
444 2162 490 2205 et
526 2152 851 2207 fortitudine
900 2153 1063 2206 animi
1097 2151 1374 2222 praeditus,
1434 2154 1566 2205 nihil
1601 2172 1626 2204 ει
1660 2158 1820 2206 rclms

257 2224 418 2275 creatis
444 2236 528 2273 aut
553 2234 746 2290 sperat
776 2236 867 2277 alit
887 2226 1074 2277 metuit
1101 2241 1115 2276 :
1153 2222 1352 2275 Harum
1381 2225 1524 2277 enim
1556 2225 1820 2289 virtutum,

262 2294 397 2360 inquit
425 2294 533 2345 Cic.
571 2309 637 2346 III
666 2294 731 2345 de
752 2294 909 2348 Ollic.
930 2336 945 2360 ,
969 2307 1041 2348 est
1078 2296 1342 2359 proprium
1373 2295 1445 2346 nil
1474 2297 1819 2359 extimescere,

260 2366 397 2415 omnia
418 2365 653 2416 humana
685 2365 970 2431 despicere,
1018 2364 1146 2417 nihil
1177 2367 1315 2435 quod
1346 2367 1540 2417 homini
1587 2366 1823 2419 accidere

260 2435 387 2498 possit
414 2436 594 2487 intoler
613 2438 802 2487 aridum
832 2448 1033 2504 putare.
1072 2437 1143 2489 Ex
1176 2452 1281 2502 quo
1312 2436 1450 2489 idem
1476 2448 1660 2487 orator
1687 2450 1819 2489 eun-

257 2506 338 2557 ﬁcit
358 2506 716 2575 fortitudinem
745 2522 851 2559 esse
879 2507 1111 2559 dolorum
1136 2507 1465 2574 laborumque
1487 2508 1821 2573 contemptio-

256 2592 359 2627 nem.
389 2577 560 2640 Quare
594 2578 958 2642 magnanimis
989 2578 1120 2631 viris
1167 2578 1268 2645 [eri
1302 2578 1504 2646 tyranni
1558 2579 1823 2631 habentur

257 2647 338 2697 sine
358 2649 537 2698 viribus
563 2648 821 2716 furentes.
856 2648 1018 2715 Igitur

305 2719 381 2769 15.
431 2718 540 2769 Nec
576 2735 758 2787 speres
798 2720 992 2787 aliquid
1036 2734 1126 2771 nec
1169 2717 1539 2788 extimescas]
1593 2719 1716 2773 llsec
1738 2726 1822 2771 est

252 2790 482 2858 sententia
514 2789 765 2841 i’lzutouis
786 2830 799 2852 ,
828 2806 985 2858 quam
1014 2790 1113 2842 sibi
1142 2790 1395 2856 deinceps
1426 2800 1821 2854 usurpaverant

250 2855 404 2917 Stoici,
429 2862 589 2912 uuaui
608 2862 793 2928 suique
813 2855 1079 2914 consensu
1099 2855 1467 2927 approbarunt
1485 2875 1672 2913 oumes
1696 2876 1816 2914 cum

249 2938 457 2983 oratores
485 2940 597 2983 tum
637 2940 827 2996 poetae.
873 2932 1022 2984 Plato
1045 2933 1187 2984 enim
1220 2930 1271 2982 in
1313 2930 1539 2987 Philebo
1560 2930 1633 2985 ait
1662 2947 1818 3001 opor-

249 3007 333 3072 tere
352 3016 477 3065 eum,
502 3004 588 3070 qui
633 3003 947 3070 intelligendi
968 3000 1301 3068 sapiendique
1327 3003 1479 3054 vitam
1506 3001 1680 3072 elegit,
1698 3000 1820 3054 nul-

246 3070 417 3123 latenus
436 3073 679 3141 gaude-re
700 3072 774 3124 vel
796 3073 987 3125 dolere.
1020 3076 1223 3127 Seneca
1245 3074 1329 3125 ille
1343 3070 1668 3136 Stoicusﬁle
1684 3074 1782 3125 lica
1796 3102 1815 3113 -

250 3150 291 3191 ta
322 3140 503 3196 Vitae.
541 3145 597 3199 5.
647 3151 831 3211 potest,
867 3145 1057 3207 inquit,
1082 3144 1259 3197 beatus
1295 3144 1396 3195 dici
1434 3145 1520 3212 qui
1561 3160 1651 3195 nec
1680 3144 1818 3212 cupit

246 3226 319 3262 nec
345 3213 497 3279 timet,
531 3214 790 3281 beneﬁcio
812 3215 1045 3266 rationis.
1077 3215 1288 3278 Cicero,
1317 3230 1475 3267 versu
1505 3216 1591 3279 Η,
1620 3224 1674 3267 ει
1701 3214 1818 3266 Vtr-

243 3282 393 3354 gilius,
427 3299 584 3337 versu
629 3285 681 3347 2,
707 3284 861 3353 hujus
888 3286 1041 3338 metri
1064 3286 1297 3339 citatus:
1328 3286 1519 3354 quibus
1542 3286 1664 3339 addi
1697 3295 1815 3353 put-

244 3366 313 3405 eet
333 3353 584 3408 Martialis
631 3358 665 3407 Ι.
700 3372 756 3419 x,
789 3371 876 3424 ep.
909 3357 978 3409 47
1010 3372 1024 3408 :

404 3448 538 3505 Quod
566 3450 667 3507 sis,
691 3461 803 3497 esse
828 3447 965 3505 velis,
992 3446 1210 3509 nihilque
1230 3445 1369 3496 malis
1390 3459 1406 3497 :

406 3513 671 3559 Summum
692 3523 787 3557 nec
806 3518 996 3559 metuas
1016 3511 1166 3569 diem,
1191 3521 1286 3557 nec
1306 3517 1467 3570 Optes.

311 3591 523 3647 Scilicet
544 3608 707 3647 meus
734 3591 1058 3646 caducarum
1091 3607 1270 3647 rerum
1301 3592 1411 3659 spei
1439 3600 1718 3660 metusque
1759 3593 1821 3647 li-

249 3659 379 3725 bera,
405 3664 530 3718 hinc
550 3681 581 3719 a
607 3679 839 3729 corpore
861 3678 1107 3717 errorum
1134 3663 1492 3731 vitiorumque
1525 3659 1671 3717 futue
1696 3664 1826 3719 lihe-

244 3743 391 3797 ratur,
410 3736 533 3789 inde
550 3750 688 3790 vero
704 3735 811 3787 Deo
828 3734 1069 3788 veritatis
1093 3734 1408 3803 virtutisque
1433 3735 1689 3802 principio
1707 3751 1827 3787 con-

244 3802 461 3871 jungitur
485 3824 499 3859 :
525 3821 699 3875 quare
728 3816 961 3858 exarmat
990 3806 1142 3866 iram,
1166 3807 1317 3871 cujus
1344 3814 1428 3858 est
1451 3807 1708 3858 duntaxat
1736 3817 1826 3859 aut

244 3875 433 3929 auferre
466 3879 672 3930 bonum
698 3877 838 3945 quod
862 3886 1012 3939 optes
1034 3917 1047 3937 ,
1085 3884 1179 3929 aut
1220 3875 1420 3929 inferre
1451 3877 1646 3928 malum
1681 3879 1823 3944 quod

245 3944 412 3999 timeas
439 3963 455 4011 ;
486 3949 698 4017 quique
719 3944 831 4000 tibi
862 3948 1138 4009 irascitur,
1173 3946 1258 4000 hic
1288 3947 1538 4016 impotens
1559 3958 1640 3999 est
1673 3949 1825 4000 :sive

244 4017 347 4086 quia
377 4033 485 4086 quo
517 4024 595 4072 ira
632 4017 907 4086 libidoque
939 4017 1152 4083 rapiunt
1174 4059 1188 4079 ,
1222 4018 1486 4084 sequitur,
1527 4018 1647 4071 talis
1677 4020 1821 4072 enim

244 4084 423 4152 homo,
475 4092 648 4143 etiam
682 4084 929 4142 Ciceroni
979 4089 1229 4157 impotens
1266 4089 1503 4152 dicitur;
1556 4088 1669 4144 sive
1699 4092 1823 4159 quia

242 4170 419 4213 nocere
451 4176 561 4214 non
597 4169 798 4227 potest.

302 4230 383 4300 15.
414 4230 673 4300 Quisquis
716 4267 731 4281 .
770 4272 781 4284 .
818 4266 831 4281 .
881 4240 1025 4300 pavet
1080 4231 1157 4284 vel
1206 4228 1410 4299 Optat.]
1464 4229 1503 4282 E
1552 4232 1823 4285 contrario

238 4298 529 4368 quicunque
564 4298 733 4355 Vmetu
757 4310 848 4355 aut
882 4298 983 4369 spe
1005 4302 1327 4355 caducarum
1359 4298 1533 4355 rerum
1566 4301 1819 4367 afﬁcitur,

240 4370 295 4431 is.
328 4370 380 4422 ι’
408 4388 515 4424 non
543 4382 623 4425 est
646 4372 873 4436 stabilis,
910 4373 1049 4441 quod
1080 4372 1163 4426 vel
1192 4371 1457 4440 supplicio
1483 4371 1561 4424 vel
1603 4374 1823 4439 praemio

235 4454 370 4495 mens
398 4445 521 4509 ejus
550 4458 582 4495 a
624 4444 794 4511 prima
830 4444 1071 4497 veritatis
1101 4444 1421 4511 virtutisque
1447 4457 1633 4495 norma
1664 4458 1818 4496 rece-

234 4511 347 4565 dere
370 4516 441 4566 sit
470 4524 668 4580 parata
696 4529 711 4576 ;
744 4513 807 4585 2'7
835 4515 916 4566 sui
933 4515 1073 4585 juris
1103 4530 1203 4566 non
1236 4521 1310 4566 est
1332 4555 1347 4578 ,
1369 4513 1526 4585 quod
1557 4513 1818 4585 mancipia

232 4594 322 4653 non
346 4592 453 4637 tam
478 4585 636 4638 servi
668 4583 1005 4638 dominorum
1031 4628 1046 4651 ,
1107 4598 1266 4653 quam
1327 4583 1417 4638 ille
1465 4584 1818 4651 cupiditatum

230 4652 300 4726 vel
331 4656 602 4708 timorum
635 4671 647 4718 ;
693 4654 748 4726 5°
780 4655 965 4725 abjecit
998 4652 1231 4726 clypeum
1255 4696 1272 4723 ,
1327 4654 1469 4723 quod
1507 4658 1817 4726 magnitudo

1857 1938 1903 1997 Β
1934 1934 2211 2002 insculptis
2242 1934 2465 1987 eiciatur
2493 1932 2813 2003 imaginibus
2834 1983 2847 2003 ,
2876 1944 2929 1989 et
2955 1933 3020 1987 ad
3049 1950 3299 2003 pugnam,
3326 1935 3512 1990 laevam

1932 2007 2113 2059 militis
2143 2017 2344 2073 partem
2396 2005 2565 2071 tegit:
2623 2006 2763 2060 unde
2812 2020 2839 2058 a
2886 2020 3110 2072 corpoie
3155 2008 3219 2058 ad
3278 2018 3515 2061 mentem

1930 2077 2243 2129 translatum
2270 2076 2317 2128 id
2354 2092 2546 2129 nomen
2573 2118 2586 2135 ,
2623 2092 2763 2129 nunc
2786 2076 3202 2143 magnitudinem
3236 2076 3517 2131 fortitudi-

1929 2163 2157 2215 nemque
2183 2147 2379 2208 animi,
2413 2158 2466 2198 ut
2498 2148 2696 2200 dictum
2728 2158 2830 2215 est,
2859 2149 3145 2215 snguiticat.

2002 2222 2018 2249 ί
2048 2219 2287 2271 Sentisne
2315 2215 2466 2288 hiem]
2502 2217 2540 2271 Ι.
2572 2217 2789 2271 Boetius
2831 2218 3190 2283 interrogatur
3226 2233 3253 2270 a
3280 2217 3521 2272 Philoso-

1930 2289 2051 2353 pltia
2079 2290 2147 2342 de
2170 2288 2518 2357 intelligentia
2546 2290 2921 2356 pradictoruin
2950 2304 3101 2342 :cum
3130 2289 3273 2341 enim
3304 2300 3524 2344 auctore

1927 2360 2127 2422 Tullio,
2172 2376 2185 2413 l
2212 2362 2399 2422 Acad.,
2425 2376 2584 2423 neque
2605 2362 2699 2412 hoc
2719 2359 2999 2430 quidquam
3029 2360 3093 2413 sit
3121 2363 3339 2428 turpius,
3369 2376 3523 2427 quam

1924 2432 2202 2499 cognitioni
2249 2432 2580 2484 assertionem
2622 2433 3138 2501 approbationemque
3180 2447 3523 2498 praecurrere;

1930 2511 2214 2569 propterea
2246 2500 2460 2554 Boetius
2494 2516 2596 2555 non
2626 2500 2752 2557 ante
2782 2502 2958 2555 debui:
2992 2504 3057 2555 de
3084 2502 3350 2569 prredictis
3383 2502 3523 2557 terra

1919 2570 2179 2642 judicium
2208 2612 2222 2633 ,
2263 2588 2421 2639 quam
2464 2572 2551 2626 illa
2594 2573 2773 2625 animo
2812 2572 2999 2640 illapsa
3042 2587 3138 2625 suo
3180 2576 3519 2640 perceperit:

1927 2644 2050 2697 hinc
2078 2642 2421 2711 Philosophia
2455 2654 2605 2706 rogat
2629 2644 2892 2704 Boetium.
2927 2644 3066 2697 sitne
3103 2644 3346 2705 istorum,
3379 2646 3435 2697 si
3461 2653 3518 2699 ut

1922 2716 2099 2766 asinus
2127 2725 2207 2767 est
2234 2716 2379 2783 lyrte,
2412 2714 2622 2767 auditor
2646 2727 2870 2777 tantum,
2897 2712 3007 2774 ὄνος
3034 2714 3229 2784 λύραςτ
3258 2714 3521 2769 Nimirum

1925 2793 2069 2838 tanta
2100 2796 2181 2838 est
2212 2795 2425 2853 tamque
2452 2798 2575 2839 nota
2612 2785 2749 2838 asini
2786 2786 3091 2848 stupiditas,
3118 2785 3202 2838 hic
3242 2797 3294 2837 ut
3320 2786 3524 2840 Grecis

1930 2855 2238 2922 Latinisque
2271 2855 2579 2909 hominibus
2611 2856 2665 2909 in
2699 2856 2985 2924 proverbio
3022 2856 3218 2918 Saepius
3252 2856 3409 2909 luerit
3453 2856 3521 2911 ad

1922 2926 2327 2995 signiﬁcandam
2359 2926 2593 2979 hominis
2626 2926 3042 2983 ignorationem.
3076 2927 3167 2980 Sic
3190 2926 3384 2979 dicitur
3412 2925 3525 2984 ὄνος

1923 3001 1974 3051 ἐν
1996 3000 2245 3059 πιθήκοις,
2264 2998 2442 3050 asinus
2464 2997 2597 3050 inter
2619 2999 2825 3057 simias;
2848 2995 2955 3057 ὄνος
2978 3000 3027 3051 ἐν
3046 2998 3326 3065 μελίτταις.
3351 3002 3527 3050 asinus

1923 3070 2056 3121 inter
2082 3085 2224 3133 apes,
2251 3069 2374 3121 dum
2408 3069 2603 3122 stultus
2638 3068 2776 3122 inter
2807 3069 3051 3129 callidos,
3080 3080 3169 3120 aut
3210 3067 3355 3135 piger
3376 3068 3519 3122 inter

1923 3140 2140 3213 sedulos
2179 3140 2436 3213 oceutrit.
2484 3139 2573 3194 Sic
2613 3137 2728 3213 ξίνου
2764 3141 2978 3211 κεφαλήν
3012 3140 3302 3213 μῃ-πλήγειν
3343 3143 3519 3213 νίτρῳ,

1925 3212 2060 3262 asini
2100 3223 2252 3279 caput
2297 3227 2361 3263 ne
2400 3212 2534 3263 laves
2579 3211 2733 3275 nitro,
2776 3209 2902 3263 dum
2952 3209 3255 3278 prohiberis
3299 3209 3519 3277 operam

1931 3282 2155 3348 perdere
2192 3282 2245 3334 in
2281 3281 2540 3339 doct-udis
2581 3282 2843 3335 rudibus:
2877 3280 3329 3351 quemadmodum
3355 3281 3525 3335 Hora-

1933 3352 2038 3407 tius
2068 3353 2145 3406 ait
2177 3354 2211 3405 l.
2238 3368 2252 3405 ι
2283 3352 2421 3416 Sat.,
2446 3361 2550 3405 sat.
2577 3353 2627 3406 1:

2060 3444 2230 3508 infelix
2258 3460 2457 3507 operam
2489 3447 2666 3508 perdas
2690 3460 2703 3495 :
2732 3452 2783 3496 ut
2807 3448 2845 3495 si
2875 3448 2983 3508 quis
3004 3446 3209 3497 asellum

2058 3507 2111 3556 in
2139 3522 2308 3570 campo
2328 3507 2504 3558 doceat
2525 3517 2782 3571 parentem
2802 3507 3008 3559 currere
3030 3510 3198 3559 frenis.

2000 3588 2088 3672 Sic
2123 3588 2231 3672 ὄξεος
2268 3593 2395 3664 πρὸς
2430 3593 2599 3672 «eis».
2632 3594 2805 3672 asinus
2841 3594 2911 3672 ad
2948 3595 3159 3672 tibi/int;
3200 3592 3309 3656 ὄνος
3340 3596 3520 3672 λύειςᾳς.

1928 3662 2101 3714 asinus
2147 3662 2506 3731 lgrw,'suppl.
2536 3663 2779 3727 auditor;
2809 3663 2928 3718 sive
2966 3674 3021 3719 ut
3055 3665 3147 3718 alii
3184 3670 3382 3733 legunt,
3402 3662 3525 3729 ’ὄνος

1929 3735 2058 3807 πρὸς
2087 3734 2263 3810 λύραν,
2296 3734 2480 3810 asinus
2503 3735 2570 3787 ad
2595 3734 2762 3810 lyram
2788 3750 2806 3787 :
2833 3734 2978 3810 prior
3014 3736 3310 3810 lectiu__noa
3348 3742 3525 3810 solum

1929 3804 2012 3857 est
2061 3804 2230 3857 nostri
2279 3804 2552 3870 auctoris,
2607 3804 2700 3858 scd
2748 3805 2917 3871 ipsius
2957 3806 3117 3859 etiam
3166 3806 3417 3862 Varronis
3470 3810 3523 3863 in

1929 3884 2105 3946 satyra
2144 3892 2263 3946 qua!
2301 3884 2677 3946 testamentum
2722 3876 3109 3946 inscribitur-ai
3134 3876 3201 3929 ud
3237 3879 3521 3946 Agellium,

1931 3944 1965 3996 Ι.
1998 3960 2075 4024 ut,
2105 3959 2151 3998 c.
2181 3944 2247 3999 16
2277 3944 2503 4024 :_Liberi,
2533 3945 2725 4013 inquit,
2761 3946 2806 3998 si
2838 3957 2993 4024 erant
3013 3944 3114 4024 Eva:
3142 3944 3327 4024 iam,
3357 3955 3526 4024 eilia;—

1926 4016 2073 4068 redes
2093 4025 2263 4069 sunto.
2295 4020 2621 4071 Alterutrum
2646 4026 2823 4070 autem
2853 4034 2916 4071 ex
2944 4017 3025 4071 his
3051 4016 3245 4071 dicitur
3267 4024 3330 4073 ad
3356 4021 3525 4086 signi-

1930 4087 2194 4159 licantlum
2220 4087 2514 4153 hominem,
2534 4088 2626 4158 qui
2648 4088 2887 4158 quamvis
2909 4104 3067 4143 voces
3088 4091 3282 4159 patulis
3304 4086 3523 4146 auribus

1927 4157 2182 4238 excipiat,
2224 4158 2507 4213 verborum
2543 4157 2723 4213 tamen
2754 4157 3202 4229 signiticaziuucm
3252 4179 3281 4214 ιι
3324 4180 3356 4216 ιι
3398 4179 3520 4232 per-

1928 4229 2077 4297 cipit.

2001 4300 2267 4354 Prauerea
2294 4300 2434 4353 idem
2470 4302 2689 4356 Boetius
2721 4302 3083 4370 interrogatur
3107 4300 3175 4355 de
3206 4318 3364 4356 causa
3390 4320 3516 4358 suo-

1929 4386 2044 4443 rum
2081 4373 2315 4443 ﬂetuum,
2359 4388 2574 4426 suarum
2624 4376 3009 4443 tucrymorum:
3040 4372 3175 4438 Quid
3209 4376 3343 4443 ﬂes?
3387 4376 3524 4441 Quid

1927 4438 2170 4510 lacrymis
2192 4445 2428 4514 iniquas?
2467 4444 2604 4513 quod
2639 4438 2860 4497 vocatur
2889 4444 3004 4511 ejus
3035 4438 3238 4507 uulnus,
3275 4438 3524 4514 quod—qun

1926 4513 2199 4564 medicanti
2229 4513 2570 4580 philosophia:
2606 4524 2803 4583 oportet
2831 4516 3057 4582 detigere
3087 4530 3104 4567 :
3131 4513 3348 4569 morbus
3377 4518 3522 4583 enim

1928 4597 2032 4654 non
2075 4592 2295 4637 sanatur
2336 4584 2536 4639 iudieia
2592 4582 2943 4654 ig’tiorataque
2994 4586 3107 4652 ejus
3148 4601 3330 4642 causa.
3388 4582 3524 4643 l'liuc

1928 4652 2271 4723 Philosiipbia
2309 4656 2552 4710 Boetium
2580 4652 2645 4709 ad
2674 4657 2999 4722 loquendum
3036 4660 3276 4711 hortatur
3303 4658 3383 4711 his
3414 4660 3523 4713 llo~

233 4712 794 4799 fortitudoqueauimi
814 4712 857 4799 ,ξ
875 4712 1289 4794 quam'a'bjecit',
1340 4712 1410 4799 sit
1441 4712 1625 4793 ipsius"
1654 4728 1817 4781 animi
1848 4712 1900 4774 D
1928 4724 2061 4799 meri
2095 4712 2301 4791 verbis,
2332 4728 2543 4792 Ἐξαύδα
2568 4734 2638 4799 μὴ
2670 4712 2808 4782 κεόεε
2842 4728 2969 4799 νόῷ,
3009 4725 3143 4781 Fare
3182 4744 3274 4782 nec
3298 4712 3520 4785 occultes

226 4794 378 4849 robur
400 4805 457 4850 et
492 4796 701 4861 tutela;
734 4797 792 4850 4°
822 4798 932 4849 loco
963 4808 1160 4860 motus,
1191 4805 1249 4850 ut
1293 4796 1449 4850 miles
1488 4806 1635 4850 extra
1665 4814 1819 4850 suu.u

228 4877 447 4931 agmen;
510 4868 667 4935 quod
709 4869 1062 4937 tranquillitas
1103 4867 1303 4933 animi,
1340 4881 1369 4919 a
1426 4882 1526 4936 qua
1562 4870 1818 4929 recessit,

227 4940 429 5005 propria
464 4939 543 4991 sit
586 4938 833 5005 ejusdem
861 4940 1023 4991 animi
1066 4941 1250 5001 sedes;
1312 4938 1373 4991 5°
1396 4938 1550 4991 nectit
1589 4949 1821 4992 catenam

223 5022 312 5071 qua
349 5008 525 5062 valeat
552 5009 734 5073 trahi;
784 5011 923 5075 quod
951 5024 1099 5077 spem
1155 5020 1479 5077 metumque,
1528 5009 1716 5075 quibus
1765 5019 1823 5063 ut

226 5080 427 5132 czeteris
462 5079 968 5147 perturbationibus
1000 5094 1152 5133 mens
1180 5079 1412 5132 humana
1441 5082 1667 5148 rapitur,
1692 5096 1823 5135 con-

221 5150 413 5213 ceperit
432 5161 864 5219 conceptos-que
898 5151 1079 5205 fovere
1109 5151 1390 5203 studuerit.

282 5220 468 5290 Neque
501 5222 662 5274 aliud
689 5223 839 5274 nobis
858 5222 943 5275 hic
966 5223 1177 5275 videtur
1198 5221 1542 5274 adnotatione
1573 5221 1815 5289 dignum,

218 5290 310 5342 nisi
362 5293 510 5345 forte
576 5293 991 5363 interpretatio,
1040 5302 1094 5345 et
1144 5308 1270 5346 usus
1312 5292 1474 5363 hujus
1524 5295 1671 5345 vocis
1703 5294 1813 5363 cly-

217 5375 381 5426 peus,
444 5380 504 5417 ν.
564 5363 662 5416 17.
746 5362 969 5432 Clypens
1023 5372 1225 5430 autem,
1271 5362 1523 5431 clupeus,
1582 5362 1815 5433 clipeus,

182 5487 186 5495 τ
218 5434 472 5499 clypeum,
532 5434 816 5499 clupeum,
845 5444 898 5486 et
924 5435 1160 5503 clipeum,
1195 5448 1370 5499 neque
1395 5434 1600 5502 origine
1642 5449 1816 5500 neque

218 5511 308 5574 usu
341 5506 509 5556 nobis
538 5503 765 5558 differre
794 5505 1060 5558 videntur.
1093 5506 1309 5574 Origine
1339 5505 1554 5570 quidem
1584 5506 1815 5574 clypeum

215 5572 374 5633 (idem
430 5574 600 5629 dicas
633 5575 700 5628 de
743 5575 1008 5644 caeteris),
1058 5572 1236 5642 judice
1276 5574 1571 5639 Salmasio,
1629 5572 1824 5629 dicitur

217 5647 338 5698 κατά
357 5647 653 5716 μετάθεσιν
672 5660 733 5698 ex
762 5645 958 5700 κύκλιον
983 5648 1035 5698 in
1061 5645 1229 5699 orbem
1252 5656 1424 5698 actum
1454 5648 1565 5700 sive
1587 5656 1822 5710 ovatum;

215 5722 347 5779 quod
378 5730 445 5771 ea
470 5718 550 5771 sit
605 5715 770 5785 ﬁgura
802 5717 957 5785 hujus
984 5718 1246 5785 corporis.
1294 5718 1401 5769 Usu
1448 5732 1572 5769 vero
1612 5719 1820 5787 ctypeus

216 5786 323 5840 sive
344 5790 605 5857 clypeum
624 5796 705 5842 est
726 5796 927 5843 textum
955 5788 1268 5856 rotundum,
1294 5788 1434 5855 quod
1459 5788 1521 5840 ad
1549 5803 1816 5856 pompam,

1930 4812 2129 4851 animo.

2003 4866 2173 4940 {Loci
2212 4866 2416 4940 [σείει]
2465 4868 2531 4922 ll.
2575 4868 2791 4921 Boetius
2835 4868 3078 4923 meminit
3125 4868 3522 4937 adiuncturum,

1930 4936 2247 5008 quibuscum
2275 4936 2481 4991 aute'et
2510 4947 2635 4992 ttmc
2662 4940 2879 5004 excepit
2911 4936 3340 5008 philosophiam;
3374 4955 3429 4995 ut
3458 4936 3525 4997 ex

1930 5007 2207 5078 utriusqtie
2232 5018 2403 5063 status
2425 5010 2738 5065 discrimine
2767 5007 2988 5079 fortunae
3015 5013 3065 5063 in
3088 5011 3253 5081 ipsum
3274 5016 3525 5066 servientis

1930 5081 2177 5145 asperitas
2198 5088 2554 5150 cegnoscatur
2583 5081 2651 5133 ab
2687 5081 2801 5150 ipsa
2844 5082 3201 5150 philostvptiia,
3236 5086 3387 5150 cujus
3434 5101 3526 5136 ua-

1933 5159 2046 5201 tura
2093 5160 2147 5203 et
2188 5151 2415 5219 species,
2473 5151 2667 5219 quibus
2718 5154 2934 5207 Boetius
2984 5153 3279 5207 instrucms
3329 5154 3525 5219 fuerat,

1931 5233 2318 5293 proponuntur.
2376 5223 2612 5276 Primum
2664 5224 2878 5293 quidem
2927 5225 3173 5292 adjuncta
3223 5224 3356 5287 haec,
3404 5240 3526 5278 sunt

1927 5289 2092 5357 locus,
2138 5292 2343 5345 habitus
2368 5302 2414 5345 et
2438 5300 2603 5347 vultus
2627 5289 2815 5349 Boetii.
2860 5289 3029 5347 Locus
3054 5304 3177 5348 ante
3204 5293 3305 5346 fuit
3337 5296 3522 5348 biblio-

1928 5362 2071 5414 t/ieca
2101 5362 2213 5416 sive
2245 5365 2390 5417 locus
2424 5364 2680 5419 librorum
2712 5368 2863 5433 cujus
2896 5366 3139 5432 parietes,
3175 5374 3229 5416 ut
3272 5364 3405 5417 infra
3439 5367 3525 5420 di-

1926 5446 2096 5495 cciur,
2131 5445 2284 5488 erant
2320 5436 2467 5488 ebore
2496 5453 2555 5488 ac
2581 5448 2708 5490 vitro
2736 5438 2927 5501 compti
2964 5452 2982 5488 :
3009 5437 3196 5504 quales
3234 5450 3354 5489 esse
3395 5452 3526 5491 cou-

1932 5513 2221 5559 sueverant
2259 5506 2405 5561 (edes
2456 5507 2703 5567 divitum,
2750 5516 2886 5560 teste
2919 5506 3136 5559 Horatio
3182 5506 3216 5559 Ι.
3256 5522 3287 5558 ιι
3319 5506 3473 5561 Carm
3505 5550 3521 5573 ,

1933 5574 2021 5627 od.
2053 5573 2137 5629 18.
2167 5574 2336 5630 Locus
2374 5588 2497 5632 tunc
2536 5590 2619 5632 est
2650 5577 2899 5631 sordidus
2935 5587 2990 5631 et
3025 5579 3287 5631 obscurus
3319 5593 3522 5633 carcer.

1933 5644 2157 5719 [Iphitus
2206 5659 2330 5719 ante
2384 5651 2553 5712 bona;
2607 5660 2729 5701 tunc
2778 5648 2913 5719 mala
2958 5647 3526 5719 corporisauimique

1931 5716 2159 5772 aliectio.
2220 5718 2405 5772 Vultus
2446 5720 2536 5787 qui
2582 5731 2636 5771 ut
2686 5716 2878 5770 mentis
2924 5717 3003 5771 sic
3045 5717 3237 5788 reliqui
3280 5716 3524 5786 Corpoiis

1932 5804 2110 5843 sermo
2148 5789 2360 5857 quidam
2395 5791 2585 5844 taci'tts
2617 5800 2728 5853 est,
2762 5800 2885 5841 ante
2918 5789 3134 5855 hilaris,
3180 5800 3303 5846 tunc
3336 5792 3521 5847 tristis.
