3998 6368
500 279 602 334 615

1732 278 1844 331 ΑΝ.
1885 276 2092 333 MANL.
2134 276 2285 334 SEV'.
2331 277 2550 333 BOETII
3634 278 3721 335 6l€

498 390 749 448 ilmccine
778 394 861 445 est
892 389 1234 455 bibliotheca,
1275 405 1434 458 quam
1475 388 1830 444 certissimam
1871 392 1962 445 tibi
1995 407 2081 444 se-
2112 397 2159 454 Α
2187 393 2231 447 si
2260 402 2285 439 ε
2320 408 2413 447 eas
2442 394 2526 447 vel
2553 392 2780 448 studiosi
2826 390 3103 462 sapientia
3148 366 3410 460 regerent,
3453 393 3528 447 vel
3567 409 3723 450 earum

499 484 622 538 dem
667 482 867 537 nostris
896 482 949 536 in
975 490 1001 518 ι
1029 479 1251 535 Laribus
1282 481 1392 547 ipsa
1415 481 1730 549 dclegeras?
1773 484 1823 535 in
1866 500 1969 552 qua
2003 485 2082 554 (5)

502 591 713 630 mecum
744 589 887 645 smpe
914 574 1179 662 residens,
1201 574 1267 629 de
1293 574 1595 629 divinarum
1628 575 2089 647 humanarumque

503 683 687 721 rerum
713 666 935 721 scientia
962 667 1299 720 disserebas?
1323 664 1351 704 ι)
1377 667 1521 720 Talis
1549 678 1569 706 ο
1598 668 1828 735 habitus,
1864 670 2089 739 talisque

508 762 685 815 vultus
721 769 858 823 erat,
900 775 1020 814 cum
1072 769 1245 813 tecum
1277 755 1304 795 εὶ
1336 773 1539 813 naturte
1586 771 1794 815 secreta
1841 762 2087 827 rintarer,

506 870 628 908 cum
677 852 808 907 mihi
847 862 869 891 ε
915 852 1152 906 siderum
1205 850 1317 905 vias
1362 851 1514 906 radio
1558 853 1912 923 describere-5,
1970 870 2091 908 cum

512 942 532 981 ί
558 960 735 999 mores
761 952 975 998 nostros
1005 945 1272 1011 totiusque
1305 944 1429 997 vitae
1467 945 1728 999 rationem
1769 947 1835 999 ad
1861 947 2097 1002 caelestis

506 1037 711 1091 ordinis
754 1035 1029 1105 exemplar
1061 1032 1360 1089 iormares?
1401 1032 1511 1106 44
1542 1035 1555 1064 ¹
1591 1035 1838 1090 Ιιτεοοίιιθ
1878 1040 2095 1106 praemia

505 1128 787 1184 referimus
828 1126 921 1181 tibi
967 1124 1365 1193 obsequentes?
1402 1126 1562 1195 Atqui
1603 1134 1657 1180 tu
1699 1127 1836 1181 hanc
1872 1141 2095 1184 senten-

507 1223 635 1277 tiam
664 1221 901 1276 Platonis
939 1235 1035 1275 ore
1073 1218 1321 1284 sanxisti,
1360 1218 1549 1274 beatas
1589 1218 1703 1275 fore
1744 1220 2097 1291 respublicas,

2195 496 2431 540 rectores
2469 489 2685 540 stulere
2726 487 3004 555 sapientia:
3040 485 3367 554 coiitigisset.
3411 484 3484 539 Tu
3519 489 3724 555 ejusdem

2196 578 2294 629 viri
2342 593 2436 632 ore
2484 578 2619 631 hanc
2649 578 2984 647 sapientibus
3025 575 3051 614 ιι
3088 577 3422 644 capessendae
3461 578 3731 646 reipublicae

2200 669 2557 723 necessariam
2590 669 2670 739 (5)
2693 686 2909 724 causam
2938 683 3059 724 esse
3090 670 3360 735 monuisti,
3407 683 3469 724 ne
3510 669 3733 739 improbis

2203 761 2587 831 ﬂagitiosisque
2641 764 2851 816 civibus
2898 762 3111 816 urbium
3159 763 3338 815 relicta
3388 763 3737 830 gubernacula,

2204 867 2407 922 peStem
2450 856 2605 911 bonis
2647 871 2711 910 ac
2753 855 3044 925 perniciem
3099 855 3373 908 inferrent.
3424 854 3559 908 Ilanc
3605 854 3741 923 igitur

2201 952 2574 1004 auctoritatem
2615 960 2857 1013 secutus,
2883 948 3024 1016 quod
3062 963 3092 1001 a
3122 957 3175 1003 te
3204 945 3220 985 ί
3257 948 3390 1001 inter
3419 953 3609 1001 secreta
3650 949 3743 999 otia

2201 1044 2516 1107 didiceram,
2540 1044 2833 1099 transferre
2857 1044 2908 1097 in
2927 1052 3102 1097 actum
3124 1041 3349 1111 publica
3366 1039 3744 1092 administratio.

2205 1140 2291 1194 nis
2315 1140 2515 1208 optavi.
2547 1142 2566 1169 ¹
2595 1140 2637 1193 Τ
2644 1155 2674 1192 ιι
2702 1136 2855 1203 mihi,
2876 1145 2932 1192 et
2956 1135 3045 1206 qui
3078 1146 3130 1191 te
3155 1132 3469 1204 sapientium
3513 1131 3748 1186 mentibus

1860 1351 2432 1414 INTERPBETATIO.

576 1461 603 1488 ι
646 1451 808 1503 Domo
836 1464 1025 1503 nostra.

578 1521 605 1559 δ
646 1523 746 1575 An.

584 1603 607 1630 ε
648 1592 935 1645 Httbiiudo.

576 1661 603 1700 δ
648 1664 948 1733 Physica-ii.

580 1745 603 1773 ο
643 1733 1040 1789 Astronomiam.

2279 1447 2297 1486 f

2279 1448 2297 1486 ῐ

2271 1530 2296 1567 8
2342 1448 2647 1583 {mitigat
2678 1525 2925 1583 regerent,
2956 1524 3043 1567 aut
3077 1529 3220 1583 reges
3250 1493 3723 1582 philosOphureutu‘t‘.

2268 1588 2297 1626 δ
2334 1588 2797 1643 Administrandw.

2280 1662 2295 1698 ί
2341 1660 2629 1715 Studendo.

2040 1843 2267 1899 NOTAE).

508 1970 709 2027 Deinde
760 1978 945 2023 natura
994 1965 1347 2035 philosophia:
1402 1966 1675 2032 aperitur,
1724 1965 1943 2036 antiqua
1995 1966 2096 2022 hac
2126 1968 2171 2027 B
2200 1974 2288 2017 aut
2310 1962 2585 2036 langueant
2609 1961 2720 2036 ejus
2744 1958 3189 2036 [unr_t_ioues:nan
3196 1956 3414 2036 nitemin
3437 1957 3532 2009 hac
3554 1959 3764 2036 societate

508 2041 872 2114 philosophiae
908 2037 1251 2114 definitione,
1313 2039 1604 2114 divinarum
1653 2040 2097 2114 [magnarumque

507 2108 676 2168 rerum
697 2112 907 2165 scientia
927 2124 946 2162 :
976 2108 1325 2176 PhilosOphus
1350 2108 1516 2172 enim,
1543 2108 1712 2176 inquit
1743 2108 2006 2171 'I‘ullius,t
2028 2110 2095 2163 de

506 2186 681 2245 0rat.,
703 2183 747 2235 is
775 2190 846 2235 est
867 2181 955 2250 qui
984 2180 1211 2232 omnium
1237 2195 1404 2231 rerum
1431 2180 1716 2232 divinarum
1736 2190 1887 2246 atque
1913 2180 2097 2232 huma-

509 2271 690 2309 narum
710 2263 947 2305 naturam
968 2266 1247 2320 causasque
1268 2250 1447 2303 noscit.
1473 2250 1578 2305 Sed
1603 2266 1706 2303 non
1732 2266 1834 2303 una
1856 2260 1937 2305 est
1956 2251 2094 2317 apud

510 2336 759 2380 auctores
800 2322 988 2376 hormn
1034 2320 1414 2374 vocabulorum
1450 2321 1859 2389 interpretatio:
1910 2334 2095 2376 nostro

509 2395 708 2467 judicio
738 2393 825 2447 hic
849 2408 931 2445 res
959 2392 1141 2445 divina:
1172 2400 1296 2467 sunt
1325 2402 1560 2452 mentes;
1594 2408 1670 2467 res
1700 2408 1827 2467 vero
1854 2392 2097 2467 humana:

511 2462 638 2523 sunt
668 2479 950 2533 corpora:
991 2476 1113 2517 cum
1156 2463 1298 2517 enim
1332 2478 1485 2517 meus
1522 2463 1698 2516 omnis
1734 2462 1806 2517 sit
1838 2472 1931 2516 aut
1960 2464 2097 2517 Deus

511 2547 605 2592 aut
632 2539 739 2589 Deo
768 2532 983 2601 similis,
1014 2549 1120 2587 non
1151 2535 1247 2587 abs
1274 2549 1333 2588 re
1363 2533 1641 2588 vocabitur
1668 2551 1747 2588 res
1781 2535 1996 2587 divina:
2024 2532 2097 2588 si-

513 2608 715 2663 militer
750 2621 872 2660 cum
908 2619 1103 2672 corpus
1143 2618 1301 2658 omne
1336 2604 1409 2658 sit
1443 2614 1532 2656 aut
1560 2606 1852 2659 humanum
1882 2614 1971 2657 aut
2003 2605 2100 2661 liu-

513 2695 674 2736 mauo
703 2677 900 2739 simile,
932 2675 1132 2741 poterit
1172 2675 1332 2729 etiam
1373 2674 1480 2728 diri
1516 2692 1596 2728 res
1636 2678 1881 2729 humana.
1911 2674 2098 2729 Omnis

511 2762 687 2805 autem
740 2747 1074 2816 philosophia
1124 2756 1372 2802 versatur
1424 2746 1477 2800 in
1527 2746 1751 2801 scientia
1802 2746 1998 2800 mentis
2046 2756 2100 2800 et

511 2820 757 2889 corporis
781 2861 817 2889 ,ί
838 2818 1373 2889 eorumque,quibus
1394 2818 1522 2889 duae
1552 2817 1658 2889 illae
1690 2831 1777 2871 res
1806 2816 1949 2871 afﬁci
1978 2831 2097 2889 pos-

513 2887 668 2953 sunt,
700 2888 1001 2944 modorum.
1047 2887 1284 2955 Denique
1313 2888 1668 2957 philosophiae
1705 2889 1946 2957 species,
1984 2887 2103 2956 qui-

513 2964 615 3017 bus
645 2960 859 3016 Boetius
884 2960 1179 3013 instruetus
1209 2959 1429 3021 dicitur,
1460 2959 1545 3013 hic
1576 2970 1925 3013 numerantur
1967 2969 2098 3022 tres,

515 3047 708 3102 nempe
734 3030 975 3103 physica,
1004 3046 1126 3103 qua;
1153 3040 1353 3103 natura:
1390 3039 1594 3103 secreta
1618 3031 1858 3103 rimatur,
1893 3033 1993 3103 hoc
2019 3040 2103 3084 est

513 3100 660 3158 valde
680 3100 861 3173 quterit
890 3102 966 3173 vei
996 3101 1050 3154 in
1077 3101 1221 3154 rimis
1261 3117 1471 3173 quoque
1499 3116 1517 3153 :
1555 3101 1694 3155 sicut
1736 3100 1837 3173 hoc
1877 3100 2100 3155 verbum

515 3172 901 3242 in‘erp’retatur
931 3172 1149 3235 Festus;
1197 3172 1541 3235 astronomia,
1585 3186 1706 3241 qua:
1735 3172 1959 3224 siderum
1996 3173 2103 3224 vias

2202 2028 2460 2105 princeps.
2491 2028 2827 2105 Ad_virtu_tem
2854 2032 2939 2082 ille
2970 2028 3117 2105 prtrit
3136 2029 3173 2105 ?_
3188 2030 3467 2105 Sequimur
3496 2045 3512 2081 :
3543 2028 3607 2080 ad
3633 2030 3765 2105 vitia;

2199 2100 2526 2160 instituimus.
2554 2102 2688 2155 Bene
2710 2101 2944 2169 beateque
2972 2100 3114 2170 agit?
3136 2102 3378 2166 ﬂoremus
3446 2100 3763 2166 improspere?

2201 2178 2423 2231 labimur
2443 2183 2529 2227 aut
2550 2174 2747 2227 ruimus
2769 2188 2883 2224 cum
2909 2170 3020 2223 illo.
3046 2171 3211 2237 Atque
3232 2178 3287 2221 ut
3315 2187 3346 2221 (ι
3373 2170 3481 2222 sole
3501 2171 3554 2222 in
3574 2170 3759 2238 subjecto

2200 2249 2296 2301 hoc
2323 2246 2441 2299 orbe
2472 2248 2563 2297 tua:
2589 2252 2675 2297 aut
2708 2244 2924 2296 tenebra:
2948 2258 2965 2295 :
2994 2243 3065 2294 sic
3093 2258 3123 2292 a
3152 2242 3384 2311 principe
3412 2242 3548 2308 apud
3572 2242 3761 2293 subditos

2202 2335 2359 2385 prava
2385 2319 2621 2383 pleraque
2640 2324 2729 2366 aut
2752 2326 2908 2367 recta.
2931 2312 3106 2367 thsar
3128 2313 3213 2364 ille
3236 2329 3341 2364 non
3362 2312 3589 2365 animose
3613 2312 3765 2381 magis,

2201 2407 2353 2460 quam
2383 2403 2496 2442 vere
2522 2388 2655 2438 dixit
2678 2401 2698 2438 :

2518 2479 2781 2527 Procerum
2806 2483 2966 2525 motus
2990 2476 3095 2525 haec
3112 2483 3287 2526 cuncta
3315 2483 3613 2539 sequuntur.

2332 2543 2608 2592 Humanum
2651 2543 2818 2602 paucis
2842 2541 2959 2589 vivit
2982 2552 3160 2602 genus.

2278 2626 2414 2680 Hinc
2449 2624 2566 2692 ipse
2597 2623 2807 2678 Boetius
2836 2622 2970 2675 hanc
2998 2623 3357 2676 auctoritatem
3386 2634 3587 2677 secutus
3607 2622 3729 2690 quod
3752 2635 3776 2672 a

2205 2697 2548 2767 philosophia
2575 2694 2715 2767 inter
2742 2705 2947 2767 secreta
2977 2694 3108 2767 otia,
3135 2696 3248 2767 sive
3275 2705 3604 2767 ca-terornm
3633 2693 3781 2767 homi-

2205 2764 2333 2822 num
2364 2766 2648 2835 colloquiis
2684 2775 2738 2819 et
2774 2764 3299 2833 interpellationibus
3346 2781 3454 2816 non
3498 2764 3781 2830 impeditus.

2203 2840 2471 2902 didicerat,
2501 2837 2779 2903 transferre
2813 2838 2866 2889 in
2897 2846 3066 2887 actum
3089 2836 3310 2904 publica:
3346 2835 3785 2887 administrationis

2205 2910 2417 2980 aptavit,
2460 2923 2488 2961 a
2518 2908 2741 2971 theoria,
2775 2906 2852 2960 uti
2881 2906 3191 2977 loquuntur,
3222 2908 3293 2959 ad
3331 2909 3543 2976 praxim
3567 2919 3787 2975 progres—

2207 2996 2323 3036 SIIS.

2279 3054 2299 3083 '
2322 3050 2401 3104 Tu
2428 3047 2599 3120 mihi]
2645 3048 2731 3103 ιν.
2763 3048 2979 3102 Boetius
3009 3048 3157 3101 addit
3183 3064 3242 3102 se
3267 3058 3545 3114 praecepta
3575 3045 3789 3114 philoso-

2205 3123 2363 3191 phica
2389 3122 2678 3190 diligenter
2702 3131 3013 3174 exsecutum
3046 3120 3231 3191 fuisse,
3267 3135 3444 3184 suque
3471 3134 3538 3171 eo
3559 3120 3807 3191 duntaxat

2218 3187 2322 3248 line
2348 3192 2418 3245 ad
2443 3187 2797 3259 magistratum
2826 3191 3144 3245 accessisse.
3181 3188 3430 3243 Vallinus
3464 3200 3643 3241 monet
3662 3187 3789 3259 scri-

514 3242 1095 3334 rlaaiundesci'ibitalioc
1124 3250 1206 3295 est
1228 3243 1400 3311 virga,
1432 3258 1535 3334 qua
1561 3242 2100 3334 deseriptiquuibtlis-

2732 3242 3169 3334 ntagi'steriatitm‘;
3214 3242 3363 3325 quod
3391 3261 3630 3334 Boetius
3649 3258 3793 3334 fuerit

515 3317 637 3371 dam
668 3314 851 3381 figuris
879 3312 1036 3365 varie
1064 3322 1331 3366 terrarum
1360 3313 1591 3379 caelique
1615 3323 1795 3383 partes
1823 3313 1893 3367 ob
1916 3312 2102 3366 oculos

517 3396 822 3456 ponuntur;
848 3393 915 3456 et
948 3385 1113 3456 ethica
1142 3382 1256 3436 sive
1287 3382 1520 3456 moralis,
1552 3382 1671 3452 quae
1697 3399 1866 3456 mores
1907 3393 2105 3438 nostros

516 3454 776 3526 totiusque
809 3455 925 3508 vita:
961 3454 1213 3526 rationem
1250 3454 1318 3506 ad
1360 3454 1572 3526 cwlestis
1610 3454 1806 3508 ordinis
1847 3456 2107 3525 exemplar

519 3531 655 3598 {orm
675 3524 737 3588 tt;
768 3525 867 3598 hoc
889 3532 969 3579 est
998 3524 1064 3577 ad
1089 3524 1414 3598 voluntatem
1437 3525 1845 3598 divin:im,gqu:c
1864 3524 2004 3578 sicut
2026 3535 2108 3579 est

521 3594 691 3666 prima
718 3595 957 3650 outniim
988 3610 1170 3666 causa,
1200 3594 1278 3649 sic
1307 3596 1474 3662 prima
1501 3606 1584 3650 est
1614 3596 1881 3650 actionum
1915 3598 2104 3650 buma-

520 3664 709 3722 narum
740 3670 945 3733 regula.
996 3664 1129 3719 llinc
1166 3669 1419 3735 propheta
1460 3682 1576 3729 rex,
1608 3669 1740 3736 psal.
1771 3681 1935 3731 cun,
1969 3666 2109 3721 Doce

517 3757 596 3793 me
620 3744 782 3807 facere
811 3739 1129 3807 voluntatem
1147 3745 1308 3802 luant,
1329 3739 1450 3807 quia
1473 3737 1607 3791 Deus
1632 3754 1771 3790 meus
1797 3755 1846 3791 es
1871 3747 1945 3791 tu.
1974 3737 2108 3791 Hinc

521 3811 580 3866 S.
603 3806 799 3864 Paulus
826 3810 944 3862 Aet.
976 3823 1026 3862 Ix
1055 3825 1065 3859 :
1102 3806 1347 3873 Domine,
1368 3809 1490 3877 quid
1522 3825 1601 3862 me
1629 3810 1702 3862 vis
1733 3813 1897 3878 [urere
1921 3810 1944 3862 ἶ)
1973 3808 2108 3862 Hinc

518 3882 681 3937 etiam
713 3888 894 3934 noster
921 3890 1105 3933 auctor
1133 3879 1169 3933 l.
1201 3894 1259 3945 n,
1294 3889 1421 3933 met.
1450 3880 1633 3933 ultimo
1666 3896 1680 3933 :
1725 3881 1769 3931 0
1794 3879 1919 3946 felix
1944 3880 2109 3933 homi-

520 3970 641 4006 num
666 3968 845 4022 genus,
867 3950 909 4003 si
935 3960 1124 4003 vestros
1147 3951 1343 4003 animos
1366 3966 1530 4015 amor,
1563 3966 1663 4020 quo
1691 3951 1871 4004 cretum
1892 3951 2104 4021 regitur,

518 4032 680 4077 reaat.

576 4041 877 4145 ξαἱίιῑνειςὶηρε
895 4090 1149 4161 prtrmia.J
1182 4090 1266 4145 Ill.
1291 4090 1507 4145 Boetius
1538 4090 1782 4145 meminit
1805 4097 2107 4160 praecepto-

518 4179 638 4217 rum
672 4161 1187 4229 pltilosophicorum,
1232 4177 1461 4231 quorum
1494 4171 1633 4215 tanta
1672 4172 1756 4216 est
1793 4162 1858 4215 ad
1893 4176 2107 4229 rempu-

520 4234 713 4288 blicam
758 4232 958 4301 optime
1009 4232 1490 4286 administrandam
1555 4233 1790 4296 utilitas,
1859 4241 1917 4285 ut
1965 4232 2107 4285 idem

522 4304 740 4359 Boetius
765 4318 883 4356 cum
911 4302 1024 4363 ipsa
1050 4303 1390 4370 Philosophia
1423 4304 1615 4357 merito
1642 4302 1897 4371 conqueri
1921 4303 2102 4356 videa-

521 4385 608 4428 tur
646 4377 712 4428 de
753 4373 863 4427 suis
901 4373 1293 4428 calamitatibus
1324 4391 1337 4425 :
1372 4373 1620 4435 htvccine,
1651 4374 1847 4442 inquit,
1896 4374 2107 4438 pra’mia

521 4447 790 4512 referimus
822 4443 1294 4514 tibiobsequentes?
1322 4445 1562 4507 Summa,
1589 4446 1827 4510 inquam,
1851 4453 1935 4498 est
1967 4460 2106 4509 prae-

522 4524 801 4584 ceptorum
842 4513 1329 4584 philostiphicorum
1368 4515 1433 4567 ad
1473 4515 1854 4583 rempublicam
1906 4515 2108 4581 optime

522 4588 811 4653 regendam
840 4585 1079 4647 utilitas,
1112 4586 1253 4654 quod
1287 4586 1370 4639 his
1396 4586 1559 4639 veluti
1591 4586 1865 4656 principiis
1908 4590 2110 4639 nitatur

525 4658 716 4722 virtus,
744 4667 800 4709 ut
824 4657 1101 4721 priBSOIIIiS
1124 4656 1203 4711 sic
1230 4658 1417 4710 futurae
1444 4656 1713 4711 felicitatis
1738 4672 1945 4710 semen.
1975 4656 2111 4709 lliuc

523 4727 693 4791 Plato,
731 4727 766 4779 l.
798 4742 827 4775 v
857 4725 923 4779 de
949 4727 1177 4796 Bepnh.,
1223 4737 1541 4794 suggerente
1589 4729 1702 4791 ipsa
1751 4727 2107 4796 philosophia,

522 4798 617 4859 ait,
642 4798 812 4849 beatas
841 4799 947 4862 {ore
969 4798 1312 4867 respublicus;
1334 4799 1378 4851 si
1403 4815 1486 4851 eas
1508 4800 1583 4851 vel
1609 4799 1824 4853 studiosi
1846 4799 2112 4864 sapientia:

523 4878 789 4936 regerent;
836 4877 1098 4935 quatenus
1150 4868 1452 4936 philosmihi
1502 4871 1557 4925 in
1610 4868 1975 4937 magistratum
2019 4884 2113 4923 ve-

525 4940 704 5001 niunt,
736 4939 810 4991 vel
834 4953 1012 5010 earum
1038 4950 1255 4992 rectores
1277 4941 1481 4993 studere
1506 4942 1769 5010 sapientite
1789 4938 2111 5009 contigisset:

523 5022 787 5079 quatenus
826 5008 917 5076 qui
959 5008 1011 5062 in
1057 5010 1427 5079 magistratum
1471 5008 1751 5073 venerunt,
1799 5008 2106 5078 philosophi

526 5082 679 5135 liunt.
716 5080 848 5133 llinc
877 5080 1105 5151 ejusdem
1132 5083 1247 5145 viri,
1280 5081 1531 5135 nimirum
1568 5082 1805 5135 Platonis
1834 5080 2045 5150 dialogo
2073 5082 2106 5136 6

522 5153 590 5205 de
609 5151 838 5220 Repub.,
867 5168 953 5203 ore
976 5151 1108 5203 hunc
1133 5153 1441 5222 sapientibus
1468 5154 1788 5211 capessendae
1814 5153 2109 5220 reipublij

523 5223 857 5276 necessariam
878 5238 1084 5275 causam
1107 5239 1214 5276 esse
1234 5225 1427 5275 monuit
1457 5225 1812 5291 phil-sophia,
1836 5240 1897 5276 ne
1919 5224 2105 5289 impro-

523 5294 598 5346 bis
630 5293 1000 5364 ﬂagitiosisque
1035 5294 1226 5347 civibus
1271 5295 1470 5346 urbium
1514 5297 1690 5347 relicta
1738 5294 2101 5363 gubernacula,

523 5380 716 5432 pestem
743 5365 883 5416 bouis
916 5380 975 5416 ac
1011 5367 1283 5431 perniciem
1310 5366 1552 5431 inferrent
1595 5383 1612 5418 :
1653 5376 1708 5418 tit
1744 5365 1887 5417 enim
1916 5365 2106 5433 optimi

522 5437 890 5489 moderatores
920 5434 1031 5488 suis
1058 5435 1336 5503 prxcepis
1364 5437 1730 5504 exemplisque
1762 5435 2008 5490 subditos
2038 5436 2104 5489 ad

522 5504 776 5560 virtutem
808 5506 1010 5559 ducunt
1049 5521 1062 5557 :
1107 5506 1185 5559 sic
1231 5507 1357 5559 mali
1401 5522 1499 5559 suo
1528 5509 1714 5560 saltem
1761 5507 2010 5574 exemplo
2037 5507 2105 5562 ad

522 5576 730 5631 vitium.
764 5576 900 5629 Nunt
930 5578 1003 5628 ita
1022 5579 1246 5646 profecto
1268 5587 1362 5638 est,
1394 5576 1565 5645 inquit
1590 5577 1798 5646 Lipsius
1832 5577 1885 5629 in
1917 5577 2107 5644 precia-

521 5647 670 5701 tione
689 5648 1050 5711 Poli'icorum,
1070 5655 1211 5699 arcta
1232 5648 1453 5716 quadam
1476 5658 1655 5699 catena
1676 5648 1890 5700 devincti
1906 5664 2103 5711 sumus,

523 5719 611 5784 qui
637 5718 949 5786 imperantur
977 5734 1090 5771 cum
1119 5718 1417 5788 imperante.
1461 5716 1527 5771 Et
1565 5729 1615 5770 ut
1644 5720 1695 5771 in
1726 5733 1937 5786 corpore
1965 5734 2104 5770 mens

522 5802 650 5838 sana
679 5797 766 5849 aut
796 5789 977 5842 insana
1005 5804 1109 5842 esse
1139 5804 1239 5842 non
1269 5798 1451 5858 potest,
1481 5792 1577 5844 nisi
1609 5800 1662 5843 ut
1693 5791 1883 5859 pariter
1909 5789 2105 5859 vigenti

2210 3334 2471 3404 magister
2499 3331 2830 3391 olliriorum,
2849 3349 2965 3397 qum
2992 3331 3223 3404 dignitas
3254 3331 3464 3398 passim
3496 3331 3794 3404 magisteria-

2210 3417 2288 3459 tus
2301 3399 2626 3474 appellatur,
2649 3403 2897 3472 quodque
2922 3417 3006 3462 ea,
3032 3399 3160 3474 time
3177 3399 3402 3455 Boetius
3424 3399 3725 3474 prieclarea
3744 3414 3797 3453 se

2211 3470 2498 3531 facta'inox
2526 3470 2793 3537 recenset,
2836 3474 2889 3526 in
2931 3489 2990 3526 ea
3021 3473 3281 3539 dignitate
3314 3474 3651 3526 t-onStitutus
3676 3470 3799 3523 fece—

2212 3548 2301 3603 rit.
2332 3547 2437 3601 Sed
2470 3546 2583 3598 lta-c
2609 3546 2680 3600 ita
2714 3544 2929 3605 fuerint,
2957 3544 3086 3597 nihil
3119 3543 3203 3597 hic
3229 3546 3560 3596 mutandum
3593 3542 3798 3594 arbitra-

2214 3634 2354 3680 mur,
2383 3617 2524 3686 quod
2548 3616 2815 3685 generalis
2839 3615 2923 3669 hic
2952 3614 3199 3683 loqui-udi
3223 3616 3425 3667 modus
3454 3614 3633 3683 aptior
3658 3614 3725 3667 sit
3742 3611 3799 3663 ad

2215 3690 2547 3756 probandum
2583 3686 2825 3739 Boetium
2857 3685 3135 3754 pra-ceptit
3172 3685 3577 3754 pliitostiphieis
3608 3698 3803 3756 semper

2218 3753 2383 3813 fuisse
2420 3753 2871 3817 addictissimum,
2906 3758 2972 3807 ita
3005 3753 3062 3809 ut
3090 3771 3156 3811 ne
3182 3757 3249 3809 ad
3284 3753 3455 3810 unam
3486 3757 3698 3825 quidem
3730 3753 3801 3806 di-

2215 3831 2495 3899 gnitatem,
2527 3830 2623 3881 uisi
2652 3828 2906 3899 communi
2946 3827 3191 3879 bonorum
3230 3829 3475 3881 omnium
3515 3828 3686 3880 studio
3723 3828 3807 3876 itit-

2218 3898 2405 3970 pulsus
2444 3898 2745 3969 pervenerit
2786 3913 2939 3970 :_qtt;i
2982 3898 3050 3970 de
3089 3914 3149 3950 re
3185 3907 3241 3970 ut
3279 3900 3472 3953 nullus
3518 3904 3805 3970 superesset

2216 3966 2493 4025 dubitandi
2517 3970 2686 4027 locus.
2714 3968 3112 4036 jusjurandum,
3142 3967 3579 4022 :tflirmatixinem
3610 3966 3805 4035 religio-

2217 4057 2329 4095 sam
2361 4040 2577 4094 adhibet
2609 4058 2621 4092 :
2667 4040 2741 4092 Tu
2772 4041 2895 4091 mihi
2921 4049 2968 4092 et
3001 4041 3132 4091 Deus
3162 4040 3381 4093 conscii.
3420 4039 3515 4094 Sic
3546 4040 3608 4094 S.
3636 4039 3808 4092 Paulus

2222 4115 2375 4165 Itoni.
2405 4128 2442 4177 ι,
2474 4122 2522 4166 et
2556 4114 2617 4163 ad
2653 4110 2876 4177 Philipp.
2913 4124 2949 4173 ι,
2980 4110 3123 4178 jurat
3154 4124 3168 4162 :
3205 4109 3376 4165 Testis
3409 4111 3545 4164 mihi
3569 4120 3646 4165 est
3671 4108 3803 4162 Deut.

2213 4184 2303 4240 Sic
2328 4184 2477 4252 jurat
2506 4182 2662 4236 Nisus
2692 4181 2906 4236 Atlneitl.
2941 4196 3014 4246 ιχ,
3047 4196 3099 4232 v.
3127 4180 3261 4235 428:

2335 4296 2376 4343 0
2404 4293 2585 4354 Rutuli,
2614 4307 2719 4342 mea
2740 4292 2869 4340 fraus
2887 4293 3044 4340 omnis
3069 4306 3081 4339 :
3108 4292 3225 4340 niltil
3253 4294 3376 4351 iste,
3406 4305 3507 4343 nec
3534 4306 3703 4353 ausus,

2336 4358 2439 4407 Nec
2462 4362 2618 4419 potuit
2640 4371 2652 4405 ι
2677 4357 2855 4404 οωιυιιι
2884 4356 2974 4403 hoc
2997 4363 3051 4403 et
3073 4358 3263 4403 conseia
3284 4358 3462 4404 sidera
3483 4364 3661 4405 testor.

2283 4464 2494 4531 Optime
2529 4462 2743 4515 tandem
2778 4459 2915 4514 Deus
2950 4460 3146 4513 dicitur
3177 4460 3584 4529 philosOp/ziam
3624 4461 3816 4530 sapien-

2140 4549 2189 4608 ι)
2213 4535 2337 4586 tium
2368 4534 2621 4608 mentibus
2646 4533 2958 4585 inseruisse:
2984 4546 3103 4584 nam
3138 4534 3816 4608 philosoiiltiacognitione

2213 4615 2267 4659 et
2293 4619 2479 4657 amore
2514 4605 2837 4672 eptimarum
2870 4618 3048 4655 rerum
3083 4604 3398 4657 continetur
3426 4623 3439 4658 :
3472 4607 3625 4659 sicut
3657 4612 3820 4656 autem

2215 4676 2361 4730 Deus
2394 4678 2626 4729 creando
2673 4674 2973 4735 materiam,
3016 4673 3191 4727 eidem
3236 4673 3481 4742 figuram
3528 4685 3583 4729 et
3632 4682 3821 4728 motum

2213 4747 2292 4799 sic
2331 4746 2627 4813 impressit,
2660 4755 2717 4797 ut
2747 4743 2999 4813 quidquid
3036 4745 3262 4799 subinde
3292 4745 3431 4799 huic
3466 4746 3715 4800 materia:
3740 4757 3823 4795 ac-

2215 4816 2355 4871 cedit
2379 4818 2559 4884 ligurte
2586 4826 2641 4869 et
2668 4824 2864 4879 motus,
2891 4814 2941 4866 id
2971 4814 3101 4868 nihil
3128 4816 3272 4868 aliud
3303 4819 3383 4870 sit
3415 4833 3590 4885 quam
3618 4816 3825 4885 quidam

2215 4887 2409 4956 prioris
2439 4887 2621 4955 ﬁgurae
2648 4898 2702 4940 et
2730 4894 2902 4957 motus
2928 4886 3138 4957 modus,
3166 4889 3283 4941 sive
3312 4896 3380 4940 ut
3415 4890 3720 4957 loquuntur
3746 4886 3824 4935 de-

2217 4959 2505 5011 terminatio
2530 4974 2547 5011 :
2580 4956 2720 5011 haud
2748 4956 2902 5010 aliter
2924 4956 3063 5010 Deus
3089 4957 3330 5011 creando
3366 4956 3623 5014 meniem
3651 4958 3830 5011 huma-

2217 5044 2360 5089 nam,
2401 5029 2575 5082 eidem
2618 5031 2892 5081 notionem
2934 5035 2991 5081 et
3033 5026 3455 5082 inclinationem
3491 5031 3565 5084 de
3597 5043 3666 5083 eo
3693 5026 3824 5095 quod

2213 5109 2288 5152 est
2315 5100 2429 5153 sive
2450 5098 2517 5152 de
2547 5099 2663 5168 ipso
2684 5098 2795 5169 Deo
2822 5098 2893 5150 ita
2926 5098 3210 5169 impressit,
3244 5110 3303 5151 ut
3335 5100 3618 5169 quidquid
3652 5108 3827 5169 postea

2217 5170 2270 5223 in
2299 5169 2488 5225 eadem
2517 5179 2694 5223 mente
2722 5168 2894 5221 oritur
2919 5168 3157 5222 notionis
3185 5179 3238 5223 et
3268 5168 3691 5233 inclinationis,
3733 5168 3829 5221 sal-

2215 5248 2324 5294 tem
2351 5242 2671 5312 optimarum
2696 5254 2893 5312 rerum,
2918 5240 2968 5292 id
2994 5239 3123 5312 nihil
3149 5240 3292 5294 aliud
3320 5241 3398 5296 sit
3420 5258 3597 5312 quam
3620 5239 3826 5311 quidam

2212 5312 2409 5380 prioris
2432 5311 2664 5365 notionis
2686 5320 2740 5363 et
2761 5310 3118 5380 inclinationis
3147 5312 3371 5380 modus,
3399 5310 3551 5380 sive,
3575 5324 3638 5368 ut
3666 5312 3825 5371 aiunt,

2214 5379 2593 5437 determinatio.
2629 5380 2760 5434 Hinc
2779 5379 3057 5435 Lucretius
3079 5382 3171 5436 lib.
3204 5398 3266 5435 v:

2333 5493 2453 5559 Nam
2474 5494 2538 5559 si,
2566 5498 2621 5542 ut
2642 5493 2746 5554 ipsa
2762 5494 2893 5559 petit
2912 5493 3139 5559 maiestas
3162 5495 3366 5559 cpgnita
3395 5510 3605 5559 rerum,

2336 5555 2605 5619 Dicendum
2630 5562 2707 5604 est
2731 5568 2742 5602 :
2762 5554 2899 5603 Deus
2924 5557 3005 5607 ille
3041 5556 3148 5614 l'uit,
3178 5555 3337 5619 Deus,
3370 5554 3824 5616 inclute'ﬂemmi,

2332 5618 2424 5683 Qui
2452 5620 2679 5683 princeps
2695 5619 2811 5667 vitae
2834 5620 3069 5683 rationem
3094 5620 3277 5667 invenit
3305 5618 3454 5681 eam,
3486 5635 3608 5683 quia

2339 5677 3027 5743 l‘iutieappellatursapientia
3058 5694 3068 5727 :
3092 5683 3273 5743 quique
3298 5693 3405 5740 per
3431 5677 3604 5732 artem

2335 5739 2585 5803 lfluctibus
2608 5754 2636 5789 θ
2660 5742 2804 5789 tantis
2824 5744 2986 5799 vitam,
3009 5739 3252 5803 tantisque
3273 5739 3529 5794 tenebris

2340 5800 2393 5848 ln
2415 5809 2510 5851 tam
2532 5803 2792 5865 tranquillo
2818 5811 2867 5851 et
2889 5810 2983 5853 tam
3015 5806 3141 5853 clara
3167 5800 3273 5853 luco
3294 5802 3513 5857 locavit.
