3998 6368
587 365 691 422 M9

1833 363 1945 420 AN.
1984 361 2195 420 MANL.
2234 362 2385 420 SEV.
2425 365 2659 423 BOETII
3695 383 3777 442 tm

587 482 855 553 coemptio
878 479 1195 552 exigeretur,
1225 480 1382 536 evici.
1406 477 1517 553 48
1540 480 1556 511 ί
1606 477 1892 533 Paullatim
1923 488 1951 519 ι
1976 493 2170 534 consu-
2195 484 2252 547 Α
2276 481 2465 537 videor
2490 479 2567 552 (5)
2602 490 2625 519 ο
2656 480 3010 537 exacerbasse
3052 481 3380 539 discordias?
3417 486 3513 544 Sed
3543 503 3647 549 esse
3669 500 3778 568 apud

586 577 752 631 larem
784 575 975 638 virum,
1018 574 1169 644 cujus
1207 588 1337 643 opes
1376 573 1403 611 δ
1451 572 1678 627 Palatini
1721 587 1883 626 canes
1920 572 2032 641 jam
2075 585 2172 640 spe

586 678 742 736 atque
779 666 1068 721 ambitione
1112 668 1493 729 devorasseut,
1539 666 1608 719 ab
1653 666 1787 736 ipsis
1837 675 1862 705 0
1912 664 2171 720 uiantium

2274 583 2500 629 cteteros
2529 572 2547 610 τ
2575 573 2739 627 tutior
2762 573 2945 641 debui,
2990 575 3083 643 qui
3112 574 3241 630 mihi
3266 591 3437 633 amore
3460 579 3654 648 iustitiae
3675 589 3783 645 nihil

2274 666 2413 733 apud
2450 665 2684 728 aulicos,
2720 680 2826 735 quo
2851 665 2873 697 ⁸
2928 665 3096 733 magis
3135 680 3307 721 essem
3340 670 3509 739 tutidr,
3544 684 3780 735 reservari,

588 760 828 814 faucibus
858 761 1010 816 traxi.
1040 760 1116 814 Ne
1144 761 1391 815 Albinum
1419 760 1759 815 consularem
1790 761 1963 816 virum
1982 757 2010 799 ά
2037 775 2175 829 ρω-
2275 755 2385 833 49
2411 757 2433 787 ³
2478 757 2683 822 Quibus
2722 765 2898 809 autem
2927 756 3288 815 deferentibus
3315 768 3339 807 κ
3370 763 3579 828 perculsi
3611 772 3785 824 sumus?

585 853 830 922 iudicatae
886 852 1240 909 accusationis
1299 868 1453 922 pinna
1502 854 1842 922 corriperet,
1891 853 2034 909 odiis
2083 866 2173 910 me

586 945 835 1016 Cypriani
872 946 1127 1001 delatoris
1165 947 1409 1015 opposui.
1478 946 1688 1002 Satisne
1717 947 1771 1002 in
1813 962 1901 1003 me
1943 960 2171 1016 magnas

2280 853 2305 888 ιι
2327 866 2552 921 quorum
2580 848 2602 881 ⁸
2656 849 2901 913 Basilius,
2932 849 3057 904 olim
3086 851 3234 921 regio
3256 852 3536 909 ministerio
3558 857 3786 927 depulsus,

2279 943 2331 996 in
2363 942 2687 997 delationem
2733 941 2905 996 nostri
2946 941 3200 1008 nominis,
3237 940 3251 979 ί
3287 943 3436 999 alieni
3466 948 3583 1004 teris
3602 954 3789 1008 nmi-

1912 1053 2489 1116 lNTERPRE'l‘ATIO.

661 1185 686 1214 α
728 1177 828 1245 Qui
858 1175 988 1228 alias
1022 1174 1198 1229 consul
1233 1176 1347 1245 fuit.

658 1245 685 1285 δ
724 1248 891 1299 Aulici
928 1248 1132 1299 canibus
1180 1248 1599 1311 intpndenttores.

662 1330 687 1425 ἓ
730 1318 976 1439 priorum
1017 1318 1249 1385 cupidius
1286 1318 1591 1385 aptantium.

780 1406 813 1441 a
836 1403 927 1441 ste.

665 1472 687 1497 ι·
728 1456 1021 1513 Exacuisse.

2357 1168 2377 1207 ι
2420 1170 2525 1223 Eos
2560 1167 2858 1237 praesertim
2892 1166 3083 1236 quibus
3118 1181 3276 1236 opem
3315 1168 3547 1225 tuleram.

2357 1249 2383 1285 κ
2412 1238 2801 1293 Easulauinms.

2352 1311 2381 1381 ll
2415 1312 2553 1363 Vit-is
2582 1310 3042 1381 srilicetiniquis,
3078 1311 3208 1364 inter
3236 1328 3386 1381 quos.

2357 1380 2373 1419 ί
2416 1381 2581 1451 Vulgo
2604 1379 2819 1435 accablé
2840 1381 2909 1434 de
2936 1379 3129 1435 dettes.

2105 1561 2313 1620 NOTAE
2327 1602 2340 1615 .

592 1702 795 1746 tramur
820 1688 919 1742 hac
951 1689 1263 1755 coemptione
1287 1695 1569 1756 utrumque
1606 1684 1922 1754 signiﬁcari,
1954 1691 2007 1756 et
2038 1698 2162 1753 pro-

590 1762 843 1815 vinciales
870 1760 1149 1827 praedictas
1174 1759 1381 1825 species
1410 1755 1537 1811 ﬁsco
1562 1757 1793 1810 vendere
1820 1755 2012 1810 minori
2044 1769 2164 1827 pre-

588 1835 685 1893 tio,
709 1842 761 1885 et
786 1833 851 1883 ab
874 1826 989 1898 ipso
1011 1830 1223 1883 easdem
1249 1827 1436 1895 majori
1466 1828 1635 1895 pretio
1660 1842 1838 1881 emere
1860 1826 2163 1895 cogendos:

590 1904 713 1955 hinc
755 1902 968 1954 Boetius
1011 1902 1250 1952 adversus
1299 1900 1593 1965 prazfectum
1643 1898 1864 1962 prtetorii
1913 1906 2167 1949 certamen

588 1972 827 2042 suscepit,
858 1987 973 2041 rege
994 1970 1324 2042 Theoderico
1354 1969 1997 2042 cognoscente_contendit_,
2028 1978 2072 2020 et
2104 1982 2168 2042 ne

587 2037 834 2107 coemptio
854 2037 1154 2110 exigeretur.
1188 2041 1351 2094 evicit.
1400 2040 1503 2094 Sed
1525 2040 1648 2108 quid
1673 2037 1995 2110 Campania?
2038 2037 2166 2110 quid

590 2114 860 2179 praefectus
898 2108 1166 2183 praetorii?
1217 2109 1699 2183 Campaniaurcgio
1744 2109 1909 2183 Italiae
1953 2108 2167 2183 fertilis-

590 2178 723 2239 sima
752 2201 765 2236 :
797 2178 931 2235 hanc
965 2192 1083 2250 post
1109 2180 1165 2234 Pl
1191 2182 1335 2233 nium
1359 2180 1611 2250 de_-cribit
1636 2179 1825 2233 Florus
1855 2180 1892 2233 Ι.
1923 2196 1960 2242 ι,
1990 2194 2040 2232 c.
2070 2178 2163 2232 16:

594 2256 855 2317 Omnium,
890 2248 1079 2319 inquit,
1106 2269 1204 2304 non
1235 2252 1385 2304 modo
1413 2248 1589 2315 Italia,
1618 2250 1705 2303 sed
1734 2260 1835 2303 toto
1861 2249 1979 2303 orbe
2008 2258 2170 2302 terra-

589 2342 723 2389 rum,
750 2325 1093 2395 pulcherrima
1115 2320 1409 2393 Campania:
1449 2322 1599 2387 plaga
1619 2331 1711 2395 est.
1734 2319 1933 2395 JNt'lttl‘
1963 2320 2170 2395 mollius

589 2399 712 2450 caelo
745 2391 762 2449 ἑ
792 2395 1006 2464 denique
1034 2395 1103 2446 bis
1133 2391 1343 2461 ﬂoribus
1369 2401 1559 2445 vernat.
1612 2391 1761 2443 Nihil
1776 2392 1995 2464 uberius
2021 2391 2130 2444 solo
2150 2406 2169 2445 :

590 2469 706 2520 ideo
734 2464 900 2518 Liberi
923 2461 1216 2529 Cererzsque
1244 2475 1493 2516 certamen
1521 2464 1728 2515 dicitur.
1767 2461 1915 2516 Nihil
1942 2463 2173 2531 liospata-

591 2540 691 2591 lius
718 2536 847 2589 mari
871 2552 889 2589 :
922 2536 1002 2587 hic
1036 2536 1113 2587 illi
1149 2535 1343 2587 nobiles
1376 2544 1571 2603 portus,
1620 2533 1827 2594 Caieta,
1864 2532 2091 2585 Misenus
2125 2543 2173 2587 et

591 2618 809 2677 tepentes
843 2608 1061 2677 fontibus
1091 2604 1231 2657 Baio:
1256 2621 1274 2658 :
1303 2606 1571 2667 Lucrinus,
1596 2615 1641 2657 et
1654 2606 2173 2677 Δᾼυιι-ηειδζι]ιμειιαιη

592 2671 747 2731 maris
767 2671 889 2731 otia.
913 2675 1015 2731 Hic
1034 2678 1203 2729 amicti
1226 2677 1409 2728 vitibus
1430 2686 1619 2729 montes
1642 2673 1865 2733 Gaurus,
1886 2671 2168 2737 Falernus,

591 2748 867 2813 Massicus,
882 2760 925 2802 et
943 2747 1308 2809 pulcherrimus
1328 2752 1551 2799 omnium
1570 2745 1815 2799 Vesuvius
1828 2742 2024 2797 /Etntei
2042 2746 2175 2813 ignis

591 2822 836 2874 imitator.
893 2817 1051 2873 Urbes
1097 2818 1163 2869 ad
1208 2834 1368 2880 mare,
1413 2814 1657 2878 Formiae,
1702 2815 1897 2881 Cumae,
1944 2814 2168 2879 Puteoli,

592 2890 643 2942 Ν
652 2890 865 2954 capulis,
894 2889 1290 2948 Herculaneum,
1318 2886 1568 2957 Pompeii,
1596 2896 1640 2939 et
1664 2887 1771 2957 ipsa
1793 2896 1945 2957 caput
1972 2888 2170 2957 urbium

592 2961 787 3033 Capua,
812 2962 1070 3029 quondam
1096 2962 1225 3033 inter
1248 2971 1344 3033 tres
1366 2959 1637 3020 maximas,
1666 2956 1876 3009 Romam
1903 2956 2172 3025 Carthagi-

594 3029 806 3100 nequne
847 3039 1131 3083 numerata.
1179 3030 1469 3082 Praefectus
1508 3040 1683 3083 autem
1722 3029 1976 3095 pra:torii.
2013 3037 2069 3079 ut
2097 3031 2171 3080 ait

592 3104 840 3166 liosinns,
868 3101 1074 3166 dicitur,
1100 3102 1183 3168 qui
1216 3100 1460 3151 militibus
1494 3100 1556 3151 iis
1588 3108 1824 3163 praeerat,
1852 3115 1979 3167 quos
2012 3100 2171 3163 impe-

592 3188 787 3226 ratores
842 3174 897 3225 in
943 3172 1021 3223 tui
1063 3172 1344 3225 custodiam
1384 3168 1681 3237 allegerant.
1734 3170 1993 3222 Nimirum
2033 3168 2170 3235 apud

594 3247 893 3307 ltomanos,
932 3244 1146 3310 regibus
1183 3242 1407 3305 exactis,
1437 3230 1599 3310 iidem
1628 3240 1716 3304 qui
1744 3240 1886 3307 quod
1921 3230 2171 3293 consule-
2198 3230 2246 3294 C

592 3326 714 3368 rent
754 3309 1027 3377 senatum,
1078 3311 1359 3373 consules;
1405 3312 1545 3378 quod
1585 3309 1891 3377 jndicarcnt
1926 3310 2167 3375 judiccs,

592 3394 718 3438 sttnt
759 3384 1048 3451 appellati;
1101 3392 1360 3451 praetores
1399 3396 1612 3449 quoque
1653 3389 1778 3434 sunt
1816 3380 1982 3444 dicti,
2029 3381 2169 3447 quod

593 3456 786 3524 p0pulo
808 3457 1060 3523 praeirent
1084 3471 1097 3507 :
1121 3453 1214 3506 sed
1241 3452 1724 3524 crescetttchpuli
1753 3452 1973 3524 Romani
2006 3451 2170 3524 impe-

595 3520 705 3592 rio,
738 3520 1075 3593 mzigisttatns
1107 3524 1173 3593 ita
1206 3522 1538 3589 multiplicati
1574 3530 1720 3583 sunt,
1750 3531 1806 3572 ut
1834 3522 1921 3589 qui
1955 3520 2005 3573 in
2040 3520 2173 3575 urbe

594 3592 906 3665 praeessent,
947 3592 1230 3653 consules.
1260 3594 1348 3661 qui
1382 3608 1509 3645 vero
1540 3593 1590 3644 in
1622 3593 1883 3654 exercitu,
1915 3601 2172 3660 praetores

594 3667 931 3721 dicerentur:
959 3681 988 3717 a
1012 3674 1228 3731 praetore
1260 3674 1435 3717 autem
1464 3672 1549 3717 est
1576 3666 1891 3729 praetorium.

666 3759 683 3789 ι
718 3757 995 3810 Paulinum
1022 3753 1387 3825 consularem.]
1439 3754 1694 3820 Quintum
1723 3753 1891 3806 Boetii
1922 3752 2172 3807 meritum

593 3830 839 3883 omnibus
867 3826 1138 3895 praedictis
1177 3838 1321 3877 tanto
1349 3826 1762 3893 praeferendum,
1806 3833 2005 3893 quanto
2030 3825 2170 3892 apud

593 3900 862 3953 Romanos
884 3898 1012 3949 socii
1047 3896 1365 3961 prmstabant
1390 3895 1801 3963 provincialibus
1833 3912 1845 3946 :
1887 3910 1991 3947 non
2028 3896 2173 3949 enim

596 3972 678 4024 hic
699 3970 766 4023 de
795 3968 1206 4034 provincialibus
1236 3978 1461 4023 tantum.
1489 3967 1581 4019 sed
1609 3967 1675 4018 de
1697 3966 1879 4027 sociis,
1907 3967 2013 4034 imo
2035 3975 2085 4017 et
2108 3968 2173 4018 de

592 4040 959 4094 consularibus
1003 4039 1133 4090 viris
1176 4038 1398 4089 Paulino
1441 4049 1492 4089 et
1521 4034 1735 4099 Albino,
1778 4051 1914 4103 quos
1947 4033 2175 4088 Palatini

593 4126 745 4164 canes
796 4119 848 4163 et
874 4110 1158 4178 Cyprianus
1185 4108 1384 4159 delator
1414 4108 1812 4178 impugnabant,
1846 4107 2174 4178 henetnerig

597 4193 680 4235 tus
708 4191 789 4235 est
816 4174 1052 4235 Boetius.
1094 4179 1327 4231 Primum
1362 4178 1577 4246 quidem
1609 4174 1883 4237 Paulinus,
1915 4176 2006 4245 qui
2033 4177 2174 4245 quod

594 4269 658 4305 ex
686 4252 961 4305 Deciorum
990 4250 1181 4302 familia
1205 4247 1379 4311 fuerit,
1405 4258 1622 4299 vocatus
1645 4257 1725 4300 est
1750 4247 1961 4311 Decius,
1984 4250 2172 4301 consul

598 4322 694 4375 fuit
723 4336 864 4374 anno
885 4320 1081 4374 Christi
1112 4320 1234 4383 ωδ,
1271 4320 1410 4371 unde
1444 4333 1586 4371 nunc
1617 4318 1915 4384 appellatur
1936 4319 2176 4371 consula-

594 4395 665 4445 ris
688 4408 709 4446 :
731 4392 1027 4446 consularis
1053 4390 1193 4445 enim
1223 4391 1303 4442 vir
1323 4400 1405 4442 est
1426 4388 1516 4456 qni
1538 4388 1821 4456 aliquando
1845 4391 2030 4443 consul
2054 4390 2173 4453 l'uit,

594 4464 734 4531 apud
770 4459 1021 4516 'l‘ulliutn.
1070 4461 1268 4513 Deinde
1293 4460 1524 4521 Albinus,
1568 4460 1669 4531 qui
1701 4458 1843 4527 quod
1884 4475 1950 4513 ex
1987 4460 2173 4513 eadem

597 4529 876 4587 Deciorum
926 4531 1123 4585 famiEia
1170 4532 1362 4591 fuerit,
1407 4532 1567 4583 etiam
1621 4529 1795 4582 dictus
1837 4542 1919 4583 eet
1964 4531 2172 4596 Decius,

2197 1858 2246 1925 li

2276 1678 2488 1749 gatione
2512 1695 2524 1730 :
2553 1676 2759 1733 Satisne
2791 1678 2844 1730 in
2872 1694 2950 1730 me
2979 1694 3188 1747 magnas
3214 1678 3387 1731 uideor
3415 1678 3703 1733 exacerbasse
3719 1682 3797 1734 dis-

2275 1748 2520 1811 cordias?
2558 1749 2645 1801 ubi
2692 1763 2797 1801 non
2844 1749 3146 1813 legendum,
3188 1759 3247 1802 ut
3283 1748 3463 1817 plures
3506 1751 3685 1816 legunt,
3710 1767 3801 1803 cra.

2276 1835 2543 1873 cervasse:
2582 1820 3010 1887 quandoquidem
3051 1822 3271 1874 verbum
3317 1820 3416 1872 hoc
3464 1820 3617 1887 (quod
3654 1822 3801 1887 siam)

2276 1892 2521 1945 Latinum
2566 1905 2669 1942 non
2702 1900 2786 1944 est
2818 1906 2832 1943 :
2861 1890 2954 1943 sed
2980 1892 3155 1957 potius
3196 1890 3541 1952 exacerbasse,
3579 1900 3630 1944 ut
3659 1893 3798 1959 legunt

2282 1961 2611 2019 Valdericns.
2654 1961 2991 2021 Bernartius.
3026 1962 3348 2023 Sitzmanus,
3386 1963 3474 2030 qui
3515 1962 3603 2021 ait.
3643 1963 3685 2014 in
3718 1978 3801 2015 ma-

2274 2034 2560 2100 nuscriptis
2600 2031 2939 2086 Rittershusii
2983 2031 3084 2099 legi
3126 2032 3427 2085 exacuisse:
3465 2032 3600 2101 quod
3625 2034 3795 2086 verbum

2273 2103 2414 2158 idem
2448 2111 2530 2153 est
2564 2104 2703 2170 quod
2741 2102 3082 2155 exacerbasse.

2350 2176 2369 2205 ³
2404 2172 2569 2242 Magis
2598 2171 2986 2243 essemtutior]
3052 2172 3423 2237 Pleonasmus,
3468 2188 3571 2241 quo
3611 2187 3711 2225 usus
3736 2181 3790 2225 est

2275 2241 2632 2298 Plautttscutn
2674 2242 2805 2296 dixit
2838 2260 2850 2295 :
2887 2241 3056 2312 Magis
3086 2244 3309 2312 majores
3343 2260 3502 2313 nugas
3540 2260 3674 2311 agere
3696 2261 3707 2293 :
3729 2244 3789 2293 hoc

2276 2317 2438 2385 magis
2476 2324 2549 2367 est
2586 2314 2823 2385 dulcius;
2853 2313 3094 2368 Valerius
3140 2313 3441 2368 Maximus:
3476 2313 3637 2379 Magis
3664 2315 3799 2367 invidia

2275 2383 2378 2452 qua
2401 2406 2425 2434 η
2459 2401 2672 2454 pecunia
2696 2383 3031 2451 locupletior;
3071 2385 3261 2439 Cicero
3297 2402 3311 2437 :
3347 2402 3399 2437 se
3423 2386 3485 2436 ab
3518 2388 3718 2438 omnibus
3742 2384 3803 2435 de-

2273 2466 2432 2511 sertos
2465 2456 2631 2523 potius
2670 2472 2824 2524 quam
2862 2456 2948 2508 abs
2993 2467 3038 2509 te
3077 2456 3314 2523 defensos
3363 2472 3469 2509 esse
3510 2455 3689 2507 malunt
3728 2464 3808 2509 :et

2275 2538 2462 2582 auctor
2508 2526 2693 2581 aulicis
2740 2527 2877 2594 apud
2921 2525 3227 2593 Virgilium,

2401 2618 2523 2675 Quis
2544 2619 2699 2678 magis
2716 2623 2879 2677 Optato
2897 2625 3047 2678 queat
3071 2628 3182 2664 esse
3202 2617 3399 2664 beatior
3419 2628 3543 2665 aevo.

2348 2704 2461 2758 Nisi
2500 2715 2673 2756 tamen
2718 2703 2878 2771 magis
2916 2708 3259 2754 construatur
3304 2716 3428 2754 cum
3473 2708 3639 2764 Optato
3680 2696 3817 2764 potius

2277 2790 2435 2838 quam
2466 2789 2587 2827 cum
2625 2774 2838 2825 beatior.
2886 2772 2958 2825 Ex
3005 2772 3087 2825 his
3126 2771 3385 2825 omnibus
3428 2780 3629 2825 constat
3662 2778 3815 2835 quanta

2276 2844 2551 2898 diligentia
2604 2843 2823 2898 Boetius
2864 2853 3150 2896 exsecutus
3188 2842 3358 2897 fuerit
3400 2851 3654 2911 praecepta
3687 2839 3819 2909 philo-

2282 2915 2523 2981 suphica.

2356 2979 2377 3016 ³
2410 2985 2602 3050 Quibus
2656 2995 2827 3036 autem
2864 2979 3255 3052 deferentibus.]
3292 2982 3356 3036 ν.
3394 2982 3604 3036 Boetius
3643 2980 3822 3052 injustas

2274 3058 2445 3109 refert
2475 3058 2553 3107 sui
2602 3056 2775 3109 exsilii
2808 3050 3016 3107 causas.
3053 3050 3255 3106 Exsilir
3276 3054 3496 3121 quidem
3525 3054 3603 3105 sui
3630 3050 3825 3104 meminit

2280 3125 2361 3179 his
2393 3126 2605 3187 verbis,
2641 3125 2858 3191 perculsi
2908 3141 3082 3177 sumus
3111 3140 3128 3176 :
3154 3139 3336 3193 neque
3379 3125 3525 3178 enim
3569 3123 3822 3193 legendum,

2281 3207 2336 3249 ut
2376 3196 2588 3263 quidam
2620 3195 2952 3251 recentiores
2990 3197 3199 3263 legunt,
3224 3191 3497 3263 percussi;
3533 3191 3631 3247 sed
3669 3191 3823 3263 potius,

2280 3279 2336 3320 ut
2382 3262 2609 3331 veteres,
2666 3266 2882 3335 perculsi
2911 3282 2930 3319 :
2960 3262 3059 3319 sic,
3089 3276 3271 3335 autem
3318 3265 3608 3319 Cornelius
3632 3262 3827 3335 Tacitus,

2277 3339 2469 3391 Annal.
2507 3339 2540 3389 l.
2572 3331 2680 3399 xtv,
2718 3353 2770 3389 n.
2802 3337 2867 3391 57
2893 3352 2911 3389 :
2947 3335 3188 3389 Perculso
3205 3334 3431 3395 Seneca,
3461 3346 3733 3404 proruptura
3757 3331 3829 3396 fuit

2276 3408 2475 3476 Rufum
2500 3407 2719 3460 Fenium
2742 3408 3061 3460 imminuere.
3093 3410 3160 3459 At
3183 3406 3420 3473 injustas
3452 3403 3699 3459 memorat
3720 3403 3829 3468 ejus-

2278 3481 2401 3533 dem
2433 3478 2608 3531 exsilii
2632 3492 2853 3540 causas;
2901 3480 3125 3544 primutn
3161 3480 3388 3543 quidem
3422 3493 3487 3529 ex
3523 3486 3664 3541 parte
3706 3486 3829 3524 accu-

2276 3550 2539 3610 santium,
2570 3565 2702 3614 quos
2740 3562 2879 3601 nunc
2910 3556 3067 3601 Vocat
3113 3546 3450 3613 deierantes:
3476 3546 3649 3612 defero
3674 3546 3830 3609 (ιωρβθ

2281 3622 2331 3671 in
2355 3621 2468 3673 l'oro
2487 3619 2623 3672 idem
2648 3627 2731 3673 est
2754 3619 2893 3686 quod
2917 3634 3120 3680 accuso,
3152 3618 3203 3670 in
3232 3633 3403 3671 causa
3431 3616 3675 3683 capitali,
3694 3614 3833 3686 judice

2276 3689 2452 3745 Tullio
2483 3704 2497 3741 :
2530 3689 2723 3743 deinde
2742 3682 2805 3742 ex
2840 3700 2989 3754 parte
3017 3690 3293 3750 criminis,
3329 3691 3477 3757 quod
3504 3682 3594 3739 aut
3619 3700 3713 3739 non
3736 3682 3833 3757 alle-

2276 3770 2450 3829 gatur,
2500 3771 2590 3812 aut
2638 3761 2923 3826 allegatum
2988 3760 3301 3812 nullatenus
3348 3754 3624 3828 probatur
3672 3774 3684 3810 ε
3726 3754 3831 3807 sic"!

2280 3832 2536 3899 deinceps
2556 3829 2882 3897 probabitur.

2349 3900 2370 3931 ³
2428 3893 2656 3966 Quorum
2694 3898 2962 3969 Basilius.]
3002 3899 3239 3953 Primum
3299 3901 3473 3969 igitur
3522 3893 3861 3971 delator-site.

2282 3964 2561 4026 accusator
2589 3972 2641 4023 in
2671 3985 2829 4024 causa
2866 3964 3105 4038 capitali,
3134 3971 3307 4037 ipsius
3325 3964 3634 4023 'Ciceronis
3657 3964 3827 4040 iudicii»

2283 4058 2444 4096 verus
2492 4057 2611 4094 esse
2640 4042 2796 4095 debet
2829 4057 2842 4093 :
2871 4035 3214 4109 quamobrem
3262 4042 3313 4095 si
3348 4043 3534 4107 aliquo
3578 4035 3829 4109 praeiudicio

2282 4122 2432 4166 actus
2464 4113 2725 4177 videatur,
2749 4102 2963 4164 omnino
2986 4110 3287 4163 audiendus
3318 4102 3547 4164 non'eSt
3571 4102 3589 4162 Ξ
3618 4102 3729 4160 hinc
3746 4102 3826 4177 iul-

2278 4183 2377 4236 lius
2423 4198 2519 4252 pro
2566 4175 2725 4246 Mitt,
2780 4180 2942 4245 Nolo,
2998 4182 3190 4249 inquit,
3239 4192 3527 4235 accusator
3557 4175 3829 4249 injudicitm

2277 4256 2559 4320 potentiam
2586 4252 2789 4317 aﬂ'erat,
2834 4268 2933 4305 non
2966 4252 3064 4304 vim
3086 4254 3345 4318 majorum
3376 4254 3628 4320 aliquam,
3660 4263 3747 4301 non
3769 4260 3835 4320 ott-

2280 4314 2564 4377 ctoritatem
2592 4314 2938 4389 eacellentem,
2960 4337 3063 4375 non
3086 4314 3303 4374 nimiam
3336 4314 3565 4385 gratiam
3595 4336 3613 4373 :
3641 4332 3749 4371 cmu
3767 4314 3833 4389 igif

2285 4404 2371 4449 tur
2392 4395 2649 4461 judicium
2682 4409 2747 4447 cx
2780 4394 2893 4459 ipsa
2924 4388 3350 4460 perturbatione
3399 4402 3533 4447 ante
3573 4402 3768 4455 captum
3794 4388 3842 4433 sit

2283 4467 2645 4535 prtejudiciutn
2676 4464 2890 4518 veritati
2914 4464 3142 4516 maxime
3165 4466 3548 4535 contrarium,
3570 4462 3842 4535 quicullltine

2284 4524 2407 4588 non’
2436 4536 2537 4588 nisi
2580 4535 2806 4601 quadam
2854 4535 3256 4601 perturbatione
3298 4544 3461 4587 actus
3503 4524 3844 4585 videbitur-de

595 4608 777 4658 consul
817 4605 913 4656 fuit
939 4618 1081 4655 anno
1103 4602 1299 4655 Christi
1331 4602 1455 4663 495,
1483 4615 1649 4669 quare
1685 4614 1826 4672 nunc
1848 4616 2060 4672 quoque
2088 4602 2167 4653 di-
2200 4602 2253 4663 1)
2281 4608 2419 4658 ferre
2446 4608 2559 4659 sive
2585 4619 2855 4664 accusare,
2892 4604 3004 4665 ille,
3030 4612 3089 4656 ut
3117 4616 3241 4672 pote
3273 4603 3457 4658 falsus
3488 4604 3696 4657 delator
3723 4609 3849 4650 act-n-

597 4679 737 4727 citur
767 4674 843 4727 uir
867 4674 1151 4725 consularis
1172 4688 1191 4726 :
1224 4672 1363 4725 hunc
1396 4671 1635 4724 Albinum
1671 4671 1859 4723 oderat
1883 4670 2172 4739 Cyprianus

597 4748 760 4799 frater
787 4744 1065 4811 Opilionis,
1095 4746 1161 4796 de
1190 4758 1296 4810 quo
1326 4748 1501 4796 statim
1545 4743 1789 4811 dicetur;
1822 4742 2168 4805 quamobrem

596 4818 767 4883 ipsum
793 4810 1079 4878 accusavit,
1104 4814 1382 4881 dictusque
1410 4822 1684 4878 propterea
1708 4810 1906 4883 delator
1923 4826 1943 4865 :
1960 4812 2171 4867 deferre

596 4882 791 4955 quippe
829 4886 1048 4955 init'oro,
1082 4898 1335 4937 accustire
1372 4892 1475 4940 est.
1516 4883 1583 4935 At
1614 4882 2167 4955 Paulinuminsecta-

595 4950 788 5011 bantur
811 4954 1023 5023 quidam
1051 4956 1230 5019 aulici,
1255 4955 1344 5023 qtti
1373 4969 1513 5006 nunc
1544 4960 1801 5006 vocantur
1828 4950 2056 5005 Palatini
2082 4968 2167 5005 ca-

595 5044 725 5081 nes:
759 5026 985 5079 Palatini
1025 5026 1271 5095 quidem,
1317 5026 1456 5092 quod
1502 5024 1756 5095 palatium
1796 5027 1911 5077 sive
1949 5024 2165 5095 domum

595 5098 850 5167 principis
893 5093 1131 5151 habitent
1174 5106 1265 5148 ant
1310 5100 1497 5167 saltem
1530 5093 1878 5167 frequentant
1920 5112 1933 5145 :
1979 5093 2171 5167 domus

593 5165 783 5222 autem
810 5168 1060 5237 principis
1095 5183 1158 5220 ex
1198 5182 1263 5220 eo
1293 5166 1432 5218 dicta
1470 5165 1567 5217 fuit
1598 5166 1875 5233 palatium,
1916 5165 2171 5237 quodgab

592 5235 1051 5306 Octavii'Augusti
1088 5238 1439 5307 temporibus
1461 5238 1811 5307 imperatores
1850 5250 2036 5289 omnes
2066 5235 2169 5291 Ro-

594 5312 736 5364 mani
776 5305 1059 5363 habitarint
1100 5309 1152 5360 in
1192 5305 1373 5361 monte
1405 5305 1668 5359 Palatino.
1715 5306 1876 5359 Canes
1913 5319 2041 5359 vero
2076 5321 2170 5360 vo-

592 5390 802 5445 cantur,
838 5381 953 5434 sive
991 5380 1112 5448 quia
1156 5376 1401 5448 praelecti
1427 5377 1680 5448 οιιειυάἱίε
1701 5415 1715 5439 ,
1748 5376 1915 5448 instar
1949 5389 2163 5448 canum,

591 5452 659 5504 ad
690 5453 831 5507 l'ores
861 5446 1117 5505 assistunt
1139 5446 1167 5501 ε’
1184 5450 1296 5503 sive
1318 5446 1460 5515 quia,
1482 5447 1702 5500 canibus
1723 5446 2161 5513 impudentiores,

592 5535 687 5575 eos
713 5538 742 5575 a
765 5523 957 5592 quibus
989 5522 1098 5575 laesi
1118 5524 1223 5574 non
1252 5528 1397 5580 sunt,
1418 5519 1684 5579 mordent,
1708 5532 2000 5592 eorumque
2020 5533 2159 5587 opes,

592 5594 638 5645 si
680 5588 796 5647 non'
827 5593 1022 5661 reipsa,
1063 5594 1254 5645 saltem
1292 5606 1379 5657 spe
1424 5597 1574 5656 atque
1612 5588 1885 5661 ambitione
1924 5590 2165 5641 decorant

594 5662 805 5716 hiantes.
845 5659 1119 5717 Postremo
1150 5670 1431 5726 utrumque
1459 5663 1600 5712 hunc
1625 5659 1957 5711 consularem
1989 5662 2162 5712 virum

593 5732 809 5787 Boetius
835 5750 861 5784 a
898 5745 1054 5786 tantis
1087 5735 1211 5801 perii
1234 5735 1335 5785 nhs
1370 5731 1632 5794 liberavit,
1659 5731 1712 5783 itt
1738 5744 1842 5793 quo
1869 5742 2161 5794 ριωδθτιιιη

596 5814 856 5870 praecepta
897 5805 1258 5873 putlosophica
1306 5812 1586 5857 exsecatus
1631 5812 1711 5855 est
1758 5815 1771 5852 :
1808 5801 2161 5873 quamobrem

596 5876 788 5926 merito
828 5891 965 5927 nuttc
994 5871 1119 5927 suas
1154 5886 1438 5942 exaggerat
1474 5874 1765 5926 discordias
1804 5871 1901 5923 hac
1940 5873 2163 5923 interro-

2276 4688 2507 4740 satorve,
2538 4676 2609 4728 ita
2641 4676 2786 4741 rejici
2817 4674 3007 4733 debet,
3038 4683 3097 4727 ut
3116 4688 3235 4742 qum
3269 4675 3407 4728 inde
3424 4682 3743 4742 sequeretur
3760 4680 3848 4740 put:

2277 4762 2342 4799 na
2368 4788 2380 4807 ,
2409 4748 2521 4800 haec
2549 4739 2725 4814 iniqua
2751 4744 2990 4799 habenda
3013 4739 3175 4798 esset.
3208 4746 3384 4812 Atqui
3412 4739 3688 4799 delatores
3717 4739 3851 4792 800m

2276 4816 2348 4870 ita
2385 4833 2442 4870 se
2483 4817 2783 4871 habuerunt
2813 4832 2824 4866 :
2859 4814 2921 4867 Hi
2957 4816 3097 4867 enim
3147 4828 3258 4868 tres
3291 4818 3582 4868 duntaxat
3610 4822 3855 4864 numeran-

2276 4898 2380 4950 tur,
2408 4884 2655 4940 nimirum
2681 4884 2927 4949 Basilius,
2959 4883 3149 4954 Opilio,
3181 4894 3238 4939 et
3266 4884 3628 4954 Gaudentiug,
3658 4890 3852 4953 quorum

2278 4956 2503 5011 Basilius
2544 4958 2703 5009 alieni
2730 4957 2856 5010 aeris
2883 4952 3232 5010 necessitate:
3275 4954 3469 5021 Opilie
3496 4964 3553 5010 et
3576 4952 3858 5009 Gaudentius

2274 5026 2822 5106 fraudibus.‘ob‘quas
2848 5026 2912 5106 in_
2934 5024 3184 5106 exsilium
3199 5026 3275 5080 ire
3291 5028 3744 5106 (jussi‘sacrarum‘
3775 5030 3860 5069 sese

2279 5100 2467 5151 milium
2496 5098 2786 5168 definitione
2809 5095 3113 5168 tuebantur,
3149 5095 3410 5150 Boetium
3445 5096 3767 5168 detulerunt.

2355 5156 2577 5222 Basilius
2604 5168 2742 5236 apud
2777 5156 3159 5220 Cassiodornm
3193 5168 3368 5221 modo
3417 5167 3689 5227 laudatur,
3730 5156 3863 5235 modo

2278 5235 2647 5307 vituperatur.
2689 5238 2959 5291 Laudatur
2990 5235 3201 5304 quidem
3250 5236 3293 5291 Ι.
3354 5254 3393 5291 ιι
3432 5238 3647 5291 Variar.
3683 5240 3733 5285 et
3768 5244 3865 5307 et"-

2276 5301 2411 5365 stola
2433 5311 2661 5372 decima,
2692 5310 2742 5361 in
2766 5322 2865 5373 qua
2896 5308 2961 5360 dc
2983 5301 3097 5374 ejus
3121 5322 3295 5360 uxore
3326 5311 3589 5375 Agapita,
3615 5318 3727 5375 qua:
3752 5301 3865 5375 dice

2278 5389 2363 5435 tur
2392 5381 2682 5451 spectabilis
2713 5372 2923 5451 femina,
2965 5372 3155 5451 agitur,
3206 5388 3265 5431 et
3310 5372 3553 5451 epistola
3589 5372 3863 5451 undecima,

2277 5450 2328 5504 in
2357 5439 2460 5519 qua
2491 5452 2680 5518 legitur
2713 5439 2727 5501 Ξ
2760 5439 3102 5500 Basilius'vir
3140 5439 3455 5516 spectabilis
3487 5448 3638 5519 datis
3662 5439 3865 5519 precibus

2274 5514 2525 5573 intiinarit
2544 5514 2847 5590 'Agapitam
2866 5535 2958 5570 con
2956 5522 3133 5587 jugem
3156 5514 3311 5570 suam
3336 5520 3407 5590 de
3441 5514 3667 5590 propriis
3684 5514 3861 5590 penale

2275 5591 2364 5645 bus
2394 5608 2424 5643 a
2467 5574 2805 5662 quibusdam,
2851 5574 2975 5641 vitii;
3011 5574 3447 5662 svoliicitationis,
3490 5574 3866 5662 abductamz'El

2273 5673 2405 5714 certe
2447 5650 2501 5713 in
2550 5662 2628 5713 Itis
2668 5650 2862 5713 versata
2907 5662 3055 5710 rebus
3077 5660 3289 5726 firmum
3344 5658 3573 5711 docetur
3605 5650 3865 5727 perdidisse

2272 5734 2558 5785 consilium.
2589 5732 2725 5796 Quid
2756 5732 2886 5782 enim
2918 5719 3085 5796 faceré
3112 5730 3277 5794 potuit
3313 5730 3569 5797 probum,
3596 5719 3706 5794 qui:
3731 5719 3867 5772 nullis

2272 5805 2433 5871 culpis
2472 5803 2781 5855 exstantibus
2806 5805 3005 5868 reliquit
3040 5809 3285 5871 "tantum
3312 5800 3340 5849 Σ)
3377 5800 3725 5871 Vituperatur
3761 5802 3870 5871 vero

2276 5858 2474 5926 Vaiiar.
2510 5875 2543 5926 ι.
2577 5889 2648 5936 ιν,
2685 5884 2792 5926 tum
2823 5858 2981 5939 epist.
3008 5871 3097 5934 se,
3131 5871 3216 5924 ubi
3248 5870 3378 5937 ipse
3402 5858 3769 5925 Theodericus
3793 5858 3865 5911 dt.
