3998 6368
225 412 301 467 62!
1096 406 1183 463 DE
1222 406 1740 463 CONSOLATIONE
1782 404 2257 463 PHILOSOPHIE
2298 408 2428 465 LIB.
2466 409 2508 465 1.

3347 411 3452 469 622

222 535 309 579 tate
343 519 635 585 compulsus
675 528 778 574 est.
832 519 849 552 ¹
907 516 1204 590 Opilionem
1246 536 1374 574 vero
1402 563 1415 586 ,
1466 529 1622 589 atque
1664 519 1771 593 50
1795 534 1843 591 Α
1875 519 2224 590 pellerentur.
2256 520 2393 591 Quid
2445 520 2568 576 huic
2614 519 2886 578 severitati
2917 534 3077 592 posse
3105 523 3272 578 astrui
3303 524 3454 580 vias-

218 620 234 650 '
253 613 601 673 Gaudentium,
620 628 739 666 cum
768 612 837 666 ob
856 614 1164 668 innumeras
1178 614 1607 683 multiplicesque
1622 611 1766 666 frau-

216 708 293 761 des
314 707 378 758 ire
408 705 456 756 in
483 702 730 757 exsilium
761 713 785 740 ι
817 706 959 772 regia
990 720 1217 759 censura
1244 704 1591 768 decrevissct,
1617 720 1766 758 cum-

212 813 297 867 que
323 796 389 849 illi
420 810 603 863 parere
650 796 912 863 nolentes,
947 795 968 825 ⁸
1020 794 1051 834 ιι
1080 811 1352 851 sacrarum
1403 810 1523 850 sese
1567 796 1763 850 aedium

213 887 487 940 defensione
514 893 816 948 tuerentur,
846 897 1286 954 compertumque
1318 884 1338 916 ⁸
1379 886 1427 938 id
1462 887 1571 955 regi
1607 897 1630 923 ε
1686 886 1764 939 fo-

209 984 301 1042 ret,
326 974 352 1011 ⁴
379 974 543 1029 edixit
579 986 629 1027 ut
660 977 710 1029 ni
742 976 879 1029 intra
913 978 1281 1043 praescriptum
1332 977 1472 1033 diem
1500 978 1521 1009 ³
1552 977 1764 1031 Raven-

208 1084 259 1121 na
288 1068 405 1120 urbe
445 1066 769 1123 decederent
791 1069 894 1140 (5),
931 1069 951 1099 ‘
994 1079 1016 1106 θ
1050 1080 1203 1125 notas
1234 1070 1468 1142 iusigniti
1502 1072 1765 1135 frontibus

1874 613 1992 666 tur?
2023 613 2183 681 Atqui
2215 612 2402 666 eodem
2434 611 2521 667 die
2567 612 2936 668 deferentibus
2956 614 3195 680 eisdem,
3222 616 3456 681 nominis

1872 703 2043 757 nostri
2100 700 2582 775 delatiolsuscepta
2627 717 2727 758 εει.
2774 705 2908 773 Quid
2954 706 3152 776 igitur?
3187 716 3461 762 nostrtene

1872 804 2013 849 artes
2043 794 2114 849 ita
2143 795 2496 851 meruerunt?
2520 811 2587 849 an
2622 795 2737 850 illos
2777 809 3115 867 accusatores
3134 798 3307 869 justos
3332 798 3459 855 fecit

1873 887 2147 957 praemissa
2178 889 2486 945 damnatio?
2522 890 2667 945 itane
2692 889 2825 943 nihil
2866 890 3129 946 fortunam
3162 892 3378 962 puduit,
3410 894 3457 951 si

1872 978 2049 1031 minus
2079 989 2341 1034 accusata:
2378 980 2726 1045 innocentiae,
2748 991 2803 1035 at
2829 984 3194 1037 accusantium
3226 982 3456 1037 "vilita-

1876 1070 1978 1123 tis?
2027 1071 2129 1141 51
2162 1072 2180 1101 '
2237 1076 2303 1127 At
2352 1073 2504 1143 cujus
2548 1073 2789 1129 criminis
2821 1082 2844 1121 8
2877 1075 3149 1145 arguimur
3190 1090 3455 1131 summam

1564 1206 2123 1265 INTERPRETATIU

258 1338 280 1364 ι
310 1325 539 1379 Edictum
566 1327 829 1396 principis.

256 1397 278 1435 δ
304 1397 516 1467 Templis
536 1398 666 1449 velut
695 1397 877 1467 asylis.

260 1479 278 1506 ε
304 1466 645 1521 Tlteodorico.

256 1535 277 1573 ἀ
305 1537 507 1592 Statuit.

1944 1336 1964 1364 ³
1999 1326 2305 1391 Stiqmatici.

1944 1396 1963 1435 ι
1998 1396 2259 1467 Infamite.

1937 1479 1962 1515 Β
1992 1470 2321 1521 Accusamur.

1678 1649 1902 1709 NOTAE.

203 1775 264 1826 cit
285 1769 507 1822 Basiliam
538 1778 582 1819 et
615 1766 973 1824 Pra'teaztatum
998 1770 1124 1823 artis
1151 1769 1371 1824 sinistra!
1383 1772 1493 1838 jam
1520 1772 1608 1824 diu
1629 1785 1750 1822 con-

201 1844 367 1913 tagione
407 1838 655 1913 pollutos,
703 1849 838 1913 tum.
889 1842 1119 1913 δικ-⁸25.
1174 1842 1260 1894 ubi
1315 1843 1748 1913 idemiprinceps

198 1909 463 1978 Prw/eciam
496 1909 637 1960 urbis
676 1911 965 1965 declarasse
995 1910 1245 1964 Basiliam
1274 1923 1422 1978 atque
1455 1912 1748 1966 Prtetexta-

194 1997 279 2037 tum
304 1982 501 2047 magicis
541 1982 731 2033 artibus
773 1983 1026 2035 involutos
1064 1984 1265 2035 scribit.
1304 1984 1358 2035 Si
1392 1994 1569 2036 autem
1599 1985 1747 2034 Itasi-

193 2056 276 2108 lius
301 2054 375 2107 hic
400 2052 543 2105 idem
576 2050 731 2104 fuerit
752 2055 837 2120 qui
873 2069 1009 2107 nunc
1036 2068 1063 2105 a
1092 2054 1273 2106 Boetio
1297 2054 1621 2114 nominatur,
1656 2066 1750 2118 po-

193 2132 270 2179 tuit
302 2134 510 2190 propter
560 2124 745 2189 magite
768 2125 972 2178 crimen
1015 2125 1157 2194 regio
1204 2126 1484 2178 ministerio
1512 2126 1696 2188 depelli
1730 2137 1748 2175 :

191 2196 301 2250 unde
344 2196 501 2248 alieni
551 2194 667 2246 teris
699 2200 992 2259 necessitas,
1021 2210 1123 2262 qua
1157 2194 1395 2249 Boetium
1428 2195 1618 2262 injuria
1646 2195 1746 2248 de-

194 2268 297 2321 tulit.

248 2340 260 2370 ¹
303 2335 643 2407 0pilionem.]
696 2335 815 2390 Fuit
843 2336 1019 2399 Opilio
1048 2347 1217 2405 pater,
1266 2345 1321 2390 et
1365 2337 1539 2402 Opilio
1586 2336 1742 2392 filius.

142 2454 148 2463 .
193 2408 324 2473 Prior,
354 2417 405 2460 ut
430 2409 509 2458 ait
544 2408 880 2471 Sirmondns,
902 2422 1083 2462 comes
1102 2423 1371 2461 sacrarum
1399 2408 1743 2473 largitionum

194 2480 325 2532 fuerat
364 2479 462 2531 sub
495 2477 759 2537 Odoacre,
790 2478 928 2545 quod
980 2480 1215 2533 indicare
1265 2480 1471 2531 videtur
1499 2478 1747 2531 Theode-

195 2553 296 2603 ricus
322 2549 453 2614 apud
488 2548 873 2603 Cas~iotlorum
904 2548 1111 2602 Variar.
1148 2554 1181 2602 l.
1216 2565 1266 2613 v,
1292 2565 1377 2615 ep.
1408 2550 1466 2601 «Η
1496 2566 1507 2600 :
1542 2547 1745 2602 Gloria-

200 2630 266 2681 lar,
288 2620 479 2685 inquit,
520 2618 819 2689 Cyprianus
848 2622 999 2674 etiam
1032 2637 1132 2672 non
1175 2632 1399 2673 extrema
1442 2620 1553 2672 lure
1599 2630 1746 2671 nata-

194 2692 278 2743 lim
296 2708 311 2742 :
336 2708 449 2743 nam
518 2701 663 2749 pater
692 2692 825 2747 huic,
869 2694 999 2743 sicut
1044 2693 1363 2751 meministis,
1412 2690 1585 2750 Upilio
1612 2692 1739 2757 fuit,

188 2766 240 2813 tir
254 2763 435 2829 quidem
455 2762 678 2831 objectis
700 2762 1006 2831 temporibus
1029 2763 1094 2812 ad
1125 2762 1362 2814 excubias
1394 2771 1558 2811 tamen
1588 2760 1745 2812 Pala-

185 2834 283 2884 tinas
304 2836 511 2886 electus.
550 2832 651 2895 Qui
690 2837 850 2884 multo
878 2832 1102 2901 amplius
1148 2849 1371 2885 crescere
1413 2832 1610 2898 potuit,
1645 2832 1744 2884 nisi

180 2902 279 2965 ﬁdes
296 2904 377 2955 sub
399 2905 708 2958 avidissima
737 2904 1161 2956 remunerationis
1183 2904 1453 2957 sterilitate
1472 2903 1737 2969 jacuissel.

180 2973 405 3027 Posterior
434 2992 574 3029 vero
595 3016 608 3039 ,
669 2974 831 3027 frater
862 2974 1017 3041 hujus
1043 2974 1319 3043 Cypriani.
1358 2988 1462 3026 non
1496 2988 1649 3024 secus
1681 2987 1743 3025 ac

182 3044 593 3110 paterfraterque
615 3044 678 3097 ad
705 3046 842 3097 idem
868 3059 1141 3097 sacrarum
1169 3046 1507 3097 lareitionum
1526 3045 1740 3097 culmen

177 3126 357 3169 evectus
385 3128 509 3177 est;
545 3115 637 3169 sed
688 3126 807 3179 post
844 3126 1069 3167 mortem
1119 3115 1284 3169 Boetii
1309 3160 1322 3181 ,
1357 3116 1607 3167 nimirum
1639 3114 1744 3166 sub

178 3186 446 3240 Atltalarico
474 3202 627 3239 anno
657 3186 855 3239 Christi
884 3187 1010 3239 528.
1049 3184 1199 3240 Unde
1231 3187 1370 3240 idem
1402 3185 1742 3237 Athalaricus

176 3260 284 3338 apud
326 3257 735 3338 Cassiodorum,
760 3257 898 3338 .Var.
934 3258 969 3309 Ι.
1004 3272 1117 3321 vttt,
1149 3256 1501 3338 ep._i6,.qu:e
1553 3256 1735 3338 inscri-
1766 3275 1813 3338 ρ

178 3329 289 3380 hitur
330 3328 570 3396 Opilioni
600 3328 771 3380 comiti
795 3342 1085 3389 sacrarum,
1132 3329 1207 3379 sic
1241 3329 1474 3395 loquitur
1502 3342 1515 3377 :
1548 3328 1742 3379 Secure

175 3396 241 3448 tibi
264 3402 516 3453 credimus
547 3399 681 3466 quod
710 3398 852 3452 toties
894 3410 979 3450 tuo
1008 3400 1179 3466 generi
1228 3398 1553 3450 commissum
1586 3398 1743 3465 fuisse

173 3469 436 3534 gaudemus.
477 3470 643 3524 Pater
671 3471 747 3521 his
778 3468 995 3532 fascibus
1030 3470 1253 3537 praefuit,
1287 3471 1374 3521 sed
1398 3479 1443 3519 et
1475 3470 1634 3536 frater
1658 3484 1743 3519 ea—

174 3538 260 3590 dem
298 3541 624 3606 resplenduit
654 3541 927 3593 claritate:
957 3542 1099 3606 quod
1143 3555 1247 3593 non
1279 3542 1456 3592 obstat
1482 3542 1606 3602 quin
1658 3540 1741 3591 hic

173 3610 317 3676 Opilio
347 3612 515 3675 filius,
550 3628 577 3663 a
608 3611 962 3671 Theoderico,
996 3614 1055 3661 ob
1079 3612 1372 3663 innumeras
1402 3612 1742 3676 multiplices-

170 3681 490 3800 zue'dfmudes
542 3683 609 3734 ad
656 3681 894 3735 exsilium
920 3682 1199 3735 damnatus
1248 3682 1436 3745 fuerit,
1488 3696 1588 3733 una
1621 3696 1741 3733 cum

205 3766 228 3800 α
294 3763 442 3800 enim.

205 3753 442 3805 audentia.

224 3822 240 3850 ¹
281 3822 679 3892 Gaudentium]
726 3821 1055 3876 Gaudentius
1098 3821 1258 3874 homo
1308 3826 1395 3875 vix
1428 3831 1585 3875 notus
1640 3820 1741 3875 nisi

170 3892 257 3944 suis
286 3894 608 3954 fraudibus,
644 3908 848 3959 suaque
882 3893 978 3945 hac
1027 3892 1210 3961 iniqua
1245 3893 1411 3945 Boetii
1436 3894 1735 3945 .delatiene.

224 3962 239 3991 ³
264 3964 555 4018 Sacrorum
600 3966 792 4017 aedium
846 3961 1184 4032 defensione.]
1238 3964 1302 4016 L‘t
1332 3963 1573 4030 quaedam
1602 3963 1741 4029 apud

168 4030 378 4103 ethnicos,
423 4038 507 4089 sic
540 4037 716 4088 omnia
760 4030 1256 4102 apud'Christianos
1289 4035 1481 4103 templa
1530 4048 1744 4100 semper

168 4100 347 4177 luerunt
376 4108 565 4177 asyla;
602 4106 714 4160 loca
740 4100 1113 4177 sc‘ilicctadeo
1142 4118 1317 4177 sacra,
1347 4100 1413 4157 ut
1433 4119 1613 4177 nemo,
1643 4104 1737 4171 qui

169 4172 215 4244 3d
256 4190 315 4228 ea
359 4172 734 4244 confugisset,
764 4176 886 4228 inde
907 4176 971 4227 ad
1001 4175 1319 4242 supplicium
1349 4175 1484 4227 trahi
1519 4186 1696 4243 posset
1724 4191 1738 4228 :

169 4238 348 4314 ᾎσυλον
398 4238 612 4314 quippe
666 4246 863 4299 dicitur
920 4238 1117 4311 quasi,
1166 4248 1247 4297 ubi
1302 4238 1530 4313 spoliare
1575 4246 1739 4312 nefas.

168 4310 432 4381 Nonnulla,
472 4310 697 4385 inQuam
718 4357 736 4381 ,
790 4310 987 4383 templa
1017 4316 1156 4386 apud
1200 4310 1423 4369 ethnicos
1452 4316 1599 4386 a-yla
1631 4310 1741 4370 fue-

166 4394 298 4440 runt:
331 4388 468 4441 Nam
506 4388 763 4455 Virgilius
791 4389 933 4441 cauit
960 4404 991 4440 ll
1025 4385 1176 4450 Et»,
1210 4402 1260 4439 ν.
1297 4389 1394 4439 761
1424 4404 1437 4439 :

313 4478 371 4527 Et
397 4479 500 4537 iam
526 4479 797 4537 porticibus
818 4481 998 4533 vacuis,
1023 4477 1229 4539 Iunonis
1246 4476 1398 4539 asylo,

316 4541 572 4603 Custodes
597 4539 710 4588 lecti
738 4540 944 4588 Phtenix
971 4546 1024 4588 et
1042 4541 1195 4588 durus
1220 4538 1418 4603 Ulysses

316 4601 551 4651 Praedam
573 4604 908 4651 asservahant.

212 4679 470 4739 Similiter
498 4684 761 4751 Ain.vut,
781 4701 831 4738 v.
864 4684 968 4738 542
1000 4703 1012 4737 :

254 4773 373 4841 ljinc
402 4776 581 4823 lucum
609 4779 860 4841 ingentem
886 4791 1033 4837 quem
1058 4776 1297 4841 Romulus
1330 4790 1442 4827 acer
1464 4779 1646 4841 asylum

256 4834 469 4888 Rettulit
499 4847 557 4889 et
580 4834 742 4899 gelida
768 4834 1005 4888 monstrat
1022 4842 1110 4887 sub
1129 4853 1253 4901 rupe
1282 4834 1533 4900 Lupercal:

207 4916 265 4968 At
293 4922 482 4973 omnia
538 4922 677 4989 apud
725 4920 1042 4973 Christianos
1096 4922 1287 4987 templa
1338 4923 1483 4991 asyla
1524 4938 1737 4989 semper

150 4981 341 5060 {uerunt
363 5033 377 5054 ,
409 5002 472 5044 ut
516 4981 729 5044 cdnstat
758 5006 821 5045 ex
868 4992 1053 5047 codice
1085 4981 1293 5045 Theod.
1336 4992 1372 5046 l.
1402 4981 1490 5055 'tx,
1526 4994 1605 5047 tit.
1635 4981 1730 5060 l7,

150 5053 207 5105 Ite
234 5059 306 5112 Itis
327 5053 420 5131 qui
444 5062 523 5114 ad
550 5062 786 5115 ecclesias
813 5064 1135 5127 confugiunt,
1169 5073 1222 5115 et
1253 5053 1486 5117 concilio
1513 5053 1730 5117 Toletai

149 5139 289 5199 ηονιι,
318 5149 445 5185 cun.
490 5133 579 5185 1'2.
627 5132 755 5185 llinc
786 5133 1159 5195 Cassmdorus,
1201 5133 1322 5186 Var.
1360 5135 1393 5187 Ι.
1428 5148 1485 5195 tt,
1519 5149 1606 5199 ep.
1640 5137 1726 5196 il,

146 5208 183 5245 et
200 5198 292 5275 lib.
328 5219 408 5267 ιιι,
443 5218 545 5271 ep.
575 5201 666 5263 47,
699 5219 883 5257 eorum
918 5203 1184 5275 meminit
1212 5204 1317 5275 qui
1369 5198 1563 5257 conscii
1603 5206 1731 5275 facti

146 5269 209 5345 sui
242 5272 375 5324 intra
410 5269 649 5326 ecclesia?
670 5284 812 5341 septa
842 5274 1144 5345 refugientes
1185 5269 1440 5328 declinare
1484 5291 1537 5328 se
1566 5269 1730 5329 credi-

146 5335 301 5414 tlemnt
352 5335 735 5414 praescriptam
775 5335 980 5414 legibus
1012 5346 1295 5400 ultionem:
1337 5362 1441 5400 non
1470 5362 1627 5401 secus
1667 5362 1731 5404 ac

148 5406 482 5486 Opilioiaique
512 5406 857 5486 Gaudentius,
889 5417 955 5469 dc
985 5418 1180 5483 quibus
1210 5433 1349 5472 nunc
1386 5418 1582 5486 agitur.

198 5476 215 5505 ⁸
285 5476 751 5558 Ιάξνεθῇ-[ονςιλ
826 5476 1159 5558 Theoderico
1202 5488 1310 5553 regi
1370 5476 1532 5540 Italia:
1584 5497 1727 5554 post-

143 5561 283 5627 quam;
302 5556 457 5609 enim
514 5555 603 5608 hic
649 5555 943 5612 Oditacrem
994 5556 1242 5627 Italorum
1287 5572 1465 5625 regem
1508 5560 1733 5615 vicisset.

142 5624 636 5747 liiltt.lt:5r(l)'e)cissetque,
670 5626 834 5682 Italiae
864 5641 958 5682 rex
997 5626 1168 5683 factus
1214 5638 1325 5692 est,
1352 5624 1525 5682 ianno
1562 5630 1722 5683 Chri-

182 5708 189 5741 ι
286 5735 339 5747 ..

140 5698 189 5741 sti
212 5698 339 5751 409.

193 5764 211 5793 ⁸
266 5766 535 5821 Rauenna
569 5767 727 5840 urbe.]
755 5768 1007 5823 Ravenna
1035 5769 1163 5823 urbs
1203 5778 1281 5823 est
1310 5768 1499 5825 Italiae:
1550 5769 1599 5824 in
1628 5785 1720 5827 ora

141 5832 312 5891 littoris
346 5840 653 5900 Adriatici,
686 5832 805 5909 qua:
835 5842 1138 5893 exundante
1180 5840 1310 5893 mari
1364 5858 1465 5895 non
1518 5842 1721 5894 medio-

141 5912 477 5978 trcmaccipit
504 5912 644 5963 «teni
668 5914 914 5979 palustris
939 5921 1161 5979 partem.
1193 5910 1341 5965 Unde
1367 5911 1528 5964 SillllS
1548 5912 1582 5964 ι.
1604 5928 1713 5963 vui:

1987 1761 2138 1809 Lenta
2163 1759 2407 1821 paludosa:
2433 1758 2745 1819 proscindunt
2766 1764 2936 1820 stagna
2966 1759 3219 1811 Ravennm.

1931 1846 2065 1897 llinc
2096 1846 2197 1896 orti
2234 1843 2481 1896 feruntur
2517 1844 2697 1910 plures
2728 1842 2965 1896 illustres
2996 1843 3126 1905 viri,
3161 1853 3215 1897 ut
3236 1842 3448 1900 Cassio-

1860 1916 2023 1969 dorus
2052 1924 2295 1975 senator;
2329 1913 2499 1965 sancti
2529 1914 2871 1981 Apollinaris,
2902 1913 3105 1975 Vitalis,
3156 1914 3447 1973 Gervasius

1860 1999 1915 2041 et
1940 1986 2235 2046 Protasins,
2271 1998 2366 2037 nec
2402 1999 2506 2037 non
2535 1983 2725 2037 Petrus
2769 1985 2855 2037 ille
2882 1984 3165 2038 Ravennas
3209 1988 3259 2039 in
3295 2002 3445 2041 sacra

1858 2058 2124 2123 theologia
2157 2056 2564 2108 celeberrimus.
2614 2054 2666 2107 In
2695 2054 2792 2107 hac
2822 2065 2997 2109 autem
3032 2058 3165 2109 utbe
3191 2058 3337 2125 regni
3367 2061 3446 2113 sui

1856 2129 2038 2181 sedem
2064 2126 2432 2179 Theodericus
2464 2133 2581 2188 post
2623 2126 2918 2179 Odoacrem
2962 2128 3258 2190 constituit,
3300 2144 3446 2180 eain-

1854 2198 2087 2265 demque
2113 2210 2454 2250 suceessores
2483 2211 2697 2263 quoque
2723 2210 2877 2263 reges
2900 2196 3054 2249 Gothi
3074 2198 3441 2251 incoluerunt:

1853 2271 1947 2322 St'tl
1982 2270 2032 2321 in
2059 2267 2243 2321 eadem
2270 2266 2404 2319 urbe
2444 2266 2621 2333 Opilio
2647 2276 2701 2321 et
2730 2267 3060 2321 Gaudentius
3108 2284 3326 2322 manere
3368 2272 3447 2324 sic

1851 2340 2262 2399 constituerant,
2294 2348 2351 2391 ut
2374 2336 2497 2390 hinc
2521 2344 2791 2398 notarum,
2816 2352 2945 2404 quas
2969 2338 3249 2394 Threicias
3292 2350 3453 2397 vocati

1851 2409 1991 2475 ClC.,
2018 2423 2174 2477 pinna
2204 2408 2467 2462 excedere
2492 2408 2625 2474 jussi
2659 2409 2869 2461 fuerint.

1926 2482 1947 2512 ⁸
1989 2480 2154 2534 Notas
2210 2480 2440 2547 insigniti
2493 2479 2796 2546 frontibus.|
2843 2480 3173 2546 Supplicium
3206 2480 3308 2535 hoc
3336 2484 3445 2549 pri-

1851 2566 1995 2607 mum
2052 2551 2266 2619 quidem
2344 2550 2439 2603 fuit
2480 2565 2789 2611 servorum;
2840 2550 3034 2604 deinde
3079 2554 3442 2619 quorumlibet

1850 2638 2065 2675 reorum
2102 2622 2378 2674 infantium
2409 2620 2719 2689 viliumque.
2752 2620 3080 2689 Supplicium
3128 2625 3226 2677 fuit
3253 2638 3438 2676 servo-

1849 2708 1969 2746 rum
1998 2710 2010 2745 :
2036 2708 2156 2745 curn
2185 2692 2325 2746 enim
2366 2691 2575 2745 Domini
2611 2692 2660 2745 iu
2691 2707 2877 2746 servos
2916 2694 3160 2757 tanqham
3190 2694 3242 2747 in
3272 2696 3444 2747 homi-

1849 2779 1964 2823 nes,
2000 2778 2133 2831 quos
2156 2763 2402 2816 oct-idcre
2443 2764 2772 2830 potuissent,
2825 2774 3066 2817 servatos
3091 2764 3177 2832 jus
3200 2768 3321 2817 vittc
3354 2783 3443 2817 ne-

1849 2837 2036 2902 cisque
2066 2835 2262 2887 habere
2304 2849 2361 2885 se
2397 2842 2663 2899 putarent,
2698 2844 2978 2900 pmpterea
3010 2834 3062 2887 in
3092 2834 3308 2891 eosdem
3334 2851 3444 2889 ser-

1848 2919 1944 2955 vos
1997 2904 2134 2972 quod
2190 2906 2473 2968 placui~set
2531 2905 2851 2968 supplicium
2894 2921 3147 2958 exercere
3197 2921 3256 2960 se
3286 2922 3443 2970 posse

1848 2975 2264 3029 arbitrabantur.
2303 2972 2454 3028 Unde
2484 2972 2756 3027 Iuvenalis
2781 2975 2814 3026 Ι.
2846 2990 2896 3037 ν,
2924 2984 3025 3027 sat.
3064 2978 3151 3040 14,
3182 2994 3229 3030 v.
3260 2976 3323 3030 ‘21
3354 2995 3366 3030 :

1972 3064 2096 3114 Tum
2120 3064 2256 3117 felix,
2280 3066 2477 3125 quoties
2500 3063 2692 3126 aliquis,
2711 3070 2892 3114 tortore
2920 3073 3102 3124 vocato,

1941 3176 1950 3181 _
1977 3127 2143 3176 Uritur
2161 3126 2350 3175 ardenti
2371 3126 2468 3174 duo
2495 3136 2696 3187 prOpter
2723 3127 2870 3176 lintea
2891 3127 3036 3176 ferro.

1919 3232 1985 3285 Et
2012 3232 2265 3285 Martialis
2296 3230 2338 3283 l.
2366 3245 2421 3293 tt,
2452 3230 2593 3299 epig.
2621 3230 2690 3283 29
2726 3247 2739 3282 :

1943 3340 2004 3389 Et
2018 3353 2285 3403 numerosa
2306 3339 2465 3389 linunt
2484 3340 2766 3389 stellantem
2789 3338 2979 3403 splenia
2999 3342 3210 3395 frontem
3236 3360 3246 3393 :

2014 3402 2214 3463 Ignoras
2236 3405 2347 3463 quis
2368 3403 2463 3453 sit?
2483 3403 2671 3465 splenia
2694 3403 2830 3465 tolle,
2852 3404 3010 3467 leges.

1906 3510 1993 3563 At
2014 3508 2332 3578 supplicium
2377 3508 2515 3561 idem
2569 3524 2781 3563 reorum
2828 3520 3008 3578 postea
3061 3514 3331 3566 inllllf‘llllll
3366 3516 3440 3567 vi-

1848 3581 2087 3648 liutuque
2129 3581 2254 3641 fuit;
2287 3582 2488 3633 Seneca
2520 3583 2684 3643 enim,
2719 3582 2752 3633 I.
2786 3596 2840 3633 tu
2870 3582 2937 3636 de
2967 3582 3065 3648 Ira,
3094 3599 3207 3650 cap.
3239 3586 3290 3649 5,
3340 3584 3439 3639 γα.

1846 3654 1947 3711 ria.
1980 3651 2183 3719 inquit,
2212 3650 2529 3703 vinculorum
2558 3667 2762 3720 genera,
2806 3668 2947 3704 varia
2992 3669 3273 3719 plenarum,
3303 3658 3440 3710 lace-

1846 3724 2072 3775 rationes
2097 3721 2457 3783 membrorum,
2481 3722 2839 3788 inscriptiones
2867 3724 3072 3792 frontis.
3099 3736 3143 3777 et
3168 3724 3478 3781 bestiarumv‘

1848 3793 2147 3845 immanium
2176 3805 2381 3844 cavete:
2414 3792 2554 3844 inter
2584 3792 2679 3845 hos
2710 3792 2957 3859 Cuiacius
2998 3795 3223 3848 Observ.
3277 3799 3309 3848 l.
3345 3813 3437 3861 vn,

1848 3879 1968 3931 cap.
2025 3864 2113 3924 l3,
2155 3870 2402 3915 recenset
2433 3863 2847 3916 calumniatores.
2900 3864 2962 3918 lli
3006 3880 3163 3932 porro
3191 3868 3439 3921 dicuntur

1848 3945 1996 3986 notas
2028 3933 2255 4001 insigniti
2286 3947 2304 3985 :
2331 3933 2470 3985 sicut
2515 3933 2752 3997 Horatio,
2792 3934 3061 4000 Quodlibet
3108 3936 3355 4001 indutus;
3384 3949 3438 3993 et

1854 4004 2062 4074 Virgil.,
2098 4002 2543 4077 lores_inscripti
2570 4006 2777 4057 nomina
2809 4021 2981 4077 regum
3004 4048 3019 4071 ,
3046 4021 3193 4061 more
3215 4006 3434 4062 Grteco-

1847 4072 1965 4128 rum
2000 4072 2343 4140 intelligendo
2373 4075 2521 4145 κατὰ,
2554 4076 2827 4127 secundum
2847 4072 2999 4145 (per.
3030 4087 3138 4131 etc.

1924 4147 1998 4199 Ex
2028 4145 2108 4198 his
2135 4153 2312 4198 autem
2352 4144 2599 4198 omnibus
2644 4155 2789 4213 patet
2828 4144 3090 4201 delatores
3148 4148 3311 4202 Boetii
3360 4150 3436 4203 in-

1842 4214 2016 4284 justos
2064 4214 2360 4269 audiendos
2388 4230 2491 4268 non
2536 4216 2730 4270 fuisse:
2767 4218 2905 4271 unde
2934 4218 3080 4271 addit
3114 4236 3125 4270 :
3158 4220 3294 4284 Quid
3319 4221 3436 4274 huic

1847 4288 2098 4340 severitati
2129 4302 2275 4351 posse
2303 4287 2469 4339 astrui
2513 4288 2749 4340 videtur?
2796 4290 2944 4358 quasi
3000 4289 3140 4342 dicat
3177 4310 3187 4344 :
3220 4288 3348 4343 Cum
3383 4294 3433 4344 itt

1846 4358 2108 4430 ejusmodi
2142 4358 2525 4430 hominestam
2568 4373 2756 4430 severe
2785 4367 2961 4413 actum
2988 4358 3177 4425 fuerit,
3206 4363 3434 4430 cognitis

1847 4428 2158 4481 eorumdem
2191 4428 2366 4488 vitiis,
2398 4427 2585 4480 iisdem
2613 4428 2976 4483 deferentibus
3006 4430 3135 4483 fides
3178 4427 3295 4484 non
3337 4434 3431 4486 de.

1849 4498 1963 4551 buit
1993 4497 2265 4570 adhiberi,
2288 4506 2343 4550 et
2370 4506 2547 4570 tamen
2568 4514 2669 4569 quo
2690 4501 2772 4552 die
2802 4516 2894 4553 nos
2921 4502 3229 4565 detulerunt,
3261 4504 3434 4570 inquit

1850 4570 2088 4631 Boetius,
2119 4569 2296 4620 eodem
2326 4569 2487 4640 nostri
2518 4572 2741 4623 nominis
2774 4572 2981 4631 delatio,
3015 4572 3172 4625 veluti
3196 4569 3433 4640 justissi-

1766 4658 1819 4717 Ι)
1848 4654 1963 4702 ma,
2003 4648 2238 4705 suscepta
2268 4649 2360 4717 est.
2406 4639 2675 4717 Nostrtene
2710 4651 2844 4695 artes
2870 4643 2941 4695 ita
2972 4644 3297 4717 meruerunt?
3325 4659 3429 4697 non

1846 4720 2013 4776 certe,
2042 4725 2159 4763 cum
2194 4710 2471 4764 veritatem
2497 4710 2854 4779 virtutemque
2882 4728 3092 4779 semper
3118 4716 3294 4767 colere
3322 4724 3431 4768 stu-

1844 4781 2141 4854 duerimus.
2176 4786 2252 4854 an
2277 4781 2417 4854 illos
2445 4792 2763 4854 accusatores
2800 4785 2970 4854 justas
3013 4783 3129 4851 fecit
3167 4786 3431 4849 pra’misstt

1843 4851 2145 4905 damnatio?
2190 4850 2544 4905 Nullatenus:
2580 4852 2688 4905 imo
2720 4850 2847 4906 vero
2887 4850 3153 4915 damnati,
3200 4869 3297 4907 suo
3325 4859 3429 4909 Cll-

1842 4924 1986 4974 mine
2014 4922 2061 4974 id
2093 4922 2279 4975 saltem
2311 4933 2642 4987 meruerunt,
2680 4934 2735 4976 ut
2758 4925 2907 4991 ipsis,
2937 4925 3097 4979 etiam
3132 4940 3311 4977 verum
3341 4927 3425 4978 di-

1839 4993 2108 5053 centibus,
2153 4992 2283 5063 lides
2331 4995 2474 5063 nulla
2516 4993 2860 5049 adhiheretur
2891 5012 2904 5048 :
2933 5009 3096 5063 quare
3141 5000 3182 5048 si
3215 4996 3426 5051 fortuna

1838 5078 1980 5117 caeca
2013 5078 2116 5117 non
2147 5062 2306 5124 foret,
2337 5062 2469 5115 hanc
2498 5066 2759 5127 puduisset
2789 5068 2830 5119 si
2863 5069 3027 5120 minus
3070 5079 3323 5120 accnsutte
3350 5066 3427 5119 in-

1838 5135 2103 5207 nocentiae,
2155 5144 2205 5185 at
2249 5135 2597 5187 accusantium
2642 5135 2869 5191 vilitatis.
2924 5138 3115 5207 lojusta
3148 5154 3274 5207 ergo
3314 5140 3427 5193 lurc

1835 5205 2009 5257 exsilii
2034 5220 2192 5259 causa
2211 5219 2277 5257 ex
2303 5214 2450 5270 parte
2489 5209 2877 5263 accusantium.

1906 5276 1923 5305 ⁷
1967 5278 2042 5349 Δᾼι
2063 5275 2496 5349 cujuscriminis
2514 5277 2854 5349 arguimur?J
2890 5279 3091 5332 Deinde
3114 5278 3305 5347 injusta
3335 5288 3420 5331 est

1834 5345 2075 5418 prtedieti
2095 5346 2268 5399 exsilii
2298 5362 2454 5399 causa
2484 5361 2549 5400 ex
2579 5345 2729 5416 parte
2756 5345 3022 5408 criminis;
3056 5345 3248 5416 quippe
3278 5350 3419 5418 quod

1832 5427 1921 5469 aut
1967 5416 2252 5484 allegatum
2292 5433 2396 5471 non
2427 5426 2542 5484 est,
2576 5428 2666 5475 aut
2703 5435 2806 5473 non
2843 5421 3122 5487 probatum
3154 5437 3165 5469 :
3202 5416 3420 5473 Summa

1832 5488 1975 5541 enim
2004 5489 2117 5540 sive
2142 5502 2396 5543 numerus
2417 5491 2703 5543 criminum
2736 5504 2858 5559 quae
2885 5491 3068 5543 Boetio
3093 5490 3422 5557 ohjiciehan-

1834 5566 1941 5623 tur,
1974 5558 2028 5611 in
2076 5559 2159 5629 his
2196 5569 2477 5613 versatur:
2516 5561 2564 5612 l°
2591 5560 2733 5629 quod
2758 5558 3007 5612 senatum
3054 5561 3267 5612 voluerit
3314 5575 3423 5615 esse

1832 5630 2059 5692 salvum;
2087 5628 2145 5680 2⁸
2168 5629 2307 5694 quod
2336 5630 2575 5697 ejusdem
2604 5628 2810 5683 senatus
2840 5630 3117 5681 delatorem
3146 5633 3417 5694 impedire-

1829 5700 1930 5761 rit;
1960 5700 2014 5752 5°
2034 5700 2173 5767 quod
2215 5699 2283 5752 ad
2326 5702 2682 5754 restituendam
2724 5698 3091 5768 rempublicam
3130 5699 3419 5758 Romanam

1831 5771 2026 5822 litteras
2079 5775 2451 5836 composuerit;
2478 5770 2533 5822 4⁸
2577 5770 2714 5837 quod
2764 5768 3035 5839 sacrilegio
3058 5772 3417 5826 conscientiam

1830 5841 2086 5908 polluerit.
2118 5840 2225 5893 Sed
2260 5839 2373 5893 haec
2398 5844 2578 5892 omnia
2616 5848 2703 5890 aut
2738 5839 2963 5908 crimina
3010 5857 3115 5894 non
3144 5854 3262 5895 sunt
3284 5886 3297 5905 ,
3328 5853 3415 5898 aut

1830 5925 1856 5960 a
1890 5909 2070 5962 Boetio
2105 5910 2274 5961 aliena
2310 5912 2483 5962 :sicut
2510 5910 2760 5975 deinceps
2790 5907 3265 5967 demonstrabitur.
