3984 6382
225 357 308 412 529
1098 347 1187 404 DE
1225 347 1744 409 CONSOLATIONE
1781 348 2253 408 PHILOSOPBIE
2293 351 2420 409 LIB.
2461 354 2502 410 Ι.

3335 347 3438 406 ϐω
3509 305 3512 307 ,

223 469 366 523 stione
397 462 683 526 fuscarent,
708 460 728 493 ⁸
786 459 858 515 ob
886 459 1145 516 ambitum
1174 461 1448 531 dignitatis
1477 462 1756 533 sacrilegio
1782 465 1837 529 Α
1859 479 1978 520 rum
2011 481 2097 521 me
2125 466 2406 536 spirituum
2451 466 2529 539 (5)
2562 467 2808 538 praesidia
2844 473 3083 537 captare,
3113 481 3272 538 quem
3303 475 3358 520 tu
3384 465 3441 522 in

219 575 290 615 me
307 552 662 610 conscientiam
693 551 946 621 polluisse
974 550 1179 606 mentiti
1208 562 1354 607 sunt.
1381 553 1489 624 53
1510 553 1668 621 Atqui
1698 562 1751 608 et

220 653 236 682 ³
280 657 326 702 ιιι
355 656 378 683 ι
405 647 548 699 insita
578 643 760 711 nobis,
793 658 1005 698 omnem
1054 657 1232 698 rerum
1271 643 1573 697 mortalium
1603 641 1752 712 cupi-

218 746 367 800 dinem
393 740 455 795 de
483 740 648 794 nostri
672 739 834 793 animi
863 739 992 794 sede
1019 738 1272 808 pellebas,
1294 746 1349 791 et
1373 738 1474 791 sub
1501 738 1604 792 tuis
1625 751 1754 793 ocu-

217 837 270 889 lis
308 830 571 900 sacrilegio
615 830 788 885 locum
834 845 952 885 esse
999 831 1078 885 ias
1115 845 1221 885 non
1258 839 1376 885 erat
1411 847 1423 881 :
1458 829 1752 884 instillabas

216 927 333 982 enim
361 923 563 978 auribus
590 923 1106 993 cogitationibusque
1134 923 1370 993 quotidie
1397 923 1529 977 meis
1560 923 1749 994 Pytha-

213 1020 414 1091 goricum
441 1017 566 1072 illud
586 1015 616 1056 δ
637 1019 765 1073 ἕπου
789 1026 918 1094 Θεῷ.
947 1017 1058 1074 Nec
1081 1019 1442 1074 conveniebat
1471 1017 1752 1072 vilissimo-

1863 558 2000 612 hanc
2047 559 2420 614 excellentiam
2461 562 2854 631 eomponebas,
2884 569 2943 615 ut
2965 560 3298 616 consimilem
3328 559 3443 615 Deo

1859 648 2092 706 faceres.
2146 649 2257 721 59
2283 649 2305 682 ⁸
2331 651 2596 710 Praeterea
2623 662 2644 692 ε
2677 652 2921 723 penetral
2947 652 3204 708 innocens
3225 652 3441 718 domus,

1859 741 2357 798 honestissimorum
2405 739 2435 780 ιι
2481 752 2652 800 emtas
2690 744 2984 800 amicorum
3011 785 3026 808 ,
3078 759 3235 800 socer
3277 745 3444 800 etiam

1862 834 2217 904 Symmachus
2242 845 2480 902 sanctus,
2508 843 2565 890 et
2592 850 2745 906 mque
2771 851 2836 892 ac
2863 847 2916 892 tu
2947 837 3061 906 ipsa
3088 836 3441 904 reverendus,

1861 926 1929 982 ab
1965 927 2109 981 oni
2154 940 2252 982 nos
2294 926 2450 997 hujus
2490 927 2732 983 criminis
2783 927 3092 998 suspicione
3127 925 3442 984 defendunt.

1563 1147 2143 1205 lNTEBPRETATlO.

191 1211 197 1237 l

267 1275 290 1302 ἰ
314 1263 352 1318 0
373 1261 726 1328 Philosophia.

267 1335 290 1374 δ
316 1335 527 1404 Sequere
551 1333 735 1386 Deum.

1939 1272 1960 1332 εἷ
1994 1260 2160 1316 Locus
2185 1263 2396 1316 interior
2424 1261 2786 1332 secretiorque.

1936 1330 1961 1367 ά
1991 1332 2241 1388 Societas.

1704 1444 1931 1502 ΝΟΤᾹΕ.

217 1568 404 1625 studium
436 1567 489 1618 in
519 1576 752 1636 senatum
778 1581 798 1619 ε
823 1581 927 1633 quo
957 1565 1089 1621 nihil
1114 1565 1408 1631 elegantius
1435 1580 1557 1621 esse
1585 1565 1757 1636 possit

219 1640 272 1696 ad
294 1636 695 1705 exaggerandam
726 1635 850 1719 hinc
881 1638 1367 1720 magnanimitatem
1401 1635 1601 1703 Boetii,
1633 1637 1758 1691 inde

220 1715 412 1763 omnium
435 1716 742 1760 senatorum
778 1715 1060 1774 ignaviam.

1860 1564 2001 1618 nobis
2036 1564 2208 1616 insita.
2249 1562 2445 1633 Eadem
2493 1563 2827 1633 philosophia
2872 1576 3105 1620 mentem
3153 1565 3439 1624 humanam

1866 1633 2100 1701 seiungit
2129 1650 2155 1685 a
2183 1632 2343 1686 rebus
2371 1634 2608 1696 caducis,
2644 1632 2748 1689 hoc
2775 1643 2859 1688 est
2886 1651 3081 1688 omnem
3109 1653 3280 1690 rerum
3311 1655 3448 1691 mor-

1868 1707 2046 1777 talium
2074 1705 2362 1777 cupidinem
2387 1705 2451 1756 de
2477 1706 2643 1777 nostri
2661 1707 2821 1777 animi
2846 1707 2963 1758 sede
2992 1709 3133 1775 pellit
3157 1723 3172 1760 :
3195 1710 3448 1777 quoniam

281 1781 298 1812 ¹
336 1778 398 1832 0b
423 1779 674 1830 ambitum
706 1778 971 1840 dignitatis
998 1775 1317 1850 sacrilegio.]
1347 1779 1603 1846 Quartum
1629 1778 1764 1832 Boe-
1793 1779 1842 1840 B
1870 1775 2116 1850 munibus
2153 1775 2457 1828 moderatur
2484 1775 2677 1850 montis
2707 1775 3014 1850 affectibus,
3045 1775 3295 1850 adeoque
3325 1780 3450 1833 huic

222 1852 268 1905 tii
290 1851 465 1904 crimen
509 1859 597 1902 est
631 1851 990 1918 sacrilegium;
1031 1850 1122 1904 sed
1166 1852 1216 1902 iu
1248 1865 1354 1918 quo
1390 1860 1632 1903 versetur
1663 1850 1764 1902 hoc

216 1921 533 1987 sacrilegium,
569 1934 674 1972 non
709 1920 776 1972 ita
811 1922 1145 1974 manifestum
1173 1931 1274 1974 est.
1319 1919 1550 1973 Gallicus
1597 1921 1763 1972 Boetii

215 1994 440 2060 interpres
467 1989 532 2042 de
559 1989 611 2060 la
643 1987 924 2043 Boucherie
956 1990 1004 2044 id
1036 1991 1148 2044 vitii
1178 1991 1228 2043 in
1264 1991 1361 2060 hoc
1391 1990 1594 2044 versari
1625 1991 1766 2043 arbi-

215 2059 382 2121 tratur.
409 2061 549 2129 quod
585 2059 800 2114 Boetius
829 2061 1074 2130 suffragia
1113 2062 1176 2114 ad
1221 2059 1585 2124 magistratmn
1632 2075 1764 2114 coo-

213 2131 504 2200 seqnendum
541 2131 844 2184 necessaria
885 2133 1008 2186 dolo
1050 2132 1150 2185 sibi
1196 2133 1587 2184 conciliaverit.
1623 2130 1764 2197 quod

213 2202 354 2256 Latini
394 2203 588 2254 crimen
621 2203 860 2264 ambitus,
889 2216 918 2255 a
961 2203 1341 2257 circumeundo
1388 2203 1765 2269 supplicando—

214 2289 311 2340 que,
338 2273 501 2326 ϐπερὶ
536 2271 851 2342 δημοκοπίαν
877 2285 1096 2336 vocant,
1131 2275 1379 2340 quodque
1412 2275 1529 2325 latis
1561 2273 1765 2341 legibus

214 2343 518 2412 puniebatur.
572 2345 672 2395 Alii
724 2359 865 2405 vero,
922 2356 977 2396 ttt
1021 2343 1252 2397 Thomas
1280 2355 1332 2398 et
1361 2345 1649 2397 As<~ensius
1672 2384 1686 2407 ,
1715 2348 1763 2396 it

217 2414 369 2468 vitium
394 2423 586 2481 putant
609 2413 793 2478 fuisse,
827 2415 965 2474 quod
995 2417 1150 2484 vulgo
1173 2416 1396 2468 dicimus
1422 2415 1763 2483 sortite-gium,

214 2499 294 2550 quo
321 2485 530 2538 nomine
573 2485 788 2537 videtur
821 2483 896 2538 uti
931 2485 1046 2553 ipse
1089 2483 1291 2542 Plinius
1332 2485 1368 2538 l.
1411 2500 1595 2545 xxvm.
1629 2500 1678 2539 c.
1709 2484 1762 2549 4,

219 2556 262 2606 ad
295 2554 666 2624 significandas
717 2556 970 2622 quasdam
1018 2556 1250 2625 ιητιείρειε
1293 2556 1703 2624 superstitiones
1748 2571 1762 2610 :

222 2626 322 2680 unde
362 2631 494 2679 forte
544 2641 642 2692 pro
681 2625 949 2696 sacrilegio
984 2628 1265 2696 legendum
1313 2625 1572 2696 sortilegio
1605 2641 1766 2694 :qtta!

215 2697 388 2762 quidem
431 2697 624 2762 opinio
662 2696 743 2749 Itis
783 2695 1077 2750 rationibus
1109 2695 1414 2750 confirmari
1458 2695 1631 2764 potest
1665 2715 1676 2748 :
1709 2699 1765 2750 1ο

213 2772 325 2821 enim
364 2767 491 2836 ipsis
547 2767 716 2830 Boetii
765 2768 1128 2835 temporibus,
1161 2767 1250 2835 qui
1273 2777 1389 2821 arte
1421 2767 1669 2835 quadam,
1711 2777 1768 2820 ut

210 2840 462 2904 prrrstabat
501 2837 757 2899 Boetius,
796 2840 1006 2892 caeteris
1045 2849 1299 2903 praestare
1343 2838 1681 2900 videbantur,
1714 2837 1765 2890 hi

207 2922 288 2960 non
312 2911 588 2978 raroﬁartis
625 2909 837 2978 magica:
863 2912 1268 2970 accusabantur.
1303 2910 1454 2962 testis
1480 2907 1766 2978 tjassiodog

205 2992 278 3047 rus
303 2980 333 3032 l.
360 2993 405 3031 tv
431 2977 594 3042 Van,
628 2977 720 3046 cp.’
743 2977 813 3031 ‘22
843 2989 895 3032 et
924 2980 1012 3042 23,
1046 2981 1131 3031 ubi
1169 2979 1346 3033 Basilii
1381 2990 1435 3032 et
1461 2977 1767 3032 Praetextati

205 3046 336 3112 hujus
357 3050 605 3103 criminis
628 3060 995 3103 accusatorum
1020 3064 1175 3103 causa
1199 3052 1432 3118 quinque
1457 3058 1763 3102 senatorum

203 3118 368 3185 judicio
395 3120 778 3182 eontmittitur,
808 3128 862 3171 ut
909 3136 998 3172 nec
1028 3121 1387 3189 apprimautur
1428 3120 1647 3186 innoxii,
1673 3136 1762 3172 nec

205 3189 312 3256 leges
336 3193 553 3243 evadant
578 3191 839 3243 criminosi
858 3208 876 3254 ;
893 3191 948 3241 '2"
975 3192 1164 3258 quibus
1187 3191 1517 3258 argumentis
1541 3205 1598 3243 se
1623 3192 1759 3243 Boe-

203 3261 284 3330 tius
322 3261 385 3315 de
428 3261 702 3328 ejusmodi
752 3262 979 3315 crimine
1021 3270 1240 3330 purgat,
1272 3263 1386 3314 haec
1426 3271 1622 3314 tantam
1655 3275 1760 3314 non

203 3328 370 3384 habent
400 3347 497 3400 pro
520 3333 844 3400 democopia,
877 3328 1143 3384 uuautanr
1157 3347 1252 3399 pro
1293 3330 1552 3400 sortilegio
1591 3333 1756 3385 virtu-

201 3409 286 3453 tem
303 3443 323 3472 ,ν
352 3411 405 3454 ut
447 3404 635 3456 statim
669 3401 964 3466 videbitur;
997 3405 1056 3456 5ο
1088 3417 1193 3455 non
1224 3412 1328 3455 tam
1361 3403 1580 3456 ambitus
1600 3417 1759 3472 quam

200 3471 421 3542 sortilegii
467 3477 679 3526 crimen
715 3473 774 3524 ‘iu
821 3474 1207 3541 philosophiam
1256 3472 1465 3526 refundi
1523 3471 1697 3540 potest
1745 3490 1760 3526 :

199 3543 612 3610 quandoquidem
641 3545 788 3610 prius
814 3545 974 3597 etiam
1007 3546 1334 3612 ignarorum,
1363 3546 1626 3609 posterius
1656 3560 1759 3596 non

198 3615 278 3682 nisi
307 3613 591 3667 dat-torum
622 3614 898 3668 dicebatur
928 3629 1068 3668 esse.
1100 3617 1256 3682 Atqui
1288 3619 1383 3668 hoc
1409 3616 1550 3682 ipso,
1593 3616 1762 3680 inquit

197 3681 400 3756 Boetius
412 3695 627 3751 postea,
652 3684 932 3756 videbimur
953 3685 1135 3756 afﬁnes
1159 3681 1314 3754 fuisse
1336 3681 1608 3754 maleﬁcio,
1629 3685 1762 3752 quod

199 3756 277 3805 tuis
297 3753 470 3808 imb’uti
502 3753 820 3820 disciplinis,
848 3760 950 3808 tuis
984 3753 1201 3809 instituti
1240 3753 1685 3809 moribus'sumus.

258 3823 466 3890 Verum,
493 3827 698 3894 inquis,
730 3829 930 3880 crimen
963 3828 1183 3880 ambitus
1212 3837 1357 3881 recte
1383 3828 1576 3880 dicitur
1603 3826 1762 3878 sacri-

197 3893 360 3964 legium
391 3913 411 3951 :
441 3893 592 3966 quod
624 3900 722 3951 hoc
750 3898 1018 3951 violentur
1045 3897 1218 3966 leges,
1250 3905 1304 3951 et
1329 3906 1723 3951 sacramentum
1743 3938 1758 3962 ,

198 3967 414 4038 sinequo
443 3968 515 4022 ad
547 3969 889 4038 magistratus
917 3968 1118 4037 antiqui
1152 3983 1258 4022 non
1295 3969 1577 4038 pervenire
1615 3968 1760 4022 snle-

196 4031 338 4089 bant.'
353 4039 582 4093 Crimen
613 4031 743 4092 v'ero
769 4039 950 4108 magia:
978 4031 1080 4092 non
1115 4040 1182 4093 ita
1215 4031 1350 4092 bene
1381 4040 1577 4093 dicitur
1602 4040 1762 4092 sacri-

196 4109 379 4172 legium.
412 4113 507 4173 At,
536 4110 775 4175 inquam,
811 4113 1036 4177 primum
1067 4110 1112 4162 si
1154 4109 1432 4178 legendum
1463 4110 1620 4163 fuerit
1665 4124 1762 4174 pro

197 4181 444 4248 sacrilegio
483 4180 826 4248 sortilegium,
857 4189 915 4232 ut
956 4179 1094 4233 forte
1118 4181 1398 4245 legendum
1419 4223 1435 4244 ,
1480 4181 1592 4234 haec
1623 4179 1763 4233 diftl-

193 4248 341 4303 cultas
381 4251 531 4304 nulla
564 4260 667 4303 est.
711 4249 911 4305 Deinde
956 4249 1205 4319 sortilegii
1243 4267 1347 4304 non
1397 4251 1570 4304 mintts
1600 4265 1758 4318 quam

195 4319 387 4390 ambitus
416 4321 654 4375 crimine
675 4320 942 4374 violautur
963 4321 1107 4390 leges
1135 4330 1190 4373 et
1211 4332 1623 4386 sacramentum,
1656 4336 1762 4390 quo

195 4387 423 4444 nimirum
468 4393 628 4461 aquis
667 4392 972 4444 lustralibus
1008 4387 1197 4445 initiati
1231 4393 1399 4446 malos
1428 4407 1612 4461 genios
1641 4387 1760 4457 eju-

193 4465 410 4516 ravimus
437 4480 452 4516 :
482 4462 614 4515 hinc
640 4461 1018 4527 Cassiodorus,
1047 4463 1297 4530 praedicta
1327 4466 1488 4531 epist.
1511 4463 1599 4527 22,
1633 4461 1761 4516 Ver-

195 4533 300 4604 tﬂaﬂ,
331 4534 543 4600 inquit,
570 4549 670 4585 non
699 4533 811 4584 licet
857 4534 910 4586 in
943 4535 1152 4604 magicis
1191 4535 1382 4585 artibus
1406 4574 1421 4595 ,
1454 4536 1762 4604 temporibus

193 4595 510 4674 Caristiauis.
533 4595 829 4674 Postremo
865 4595 1185 4674 sacrilZ-gus,
1230 4609 1370 4656 unde
1405 4595 1764 4674 sacrilegium,

194 4669 368 4726 dicitur
391 4673 561 4743 quasi
593 4688 743 4728 sacra
786 4676 966 4743 legens
1007 4669 1122 4728 sive
1168 4673 1349 4727 iurans
1377 4692 1391 4728 :
1419 4669 1768 4744 legerevenim

194 4744 331 4796 etiam
360 4745 536 4798 furari
565 4752 649 4798 est
681 4762 695 4800 :
723 4745 862 4798 unde
895 4745 1040 4814 Virg.
1067 4747 1169 4799 ecl.
1199 4745 1253 4808 9,
1282 4761 1332 4800 v.
1356 4745 1420 4800 21
1461 4763 1475 4800 :

295 4834 390 4884 Vel
416 4849 538 4898 qua:
561 4834 757 4897 sublegi
778 4838 954 4884 tacitus
980 4837 1066 4884 tibi
1089 4837 1298 4886 carmina
1318 4849 1492 4898 nuper.

193 4900 282 4976 Sed
311 4909 406 4976 qui
445 4908 720 4975 prandicta:
751 4908 1118 4975 superstitioni
1146 4916 1323 4972 vacat,
1358 4911 1402 4962 is
1430 4912 1630 4966 cultum
1660 4912 1774 4969 Deo

190 4973 415 5052 debitum
447 4973 902 5052 ‘furatur._Nune
949 4977 1174 5032 videnda
1217 4993 1527 5048 argumenta
1581 4985 1774 5052 quibus

191 5044 306 5098 illud
334 5050 554 5101 crimen
589 5049 802 5102 Boetius
835 5059 1046 5117 purgat.

209 5186 218 5195 .
248 5117 268 5148 ³
303 5117 379 5170 Tu
405 5119 572 5172 insita
591 5117 782 5195 notrix]
835 5119 1068 5172 Primum
1093 5131 1464 5195 argumentum
1493 5138 1600 5191 quo
1631 5124 1767 5179 Boe-

190 5188 279 5239 tius
313 5205 374 5243 se
422 5207 453 5241 a
516 5188 776 5256 praedicto
819 5200 1008 5259 purgat
1048 5188 1308 5252 crimine,
1359 5188 1658 5248 desumitur
1703 5212 1770 5251 ex

191 5268 326 5334 parte
357 5259 927 5334 ipsiusphilosophia
971 5276 1090 5334 quae
1114 5265 1275 5334 menti
1318 5263 1564 5318 humana:
1588 5267 1770 5334 insita,

193 5326 315 5399 hanc
356 5326 433 5383 ita
480 5331 714 5399 sejungit
747 5347 774 5382 a
813 5326 1248 5392 rebus—Caducis.
1279 5345 1336 5388 ut
1363 5337 1604 5389 eamdem
1645 5326 1775 5391 con;

190 5397 359 5474 jungat
381 5417 512 5454 cum
547 5397 702 5474 rebus
730 5404 1019 5468 perpetuis,
1045 5418 1148 5456 non
1171 5404 1233 5456 iis
1251 5404 1466 5471 quidem
1491 5406 1770 5474 vilissimis,

191 5471 498 5544 sedearum
534 5472 618 5544 uni
651 5482 702 5525 et
731 5478 915 5540 prima!
937 5513 950 5535 ,
973 5475 1222 5526 nimirum
1251 5474 1380 5537 Deo,
1411 5477 1564 5544 cujus
1585 5471 1771 5532 simili;

192 5540 422 5594 tudinem
472 5542 655 5596 habet.
706 5544 798 5596 Est
843 5544 1055 5612 quidem
1107 5545 1434 5613 philosophia
1475 5540 1643 5602 ineuti
1673 5549 1773 5602 hu-

191 5625 386 5683 manae,
419 5613 475 5664 id
512 5621 596 5664 est
623 5613 764 5665 nobis
792 5617 974 5678 insita,
1025 5617 1146 5683 quia
1186 5626 1292 5668 tota
1329 5629 1570 5671 versatur
1602 5621 1653 5674 in
1679 5635 1772 5674 co-

191 5681 469 5756 gitatione,
506 5685 808 5756 cognitimie
855 5681 1058 5739 Scilicet
1095 5686 1236 5738 clara
1290 5697 1344 5740 et
1389 5689 1664 5756 distincta,
1715 5703 1765 5748 et

189 5749 382 5816 iudicio
414 5754 569 5824 quod
600 5754 695 5824 hac
725 5757 1027 5823 cognitione
1069 5757 1316 5808 fundatur
1347 5773 1358 5807 :
1397 5749 1771 5824 cogitatio'au-

194 5831 292 5876 tem
337 5823 557 5893 optime
593 5823 785 5878 dicitur
824 5827 1054 5895 qualitas
1095 5827 1286 5883 mentis
1327 5823 1571 5884 humanis
1595 5871 1610 5897 ,
1651 5831 1768 5888 sive

1788 3150 1836 3215 C

1874 1846 2167 1911 prmsertim
2210 1861 2388 1897 rerum
2421 1845 2739 1899 caducarum
2781 1847 3090 1912 cupiditati,
3126 1864 3244 1911 qua:
3275 1859 3329 1901 et
3360 1851 3449 1902 Ito-

1867 1916 2028 1969 mines
2060 1916 2221 1968 reddit
2245 1932 2404 1968 crecss
2429 1919 2564 1982 apud
2599 1918 2940 1979 Ciceronem,
2973 1929 3024 1969 et
3053 1920 3201 1971 radis:
3223 1921 3448 1972 omnium

1868 1990 2121 2058 malorum
2150 1995 2221 2038 est
2246 1990 2382 2058 apud
2414 1987 2760 2053 Apostolutn,
2789 1987 2812 2040 il
2846 1987 2986 2042 Tim.
3019 2003 3088 2042 Vl.
3127 1990 3238 2054 Ipsa
3280 1991 3450 2058 phlo-

1870 2057 2057 2125 sonhia
2092 2066 2323 2110 mentem
2358 2056 2643 2110 humanam
2671 2058 2941 2125 ronjungit
2975 2072 3095 2112 cum
3129 2056 3290 2112 rebus
3331 2062 3450 2126 per:

1873 2128 2044 2192 petuis
2071 2145 2082 2178 :
2109 2127 2426 2180 utvidelicel.
2454 2144 2484 2183 υ
2505 2138 2601 2182 ιτιθ
2623 2128 2712 2180 illa
2735 2145 2854 2181 cum
2881 2143 2985 2194 qua
3016 2145 3165 2182 mens
3193 2131 3450 2196 humana,

1869 2200 2127 2252 instinctu
2162 2199 2529 2265 philosophiae,
2560 2200 2869 2252 societatem
2894 2200 3011 2262 init,
3033 2210 3293 2254 aeternum
3327 2216 3451 2266 per-

1867 2280 2169 2334 severante,
2201 2280 2434 2322 aeternus
2472 2284 2590 2323 esse
2623 2271 2789 2337 possit
2828 2284 2999 2332 amor,
3033 2281 3339 2339 aeternaque
3370 2272 3451 2324 id-

1868 2341 2014 2393 circti
2048 2341 2156 2408 illa,
2179 2356 2297 2408 qua:
2327 2340 2470 2393 illius
2496 2355 2696 2394 amoris
2716 2354 2899 2393 eomes
2921 2352 3002 2393 est
3027 2340 3316 2403 individua,
3353 2357 3452 2391 vo-

1871 2411 2064 2475 luptas.
2087 2407 2169 2462 'At
2201 2407 2534 2477 philosophia
2569 2427 2672 2463 non
2716 2410 2845 2464 sinit
2892 2422 3126 2465 mentem
3165 2415 3450 2466 humanam

1870 2496 1948 2534 sic
1997 2481 2272 2535 adhaerere
2313 2481 2471 2535 rebus
2516 2484 2788 2550 perpetu‘s
2829 2483 3061 2544 creatis,
3111 2497 3242 2542 quas
3281 2483 3452 2536 malos

1869 2552 2054 2624 genios
2085 2567 2352 2624 vocamus,
2407 2561 2458 2604 ut
2508 2552 2601 2624 sub
2649 2553 2763 2617 ejus
2800 2551 3270 2624 oculissacrilegio
3311 2554 3452 2605 locus

1870 2624 1938 2674 sit
1973 2640 1983 2675 :
2025 2622 2238 2674 instillat
2280 2623 2414 2673 enim
2457 2621 2666 2674 auribus
2696 2621 3204 2692 cogitationibusque
3229 2626 3452 2690 quotidie

1870 2692 2058 2764 nostris
2098 2693 2498 2764 Pythagoricum
2521 2691 2648 2744 illud
2677 2691 2805 2748 ἕπόυ
2835 2700 2944 2764 Θεῷ
2963 2708 3226 2764 ,_sequere
3252 2695 3413 2764 [leum
3433 2734 3448 2758 ,

1869 2763 2009 2828 quod
2039 2763 2199 2815 etiam
2233 2761 2455 2815 habetur
2484 2763 2772 2816 Deuteron.
2808 2777 2897 2816 xm
2918 2761 2940 2815 'z
2977 2761 3253 2815 Dominum
3287 2763 3452 2816 Deum

1867 2846 2092 2886 uestrum
2121 2831 2412 2902 sequimini,
2446 2841 2492 2885 et
2534 2833 2701 2898 ipsum
2741 2833 2928 2894 timete,
2961 2841 3008 2886 et
3037 2835 3278 2886 mandata
3310 2835 3452 2888 illius

1869 2904 2138 2976 custodite,
2166 2912 2214 2956 et
2238 2903 2409 2976 audite
2435 2918 2603 2956 uocem
2637 2906 2751 2972 ejus
2777 2919 2818 2976 ﬂ:
2870 2905 2964 2976 ipsi
2990 2906 3253 2976 servietis.
3281 2916 3326 2956 et
3358 2906 3453 2971 ipsi

1869 2975 2216 3029 adhwrebitis.
2250 2973 2487 3040 Denique
2532 2989 2652 3026 cum
2701 2973 3033 3042 philosophia
3065 2974 3332 3027 hommem
3372 2979 3454 3042 {a-

1869 3045 1971 3096 ciat
2003 3045 2112 3098 Deo
2140 3044 2473 3100 consimilem.
2505 3059 2610 3096 non
2645 3043 2858 3112 quidem
2899 3057 3154 3112 corpore,
3197 3048 3454 3112 quemad-

1871 3117 2084 3168 modum
2133 3117 2400 3182 expressit
2435 3114 2682 3183 Virgilius
2725 3133 2737 3168 :
2787 3115 2856 3167 0s
2896 3116 3228 3182 numerosque
3256 3118 3348 3168 deo
3381 3117 3452 3168 si-

1869 3186 2025 3249 milis,
2081 3185 2220 3239 Deus
2253 3184 2448 3253 quippe
2479 3195 2561 3239 est
2590 3186 2832 3253 corporis
2861 3200 3052 3254 expers
3077 3226 3089 3244 .
3123 3190 3215 3239 sed
3241 3199 3446 3249 mente,

1868 3255 2106 3310 efﬁciens
2138 3257 2342 3310 scilicet
2381 3267 2436 3309 ut
2463 3271 2613 3310 mens
2652 3266 2830 3309 nostra
2860 3257 3027 3310 instar
3074 3256 3163 3308 Dt‘i
3191 3259 3452 3322 cogitans,

1868 3342 1966 3380 nec
1993 3327 2272 3382 erroribus
2305 3340 2401 3380 uec
2433 3327 2578 3380 vitiis
2616 3326 2917 3395 indulgeat,
2952 3341 3234 3395 propterea
3265 3327 3470 3381 eadem'

1873 3397 2214 3466 philos0phia
2245 3409 2477 3451 mentem
2511 3405 2750 3450 nostram
2787 3402 2855 3449 ita
2892 3398 3165 3466 conjungit
3190 3414 3308 3451 cum
3344 3398 3454 3451 Deo

1869 3480 2118 3537 tanquam
2151 3484 2270 3520 cum
2313 3470 2484 3531 primo
2515 3470 2753 3522 veritatis
2796 3468 3111 3534 virtutisque
3161 3469 3448 3534 magistro,

1869 3551 1924 3592 ιιι
1947 3556 2046 3590 non
2077 3539 2340 3590 conveniat
2387 3539 2748 3592 vilis—imorum
2791 3556 2881 3592 nos
2908 3540 3180 3606 spirituum
3211 3540 3456 3608 praesidia

1869 3621 2094 3673 captare.
2122 3608 2386 3662 Vilissimi
2415 3622 2603 3678 autem_
2635 3610 2708 3662 illi
2748 3610 2972 3677 spiritus
3015 3621 3136 3662 sunt
3183 3610 3310 3664 mali
3357 3625 3452 3678 ge-

1868 3681 1942 3734 nii
1964 3721 1978 3741 ,
2003 3695 2227 3747 quorum
2265 3695 2364 3746 ope
2396 3673 2639 3734 homines
2679 3673 2894 3748 quidam
2927 3679 3120 3748 perditi
3152 3681 3287 3734 mira
3320 3673 3456 3747 prtu-

1868 3764 2012 3804 stare
2054 3751 2368 3814 creduntur,
2423 3765 2525 3803 non
2564 3753 2733 3804 solum
2776 3765 2804 3801 a
2850 3750 3196 3814 Cbri~tianis,
3227 3752 3456 3805 docente

1868 3821 2064 3888 sznpius
2095 3836 2247 3873 sacro
2281 3830 2458 3883 testu;
2487 3821 2578 3874 sed
2606 3821 2771 3873 etiam
2795 3819 2861 3874 ab
2882 3821 3015 3889 ipsis
3039 3821 3276 3890 paganis.
3303 3821 3454 3876 Unde

1870 3891 2016 3958 Virg.
2046 3891 2144 3944 ecl.
2177 3895 2230 3952 κ,
2261 3906 2312 3943 v.
2347 3890 2415 3944 69
2450 3909 2461 3941 :

1992 3981 2208 4031 Carmina
2234 3981 2312 4031 vel
2336 3981 2459 4028 cmlo
2480 3987 2679 4042 possunt
2693 3981 2940 4030 deducere
2968 3981 3125 4030 lunam
3153 3998 3162 4031 :

1991 4043 2294 4092 Carminibus
2319 4044 2457 4092 Circe
2475 4048 2630 4092 socios
2647 4047 2850 4094 mutavit
2878 4043 3062 4094 L‘lvssei
3090 4060 3100 4092 :

1989 4105 2212 4167 Frigidus
2239 4107 2285 4153 in
2305 4107 2454 4166 pratis
2477 4107 2712 4155 cantando
2735 4107 2972 4166 rumpitur
2991 4107 3180 4168 anguis.

1871 4168 2057 4224 Horat.
2092 4168 2262 4234 Epod.
2291 4172 2378 4221 od.
2407 4168 2473 4220 t7
2509 4185 2520 4218 :

2113 4238 2187 4301 an
2209 4252 2319 4299 quae
2339 4250 2541 4286 movere
2565 4251 2738 4287 cereas
2761 4238 3020 4301 imagines,

2112 4298 2178 4348 Ut
2205 4298 2306 4361 ipse
2332 4302 2456 4348 nosti
2481 4302 2713 4356 curiosus,
2741 4309 2792 4348 et
2813 4299 2929 4348 l'olo

2117 4361 2362 4421 Deripere
2388 4362 2546 4410 lunam
2573 4364 2769 4411 vocibus
2794 4365 2970 4423 possim
2993 4363 3134 4411 meis.

2113 4423 2295 4472 Possim
2319 4431 2558 4472 crematos
2578 4426 2798 4473 excitare
2831 4433 3044 4472 mortuos

2113 4485 2440 4548 Desiderique
2461 4491 2742 4547 temperare
2760 4485 3003 4547 poculum.

1791 4562 1847 4623 Β
1870 4566 2024 4623 Ovid.
2055 4576 2111 4620 et
2135 4566 2251 4620 alii.

1942 4637 1965 4671 ³
2011 4636 2272 4710 Praeterea
2321 4635 2594 4708 penetrat]
2649 4639 2889 4710 Alterum
2945 4645 3317 4710 argumentum
3347 4655 3454 4710 quo

1875 4707 2090 4763 Boetius
2127 4724 2185 4763 se
2217 4717 2409 4776 purgat
2449 4723 2479 4762 a
2517 4707 2772 4776 praedicto
2813 4707 3074 4772 crimine,
3100 4707 3454 4779 accipitur’ex

1874 4782 2070 4835 virtute
2101 4779 2378 4848 praestanti
2417 4779 2832 4834 domesticorum
2856 4819 2872 4844 ,
2921 4781 3213 4834 amicorum
3247 4791 3303 4836 et
3339 4782 3457 4835 affi-

1879 4851 2045 4914 nium,
2070 4866 2190 4904 eum
2224 4851 2419 4916 quibus
2447 4849 2587 4904 idem
2616 4850 2831 4904 Boetius
2860 4848 3131 4918 antiquam
3157 4852 3340 4906 habuit
3367 4867 3456 4906 ne-

1876 4921 2288 4975 Cessitudinem.
2327 4920 2458 4974 Cum
2505 4921 2646 4974 enirn
2676 4924 2844 4974 virtus
2885 4931 2939 4974 et
2987 4921 3172 4975 vilium
3223 4923 3297 4976 ita
3345 4924 3456 4977 sint

1877 4993 2164 5055 contraria,
2186 5003 2241 5044 ut
2281 4991 2421 5044 nulla
2448 5005 2568 5046 esse
2601 4991 2769 5059 possit
2798 4991 3011 5046 virtutis
3033 4993 3253 5061 vitiique
3280 4993 3458 5048 socie-

1875 5071 1990 5126 tas,
2021 5061 2067 5115 si
2091 5073 2233 5115 arcta
2266 5061 2425 5116 fuerit
2455 5061 2603 5132 inter,
2627 5064 2907 5132 quemdam
2940 5064 3142 5127 virum,
3171 5072 3224 5116 et
3262 5065 3456 5130 probos

1876 5132 2230 5197 domesticos,
2271 5133 2502 5196 amicos,
2550 5131 2841 5199 affinesque
2892 5134 3140 5196 societas,
3186 5145 3330 5187 certe
3376 5133 3457 5187 vir

1876 5202 1968 5273 ille
1991 5218 2095 5256 non
2123 5202 2278 5257 debet
2312 5217 2432 5256 esse
2463 5213 2740 5268 suspectus
2764 5204 2907 5256 illius
2939 5205 3234 5273 praesertim
3267 5204 3448 5256 crimi-

1878 5272 1962 5326 nis
1987 5273 2126 5340 quod
2172 5274 2276 5324 illis
2320 5273 2666 5328 familiaribus
2708 5289 2806 5328 nec
2851 5272 3089 5343 ignotum
3131 5290 3250 5326 esse
3282 5273 3456 5341 potuit

1879 5358 1976 5396 nec
2018 5343 2466 5410 irreprehensum.
2509 5345 2639 5398 Cum
2675 5359 2804 5412 ergo
2845 5345 3046 5399 crimen
3094 5346 3368 5410 sortileqii,
3399 5353 3458 5398 ut

1877 5423 2005 5484 pote
2034 5417 2172 5483 quod
2199 5423 2255 5466 ut
2278 5414 2524 5479 gravius,
2553 5416 2633 5471 sic
2679 5425 2734 5470 et
2777 5414 3106 5484 frequentius
3138 5422 3191 5466 et
3232 5414 3459 5468 manife-

1880 5483 2013 5538 stius
2042 5494 2125 5539 est
2145 5485 2367 5539 crimine
2393 5486 2632 5550 ambitus,
2661 5502 2764 5538 non
2795 5483 2960 5552 poSsit
2992 5499 3095 5536 non
3130 5487 3381 5552 cognosci
3403 5493 3459 5539 et

1881 5571 1984 5608 non
2026 5556 2343 5622 reprehendi
2379 5572 2409 5609 a
2436 5555 2785 5609 SBDCIiSSimiS
2829 5555 3200 5618 familiaribus,
3242 5554 3288 5606 si
3327 5556 3461 5607 Boe-

1881 5624 1987 5680 tius
2015 5626 2370 5680 armissimam
2406 5627 2646 5680 habuerit
2676 5626 3086 5680 familiaritatem
3119 5640 3239 5678 cum
3278 5626 3458 5692 probis

1878 5697 2205 5758 domesticis,
2251 5697 2436 5750 amicis
2479 5707 2530 5750 et
2572 5695 2848 5761 affinibus,
2905 5697 2952 5750 is
2994 5707 3139 5750 certe
3172 5711 3301 5749 rcus
3339 5712 3460 5751 esse

1880 5769 2064 5833 nequit
2090 5767 2331 5819 criminis
2361 5767 2602 5834 sortilegii
2628 5781 2645 5817 :
2671 5767 2853 5819 habuit
2872 5777 3048 5819 autem
3076 5768 3291 5822 Boetius
3322 5771 3459 5822 hanc

1881 5836 2291 5894 familiaritatem
2321 5852 2332 5889 :
2370 5837 2423 5892 l"
2449 5837 2665 5905 quidem
2706 5850 2828 5890 cum
2871 5837 3054 5905 probis
3092 5837 3401 5897 domesticis
3439 5856 3455 5894 :
