3984 6382
525 317 623 371 651

1756 334 1863 389 AN.
1908 334 2113 390 MANL.

2225 333 2310 391 ιν.
2352 334 2572 389 nomn
3616 347 3689 404 εἶθ

525 449 636 518 60
678 444 784 501 Sed
817 461 849 501 ο
878 446 1051 503 nefas!
1086 448 1161 502 illi
1189 449 1358 503 vero‘
1419 449 1487 502 de
1531 458 1580 502 te
1620 458 1643 485 ⁸
1687 451 1818 503 tanti
1864 452 2103 506 criminis
2130 456 2179 514 Α
2210 452 2376 520 prima
2419 451 2657 505 omnium
2704 449 2919 506 deserat
2963 450 3222 506 infelices.
3252 452 3348 524 61
3385 453 3470 521 Qui
3496 471 3693 531 nuncpo.

527 541 687 595 ﬁdem
735 540 989 609 capiunt,
1038 549 1197 611 alque
1254 542 1355 596 hoc
1404 543 1520 611 ipso
1569 542 1867 596 videbimur
1916 544 2103 599 affines

527 632 695 687 fuisse
720 633 1003 701 maleﬁcio,
1036 636 1055 664 ²
1108 636 1247 703 quod
1279 635 1385 689 tuis
1418 634 1604 690 imbuti
1631 636 1960 706 disciplinis,
1997 636 2103 692 tuis

529 722 753 778 instituti
788 725 1022 780 moribus
1050 742 1254 781 sumus.
1288 726 1362 781 ita
1396 742 1501 781 non
1540 738 1621 783 est
1656 728 1785 782 satis
1812 728 1943 782 nihil
1972 728 2101 783 mihi

527 815 789 882 profuisse
829 826 971 871 tuam
1012 820 1368 874 reverentiam
1395 863 1409 882 .
1463 820 1562 875 nisi
1608 820 1746 875 ultro
1786 830 1840 873 tu
1868 835 1983 875 mea
2010 836 2102 891 po-

527 908 630 962 tius
677 908 972 965 offensione
1022 909 1290 966 lacereris.
1324 911 1405 981 (ὅ)
1436 911 1505 965 At
1544 926 1669 969 vero
1701 911 1787 966 hic
1813 912 1971 966 etiam
2003 927 2101 967 no-

526 999 653 1053 stris
699 1002 850 1055 malis
896 1004 1138 1059 cumulus
1186 1004 1427 1069 accedit,
1459 1004 1477 1033 ³
1531 1004 1671 1073 quod
1717 1003 1744 1042 δ
1781 1004 2101 1059 existimatio

526 1092 873 1160 plurimorum
906 1111 1010 1149 non
1045 1111 1223 1149 rerum
1263 1094 1449 1149 merita
1470 1136 1484 1156 .
1516 1095 1608 1150 sed
1641 1095 1868 1150 fortuna:
1899 1105 2102 1163 spectat

527 1197 799 1253 eventum,
830 1204 997 1259 eaque
1027 1200 1228 1245 tantum
1255 1191 1456 1261 judicat
1485 1190 1505 1221 δ
1554 1206 1677 1245 esse
1707 1192 1950 1260 provisa,
1984 1204 2101 1259 qua:

527 1274 754 1334 felicitas
779 1282 1251 1337 commendaverit.
1274 1283 1388 1349 Quo
1417 1282 1501 1350 ﬁt,
1535 1290 1592 1337 ut
1614 1282 1944 1336 existimatio
1960 1281 2099 1335 bona

2209 545 2314 613 puli
2345 558 2607 607 rumores,
2630 554 2651 581 ο
2682 556 2837 613 quam
2868 542 3097 598 dissonae
3150 540 3175 580 ἀ
3209 544 3586 619 multiplicesque
3609 568 3696 609 sen~

2207 640 2410 706 tentize,
2461 639 2603 708 piget
2647 637 2939 693 reminisci.
2985 637 3098 691 Hoc
3142 647 3339 692 tantum
3369 638 3701 708 dixerim,ulti.

2209 748 2347 787 mam
2392 748 2511 786 esse
2554 731 2793 786 adversa:
2824 729 3052 787 fortuna
3094 741 3116 769 ε
3148 732 3403 786 sarcinam
3423 776 3436 797 ,
3464 738 3584 803 quod
3611 737 3705 794 dum

2209 823 2416 878 miseris
2451 823 2667 892 aliquod
2706 823 2907 878 crimen
2944 822 3232 887 affingitur,
3263 838 3374 891 qua:
3400 824 3419 854 ⁸
3470 826 3707 895 perierunt,

2209 914 2470 969 meruisse
2501 912 2791 968 creduntur
2823 931 2837 967 :
2882 924 2933 969 et
2962 930 3061 983 ego
3089 913 3133 968 si
3176 913 3381 983 quidem
3418 915 3553 970 bonis
3578 920 3710 972 omni-

2207 1008 2305 1061 bus
2354 1005 2431 1077 (5)
2484 1007 2702 1075 pulsus,
2751 1006 3096 1075 dignitatibus
3140 1016 3357 1075 exutus,
3389 1007 3713 1067 existimationi

2209 1097 2457 1161 foedatus,
2487 1098 2557 1151 ob
2584 1097 2904 1153 beneficium
2924 1140 2937 1163 ,
2971 1098 3286 1166 supplicium
3321 1098 3429 1153 tuli.
3453 1098 3623 1155 Videre
3645 1116 3713 1155 au-

2210 1198 2315 1244 tem
2344 1190 2526 1244 videor
2554 1189 2786 1244 nefarias
2814 1190 2834 1220 ⁸
2874 1191 3254 1244 sceleratorum
3278 1188 3296 1227 ί
3318 1189 3539 1244 officinas
3562 1194 3579 1222 τ
3618 1209 3717 1261 gau-

2211 1280 2299 1334 dio
2328 1280 2615 1350 laetitiaque
2640 1279 2931 1336 fluitanteis
2962 1299 2972 1332 :
3000 1282 3020 1313 ⁸
3076 1280 3481 1350 perditissimum
3510 1298 3718 1355 quemun

1866 1391 2441 1448 INTERPRETATIO.

601 1496 632 1570 ﬁ
658 1488 767 1557 Tu,
812 1505 845 1545 0
871 1490 1247 1560 Philosophia,
1295 1499 1480 1545 nostra:
1517 1506 1569 1544 es
1612 1489 1983 1543 criminationis
2022 1504 2108 1543 oc-

529 1574 683 1613 casto.

600 1628 625 1667 ί)
657 1629 840 1686 Plures
873 1634 1089 1701 fortuna:
1115 1634 1266 1686 veluti
1294 1632 1639 1693 assentientes.
1659 1648 1759 1685 non
1788 1640 1845 1685 ut
1864 1631 2111 1699 judican-

529 1702 674 1825 dum;
716 1704 802 1756 sed
849 1712 955 1757 uta
986 1701 1193 1771 fortuita
1232 1704 1457 1773 iudicari
1500 1702 1722 1767 videtur,
1762 1702 2005 1774 judicant
2044 1702 2109 1755 de

529 1788 648 1825 meri
676 1789 725 1825 ο.

528 1788 725 1828 merito.

2290 1500 2311 1527 ε
2348 1490 2420 1542 De
2450 1488 2656 1544 Baetin.

2256 1558 2317 1643 ἐξ
2342 1560 2472 1615 Aliis
2516 1558 2889 1618 damnantibus
2932 1555 3340 1615 defendentibus
3375 1555 3488 1612 aliis
3521 1557 3579 1613 de
3611 1560 3727 1628 plebs

2290 1770 2309 1808 τ
2342 1771 2547 1826 Domos.

2042 1881 2266 1939 ΝΟΤᾹΞ.

527 2014 670 2062 nam,
698 2006 755 2052 ut
779 1997 972 2052 dicitur
998 2012 1155 2066 prosa
1186 1998 1238 2061 5,
1272 1998 1362 2051 lib.
1405 2013 1460 2062 ιι,
1497 1997 1813 2066 felicissimus
1853 1996 1953 2050 fuit
1982 2012 2097 2049 cum
2126 1999 2175 2060 B
2205 2012 2365 2052 nemo
2406 1997 2515 2053 dici
2559 2000 2729 2066 possit
2770 2014 2837 2055 ex
2860 2014 2926 2055 eo
2955 2014 3078 2056 esse
3106 2001 3283 2056 affinis
3319 2001 3524 2056 crimini
3548 2002 3739 2066 ambitus,

527 2072 757 2140 conjugis
791 2069 981 2135 pudore
1009 2080 1113 2121 tum
1144 2068 1384 2121 mascula:
1411 2070 1569 2137 prolis
1600 2068 1994 2140 Opportunitate,
2024 2067 2096 2140 ita

527 2152 581 2193 nt
607 2138 735 2193 duos
764 2140 952 2209 pariter
984 2140 1213 2192 consules
1246 2141 1428 2191 liberos
1452 2154 1570 2191 suos
1595 2140 1746 2191 domo
1779 2138 1983 2202 provehi
2008 2138 2100 2191 sub

525 2208 812 2280 frequentia
842 2220 1075 2279 patrum,
1107 2211 1197 2262 sub
1239 2210 1397 2277 plebis
1428 2210 1693 2262 alacritate
1721 2208 1898 2262 viderit
1933 2225 1950 2261 :
1979 2208 2103 2261 hinc

528 2297 679 2334 nunc
695 2280 886 2335 dicitur
910 2283 1134 2349 penetral
1154 2281 1393 2333 innocens
1416 2280 1595 2333 domus
1615 2296 1632 2332 :
1654 2281 1889 2347 penetral
1909 2281 2105 2348 quippe

527 2362 609 2404 est
639 2353 789 2406 locus
818 2353 1069 2415 interior,
1102 2351 1276 2404 dictus
1316 2367 1345 2403 a
1378 2367 1506 2415 penu
1538 2366 1557 2403 :
1595 2367 1752 2417 penus
1784 2361 1958 2404 autem
1979 2393 1992 2415 ,
2025 2351 2109 2404 in-

528 2423 644 2491 quit
671 2423 882 2488 Festus,
906 2431 1114 2473 vocatur
1137 2423 1274 2474 locus
1299 2422 1503 2474 intimus
1532 2422 1581 2474 in
1612 2421 1720 2475 uade
1757 2419 1949 2486 Vesta’,
1976 2432 2109 2490 tege-

528 2494 656 2546 tibus
678 2505 884 2563 seplus.‘
916 2493 1055 2546 unde
1084 2493 1265 2559 Virgil.
1298 2508 1313 2544 ι
1342 2492 1557 2561 Georg.,
1581 2509 1631 2545 v.
1663 2491 1764 2546 379
1794 2508 1808 2545 :

653 2585 844 2647 Saepius
859 2592 911 2632 et
933 2590 1074 2647 tect's
1097 2583 1427 2645 penetralibus
1449 2583 1625 2633 extulit
1646 2594 1736 2633 ova

651 2645 920 2709 Angustum
946 2645 1141 2695 formica
1168 2646 1461 2694 terensiter.

596 2731 658 2784 2°
688 2730 819 2783 Cum
859 2730 1039 2797 probis
1082 2729 1269 2782 amicis
1312 2746 1323 2778 :
1371 2727 1541 2781 adfuit
1584 2726 1725 2781 enim
1776 2741 1987 2789 semper
2036 2724 2109 2778 illi

530 2796 1001 2855 honestissimorum
1031 2811 1186 2853 cretus
1210 2799 1484 2852 amicorum
1510 2816 1527 2861 ;
1562 2797 1618 2850 5°
1637 2812 1759 2850 cum
1793 2797 1970 2863 probis
1991 2796 2109 2849 alli-

531 2872 686 2925 nihus
711 2890 720 2923 :
749 2888 867 2923 nam
891 2887 1034 2923 socer
1053 2871 1167 2937 ejus
1192 2868 1783 2939 Symmachussunctus,
1810 2877 1859 2921 et
1879 2883 2019 2939 teque
2048 2884 2109 2920 ac

530 2948 641 3009 ipsa
685 2942 1013 3011 Philosophia
1039 2937 1339 2995 riveren'dus
1372 2937 1762 3011 fuitrQuantus
1793 2949 1971 2992 autetn
1988 2938 2110 3011 juc-

530 3006 597 3065 rit
627 3013 715 3067 ille
750 3006 904 3065 socer
933 3012 1307 3081 Symmachus,
1341 3006 1516 3078 colligi
1554 3018 1726 3081 potest
1742 3018 1849 3062 tum
1882 3024 1946 3063 ex
1976 3006 2110 3062 Cas-

529 3084 763 3146 siodoro,
787 3085 875 3151 qui
905 3080 987 3135 ait
1011 3082 1135 3137 Var.
1161 3083 1197 3136 l.
1224 3098 1298 3145 iv,
1318 3098 1404 3147 ep.
1429 3084 1482 3141 6.
1508 3080 1897 3133 Theodericum
1928 3094 2108 3147 regem

531 3155 594 3207 ad
625 3154 795 3223 ipsum
836 3162 893 3207 ut
920 3153 1091 3205 virum
1126 3157 1411 3223 patricium
1445 3152 1745 3219 scripsisse,
1776 3152 1964 3223 petenti
2010 3166 2109 3202 non

531 3220 835 3278 concedatur
862 3226 1062 3276 licentia
1083 3224 1349 3277 recedendi
1379 3222 1442 3275 de
1468 3223 1588 3275 urbe
1606 3262 1619 3285 ,
1651 3230 1705 3275 et
1725 3237 1812 3289 ep.
1839 3220 1929 3281 2‘2.
1958 3235 2109 3274 eum-

2205 2069 2347 2137 quod
2369 2069 2439 2141 sit
2469 2071 2863 2126 eruditissimus
2889 2111 2905 2137 ,
2934 2072 3075 2126 sicut
3095 2073 3162 2128 de
3183 2073 3412 2128 crimine
3434 2073 3657 2141 sortilegii
3680 2072 3739 2126 di-

2208 2141 2367 2194 citur.
2395 2140 2520 2195 inde
2549 2142 2887 2196 concluditur
2912 2142 3124 2196 Boetius
3152 2159 3254 2198 non
3286 2144 3527 2204 ambitus.
3550 2144 3632 2197 sed
3659 2160 3743 2195 sor-

2211 2211 2371 2281 tilegii
2390 2211 2615 2267 crimine
2643 2225 2921 2267 accusatus
2950 2214 3139 2277 fuisse;
3176 2214 3269 2268 sed
3303 2214 3586 2277 immerito,
3641 2213 3744 2267 sicut

2212 2298 2277 2335 ex
2314 2282 2584 2346 praedictis
2610 2283 3012 2338 demonstratur
3042 2303 3053 2337 :
3101 2284 3225 2338 hinc
3259 2294 3439 2339 tamen
3468 2298 3567 2337 non
3594 2282 3749 2337 desiuit

2212 2354 2325 2422 ipsa
2354 2353 2524 2407 Boetii
2551 2354 2881 2407 existimatio
2908 2354 3046 2422 apud
3074 2356 3333 2423 plurimos
3362 2354 3547 2408 minui.

2286 2424 2307 2454 ³
2364 2423 2514 2496 Quod
2539 2425 2846 2496 existimatio
2872 2424 3232 2496 plurimorum,
3258 2424 3391 2496 etc.]
3438 2424 3640 2496 Scilicet
3667 2424 3746 2489 pitt-

2217 2494 2341 2549 rimi
2383 2494 2704 2563 judicando,
2740 2511 2843 2549 non
2872 2494 3189 2565 cognitione
3234 2494 3387 2550 clara
3425 2506 3478 2550 et
3521 2494 3749 2555 distincta.

2215 2582 2333 2636 qua;
2359 2566 2412 2619 in
2442 2566 2593 2619 nobis
2621 2576 2703 2619 est
2732 2566 2899 2634 prima
2932 2567 3045 2621 veri
3070 2567 3259 2634 judicii
3302 2567 3507 2630 regula,
3534 2566 3619 2619 sed
3654 2579 3752 2631 prte-

2214 2637 2525 2705 cipitationc
2558 2646 2610 2689 et
2647 2636 2956 2705 przejudi'io
3000 2641 3241 2691 feruntur
3276 2655 3289 2689 :
3326 2638 3404 2691 sic
3433 2636 3568 2706 quod
3614 2649 3755 2706 amore

2215 2704 2462 2771 divitias,
2500 2707 2624 2761 odio
2652 2704 3035 2777 paupertatem
3067 2704 3485 2777 prosequantur.
3516 2706 3580 2777 de
3614 2704 3755 2777 diviti-

2217 2778 2314 2832 lms
2350 2778 2573 2837 bonam.
2608 2774 2681 2831 de
2708 2774 3031 2847 pauperibus
3064 2774 3188 2833 vero
3226 2774 3422 2831 malam
3465 2776 3651 2830 habent
3676 2774 3758 2827 esi-

2216 2848 2578 2902 stimationem
2608 2866 2621 2900 :
2650 2849 2729 2902 sic
2754 2850 2910 2904 amici
2932 2848 3053 2913 Job,
3079 2849 3217 2918 quod
3246 2848 3393 2904 hunc
3431 2848 3662 2918 viderent
3694 2858 3761 2897 ca-

2219 2920 2547 2973 lamitatibus
2586 2932 2900 2988 Oppressum
2925 2962 2940 2985 ,
2986 2917 3233 2974 eumdem
3262 2920 3573 2988 judicarunt
3600 2917 3764 2988 impro«

2216 2994 2339 3043 bum
2392 3008 2404 3043 :
2456 3007 2553 3057 quo
2598 2985 2695 3056 fit',
2737 3000 2791 3043 ut
2840 2991 3147 3045 existimatio
3188 2985 3321 3043 bona
3364 2991 3533 3056 prima
3578 2985 3763 3039 omnium

2217 3062 2415 3113 deserat
2438 3061 2664 3128 infelices
2697 3078 2715 3113 :
2744 3060 2868 3115 hinc
2896 3061 3104 3129 vulgus,
3132 3075 3251 3131 qua:
3276 3061 3515 3115 felicitas
3534 3070 3768 3113 commen-

2216 3131 2451 3197 daverit,
2481 3146 2540 3185 ea
2575 3140 2777 3185 tantum
2806 3131 3007 3202 judicat
3033 3146 3154 3187 esse
3176 3131 3483 3201 prudentis.

2286 3223 2306 3252 ⁸
2338 3223 2463 3276 Esse
2482 3222 2729 3295 provisa.]
2776 3224 2849 3277 Ab
2871 3223 3077 3295 homine
3103 3240 3129 3295 7:
3171 3222 3325 3278 Solet
3370 3225 3570 3293 quippe
3607 3216 3764 3295 vulgus

528 3296 655 3349 dem
691 3310 868 3363 regem
907 3295 1140 3348 voluisse
1172 3306 1227 3348 ut
1256 3294 1396 3347 idem
1435 3288 1787 3365 Symmachus
1817 3308 1937 3365 cum
1964 3308 2112 3365 _qt_ia-
2138 3303 2184 3365 ρ
2216 3295 2285 3348 ab
2319 3288 2512 3348 eventu
2544 3288 2876 3362 prudeiitiam
2915 3294 3145 3349 hominis
3180 3288 3529 3365 itainférré',
3561 3302 3621 3365 ut
3650 3288 3771 3353 cujus

535 3378 654 3419 tuor
675 3361 793 3419 aliis
822 3365 1157 3418 senatoribus
1178 3366 1244 3418 de
1269 3378 1427 3417 causa
1461 3363 1833 3431 praedictorum
1860 3361 2037 3415 Basilii
2059 3372 2113 3416 et

535 3438 838 3508 Praetextati
878 3434 1136 3508 judicium
1187 3438 1381 3497 ferret;
1423 3446 1476 3486 et
1514 3450 1600 3502 cp.
1629 3432 1999 3508 5_i,geumtﬁlem
2030 3448 2111 3485 re-

534 3523 652 3576 gem
677 3501 1000 3576 Symmacho
1032 3506 1219 3560 iterum
1270 3501 1590 3558 scribentem
1637 3501 2113 3576 dixisseusgmma-

535 3574 685 3629 chum
720 3576 931 3627 Romam
968 3575 1234 3630 decomsse
1271 3579 1513 3628 domuum
1554 3574 1970 3645 pulchritudine;
1999 3583 2111 3627 tum

536 3649 694 3703 etiam
738 3663 802 3700 ex
850 3646 1125 3700 Prisciano
1152 3647 1493 3710 Caesariensi,
1516 3644 1561 3701 l.’
1595 3646 1663 3699 de
1702 3644 2029 3699 Ponderibus
2058 3653 2113 3697 et

534 3719 888 3783 Mensnris,et
913 3718 1179 3781 Ennodio,
1210 3717 1402 3786 quibus
1428 3718 1623 3770 dicitur
1652 3716 1739 3769 ille
1768 3715 2110 3784 Symmachus

536 3790 675 3842 omni
697 3789 892 3841 virtutis
920 3789 1031 3841 luce
1060 3788 1276 3857 fulgere.
1310 3796 1358 3840 et
1388 3789 1582 3841 caeteris
1613 3797 1848 3857 tanquam
1875 3788 2114 3857 virtutum

535 3860 795 3931 exemplar
820 3860 1032 3929 proponi
1060 3854 1227 3927 posse.
1255 3857 1545 3926 Propterea
1573 3856 1947 3931 Philosophia,
1965 3854 2115 3931 infra

537 3932 573 3984 Ι.
610 3928 844 3999 ιιζρτυις.
875 3931 927 3993 ιί,
957 3933 1112 3999 viget,
1148 3931 1335 3994 inquit.
1382 3930 1652 3982 incolumis
1697 3928 2115 3995 pretiosissimum

535 4004 731 4071 generis
763 4002 971 4053 humani
1002 4002 1176 4064 decus,
1211 4001 1553 4069 Symmachus
1580 4015 1744 4071 socer.

611 4074 623 4101 ¹
662 4069 739 4123 De
782 4084 829 4124 te
853 4072 1078 4124 criminis
1111 4066 1271 4140 [idem
1293 4072 1550 4139 capituth
1580 4066 1632 4123 id
1665 4079 1778 4129 est,
1813 4076 2017 4137 propter
2048 4078 2115 4131 te,

537 4156 568 4194 ο
598 4141 971 4206 PhilosiOphia,
1005 4152 1204 4194 tantum
1251 4142 1383 4193 illud
1422 4142 1610 4193 crimen
1643 4140 1704 4191 de
1739 4155 1817 4192 me
1860 4145 2119 4191 credunt:

537 4214 614 4265 sic
641 4216 781 4267 enim
814 4213 1015 4267 Seneca
1049 4230 1060 4265 :
1096 4211 1305 4282 Majora
1342 4220 1567 4282 monstra
1613 4212 1739 4282 ueris
1787 4211 1872 4263 vix
1909 4212 2119 4279 capiunt

538 4285 729 4349 fidem;
760 4286 837 4336 sic
866 4283 978 4345 i,-se
1007 4280 1195 4351 Virgih
1221 4281 1344 4336 Ain.
1378 4299 1426 4345 ν,
1460 4299 1514 4335 v.
1544 4280 1647 4334 604
1679 4299 1691 4334 :

664 4373 751 4423 Hic
778 4377 981 4439 primum
1003 4372 1189 4422 fortuna
1210 4372 1352 4421 ﬁdem
1370 4381 1547 4421 mutata
1573 4372 1780 4421 novavit.

609 4461 628 4489 ³
679 4458 828 4523 Quod
854 4460 953 4511 tuis
988 4460 1165 4511 imbuti
1197 4460 1517 4529 disciplinis.
1545 4456 1563 4528 ]
1593 4458 1777 4529 Solent
1808 4456 2054 4509 nimirum
2087 4455 2122 4509 ii

539 4531 627 4597 qui
651 4538 742 4582 aut
768 4530 1186 4597 praicipitatione
1211 4538 1302 4581 aut
1325 4527 1632 4597 praajudii-io
1653 4527 1892 4596 judicant
1912 4567 1925 4588 ,
1955 4536 2125 4581 teme—

2220 3365 2363 3419 videt
2400 3366 2599 3419 exitum
2654 3364 2920 3419 inlelicem
2943 3409 2958 3427 ,
3002 3367 3142 3418 hunc
3171 3363 3313 3419 male
3340 3365 3585 3431 adeoque
3611 3362 3773 3431 impru-

2218 3436 2408 3489 denter
2453 3436 2742 3503 inctepisse
2784 3436 3051 3503 negotium
3099 3435 3390 3490 concludat
3444 3453 3457 3486 :
3502 3428 3557 3488 id
3593 3428 3776 3501 quidem

2219 3508 2319 3561 sibi
2345 3506 2529 3575 objicit
2558 3507 2805 3571 Ovidius,
2831 3505 2924 3561 sed
2958 3508 3185 3575 idipsum
3219 3507 3404 3560 statim
3431 3505 3643 3560 refutat.
3700 3534 3711 3551 .

2342 3621 2516 3670 Exitus
2536 3625 2642 3668 acta
2663 3620 2832 3680 probat
2857 3634 2868 3667 :
2894 3624 3061 3668 careat
3080 3620 3410 3681 successibus,
3436 3628 3552 3681 opto

2403 3684 2634 3744 Quisquis
2658 3684 2715 3729 ab
2750 3689 2931 3729 eventu
2954 3682 3075 3730 facta
3099 3683 3308 3730 notanda
3334 3690 3494 3743 putat.

2292 3790 2312 3819 ⁸
2368 3789 2493 3853 Qua:
2516 3787 2775 3855 perferunt
2794 3830 2807 3851 ,
2840 3788 3083 3839 meruisse
3114 3783 3447 3856 creduntur.]
3477 3780 3629 3851 Quod
3656 3776 3784 3833 nimi-

2222 3876 2339 3916 rum
2368 3859 2615 3929 prtedicti
2642 3856 3442 3929 homines,viderintquosdam
3478 3860 3787 3929 propter-“sua

2225 3919 2428 3986 scelera
2454 3929 2599 3997 juste
2628 3928 2840 3998 punitos
2867 3928 3079 4000 fuisse,
3117 3919 3320 3981 idcirco
3354 3919 3787 4000 hm'prmjudicio

2222 4001 2391 4063 ducti,
2436 4014 2784 4068 quoscunque
2829 3998 3013 4051 vident
3060 4008 3277 4068 propter
3328 3998 3571 4050 delatum
3618 3998 3791 4068 erian

2222 4057 2412 4142 afﬂigi,
2444 4057 2544 4142 hos
2577 4057 2823 4137 judicant
2856 4084 2985 4142 ιιιιίιν⁸
3012 4057 3296 4142 perferunt,
3332 4057 3791 4142 meruissezsedid

2228 4134 2547 4195 temEritatis
2569 4134 2652 4195 est
2690 4158 2703 4192 :
2738 4134 2877 4193 cum'
2902 4134 3042 4191 enim
3082 4134 3242 4191 homo
3268 4138 3438 4205 judex
3470 4147 3579 4207 tam
3606 4134 3792 4207 injusti-

2229 4213 2315 4265 lizt:
2339 4226 2494 4277 quam
2519 4211 2739 4283 justitia:
2768 4209 2935 4283 possit
2960 4223 3081 4283 esse
3106 4208 3375 4283 particeps
3394 4250 3409 4274 ,
3436 4206 3642 4261 idcirco
3663 4206 3792 4283 susti:

2227 4283 2400 4406 neéida
2432 4276 2673 4335 assensio
2695 4276 2956 4335 de'causis
2985 4280 3327 4334 miseriarum
3352 4320 3366 4342 ,
3416 4293 3490 4333 ne
3528 4276 3797 4345 praecipitet

2228 4357 2282 4406 iu
2324 4353 2577 4406 icaturus.

2224 4353 2577 4421 judicaturus.

2300 4446 2321 4475 ⁸
2370 4446 2743 4499 Sceleratorum
2772 4442 3053 4512 officinas.]
3106 4441 3355 4505 Officina,
3388 4440 3471 4495 sic
3498 4437 3637 4491 dicta
3674 4428 3801 4512 quasi

2228 4516 2497 4587 opiﬁcina,
2532 4516 2772 4587 quaedam
2805 4502 2885 4587 est
2914 4502 3103 4587 domins
3134 4527 3284 4581 pars,
3316 4502 3370 4565 in
3407 4525 3516 4578 qua
3548 4520 3680 4575 opus
3712 4502 3799 4587 fit:

540 4582 737 4654 r‘ariuin
766 4582 832 4653 de
863 4582 945 4655 iis:
981 4616 1097 4669 quae
1124 4600 1223 4669 ipsi
1257 4582 1520 4668 iguiora'nt,
1556 4582 1799 4668 proi'erre
1822 4582 2113 4669 judicium:

2230 4582 2371 4669 unde
2407 4582 2585 4667 differt
2625 4586 2691 4640 ab
2726 4584 3003 4669 apotheca,
3056 4583 3107 4636 in
3143 4597 3245 4664 qna
3286 4592 3567 4669 servatur,
3598 4588 3706 4669 θεῖε
3744 4582 3806 4669 ta:

540 4671 985 4739 quemadmodum
1028 4672 1084 4724 S.
1118 4668 1281 4723 ludas
1322 4670 1373 4723 in
1410 4685 1505 4722 sua
1536 4670 1702 4735 Epist.
1738 4668 2124 4739 hisrexpressit

540 4738 718 4794 verbis
742 4758 755 4794 :
778 4741 1114 4807 Quaecumque
1141 4742 1398 4812 ignorant,
1427 4738 1796 4809 blasphemant.
1821 4738 1910 4792 Sic
1937 4738 2123 4812 ignara

542 4813 817 4881 plebecula
851 4813 1092 4866 insolitos
1120 4811 1291 4864 motus
1320 4826 1506 4865 eorum
1553 4824 1686 4878 quos
1727 4822 1833 4881 aut
1855 4811 2122 4881 sortinrios

541 4879 631 4936 aut
659 4882 1020 4953 lycum/tropos
1047 4893 1220 4945 vocat,
1278 4884 1364 4950 qui
1395 4884 1591 4947 saepius
1634 4879 1929 4953 perturbati
1971 4894 2125 4953 cere-

542 4957 622 5008 bri
651 4950 740 5007 a‘ut
771 4954 913 5007 iussa:
959 4954 1350 5021 imaginatizinis
1381 4963 1535 5015 sunt,
1581 4951 1735 5005 malis
1762 4950 1934 5019 geniis
1956 4950 2125 5021 refert

541 5039 811 5092 acceptos.
870 5024 956 5078 Sic
1005 5018 1247 5077 nonnulli
1306 5024 1683 5079 existimarunt
1731 5018 1906 5092 artem
1935 5018 2127 5092 conifi-

540 5090 713 5150 cicndi
742 5111 853 5149 auri
889 5109 917 5146 a
944 5096 1274 5149 daemonibus
1308 5111 1459 5160 esse,
1495 5102 1553 5149 ut
1577 5093 1649 5146 ait
1680 5093 1856 5146 Delrio
1884 5090 2123 5159 Disquis.

541 5183 682 5235 mag.
718 5168 752 5220 Ι,
781 5184 816 5219 ι.
849 5166 937 5221 Sic
965 5166 1219 5229 Galenus,
1251 5181 1289 5220 ll
1333 5167 1399 5221 de
1431 5165 1549 5218 Dilf.
1578 5163 1684 5217 feb.
1716 5178 1765 5217 c.
1812 5164 1875 5225 7,
1917 5170 1971 5215 et
2000 5176 2121 5229 cap.

541 5239 609 5293 10
640 5239 706 5293 de
738 5238 928 5304 Simpl.
958 5237 1099 5291 med.
1131 5238 1256 5302 fac.,
1289 5237 1357 5291 de
1383 5236 1677 5301 semetipso
1709 5236 1917 5288 locutus
1958 5235 2031 5304 ait
2063 5247 2126 5286 se

540 5320 762 5377 prepter
784 5302 1107 5376 singularem
1135 5322 1284 5360 suam
1312 5306 1664 5361 eruditionem
1697 5304 1927 5377 positum
1959 5302 2125 5377 fuisse

540 5373 593 5433 in
643 5373 1096 5433 nmnero'eorum
1142 5380 1234 5446 qui
1283 5380 1540 5431 malorum
1591 5376 1866 5443 geniorum
1908 5373 2124 5446 partibus

541 5452 706 5519 adjuti
733 5450 946 5503 morbos
966 5444 1257 5516 depellant.
1283 5450 1371 5502 Sic
1392 5462 1523 5515 ergo
1553 5446 1797 5519 Boetius,
1830 5444 1941 5519 qui,
1960 5453 2015 5519 ut
2041 5444 2123 5497 lo-

542 5514 720 5590 quitur
749 5514 1113 5574 Theodericus
1142 5536 1232 5573 rex
1265 5520 1404 5587 apud
1434 5514 1810 5590 Cassiotlorum
1838 5516 1873 5568 Ι.
1919 5532 1931 5567 ι
1969 5514 2119 5579 Var.,

540 5588 629 5657 ep.
659 5593 749 5655 45,
780 5592 939 5644 multa
969 5592 1256 5644 eruditione
1277 5592 1539 5657 saginatus
1570 5588 1685 5657 fuit,
1720 5598 1771 5637 ut
1813 5594 1968 5645 artes,
1997 5600 2127 5652 quas

542 5672 772 5715 exercent
820 5663 1094 5730 uulgariter
1139 5663 1434 5723 nescientes,
1482 5661 1533 5711 in
1582 5659 1692 5724 ipso
1738 5657 2126 5730 disciplinarum

544 5740 632 5799 fon
656 5748 683 5783 e
708 5726 949 5801 potarerit
972 5774 986 5797 ,
1022 5743 1237 5800 pr0pter
1280 5747 1540 5785 smnmam
1588 5744 1741 5801 suam
1770 5726 2124 5801 eruditionem

545 5797 805 5859 Visus'est
850 5803 971 5858 huic
1016 5797 1189 5859 affinis
1230 5805 1394 5859 fuisse
1438 5798 1721 5858 maleficio.
1774 5797 1950 5866 Quare
1998 5810 2121 5851 cum

2228 4657 2427 4721 berna,
2474 4658 2525 4709 in
2571 4672 2671 4725 qua
2708 4646 2863 4709 vendi
2894 4671 2955 4708 ur
2988 4646 3123 4720 opus
3162 4646 3298 4725 jam
3329 4652 3561 4725 factum.
3708 4655 3806 4719 mus

2229 4729 2392 4797 igitur
2415 4718 2499 4781 \‘el
2527 4718 2686 4781 etiam
2718 4735 2927 4780 mentes
2964 4718 3247 4797 impiorum
3286 4722 3600 4783 hominum,
3633 4718 3807 4797 illqul‘

2228 4790 2328 4851 b'us
2356 4812 2513 4852 causa
2555 4800 2811 4851 adversus
2841 4790 3079 4849 Boetinm
3122 4809 3217 4862 per
3256 4807 3539 4846 summam
3574 4790 3807 4843 malitiam

2228 4870 2348 4923 ﬁcta
2372 4879 2473 4933 est,
2500 4884 2605 4922 non
2636 4869 2731 4922 abs
2752 4883 2811 4921 re
2830 4876 3090 4919 vocantur
3118 4864 3362 4931 ofﬁcium.

2299 4961 2318 4989 '
2375 4957 2577 5012 Gaudio
2598 4958 2873 5025 lwtitiaque
2900 4953 3209 5025 fluitantes.]
3233 4954 3389 5025 Sicut
3413 4952 3573 5025 enim
3599 4963 3691 5003 vas
3719 4956 3813 5024 prfe

2231 5030 2455 5098 liquoris
2490 5029 2640 5098 copia
2706 5022 3084 5098 effluer’gsivc
3136 5022 3412 5098 exfundare
3465 5022 3687 5083 dicitur,
3750 5022 3813 5093 sic

2231 5095 2384 5154 mens
2412 5116 2519 5166 pra:
2549 5095 2726 5166 gaudii
2757 5096 2909 5164 copia
2938 5096 3150 5149 fluitare
3176 5095 3281 5148 dici
3312 5103 3541 5166 potest:
3565 5100 3808 5166 iiani_an_t-

2231 5189 2374 5235 mus,
2412 5161 2581 5239 inquit
2627 5161 3187 5239 Terentiusaluamria
3234 5175 3281 5219 et
3314 5161 3579 5239 lascivia
3615 5161 3815 5239 diu/linit;

2229 5232 2499 5311 quodque
2525 5240 2679 5311 latius
2718 5250 2876 5311 atque
2917 5238 3154 5311 uberius_
3170 5234 3480 5311 excrescit,
3528 5232 3581 5286 id
3617 5232 3815 5285 effluere

2229 5308 2423 5367 dicitur
2456 5310 2695 5380 Virgilio,
2731 5324 2766 5364 ιι
2797 5309 3017 5378 Georg.,
3046 5322 3099 5361 v.
3125 5308 3226 5361 567
3262 5324 3275 5359 ε

2355 5425 2474 5473 [nde
2500 5423 2583 5471 ubi
2596 5422 2694 5483 jam
2714 5418 2881 5470 validis
2898 5417 3135 5481 amplexae
3157 5416 3391 5483 stirpibus
3426 5412 3591 5483 ulmos

2361 5470 2614 5541 iisierint,’
2630 5494 2743 5532 tunc
2763 5483 2949 5543 stringe
2976 5470 3165 5541 comas,
3191 5470 3305 5543 tunc
3327 5477 3568 5543 bracchia
3587 5470 3756 5523 tonde;

2360 5551 2489 5597 Ante
2510 5538 2829 5596 reformidant
2848 5538 3031 5591 ferrum
3061 5554 3072 5588 :
3096 5538 3209 5590 tunc
3233 5538 3459 5599 denique
3484 5538 3613 5585 dura

2359 5611 2427 5660 Es
2438 5622 2553 5659 erce
2577 5608 2776 5669 imperia
2803 5612 2855 5655 et
2876 5617 3037 5653 ramos
3055 5614 3315 5665 compesce
3338 5600 3585 5649 ﬂuentes.

2308 5726 2328 5751 "
2386 5716 2797 5769 Perditissimum
2827 5713 3094 5781 fraudibus
3117 5702 3521 5781 imminentem.j
3548 5698 3822 5781 impunitas

2243 5792 2384 5848 enim
2418 5788 2776 5859 perditorum,
2812 5776 3062 5839 similium
3106 5781 3375 5837 hominum
3424 5776 3650 5833 fraudes
3681 5779 3821 5841 parit.
