3984 6382
464 287 566 344 655

682 404 833 460 Nunc
858 403 1085 459 obscuro
1115 401 1306 473 pallida
1330 416 1521 469 cornu,

684 500 887 557 Phoebo
916 500 1131 569 propior
1159 500 1354 554 lumina
1385 498 1593 569 perdat.

571 593 637 648 10
672 592 778 662 65
808 593 873 647 Et
894 593 983 661 qui
1014 593 1198 661 primae
1225 602 1464 660 tempore
1490 592 1661 647 noctis

678 686 801 751 Agit
828 686 1065 753 algentes
1096 684 1361 752 Hesperus
1382 695 1549 751 ortus,

679 778 875 832 Solitas
899 779 1090 833 iterum
1118 786 1287 832 mutet
1314 778 1572 843 habenas,

670 865 857 921 Phoebi
889 867 1092 937 pallens
1115 865 1324 921 Lucifer
1344 877 1484 922 ortu.

1652 288 1761 345 ΔΝ.
1802 287 2009 344 ΜΑΝι.

2153 288 2202 346 ν.
2244 290 2466 347 BOETH
3580 303 3661 358 636

2073 408 2129 466 Α

2364 408 2474 478 66
2500 406 2577 461 Tu
2606 406 2901 462 lrondilluze
2920 406 3116 479 frigore
3142 409 3335 467 bruma:

2266 499 2333 554 15
2372 499 2601 568 Stringis
2626 500 2792 554 lucem
2822 500 3063 557 breviore
3093 518 3236 557 mora
3263 521 3275 557 :

2362 592 2462 656 Tu,
2486 607 2608 646 cum
2642 591 2842 646 fervida
2873 594 3080 648 venerit
3102 602 3277 659 astas,

2367 680 2568 748 Agileis
2599 683 2770 735 noctis
2800 681 2993 735 dividis
3025 682 3201 736 horas.

2369 773 2476 842 67
2508 772 2619 825 Tua
2650 772 2729 825 vis
2760 773 2961 826 varium
2994 782 3250 843 temperat
3278 789 3479 841 annum,

2359 864 2426 921 Ut
2454 882 2589 936 quas
2622 867 2808 923 Boreae
2835 868 3054 938 spiritus
3078 869 3267 934 aufert,

1803 955 2375 1037 tNTERP‘ﬁEﬁ‘ATto.

460 1091 588 1145 solis
617 1094 850 1161 apposita
872 1094 1081 1145 occultat
1106 1109 1257 1157 parva
1280 1094 1480 1155 sidera;
1501 1094 1648 1146 modo
1673 1094 1889 1147 obducto
1911 1096 2031 1147 orbe

462 1164 658 1232 pallens
680 1167 877 1217 amittat
908 1164 1069 1217 lucem
1097 1165 1305 1217 vicinior
1324 1166 1440 1217 soli.
1469 1165 1535 1218 Ut
1564 1168 1716 1217 etiam
1748 1164 2031 1231 Hesperus,

460 1235 546 1300 qui
595 1243 743 1288 ortus
785 1238 948 1300 primo
990 1235 1353 1304 noctisspatio
1382 1236 1565 1287 ducere
1604 1236 1815 1289 videtur
1845 1252 2032 1302 agmen

449 1305 723 1357 'stellarum
751 1306 1075 1375 frigidarum,
1124 1303 1264 1360 idem
1296 1306 1476 1376 lucifer
1503 1314 1657 1359 mutet
1688 1322 1864 1360 rursus
1886 1306 2035 1375 frena

2141 1100 2388 1147 consueta
2419 1095 2470 1147 in
2501 1102 2618 1147 ortu
2670 1095 2791 1149 solis
2817 1096 3064 1162 pallidus.
3114 1097 3195 1150 Tu
3233 1100 3483 1154 contrahi:
3504 1103 3621 1154 diem
3642 1106 3684 1157 in

2143 1165 2314 1236 minus
2342 1166 2563 1236 spatium
2611 1166 2801 1234 frigore
2828 1166 3021 1220 bruma:
3056 1168 3373 1223 detontlentis
3399 1172 3619 1236 frondea:
3646 1189 3687 1227 tu

2142 1234 2419 1303 distinguis
2456 1235 2607 1287 horas
2634 1239 2793 1288 noctis
2818 1249 3076 1302 promptas
3100 1249 3230 1299 tum,
3260 1256 3370 1292 cum
3390 1234 3526 1294 testas
3544 1245 3686 1296 calida

2142 1304 2593 1374 accessit.,Virtus
2628 1315 2715 1359 tua
2741 1307 2819 1359 sic
2842 1309 3134 1361 moderatur
3162 1326 3351 1363 annum
3372 1312 3622 1377 diversum,
3643 1324 3687 1366 ut

1979 1415 2211 1473 ΝΟΤᾸΞ.

464 1512 621 1638 {etiam
634 1514 827 1639 gul‘gzo,
861 1526 915 1570 et
943 1514 1079 1584 apud
1104 1515 1321 1571 Latinos
1343 1524 1614 1572 auctores.
1646 1516 1830 1572 Horat.
1856 1512 2039 1570 Carm.

491 1600 571 1639 .l.
601 1600 630 1638 ο
676 1623 687 1637 .
759 1602 776 1614 υ
819 1604 831 1638 :

491 1600 831 1650 4.00.12:

707 1676 890 1725 Crescit
908 1675 1096 1724 occulto
1117 1676 1249 1724 velut
1272 1677 1416 1725 arbor
1437 1691 1540 1726 mro

708 1738 847 1785 Fama
870 1738 1085 1787 Marcelli
1117 1752 1126 1784 :
1153 1740 1297 1786 micat
1320 1740 1447 1786 inter
1470 1752 1643 1788 omnes

704 1799 882 1863 Juliu_m
904 1799 1055 1857 sidus,
1079 1799 1210 1848 velut
1238 1802 1367 1850 inter
1387 1802 1529 1863 ignes

830 1859 963 1909 Luna
988 1866 1213 1910 minores.

532 1942 729 1995 Eadem
768 1957 897 1995 vero
929 1943 1051 1997 luna
1083 1952 1336 1996 curvatur
1364 1946 1415 1997 in
1451 1957 1672 2008 cornua,
1700 1943 1809 1997 sive
1832 1944 2042 1998 obscuro

464 2023 545 2067 est
570 2012 764 2078 pallida
794 2028 972 2075 cornu,
1007 2028 1126 2066 cum
1158 2030 1183 2067 a
1218 2014 1471 2079 praedicto
1503 2014 1777 2081 plenilunii
1810 2016 1925 2065 loco
1952 2029 2041 2068 re-

462 2084 677 2143 cedens,
708 2083 771 2137 ad
801 2083 967 2137 solem
994 2087 1061 2135 ita
1092 2085 1317 2139 accedit.
1355 2094 1409 2137 ut
1441 2086 1565 2137 hinc
1593 2085 1951 2138 decrescendo
1973 2085 2038 2139 ad

464 2154 831 2215 interlunium,
870 2154 993 2208 inde
1019 2154 1309 2208 crescendo
1340 2155 1403 2207 ad
1439 2155 1783 2222 pleniluniqu
1814 2156 1999 2208 redeat
2025 2172 2039 2207 :

464 2233 741 2291 propterea
774 2224 959 2277 Phoebo
982 2226 1187 2291 propior
1209 2225 1404 2277 lumina
1430 2226 1633 2289 perdit:
1660 2240 1762 2277 non
1787 2226 2040 2280 omnino:

463 2296 507 2347 si
534 2295 744 2353 quidem
774 2310 987 2361 semper
1011 2296 1181 2348 media
1202 2296 1336 2348 luna:
1354 2311 1473 2362 pars
1494 2312 1522 2350 a
1550 2297 1663 2349 sole
1688 2296 2039 2359 illuminatur,

465 2364 559 2417 sed
600 2379 697 2429 qua
738 2379 833 2435 nos
862 2366 1073 2426 resoicit
1106 2383 1117 2417 :
1155 2365 1294 2418 unde
1325 2368 1512 2421 melius
1544 2366 1703 2421 homo
1731 2382 1889 2435 quam
1919 2367 2042 2421 luna

464 2435 732 2503 diceretur
762 2434 939 2488 lumen
968 2436 1139 2488 solare
1164 2435 1405 2503 perdere.
1750 2434 1759 2435 ί
1812 2452 1815 2457 ·

537 2505 622 2557 10.
660 2502 726 2578 Et
753 2506 838 2571 qui
858 2510 1034 2572 prima:
1057 2502 1278 2573 tempore
1304 2505 1511 2578 noctis.]
1536 2507 1598 2563 11.
1632 2508 1821 2570 Agitur
1843 2508 1911 2562 de
1942 2509 2046 2563 Ve-

465 2590 614 2638 nere,
646 2574 797 2641 cujus
826 2578 967 2629 vicrs
990 2580 1041 2627 in
1066 2590 1130 2627 eo
1150 2578 1469 2642 consistunt,
1495 2574 1640 2646 quod
1671 2578 1829 2631 modo
1856 2581 2045 2632 subse-

465 2655 659 2714 quatur
688 2646 854 2718 solem
887 2646 1239 2718 occidentem,
1288 2646 1572 2718 Hesperus,
1608 2650 1764 2701 modo
1795 2650 2040 2702 eumdem

465 2718 631 2769 solem
661 2716 927 2787 orientem
957 2717 1374 2783 antegrediatur,
1397 2716 1624 2787 Lucifer
1657 2736 1670 2773 :
1703 2720 1794 2772 sed
1825 2720 1889 2773 ad
1929 2722 2042 2772 cla-

464 2786 661 2858 riorem
694 2784 851 2858 hujus
871 2787 1062 2841 sideris
1092 2788 1488 2855 intelligentiam
1521 2784 1613 2844 sua
1645 2790 1708 2842 ad
1736 2790 2047 2858 grammati-

465 2872 579 2929 cos,
612 2855 913 2929 historicos,
970 2871 1152 2923 poetas
1192 2869 1247 2912 et
1292 2860 1636 2929 philosophos
1664 2855 1856 2913 de'liac
1887 2861 2042 2915 stella

466 2927 743 2980 referenda
771 2940 852 2979 eat
882 2927 1148 2982 doctrina.

533 2994 908 3069 Grammaticis
945 2998 1233 3065 Hesperus,
1269 2998 1604 3069 llesperugo;
1640 3000 1862 3064 Vesper.
1908 2999 2043 3053 Ves-

464 3082 693 3141 perugo;
730 3066 958 3141 Lucifer,
990 3066 1458 3141 oonpépogtstella
1494 3066 1600 3125 tam
1626 3075 1856 3125 serotina
1884 3087 2039 3139 quam

464 3137 740 3192 matutina.
773 3138 913 3191 idem
961 3151 1083 3191 sunt
1113 3137 1339 3193 veneris
1370 3142 1515 3193 sidus

463 3207 528 3261 de
553 3207 674 3261 Nat.
706 3207 879 3267 deor..
908 3208 1097 3275 Inﬁma
1137 3222 1208 3263 cat
1234 3251 1248 3271 ,
1276 3210 1477 3275 inquit,
1509 3213 1733 3276 quinque
1762 3212 2045 3264 errantium

463 3287 703 3354 terrisque
725 3282 959 3354 proxima
978 3283 1127 3332 stella
1159 3278 1385 3354 Veneris,
1416 3298 1529 3349 quae
1550 3283 1837 3354 Φωσφόρος.
1863 3282 2045 3335 Latine

464 3346 673 3417 Lucifer
701 3348 907 3421 dicitur,
935 3366 1049 3401 cum
1070 3346 1618 3421 antegreditur'solem.
1646 3346 1759 3403 cum
1782 3354 2045 3421 subsequi-

465 3427 548 3489 tur
577 3416 1097 3489 alitem,_Hespcrus:
1125 3416 1263 3471 unde
1282 3420 1537 3474 Martialis
1570 3423 1716 3489 lipig.
1750 3424 1781 3474 I.
1822 3416 2039 3489 \'III,'ep.

464 3488 551 3554 21,
588 3487 907 3557 Phosphore,
940 3490 1094 3542 redde
1117 3490 1268 3541 diem.
1300 3490 1371 3542 Et
1403 3490 1582 3559 Virgil.
1612 3487 1710 3545 ecl.
1746 3494 1832 3554 10,
1858 3509 1907 3547 ν.
1940 3487 2042 3546 77:

584 3574 652 3624 Ite
672 3576 862 3625 domum
888 3584 1086 3640 saturae,
1115 3582 1251 3627 venit
1271 3579 1537 3642 HeSperus,
1569 3584 1634 3631 ite
1655 3582 1876 3644 capellae.

534 3657 820 3710 Historicis
847 3658 1137 3724 Hesperus,
1169 3661 1397 3714 Atlantis
1422 3664 1727 3727 peritissimi
1751 3668 2044 3720 astronomi

465 3726 660 3802 frater.
692 3732 1033 3783 astronomiae
1065 3730 1280 3802 pariter
1309 3726 1747 3794 studiosissimus,
1802 3737 1890 3802 qui
1923 3752 2043 3791 cum

465 3798 777 3852 alti-simum
815 3811 1071 3862 montem,
1104 3815 1222 3853 eum
1262 3800 1396 3856 forte
1425 3818 1581 3871 quem
1609 3819 1637 3856 a
1672 3798 1833 3860 fratre
1861 3806 2045 3860 Atlan-

469 3879 573 3921 tem
607 3871 1038 3932 nominaverunl,
1069 3873 1491 3935 conscendisset,
1525 3885 1578 3926 ut
1608 3876 1731 3928 inde
1752 3877 1927 3929 sidera
1958 3880 2042 3931 di-

450 3937 715 4011 iigentius
743 3943 1217 4011 contemplaretur,
1250 3958 1343 3996 seu
1370 3954 1560 4011 morte,
1593 3960 1685 3998 seu
1717 3948 1923 4010 morbo,
1948 3963 2045 4002 seu

465 4009 695 4083 quodam
745 4010 849 4083 alio
889 4026 1015 4064 casu
1054 4011 1366 4076 impeditus,
1402 4015 1451 4066 in
1502 4009 1723 4082 patriam
1775 4033 2044 4083 nunquam

466 4080 661 4155 rediit:
695 4081 835 4155 unde
877 4083 1172 4155 plebecula,
1222 4080 1588 4147 superstitioni
1630 4086 1829 4148 dedita,
1871 4080 2043 4155 ipsum

467 4150 607 4203 inter
635 4158 775 4203 astra
792 4151 846 4204 in
866 4153 1002 4205 caelo
1027 4153 1345 4223 collocatum
1369 4154 1530 4208 fuisse
1549 4150 1902 4217 existimavit;
1920 4160 2049 4223 ipsi-

466 4234 568 4285 que
618 4229 895 4285 propterea
926 4222 1136 4277 divinos
1162 4221 1395 4278 honores
1443 4226 1723 4280 exhibuit:
1752 4228 1873 4280 hinc
1926 4221 2047 4283 dua:

468 4289 765 4361 Hesperiae,
810 4292 973 4346 altera
1028 4292 1308 4361 Hispania,
1350 4294 1515 4348 altera
1556 4296 1721 4349 Italia.
1759 4297 1909 4350 Prior
1942 4299 2045 4351 He-

467 4361 638 4435 speria
669 4360 861 4435 dicitur
889 4378 917 4415 a
944 4360 1493 4435 siderecognomine,
1523 4367 1660 4431 quod
1686 4381 1908 4435 regnum
1943 4369 2044 4423 hoc

466 4429 688 4493 Grascis,
713 4431 881 4485 instar
913 4433 1068 4500 hujus
1108 4429 1319 4495 sideris,
1350 4436 1418 4486 sit
1441 4429 1773 4492 occidentale
1797 4455 1811 4491 :
1835 4439 1901 4493 de
1943 4440 2043 4494 hac

468 4500 702 4570 loquitur
734 4503 977 4556 Horatius
1004 4517 1019 4554 ι
1049 4501 1253 4565 Carm.,
1282 4504 1373 4561 od.
1398 4503 1468 4559 56
1497 4524 1509 4559 :

651 4591 741 4650 Qui
760 4606 887 4642 nunc
904 4594 1143 4656 Hesperia
1159 4607 1327 4657 sospes
1349 4596 1409 4644 ab
1432 4597 1613 4647 ultima.

540 4669 810 4749 Posterior
856 4674 1108 4749 Hesperia
1161 4687 1382 4729 vocatur
1425 4693 1455 4731 a
1505 4678 1759 4745 praedicto
1810 4680 2047 4749 Hespero

467 4740 697 4818 A_tlantis
724 4740 1027 4818 lratre,_q'ui
1059 4762 1087 4797 a
1110 4760 1363 4818 germano
1388 4740 1589 4814 pulsus.
1625 4750 1825 4804 Italiam
1854 4740 2043 4818 tenuit,

468 4811 623 4892 eique
653 4828 844 4892 neuneu
881 4814 1139 4892 _sive_a_se
1182 4816 1292 4892 sive
1321 4833 1349 4869 a
1376 4811 1471 4870 sua
1505 4823 1671 4892 patria
1706 4811 2044 4892 desumptuni

470 4882 748 4949 imposuit.
781 4882 857 4937 De
885 4885 981 4938 hac
1004 4882 1148 4954 Virg.
1184 4885 1307 4940 ZEn.
1333 4902 1373 4951 ι,
1405 4904 1455 4941 v.
1487 4882 1595 4944 534
1626 4908 1639 4943 :

588 4970 673 5020 Est
691 4970 844 5034 locus,
868 4972 1159 5033 Hesperiam
1185 4975 1340 5025 Graeci
1364 4981 1653 5039 cognomine
1675 4980 1855 5031 dicunt.

542 5052 714 5131 Poetis
743 5053 1009 5131 He~pe_r_us
1039 5055 1090 5131 in
1114 5056 1652 5131 stellamconversns.
1678 5076 1798 5129 quae
1822 5064 2046 5131 quibus-

467 5122 586 5175 dam
621 5123 819 5189 Venus,
876 5124 994 5177 aliis
1026 5126 1243 5178 Aurora!
1285 5127 1443 5181 lilius.
1475 5129 1604 5183 Cum
1636 5122 1811 5185 autem
1840 5122 2046 5189 'iisdem

468 5194 639 5261 poetis
664 5193 754 5247 Sol
802 5195 1093 5265 quadrigis,
1120 5195 1267 5249 Luna
1308 5198 1443 5270 bigis
1474 5202 1727 5266 vehatur,
1783 5203 2048 5270 Hesperus

468 5278 574 5317 uno
603 5279 843 5337 seorsum
875 5281 1013 5333 equo
1055 5270 1242 5330 utitur,
1289 5270 1380 5321 sed
1416 5269 1556 5322 hunc
1592 5272 1660 5324 ita
1693 5269 1942 5337 alternat,
1991 5285 2049 5331 ut

466 5349 625 5389 mane
667 5336 1024 5408 album,rsero
1068 5337 1271 5408 fuscum
1303 5340 1595 5392 ascendat:
1627 5351 1903 5408 pr0pterea
1938 5343 2044 5400 He-

466 5419 653 5474 sperus
678 5420 816 5460 nunc
838 5407 1032 5460 dicitur
1052 5406 1229 5461 solitas
1258 5410 1441 5461 iterum
1471 5406 1667 5463 mutare
1696 5406 1937 5467 habenas.

541 5475 877 5555 Philasopliis
917 5479 1445 5555 deniquellcsperus
1473 5481 1583 5532 sive
1612 5481 1787 5555 Venus
1813 5493 1897 5537 est
1934 5485 2049 5555 pla-

467 5548 743 5619 netuaqui
776 5562 868 5614 per
896 5550 1091 5600 caelum
1138 5549 1421 5616 liquidum,
1463 5562 1517 5603 ut
1546 5550 1710 5617 paleae
1749 5568 1842 5619 per
1880 5570 1909 5606 a
1936 5548 2047 5612 Tuas

469 5613 639 5685 abripi
668 5613 865 5679 solent,
894 5631 1078 5685 raptus
1123 5613 1279 5673 modo
1305 5613 1486 5685 supra,
1523 5613 1681 5673 modo
1707 5613 1845 5675 infra
1874 5626 2045 5681 solent

467 5684 546 5755 sic
558 5694 816 5747 movetur,
835 5700 909 5751 ut,
929 5684 1267 5741 emendicato
1282 5692 1408 5743 solis
1423 5692 1640 5755 lumine,
1660 5695 1906 5748 relucens
1928 5711 2049 5750 eas-

471 5753 592 5810 dem
640 5757 752 5813 fere
797 5771 929 5827 quas
967 5758 1088 5814 luna
1136 5760 1347 5817 luminis
1393 5753 1790 5822 vicissitudines
1831 5766 2040 5825 subeat.

1560 3160 1596 3222 ε.
1617 3158 1735 3193 nam
1765 3141 1975 3219 Cicero,
2008 3157 2040 3194 ιι
2072 3162 2118 3223 c

2156 1509 2414 1564 Fatentur
2440 1516 2615 1563 autem
2647 1508 2785 1563 hanc
2818 1509 3023 1563 stellam
3051 1510 3211 1564 modo
3246 1513 3509 1578 antegredi
3538 1516 3691 1570 orien.

2153 1588 2282 1645 tem,
2328 1579 2486 1632 modo
2510 1580 2761 1648 subsequi
2814 1580 3145 1634 occidentem
3195 1582 3358 1634 solem
3391 1600 3403 1635 :
3433 1584 3519 1635 scd
3560 1586 3603 1637 id
3628 1588 3692 1641 di.

2152 1665 2313 1726 verso
2341 1650 2499 1726 modo
2528 1651 2816 1715 explicant,
2848 1665 2942 1717 pro
2964 1650 3175 1704 diverso
3207 1653 3386 1705 mundi
3411 1666 3689 1726 systemate,

2150 1720 2219 1775 de
2249 1735 2354 1783 quo
2375 1720 2555 1773 dicere
2586 1736 2691 1773 non
2722 1731 2891 1773 vacat.

2071 1790 2122 1851 B
2219 1788 2440 1843 Constat
2481 1805 2611 1863 ergo
2641 1791 2775 1855 apud
2807 1805 2992 1863 omnes
3033 1791 3326 1863 Hesperum
3362 1794 3597 1863 subsequi
3623 1812 3696 1851 oc-

2147 1863 2413 1916 cidentem
2468 1861 2633 1913 solem
2668 1877 2681 1912 :
2726 1862 2866 1913 unde
2908 1877 3047 1914 nunc
3078 1862 3268 1914 merito
3317 1863 3508 1916 dicitur
3537 1861 3697 1931 prima

2153 1942 2379 1997 tempore
2404 1932 2568 1983 noctis
2594 1946 2743 2001 agere
2785 1932 3011 2001 algentes
3054 1942 3193 1983 ortus
3216 1949 3238 1996 ς
3266 1935 3378 1986 sive
3417 1935 3601 1989 ducere
3626 1954 3703 1989 uo-

2149 2012 2339 2055 cturna
2391 2001 2598 2062 sidera,
2635 2002 2844 2072 quibus
2896 2002 3240 2069 regnantibus
3292 2012 3429 2058 terra
3474 2005 3701 2072 frigescit.

2147 2073 2373 2144 Constat
2403 2072 2601 2139 pariter
2634 2071 2959 2144 bicil'erttiii,
2991 2072 3079 2139 qui
3121 2073 3259 2125 idem
3303 2075 3453 2126 sidus
3482 2071 3560 2129 est
3584 2078 3704 2144 quod

2151 2143 2443 2211 Hesperus,
2500 2142 2776 2207 antegredi
2830 2143 3095 2197 orientem
3147 2147 3318 2197 solem
3363 2147 3543 2197 :unile
3589 2142 3705 2200 nime

2147 2215 2352 2280 optime
2381 2212 2575 2264 dicitur
2616 2213 2793 2264 solitas
2823 2213 3007 2265 iterum
3050 2224 3246 2267 mutare
3289 2215 3508 2268 habenas
3534 2216 3582 2268 iu
3611 2228 3706 2270 ortu

2151 2283 2317 2349 pbtzbi
2363 2282 2476 2354 sive
2519 2283 2668 2336 solis.
2714 2282 2882 2336 Palla
2925 2295 3099 2336 tamen
3132 2296 3350 2352 propter
3399 2286 3564 2354 tnajus
3590 2289 3709 2341 sutis

2149 2355 2371 2407 orientis
2404 2353 2605 2406 lumen.

2222 2425 2309 2477 H.
2346 2422 2421 2475 Tu
2471 2424 2768 2492 frondiﬂua:
2812 2424 3001 2493 frigore
3025 2423 3285 2495 brutum]
3321 2425 3405 2478 lli.
3443 2426 3619 2495 Agitur
3656 2427 3711 2482 de

2148 2494 2361 2555 diebus,
2418 2509 2643 2562 quorum
2676 2497 2955 2562 praecipuas
2984 2494 3127 2546 vices
3176 2494 3228 2547 in
3268 2494 3385 2547 hoc
3433 2494 3710 2557 versantur.

2149 2566 2287 2633 quod
2317 2565 2492 2618 hieme
2515 2565 2806 2627 breviores.
2826 2573 3011 2620 aestate
3034 2565 3300 2632 longiores
3324 2567 3452 2620 sint.
3476 2566 3711 2619 Nimirum

2152 2636 2269 2687 dies
2292 2634 2375 2686 hic
2404 2645 2485 2687 est
2516 2651 2662 2688 mora
2693 2635 2819 2688 solis
2844 2651 2998 2693 supra
3042 2645 3283 2688 nostrum
3316 2637 3637 2689 horizontem
3659 2637 3712 2689 ull

2151 2712 2271 2758 ortu
2303 2704 2368 2758 ad
2401 2719 2647 2758 occasum
2680 2705 3104 2773 progredientis:
3138 2721 3306 2772 quare
3340 2723 3443 2759 nox
3477 2706 3595 2761 huic
3628 2707 3717 2760 diei

2152 2776 2396 2842 opposita
2423 2786 2506 2829 est
2537 2791 2683 2828 mora
2717 2776 2956 2843 ejusdem
2992 2776 3119 2829 solis
3150 2775 3286 2829 infra
3326 2788 3563 2831 nostrum
3595 2780 3717 2830 horic

2159 2856 2366 2899 Zoittem
2400 2846 2467 2899 ab
2496 2861 2686 2897 occasu
2721 2848 2771 2897 in
2802 2858 2975 2899 ortum
3009 2846 3385 2913 regredientis.
3420 2850 3547 2901 Cum
3579 2849 3718 2913 igitur

2153 2918 2229 2968 sol
2265 2931 2369 2967 non
2412 2916 2600 2983 aequali
2632 2931 2843 2982 semper
2875 2917 3156 2969 intervallo
3186 2932 3214 2967 a
3245 2918 3459 2971 duobus
3491 2920 3619 2985 polis
3654 2920 3720 2971 di-

2154 2997 2299 3037 stans
2335 2996 2528 3040 terram
2553 2988 2863 3049 circumeat,
2891 2986 2981 3038 sed
3012 3002 3397 3055 nonnunquam
3417 2990 3481 3040 ad
3504 2999 3717 3043 austrum

2154 3058 2344 3120 magis.
2376 3057 2663 3123 aliquando
2699 3058 2865 3119 magis
2892 3056 2954 3108 ad
2983 3056 3286 3123 aquilonem
3323 3059 3567 3121 act-edat,
3590 3074 3723 3113 seen-

2152 3136 2240 3180 tus
2262 3129 2471 3186 orhem,
2504 3125 2592 3190 qui
2620 3128 2867 3179 zodiacus
2890 3127 3105 3185 dicitur,
3129 3138 3412 3193 propterea
3446 3130 3560 3181 dies
3585 3129 3724 3181 modo

2153 3198 2365 3250 brevior
2385 3206 2485 3261 est,
2520 3196 2677 3249 modo
2701 3197 2926 3263 longior.
2952 3197 3171 3249 Brevior
3196 3208 3282 3251 est
3311 3204 3428 3252 sole
3456 3202 3723 3253 accedente

2156 3266 2219 3319 ad
2273 3276 2532 3327 anstrum,
2582 3267 2721 3334 quod
2774 3268 2830 3319 lit
2877 3267 3291 3333 abaequinoctio
3324 3271 3616 3322 autumnali
3665 3272 3721 3323 ad

2151 3336 2440 3389 solstitium
2486 3336 2798 3399 hibernum,
2844 3337 3043 3389 δρίιίοθι
3077 3352 3103 3388 a
3138 3339 3406 3405 vige~imo
3448 3344 3601 3393 tertio
3641 3340 3725 3394 Sc-

2155 3408 2409 3473 ptembris
2445 3407 2509 3459 ad
2541 3407 2847 3475 vigesimum
2889 3410 3180 3460 secundum
3218 3409 3538 3463 Decembris
3564 3428 3577 3463 :
3600 3409 3725 3477 quod

2154 3488 2357 3539 tempus
2388 3479 2545 3541 vulgo
2574 3478 2870 3544 appellatur
2914 3476 3110 3537 bruma,
3141 3493 3167 3528 a
3202 3479 3476 3533 brevitate
3513 3476 3726 3541 dierum,

2152 3559 2205 3600 nt
2230 3546 2303 3601 ait
2318 3545 2542 3600 Vossius
2569 3557 2683 3611 post
2712 3547 3001 3617 Varronem
3024 3555 3075 3599 et
3098 3546 3319 3602 Festum
3347 3567 3503 3617 ;qnaa
3528 3562 3729 3615 propter

2152 3632 2423 3670 recessum
2478 3617 2607 3669 solis
2652 3628 2703 3670 et
2751 3616 2935 3681 frigida
2969 3627 3069 3671 est.
3120 3628 3173 3670 et
3200 3616 3437 3674 arbores
3469 3620 3731 3675 frondibus

2151 3687 2315 3762 exuit.
2342 3687 2504 3762 Hinc
2544 3687 2765 3762 dicitur,
2819 3688 2895 3739 'l‘u
2942 3688 3236 3762 frortdiflum
3293 3694 3496 3762 frigore
3536 3696 3731 3753 bnmur,

2153 3756 2378 3826 Siringis
2408 3758 2569 3810 lucem
2601 3759 2821 3809 breviore
2841 3773 3003 3810 mora.
3039 3758 3266 3825 Longior
3294 3756 3485 3815 autem
3510 3776 3591 3816 est
3632 3764 3735 3816 sole

2150 3829 2439 3899 accedente
2469 3828 2531 3899 ad
2564 3828 2888 3896 aquilonem,
2921 3828 3061 3897 quod
3094 3828 3150 3881 lit
3176 3830 3241 3882 ab
3275 3835 3611 3899 aequinoctio
3632 3847 3740 3885 ver-

2152 3912 2221 3973 no
2248 3898 2326 3973 ad
2346 3898 2631 3973 solstitium
2656 3900 2920 3960 aestivum,
2952 3898 3197 3973 videlicet
3226 3915 3253 3951 a
3274 3906 3560 3973 rvigesimo
3581 3906 3738 3973 primo

2153 3968 2326 4041 lliartii
2359 3969 2421 4019 ad
2463 3968 3107 4041 vigesimumsecundnm
3141 3969 3312 4034 Junii,
3348 3968 3459 4041 quo
3510 3968 3738 4037 tempore

2152 4037 2341 4104 incipit
2360 4047 2519 4091 aestas
2536 4039 2728 4101 calida,
2748 4038 2990 4102 adeoque
3013 4048 3197 4093 noctes
3221 4037 3571 4097 brevissimae
3592 4054 3738 4098 sunt:

2153 4118 2433 4178 propterea
2464 4122 2605 4160 nunc
2635 4108 2861 4161 dicitur:
2892 4108 2966 4161 Tu
2995 4125 3111 4161 cum
3140 4111 3341 4178 fervida
3365 4118 3563 4167 venerit
3585 4126 3739 4177 testas,

2152 4176 2326 4302 iiigiles
2350 4179 2511 4231 noctis
2540 4178 2728 4232 dividis
2751 4179 2926 4235 horas.
2962 4178 3049 4234 Sic
3075 4176 3297 4237 0vidius
3326 4182 3499 4240 Trist.
3535 4184 3575 4241 i.
3598 4202 3652 4252 v,
3676 4176 3741 4239 el.

2271 4338 2516 4410 Neglttiihi
2537 4342 2789 4389 solstitium
2814 4341 3071 4410 quidquau
3103 4344 3168 4391 de
3193 4348 3430 4410 noctibus
3448 4348 3636 4410 aufert,

2339 4400 2496 4450 Eliicit
2521 4410 2754 4462 angustos
2776 4400 2870 4451 nec
2893 4400 3006 4452 mihi
3028 4406 3193 4453 bruma
3214 4406 3347 4457 dies.

2224 4483 2321 4537 Hic
2343 4483 2447 4539 duo
2464 4486 2739 4539 observari
2759 4495 3028 4552 poterunt.
3053 4487 3289 4542 Primum
3316 4493 3547 4556 quidem
3572 4491 3745 4546 vocem

2071 4535 2126 4595 D
2155 4535 2316 4631 hanc,
2345 4535 2663 4623 bonum,
2697 4535 3075 4631 acting-“sisi;
3097 4535 3749 4631 ira"‘tt'étit"i:.”;;;t;;‘;.;i

2153 4625 2405 4701 antiquos
2444 4636 2714 4701 auctores,
2755 4628 3085 4701 aptissimam
3120 4642 3292 4684 tamen
3328 4647 3462 4688 esse
3495 4636 3563 4687 ad
3600 4625 3749 4701 Signi-

2163 4695 2434 4774 licandum
2459 4695 2509 4748 id
2549 4698 2689 4765 quod
2738 4697 2977 4764 pluribus
3005 4704 3270 4767 expressit
3310 4702 3509 4774 Virgil.
3542 4695 3747 4761 Aineid.

2148 4776 2223 4831 vr,
2252 4780 2302 4824 ν,
2336 4766 2438 4819 509
2468 4782 2481 4819 :

2275 4856 2427 4927 Quam
2448 4855 2598 4927 multa
2625 4858 2677 4927 iq
2696 4857 2832 4927 silvis
2854 4861 3068 4909 autumni
3089 4860 3270 4923 frigore
3299 4868 3472 4927 primo

2273 4915 2426 4979 Lapsa
2455 4920 2633 4967 cadunt
2654 4918 2781 4968 folia.

2156 4997 2362 5055 Deinde
2390 5001 2569 5065 horas,
2618 5016 2680 5056 ex
2724 5002 2917 5071 quibus
2956 5004 3068 5058 sive
3093 5006 3207 5059 dies
3235 5006 3359 5063 sive
3393 5027 3510 5066 nox
3551 5011 3756 5065 brevior

2156 5075 2517 5147 componitur,
2561 5076 2746 5147 vocari
2769 5074 2925 5147 agiles
2953 5074 3064 5128 sive
3098 5088 3371 5147 promptas
3407 5096 3427 5134 :
3458 5083 3586 5147 quia
3620 5082 3756 5134 hoia:

2155 5140 2382 5218 duplicis
2417 5153 2540 5218 sunt
2569 5144 2779 5218 generis
2804 5140 2820 5195 ξ
2854 5143 2971 5196 alia:
2999 5140 3254 5218 atquales,
3300 5150 3434 5203 alia!
3469 5140 3758 5218 inaequales

2156 5214 2297 5264 inter
2321 5228 2400 5267 se.
2438 5211 2696 5280 Eqnales
2725 5213 2965 5266 dicuntur
3000 5211 3102 5267 illie
3150 5234 3265 5283 qua:
3289 5223 3418 5274 sive
3449 5211 3633 5276 hieme
3655 5225 3757 5275 sive

2156 5290 2342 5337 testate
2375 5286 2645 5351 sexaginta
2674 5298 2903 5359 semper,
2924 5294 2980 5359 ut
3012 5288 3175 5359 aiunt,
3209 5290 3433 5344 minutis
3466 5294 3757 5359 aequalibus

2156 5361 2444 5431 constant:
2474 5368 2575 5431 qua
2607 5353 2812 5406 ratione
2833 5354 3057 5431 dicimus
3081 5358 3246 5431 solem
3267 5374 3385 5431 per
3418 5353 3611 5431 viginti
3636 5377 3759 5430 qua-

2160 5431 2286 5473 tuor
2316 5425 2473 5501 ltoras
2511 5426 2585 5501 ab
2614 5439 2720 5475 uno
2767 5425 2884 5475 caeli
2929 5436 3123 5501 punctq
3154 5428 3217 5501 ad
3264 5425 3419 5484 idem
3454 5425 3754 5501 {egressum

2162 5501 2328 5545 totam
2359 5494 2669 5546 circuivisse
2719 5504 2938 5565 terram.
2982 5495 3271 5565 lnaqnales
3319 5510 3463 5555 Vero
3514 5494 3756 5557 dicuntur

2160 5578 2301 5628 qutr,
2328 5577 2446 5615 cum
2476 5564 2580 5615 sint
2604 5564 2913 5617 duodecima
2936 5564 3137 5618 tantum
3164 5569 3273 5621 sive
3298 5573 3416 5626 diei
3446 5576 3567 5628 sive
3591 5576 3757 5628 noctis

2162 5647 2319 5706 pars,
2338 5633 2702 5686 crescentibus
2719 5635 3251 5706 decrescentibusque
3280 5642 3409 5696 sive
3434 5645 3632 5700 diebus
3647 5646 3754 5698 sive

2162 5703 2406 5755 nectibus
2431 5718 2675 5756 crescere
2706 5704 2900 5756 debent
2926 5716 2976 5758 et
3006 5703 3347 5765 decrescere.

2237 5772 2321 5826 l8.
2360 5772 2466 5827 Tua
2493 5775 2566 5828 vis
2592 5774 2786 5829 varium
2809 5783 3053 5847 temperat
3079 5780 3316 5854 annum]
3349 5784 3449 5842 IV.
3482 5790 3677 5859 Agitur
3693 5786 3757 5842 de
