3984 6382
481 410 588 461 64ῗὶ

1705 400 1814 456 AN.
1857 400 2066 458 MANL.
2108 399 2264 458 SEV.
2311 400 2536 456 BOETII
3619 401 3706 458 644

481 525 561 592 agi
589 532 614 559 ει
637 521 826 585 frenis,
859 526 1016 589 atque
1047 518 1350 587 obtempera
1363 533 1420 572 re
1440 515 1470 555 δ
1493 515 1736 586 iustitiae,
1767 529 1974 569 summa
2004 515 2066 568 Ii-
2096 522 2146 580 Α
2175 516 2240 571 tis
2269 516 2450 572 sedem
2479 515 2713 587 requiro.
2743 513 2798 568 In
2825 528 2924 580 qua
2950 528 3071 569 non.
3095 513 3287 582 libros,
3316 514 3405 571 sed
3427 513 3476 570 id
3503 518 3630 588 quod
3655 520 3709 574 li-

482 615 660 668 bertas
701 624 802 668 est.
850 613 928 665 An
962 615 1174 680 ignoras
1216 611 1358 663 illam
1389 610 1406 640 ί
1437 620 1539 664 tuae
1574 619 1596 646 ο
1639 608 1870 662 civitatis
1920 606 2062 661 anti-

482 707 788 775 quissimam
820 706 1017 772 legem,
1050 719 1150 772 qua
1182 702 1442 756 sancitum
1468 711 1583 767 est,
1614 701 1663 756 ei
1691 699 1779 769 jus
1808 698 2060 753 exsulare

481 813 588 851 non
617 810 766 862 esse,
797 797 1038 865 quisquis
1066 795 1117 848 in
1161 810 1226 848 ea
1273 794 1454 848 sedem
1500 791 1725 848 fundare
1773 789 2063 846 maluerit?

481 888 590 960 74.
616 889 743 942 Nam
767 890 787 918 ³
809 889 896 957 qui
924 884 954 926 ά
1007 887 1148 940 vallo
1175 886 1291 956 ejus
1317 900 1381 940 ac
1411 885 1709 940 munimine
1731 883 2060 946 continetur,

482 983 661 1036 nullus
691 988 864 1034 metus
885 989 987 1044 est,
1021 995 1086 1033 ne
1106 979 1257 1033 eXsul
1279 992 1396 1033 esse
1422 987 1710 1032 mereatur.
1760 977 1831 1031 At
1866 973 1888 1006 ³
1920 974 2068 1042 quis-

483 1075 598 1144 quis
645 1074 944 1127 inhabitare
984 1087 1100 1126 eam
1133 1073 1271 1126 velle
1314 1072 1565 1136 desierit,
1616 1071 1814 1138 pariter
1858 1067 2066 1123 desinit

483 1170 642 1225 etiam
691 1168 906 1223 mereri.
940 1167 961 1198 ³
1015 1169 1192 1236 Itaque
1219 1167 1241 1198 ⁸
1299 1181 1403 1220 non
1436 1175 1541 1220 tam
1584 1178 1670 1219 me
1700 1162 1801 1218 loci
1850 1161 2008 1229 hujus
2044 1168 2067 1195 ε

484 1277 641 1331 quam
687 1269 773 1315 tua
823 1261 982 1315 facies
1031 1269 1230 1316 movet.
1279 1260 1301 1292 °
1355 1260 1464 1316 Nec
1508 1256 1847 1316 bibliothecae
1894 1253 2070 1322 potius

485 1366 726 1427 comptos
755 1358 915 1414 ebore
941 1374 1003 1414 ac
1034 1359 1178 1413 vitro
1209 1359 1290 1430 (5)
1319 1359 1570 1429 parietes,
1601 1371 1760 1429 quam
1789 1364 1896 1411 suae
1919 1369 2068 1408 men-

2166 619 2278 673 bris
2302 620 2530 689 pretium
2555 618 2699 685 facit,
2720 617 2976 672 librorum
3006 615 3272 686 quondam
3302 613 3320 654 ί
3354 633 3580 674 meorum
3600 636 3711 676 sen-

2166 723 2360 779 tentias
2385 721 2664 776 collocavi.
2693 717 2798 792 75
2823 719 2887 773 Et
2918 729 2971 772 tu
2992 718 3209 788 quidem
3231 719 3252 749 "
3301 718 3368 774 de
3401 720 3500 774 luis
3522 723 3568 774 in
3591 737 3714 777 com-

2168 839 2328 880 mune
2358 825 2561 879 bouum.
2585 821 2790 876 meritis
2821 835 2942 876 vera
2969 821 3183 890 quidem
3208 864 3223 890 ,
3255 819 3347 876 sed
3379 835 3472 890 pro
3503 824 3719 880 multitu-

2167 925 2295 986 dine.
2310 933 2578 995 gestorum
2603 931 2626 969 ε
2653 920 2746 975 tibi
2793 934 2958 989 pauca
2979 919 3178 976 dixisti.
3206 921 3227 952 ⁸
3277 921 3349 977 De
3370 920 3675 990 obiectorum
3694 922 3719 964 δ

2177 1027 2266 1080 tibi
2287 1027 2364 1080 vel
2383 1025 2660 1078 honestate
2675 1021 2757 1075 vel
2780 1020 3029 1084 falsitate,
3047 1021 3257 1074 cunctis
3275 1029 3396 1074 nota
3419 1026 3715 1080 memorasti.

2174 1134 2194 1165 °
2250 1127 2327 1182 De
2373 1124 2666 1179 sceleribus
2719 1120 3101 1190 fraudibusque
3152 1120 3446 1175 delatorum
3497 1134 3630 1177 recte
3673 1136 3719 1178 tu

2175 1229 2386 1300 quidem
2419 1237 2432 1264 ι
2467 1223 2690 1279 strictim
2730 1220 3093 1290 attingendum
3140 1223 3364 1290 putasti,
3407 1221 3488 1294 (5)
3516 1223 3644 1292 quod
3667 1240 3717 1278 ea

2179 1332 2369 1388 melius
2413 1322 2777 1393 uberiusquel
2816 1321 3256 1392 recognoscentis.
3274 1323 3450 1380 omnia
3486 1324 3614 1395 vulgi
3642 1340 3719 1380 ore

1827 1455 2401 1524 INTEBPRETATIO.

561 1592 586 1621 ⁸
619 1583 864 1641 Habenis.
893 1583 949 1636 id
974 1592 1047 1637 est
1072 1583 1303 1653 imperio.

559 1654 588 1693 δ
618 1654 852 1722 Legibus.

561 1736 585 1764 ο
622 1725 796 1777 liontte
821 1734 865 1776 et
887 1724 1018 1778 caeli.

558 1793 587 1834 σι
622 1795 892 1848 Ρνωεὶάὶο.

560 1877 575 1905 '-
619 1865 798 1932 Ticini,
835 1866 920 1919 ubi
953 1875 1003 1919 te
1028 1863 1162 1918 dicis
1187 1864 1455 1918 exsulare.

2098 1851 2149 1915 Β

2254 1570 2272 1609 τ
2313 1564 2805 1635 Philosophicorum.

2247 1652 2276 1751 ξ
2311 1641 2503 1785 ἑξέτη
2523 1721 2640 1785 quia
2661 1707 2783 1759 vitio
2810 1702 3148 1759 vertebantur.

2254 1784 2271 1822 ί
2304 1781 2668 1849 Compressius.

2253 1857 2266 1905 i
2307 1848 2709 1906 Considerantis.

2019 1970 2247 2029 ΝΟΤΕ.

490 2092 646 2148 etiam
679 2090 817 2160 quod
849 2089 1006 2144 faciat
1037 2089 1229 2142 bonutn
1261 2087 1598 2160 siveidivinw
1621 2089 1838 2160 justitite
1874 2088 2062 2142 obtem-

491 2173 647 2231 peret,
671 2159 891 2214 servans
914 2159 1164 2214 nimirum
1191 2161 1358 2231 legem
1387 2159 1475 2231 Dei
1505 2162 1725 2213 honesta
1752 2159 2082 2222 imperantis.

490 2229 545 2288 et
588 2231 915 2297 prohibentis
956 2230 1242 2286 contraria.
1294 2230 1399 2283 Lex
1437 2229 1677 2294 Domini,
1734 2234 1866 2297 psal.
1907 2245 2063 2291 xvnt,

491 2304 818 2356 imma'ulata
873 2312 1161 2354 convertens
1201 2302 1431 2363 annuas;
1473 2303 1809 2354 testimonium
1859 2299 2068 2353 Domini

492 2375 670 2442 fidele,
699 2372 997 2442 sapientia»:
1037 2381 1284 2442 prmstans
1322 2371 1582 2440 parvulis;
1615 2371 1830 2441 justitim
1865 2369 2069 2423 Domini

492 2454 660 2497 recite.

567 2517 584 2546 ¹
615 2514 737 2566 Tute
777 2513 992 2563 civitatis
1031 2512 1438 2580 antiquissimam
1478 2511 1683 2582 leqem.]
1729 2510 2072 2582 Philosophia

494 2585 686 2652 duplici
717 2583 1108 2651 signiﬁcatione
1139 2584 1293 2649 hujus
1325 2582 1468 2634 vol-is
1496 2585 1671 2634 civitas
1705 2593 1878 2640 tttetts.
1908 2581 2075 2652 iduu-

498 2651 579 2708 lat
600 2653 737 2724 quod
764 2664 814 2706 et
843 2652 1024 2706 Roma:
1047 2660 1108 2724 et
1137 2656 1292 2724 malo,
1341 2657 1478 2724 unde
1521 2654 1778 2706 oriundus
1828 2651 2068 2717 Boetius,

494 2722 662 2794 possit
683 2725 990 2778 convenire.
1035 2723 1248 2777 Scilicet
1277 2722 1663 2794 anliqttissittiaa
1707 2725 1887 2775 Roma:
1931 2725 2074 2790 leges

497 2793 766 2850 neminem
812 2793 985 2847 Ciailli
1016 2794 1338 2845 damnabunt
1368 2811 1378 2843 :
1415 2797 1550 2845 unde
1575 2793 1780 2847 Tullius
1822 2809 1916 2861 pro
1959 2795 2076 2846 (la:-

496 2867 650 2921 ciuna
679 2882 692 2920 :
721 2865 997 2925 Exsilium,
1022 2863 1650 2932 inquit,noniupplicium
1674 2874 1746 2917 est
1770 2865 1875 2924 sed,
1905 2865 2077 2930 perfu-

496 2941 658 3007 gium,
702 2948 972 3007 portusque
991 2935 1228 3004 supplicii
1241 2948 1271 3007 _:
1306 2950 1421 3007 nam
1443 2937 1532 3002 qui
1552 2935 1724 3007 volunt
1756 2949 1954 3004 plenam
1985 2934 2078 2986 ali-

496 3004 651 3073 quam
679 3004 1023 3074 subterfugere
1050 3015 1135 3056 aut
1167 3004 1530 3067 calamitatem,
1563 3022 1620 3058 eo
1651 3005 1814 3058 solum
1841 3015 2076 3067 vertunt;

499 3080 593 3130 hoc
627 3087 698 3130 est
739 3076 906 3128 sedem
937 3087 984 3129 et
1030 3079 1193 3127 locum
1223 3083 1418 3126 mutant
1449 3092 1466 3126 :
1496 3078 1665 3145 itaque
1700 3077 1845 3128 nulla
1880 3077 1930 3126 in
1971 3076 2078 3143 lege

497 3158 670 3201 nostra
696 3149 993 3216 reperietur,
1025 3156 1079 3197 ut
1118 3147 1255 3214 apud
1283 3155 1489 3207 emeras
1522 3148 1747 3198 civitates
1771 3145 2077 3213 male/icium

498 3219 663 3272 ullum
691 3219 868 3270 exsilio
899 3233 1006 3269 esse
1029 3218 1319 3268 multatum.
1350 3221 1416 3268 At
1445 3217 1680 3270 cmlestis
1720 3217 1903 3284 patria:
1935 3218 2076 3284 leges

2170 2084 2212 2137 l.
2251 2077 2466 2135 Boetius
2491 2073 2773 2145 quaesierat
2803 2089 2814 2123 :
2851 2070 3151 2145 Nihilneje
3191 2071 3302 2142 ipsa
3346 2071 3442 2145 loci
3471 2070 3616 2145 facies
3640 2086 3725 2122 mo-

2173 2152 2289 2206 vet?
2336 2140 2620 2215 respondet
2649 2144 2986 2209 Philosophia
3019 2158 3032 2195 :
3070 2140 3190 2215 Non
3211 2140 3358 2215 tam,
3390 2143 3572 2215 inquit,
3601 2156 3728 2215 quam

2177 2236 2262 2278 tua
2287 2212 2462 2292 facies,
2478 2218 2530 2271 in
2554 2213 3169 2292 qua,velut‘in_speculo,
3197 2213 3391 2265 mentis
3414 2220 3514 2292 tua:
3533 2212 3727 2277 dejectio

2180 2282 2390 2347 videtur
2419 2307 2430 2343 :
2463 2282 2601 2357 quod
2643 2293 2786 2357 tanta
2836 2284 3192 2357 Philosophiae
3236 2298 3341 2337 non
3384 2282 3452 2335 sit
3492 2297 3609 2336 cura
3642 2290 3729 2357 ter-

2181 2379 2362 2427 rente,
2409 2353 2600 2427 quanta
2651 2354 2890 2409 cmleSIis
2919 2355 3441 2427 patrim;_nec_tanta
3486 2353 3728 2421 corporis,

2181 2424 2380 2502 quanta
2413 2424 2607 2502 mentis
2633 2443 2664 2502 τι.
2691 2427 2846 2478 natali
2879 2425 2994 2502 solo
3019 2424 3336 2502 exs-ultimis.

2256 2505 2276 2534 ⁸
2335 2501 2442 2555 Nec
2469 2496 2780 2553 bibliotheca-
2813 2491 3036 2566 potius}
3075 2492 3133 2546 ll.
3173 2496 3388 2546 Boetius
3434 2493 3730 2566 qutesierat:

2185 2574 2426 2628 Htecriue
2453 2580 2524 2624 est
2554 2563 2852 2622 bibliotheca
2895 2563 3048 2632 quam
3091 2566 3422 2617 certissimam
3463 2565 3546 2616 tibi
3593 2563 3734 2621 sedeat

2189 2649 2374 2698 nostris
2398 2645 2446 2695 in
2467 2641 2680 2694 Laribus
2699 2638 2810 2703 ipsa
2832 2637 3088 2705 delegeras
3104 2636 3126 2686 ?
3143 2636 3372 2696 lieponit
3396 2634 3728 2700 Philosophia:

2185 2716 2306 2768 Non
2339 2726 2462 2774 tam,
2491 2715 2584 2772 ait,
2619 2707 2949 2767 bibliothecre,
2978 2721 3128 2776 quam
3155 2707 3338 2758 mentis
3371 2715 3731 2776 tamentamen-

2185 2795 2266 2849 ta,
2305 2784 2578 2839 sententias
2599 2781 2791 2834 scilicet
2812 2775 3190 2849 philosophicas
3214 2777 3437 2843 requiro.
3467 2775 3720 2833 censuere

2186 2865 2307 2910 rant
2332 2865 2509 2908 autem
2553 2854 2679 2905 olim
2724 2859 2966 2916 potentes
2995 2862 3186 2904 ornatu
3227 2862 3358 2902 suns
3402 2849 3582 2903 domos
3605 2863 3735 2918 auro,

2185 2928 2380 2990 ebore,
2431 2933 2520 2976 aut
2568 2923 2760 2990 saltem
2801 2921 2960 2983 vitro,
3005 2935 3069 2973 eo
3099 2920 3304 2975 scilicet
3351 2920 3455 2974 line
3497 2935 3594 2986 quo
3621 2929 3732 2969 nunc

2185 2989 2372 3065 plures
2414 2993 2723 3063 magnificas
2754 2989 2952 3065 habere
2997 2990 3190 3065 mdes,
3221 3002 3531 3065 sumptuosa
3576 3001 3738 3065 parare.

2185 3060 2450 3128 convivia,
2479 3060 2759 3116 numerosa
2779 3061 3066 3114 satellitum
3093 3060 3241 3113 turba
3265 3061 3511 3114 comitari
3532 3060 3728 3128 student,

2185 3150 2244 3190 ut
2279 3141 2328 3190 itt
2353 3127 2562 3190 ceteris
2595 3133 2894 3185 hominibus
2923 3131 3358 3194 admirationem,
3395 3131 3649 3194 herrorem,
3677 3127 3728 3179 ti-

2186 3224 2389 3261 morem
2437 3216 2491 3261 et,
2538 3216 2762 3256 caeteras
2807 3201 3064 3266 ejusmodi
3114 3201 3471 3271 cogitationes
3513 3201 3730 3256 excitent.

500 3271 666 3342 multo
709 3287 883 3340 minus
924 3301 1187 3353 quemque
1225 3285 1402 3339 exsilii
1444 3271 1736 3338 damnant:
1769 3271 2076 3354 quicunque
2101 3279 2148 3341 C
2181 3281 2269 3333 Sic
2297 3277 2436 3348 Virg.
2472 3293 2484 3329 ι
2517 3272 2670 3336 Em,
2705 3290 2753 3325 ν.
2779 3271 2882 3325 729
2909 3290 2919 3323 :

499 3360 640 3414 enim
668 3360 801 3411 intra
829 3357 973 3422 regni
1002 3355 1236 3410 ctelestis
1267 3356 1460 3409 limites
1482 3357 1708 3410 voluerit
1735 3371 2069 3425 permanere,

499 3445 710 3483 summo
739 3428 880 3480 illius
911 3427 1038 3494 Regi
1083 3427 1464 3490 obsecuturus,
1512 3428 1600 3480 hic
1632 3443 1896 3496 nunquam
1924 3442 2075 3480 essu.

499 3501 628 3553 labit
655 3517 668 3552 :
694 3497 956 3564 siquidem
999 3512 1156 3549 nemo
1198 3496 1266 3548 ab
1312 3497 1400 3548 illo
1444 3512 1607 3566 regno
1649 3497 1752 3552 nisi
1782 3497 2072 3552 voluntaria

499 3585 677 3623 rerum
707 3568 1024 3622 caducarum
1069 3570 1566 3636 contrariarumque
1607 3569 1887 3622 affectione
1932 3585 2078 3623 arce—

501 3651 608 3693 tur.
633 3640 800 3692 Porro
825 3636 892 3690 de
915 3637 1132 3691 civitate
1160 3636 1366 3690 cretes-ti
1405 3638 1596 3705 passim
1627 3639 1862 3707 loquitur
1889 3639 1944 3693 S.
1975 3644 2076 3694 Au-

501 3712 743 3780 gustinus
773 3710 822 3762 in
854 3709 987 3780 libro
1013 3723 1168 3776 quem
1201 3707 1468 3776 inscripsit
1501 3711 1562 3761 de
1589 3709 1811 3780 Civitate
1831 3708 1944 3764 Dei.

572 3783 591 3812 ³
635 3781 736 3846 Qui
771 3779 908 3832 vallo
929 3782 1040 3845 ejus
1067 3780 1442 3850 acimunimine
1487 3778 1814 3850 continuum]
1873 3780 2076 3836 Vallum

501 3861 585 3905 est
613 3865 795 3905 murus
823 3864 854 3903 e
886 3860 1022 3902 terra
1042 3890 1057 3914 ,
1087 3849 1152 3900 ad
1201 3851 1355 3900 fossa!
1387 3866 1532 3902 main
1572 3849 1848 3919 aggestus,
1877 3853 2078 3907 crebris

501 3923 720 3976 sudibus
747 3926 860 3973 sive
891 3922 1024 3989 palis
1052 3919 1304 3971 munitus.
1336 3919 1602 3973 Munimeu
1634 3936 1760 3974 vero
1785 3927 2078 3989 generatim

503 3994 628 4046 illud
683 4008 841 4044 unum
879 4000 1174 4044 castrorum
1225 3992 1526 4055 praesidium
1569 4007 1674 4059 quo
1723 3992 1857 4045 hosti
1907 3995 2082 4047 aditus

499 4063 891 4135 pr.rcludatur:
925 4063 1040 4113 hinc
1069 4071 1247 4112 autem
1297 4076 1436 4135 nunc
1471 4063 1803 4125 accipiuntur
1848 4079 1951 4128 non
1995 4079 2085 4116 so-

503 4132 610 4188 lum
643 4134 875 4202 proprie,
906 4141 1165 4200 quatenus
1187 4132 1569 4199 intelliguntur
1598 4136 1663 4183 de
1695 4135 1858 4200 patria
1891 4149 2084 4203 corpo-

503 4206 610 4267 ris;
641 4204 734 4257 sed
763 4205 921 4254 etiam
950 4203 1174 4268 quadam
1207 4204 1452 4268 loquendi
1490 4205 1864 4266 translattone,
1898 4215 2082 4271 quate-

502 4291 602 4328 nus
641 4276 709 4326 de
735 4273 938 4327 cmiesti
971 4273 1162 4326 mentis
1207 4275 1370 4337 patria
1405 4274 1626 4340 intelligi
1673 4286 1910 4340 possunt.
1946 4272 2080 4328 Cum

501 4357 678 4398 autem
725 4344 938 4397 Boetius
981 4343 1469 4395 Christianissimus
1500 4343 1688 4407 fuerit,
1733 4344 1778 4396 is
1810 4347 2083 4398 nominato

503 4415 732 4470 civitatis
760 4414 998 4468 catlestis
1028 4415 1164 4466 vallo
1193 4412 1462 4468 Christum
1509 4417 1650 4466 cruci
1683 4418 1897 4468 allixum
1919 4456 1933 4479 ,
1967 4432 2082 4468 mtt-

504 4488 702 4541 nituitie
727 4500 851 4538 vero
880 4484 1100 4550 gratiam
1134 4498 1291 4551 quam
1322 4483 1565 4536 Christus
1591 4500 1684 4536 sua
1731 4496 1900 4540 morte
1931 4489 2084 4540 nobis

504 4557 829 4626 promeruit,
881 4556 1049 4621 potuit
1088 4555 1424 4621 intelligere:
1455 4554 1756 4623 quicunque
1794 4558 1933 4609 enim
1985 4559 2086 4612 hoc

505 4625 1036 4696 priesidiounuuitur,
1071 4627 1190 4676 huic
1219 4639 1319 4675 non
1353 4637 1432 4696 est
1465 4628 1786 4678 metuendum
1818 4643 1878 4679 ne
1902 4629 2086 4696 patria:

503 4694 715 4751 cmlestis
739 4694 885 4748 exsul
911 4711 1018 4747 esse
1043 4706 1312 4747 mereatur.
1349 4695 1458 4748 Hac
1488 4701 1596 4748 lere
1629 4701 1835 4750 ratione
1878 4694 2083 4751 Iccutus

503 4768 557 4823 Β.
589 4766 784 4820 Paulus
814 4768 875 4820 ad
921 4766 1119 4830 Epnes.
1151 4779 1200 4817 c.
1231 4780 1277 4816 vt
1308 4782 1319 4814 :
1350 4763 1753 4834 Confortamini,
1787 4769 1989 4834 inquit,
2032 4771 2082 4822 in

503 4840 724 4893 Domino
753 4847 799 4887 et
828 4838 880 4886 in
913 4837 1135 4902 potentia
1155 4836 1353 4886 virtutis
1379 4852 1508 4905 ejus.
1543 4838 1748 4891 Induite
1786 4855 1870 4890 vos
1911 4842 2082 4892 arma-

504 4921 671 4964 turam
703 4905 819 4967 Dei,
852 4916 905 4956 ut
935 4906 1134 4971 possitis
1162 4915 1295 4957 stare
1323 4907 1562 4960 adversus
1594 4909 1806 4961 insidias
1832 4910 2043 4964 diaboli.

575 4979 596 5010 ³
646 4977 886 5041 Quisquis
931 4977 1211 5027 inhabitare
1257 4993 1366 5029 eam
1423 4980 1548 5030 trelle
1598 4981 1836 5042 desierit,
1897 4981 2083 5034 desinit

504 5053 658 5106 etiam
687 5043 912 5116 mereri.]
944 5048 1053 5098 Non
1085 5047 1226 5098 enim
1260 5048 1480 5112 patriam
1521 5051 1795 5103 caelestem
1828 5052 2084 5104 inhabita-

504 5138 618 5176 mus
660 5133 1002 5184 meremurque
1041 5116 1141 5169 nisi
1184 5119 1316 5168 bona
1357 5120 1630 5174 voluntate
1664 5139 1676 5174 :
1711 5131 1870 5173 totum
1903 5122 2080 5186 habet,

505 5191 676 5261 inquit
715 5191 772 5242 S.
804 5191 940 5256 Aug.
975 5191 1010 5261 l_.
1047 5204 1076 5240 ι.
1102 5187 1332 5249 Homil.,
1364 5191 1544 5242 lioutil.
1578 5196 1630 5253 8,
1661 5193 1748 5259 qui
1778 5195 1959 5245 bonam
2003 5211 2087 5247 vo-

506 5256 751 5318 luntatem
775 5261 941 5330 habet.
972 5256 1096 5325 Ipsa
1120 5270 1189 5310 cst
1221 5274 1333 5326 qua:
1355 5269 1513 5322 potest
1544 5256 1769 5330 sufﬁcere
1787 5305 1800 5325 ,
1835 5265 1877 5314 si
1905 5277 2085 5317 cratera

506 5351 604 5388 non
644 5349 667 5385 s
691 5342 765 5386 nt.
812 5329 873 5384 Si
913 5341 1083 5402 autem
1116 5332 1224 5381 sola
1250 5331 1378 5402 desit
1399 5371 1411 5391 ,
1446 5332 1570 5383 nihil
1604 5329 1808 5397 prodest
1835 5336 2087 5402 quidquid

506 5406 734 5460 habitum
779 5402 948 5469 fuerit.
983 5400 1111 5455 Sola
1151 5400 1360 5468 suﬁicit,
1403 5405 1442 5452 si
1485 5405 1662 5456 adsit:
1694 5412 1872 5456 caetera
1916 5400 2087 5457 omnia

507 5476 637 5530 nihil
670 5483 900 5539 prosunt,
928 5475 971 5524 si
997 5473 1110 5526 sola
1139 5473 1360 5522 charitas
1387 5474 1532 5524 desit.

575 5547 598 5577 ⁸
650 5541 878 5613 Itaque.]
910 5543 1069 5599 Facta
1120 5554 1385 5595 mentione
1423 5545 1650 5610 duplicis
1673 5546 1876 5613 patrita,
1907 5545 2084 5614 dupli-

508 5619 687 5686 cisque
731 5625 1010 5686 propterea
1050 5614 1254 5673 exsilii,
1308 5623 1584 5682 positoque
1617 5615 1803 5686 horum
1844 5622 2083 5674 omnium

511 5684 834 5743 discrimine.
871 5684 1208 5751 Philosophia
1240 5687 1304 5735 iis
1333 5686 1602 5748 omnibus,
1633 5685 1701 5737 de
1719 5687 1914 5754 qubus
1946 5688 2080 5742 Boe-

511 5762 613 5812 tius
639 5770 791 5823 prosa
821 5756 856 5806 4
884 5756 1037 5826 hujus
1063 5756 1151 5826 ltb_.
1167 5766 1494 5817 conquestus
1523 5757 1710 5820 fuerat,
1729 5773 2073 5826 responsura,

513 5839 738 5896 optimas
769 5825 1022 5890 quasdam
1055 5824 1215 5896 infert
1243 5827 1635 5896 conclusiones.

581 5898 601 5928 ⁸
658 5895 774 5947 Νοη
818 5906 918 5945 tam
958 5911 1036 5948 me
1062 5896 1154 5947 loci
1195 5894 1349 5962 hujus
1371 5911 1521 5963 quam
1565 5906 1652 5951 tua
1685 5899 1842 5968 facies
1881 5903 2086 5974 movet.]

2308 3368 2384 3416 Fit
2415 3367 2649 3424 strepitus
2669 3364 2832 3424 tectis,
2860 3375 3130 3424 vocemque
3148 3375 3239 3424 per
3261 3362 3429 3424 ampla
3454 3361 3653 3412 volutant

2309 3431 2442 3478 Atria
2473 3443 2481 3475 :
2506 3425 2791 3488 dependent
2810 3426 2963 3484 lychni
2985 3425 3297 3488 laquearibus
3317 3426 3492 3473 aureis

2307 3487 2500 3540 incensi
2533 3503 2544 3538 :
2575 3487 2626 3536 et
2646 3495 2836 3537 noctem
2858 3488 3062 3535 ﬂammis
3080 3487 3256 3534 funalia
3281 3487 3503 3536 vincunt.

2254 3577 2342 3629 Sic
2388 3573 2666 3634 Horatius,
2702 3571 2881 3625 Carm.
2914 3569 2949 3624 Ι.
2979 3585 3014 3623 ιι
3037 3611 3053 3635 ,
3083 3569 3172 3624 od.
3207 3569 3296 3633 18,
3329 3570 3570 3638 seipsum
3607 3584 3633 3623 a
3661 3567 3740 3622 Po-

2185 3647 2420 3702 tentibus
2449 3643 2704 3704 secernit,

2522 3733 2632 3783 Non
2655 3734 2797 3790 ebur,
2825 3745 2987 3794 neque
3016 3745 3218 3782 aureum

2524 3797 2631 3845 Mea
2654 3796 2852 3848 renidet
2874 3796 2922 3842 in
2939 3794 3081 3844 domo
3098 3794 3314 3843 lacunar.

2255 3869 2274 3899 "
2337 3867 2408 3920 De
2439 3867 2538 3920 tuis
2581 3868 2634 3918 in
2663 3880 2926 3920 commune
2954 3869 3136 3917 bonum
3165 3861 3410 3933 meritis.]
3441 3862 3526 3919 lli.
3558 3862 3750 3933 Boetius:

2188 3939 2392 3994 dixerat
2423 3937 2622 3995 nullum
2649 3950 2709 3989 se
2737 3936 2802 3988 ad
2839 3935 3206 4002 magistratum
3238 3933 3337 3988 nisi
3371 3932 3642 3988 commune
3665 3932 3740 3983 bo-

2186 4024 2374 4063 norum
2406 4012 2642 4062 orantum
2672 4005 2905 4058 studium
2943 4005 3237 4072 impulisse.
3277 4004 3354 4057 Tu
3393 4006 3515 4058 mihi
3537 4047 3550 4070 ,
3579 4002 3740 4070 inquit,

2186 4091 2230 4133 et
2259 4081 2340 4142 qui
2378 4091 2424 4130 te
2461 4077 2764 4144 sapientium
2791 4077 3040 4128 mentibus
3068 4077 3280 4128 inseruit
3323 4075 3469 4128 Deus
3491 4117 3504 4134 .
3545 4073 3740 4132 conscii,

2186 4150 2387 4203 nullum
2433 4163 2511 4200 me
2551 4149 2618 4198 ad
2649 4149 3033 4215 magistratum,
3079 4147 3173 4198 nisi
3213 4161 3490 4199 commune
3528 4144 3741 4215 bonorum

2187 4220 2412 4272 omnium
2450 4220 2675 4275 studium
2721 4211 2956 4274 detulisse
2987 4231 3006 4270 :
3041 4216 3374 4284 reapondeus
3425 4211 3738 4277 Philosophia

2187 4290 2240 4344 id
2272 4305 2377 4342 non
2412 4288 2606 4341 fatetur
2638 4287 2825 4351 modo,
2857 4287 2950 4340 sed
2988 4287 3145 4340 etiam
3174 4297 3460 4354 exaggerat
3487 4303 3501 4342 :
3535 4285 3606 4337 De
3629 4284 3738 4345 tuis,

2187 4363 2283 4424 ait,
2318 4361 2370 4413 in
2405 4375 2672 4412 commune
2699 4359 2885 4410 bonum
2929 4358 3120 4410 meritis
3150 4372 3268 4409 vera
3290 4358 3497 4426 quidem
3510 4394 3530 4419 .,
3555 4354 3636 4408 sed
3666 4365 3744 4422 prs

2187 4432 2516 4484 multitudine
2546 4443 2795 4494 gestorum
2821 4427 2911 4480 tibi
2937 4444 3096 4494 pauca
3118 4428 3316 4480 dixisti.

2259 4503 2280 4532 ⁸
2347 4501 2420 4553 De
2445 4487 2758 4568 obiectorum
2802 4499 2890 4550 tibi
2924 4487 2999 4552 uel
3046 4498 3336 4568 honestate,
3385 4499 3463 4552 uel
3501 4487 3744 4568 falsitate-.1

2192 4571 2280 4626 IV.
2311 4567 2523 4626 Boetius
2544 4572 2817 4623 addiderat
2843 4568 2942 4622 sibi
2965 4568 3175 4635 objecta
3199 4567 3360 4624 fuisse
3378 4583 3500 4626 cum
3525 4567 3739 4625 Ιιοιιθειλ

2117 4666 2165 4725 D
2193 4652 2302 4725 tum
2338 4643 2464 4696 falsa
2494 4659 2510 4723 :I
2541 4643 2765 4725 honesta
2789 4640 3028 4720 quidem,
3063 4649 3118 4725 ut
3146 4641 3286 4725 quod
3316 4639 3744 4725 inpatientem?-

2197 4723 2377 4766 natum
2411 4713 2706 4779 majestatis
2741 4706 2968 4764 crimine
2998 4709 3322 4776 postulatum
3357 4706 3659 4780 defenderit
3691 4716 3747 4756 ao

2194 4783 2503 4837 liberaverit
2530 4801 2541 4836 :
2575 4782 2842 4846 Senatum,
2875 4780 3066 4848 inquit.
3097 4781 3316 4832 dicimur
3342 4781 3744 4834 salvumessevo-

2195 4856 2351 4907 luisse
2375 4869 2393 4906 :
2426 4855 2551 4906 l'alsa
2585 4869 2728 4914 vero,
2764 4863 2819 4904 ut
2845 4847 2984 4918 quod
3014 4852 3232 4918 magicis
3256 4851 3466 4905 artibus
3486 4847 3741 4918 studeret:

2197 4926 2272 4976 Ub
2299 4924 2561 4983 ambitum.
2594 4925 2688 4986 ait,
2721 4916 2985 4990 dignitatis
3012 4916 3280 4989 sacrilegio
3307 4935 3385 4974 nte
3413 4916 3744 4990 conscientias:

2196 4996 2441 5062 polluisse
2467 4997 2658 5047 mentiti
2682 4987 2798 5044 sunt
2822 5008 2840 5045 :
2863 4993 3054 5060 quibus
3079 4987 3416 5060 respondens-
3432 4987 3746 5062 Philosophi}

2193 5056 2386 5122 asserit
2414 5066 2682 5119 neminem
2713 5056 2991 5116 latere-illa
3019 5071 3072 5122 et
3111 5056 3332 5121 honesta
3354 5073 3408 5118 et
3437 5062 3596 5115 falsa:
3624 5056 3742 5111 Cun-

2194 5138 2308 5199 ctis,
2343 5135 2530 5202 inquit,
2562 5147 2677 5187 nota
2702 5134 3010 5188 memorasti.

2262 5195 2306 5238 θ’
2343 5195 2706 5258 θέκειενέὸηδ
2729 5201 3446 5274 [rudibusque-delatorum]
3469 5195 3744 5274 V._Boetioii

2191 5275 2406 5330 dixerat.
2439 5292 2498 5328 se
2541 5271 2737 5342 injuste
2779 5271 3016 5328 delatum
3066 5288 3096 5326 a
3151 5272 3370 5338 Basilio,
3412 5271 3650 5340 Opiliotte
3697 5272 3742 5317 et

2193 5347 2520 5406 Gaudentio,
2553 5361 2779 5414 quorum
2814 5346 3016 5412 primus
3040 5346 3093 5396 in
3136 5345 3438 5398 delationem
3465 5343 3744 5414 alienior-ﬁ

2190 5418 2485 5468 necessitate
2506 5409 2897 5482 compulsusest
2922 5431 2938 5466 .'
2967 5416 3073 5469 duo
3098 5415 3182 5468 alii
3210 5418 3270 5466 ob
3291 5418 3583 5467 innumeras
3616 5409 3742 5482 fit!"

2198 5487 2284 5538 des
2312 5487 2377 5536 ad
2406 5477 2642 5540 exsilium
2687 5488 2916 5538 damnati
2943 5501 3203 5544 sacrarum
3237 5501 3342 5537 sese
3370 5485 3558 5554 mdium
3591 5477 3741 5554 defuir

2189 5559 2332 5609 sione
2355 5558 2618 5610 tuebantur
2641 5572 2658 5610 :
2693 5557 2978 5624 respondet
3003 5556 3348 5622 Philosophia-
3364 5563 3496 5608 ωας
3513 5552 3615 5606 hac
3639 5552 3740 5624 strii-

2192 5629 2308 5680 ctim
2339 5629 2546 5697 attingi,
2580 5629 2717 5690 quod
2745 5623 2803 5679 ea
2834 5628 3014 5679 melius
3046 5626 3346 5697 uberiusque
3371 5623 3743 5694 recognoscam

2191 5699 2363 5750 omnia
2404 5700 2538 5767 uulgi
2569 5715 2656 5752 ore
2695 5698 3026 5751 celebrentur.
3076 5696 3294 5754 Scilicet
3331 5710 3448 5750 cum
3494 5698 3740 5766 loquamur.

2191 5784 2296 5820 non
2327 5769 2494 5820 solum
2529 5770 2734 5833 verbis,
2781 5769 2872 5822 sed
2900 5777 2953 5821 et
2980 5777 3136 5830 nutu,
3171 5777 3224 5820 et
3248 5777 3394 5833 gestu
3418 5807 3432 5826 ,
3463 5776 3518 5818 et
3556 5767 3740 5833 exteri?

2190 5839 2454 5905 ejusmodi
2487 5843 2631 5892 vocis
2658 5828 2900 5893 humana:
2931 5828 3218 5906 adiunctis,
3247 5828 3414 5906 ipsum
3437 5837 3592 5888 etiam
3616 5828 3733 5891 vulgi

2191 5912 2455 5963 silentium
2487 5911 2773 5978 aliquando
2805 5911 3060 5979 eloquens
3092 5912 3242 5979 plura
3284 5907 3570 5979 signiﬁcat,
3599 5909 3734 5970 qua!“
