  <div class='ocr_page' id='page_1' title='image "/cluster/home/n/w/nwhite01/storage/ocr_20150623/63/hvd.32044015469307/327.png"; bbox 0 0 3984 6382; ppageno 0'>
   <div class='ocr_carea' id='block_1_1' title="bbox 506 356 599 412">
    <p class='ocr_par' dir='ltr' id='par_1_1' title="bbox 506 356 599 412">
     <span class='ocr_line' id='line_1_1' title="bbox 506 356 599 412; baseline -0.022 0"><span class='ocrx_word' id='word_1_1' title='bbox 506 356 599 412; x_wconf 72' lang='grc' dir='ltr'><strong>ῊΗ</strong></span> 
     </span>
    </p>
   </div>
   <div class='ocr_carea' id='block_1_2' title="bbox 570 467 1264 536">
    <p class='ocr_par' dir='ltr' id='par_1_2' title="bbox 570 467 1264 536">
     <span class='ocr_line' id='line_1_2' title="bbox 570 467 1264 536; baseline 0.006 -13"><span class='ocrx_word' id='word_1_2' title='bbox 570 467 602 523; x_wconf 83' lang='grc'>5</span> <span class='ocrx_word' id='word_1_3' title='bbox 679 467 871 524; x_wconf 84' lang='lat' dir='ltr'><strong>Elusus</strong></span> <span class='ocrx_word' id='word_1_4' title='bbox 898 467 1111 526; x_wconf 90' lang='lat' dir='ltr'><strong>Cereris</strong></span> <span class='ocrx_word' id='word_1_5' title='bbox 1140 471 1264 536; x_wconf 88' lang='lat' dir='ltr'><strong>fide.</strong></span> 
     </span>
    </p>
   </div>
   <div class='ocr_carea' id='block_1_3' title="bbox 676 562 1491 635">
    <p class='ocr_par' dir='ltr' id='par_1_3' title="bbox 676 562 1491 635">
     <span class='ocr_line' id='line_1_3' title="bbox 676 562 1491 635; baseline 0.011 -19"><span class='ocrx_word' id='word_1_6' title='bbox 676 562 920 630; x_wconf 81' lang='lat' dir='ltr'><strong>Quernas</strong></span> <span class='ocrx_word' id='word_1_7' title='bbox 947 574 1132 635; x_wconf 81' lang='lat' dir='ltr'><strong>pergat</strong></span> <span class='ocrx_word' id='word_1_8' title='bbox 1156 566 1222 620; x_wconf 91' lang='lat' dir='ltr'><strong>ad</strong></span> <span class='ocrx_word' id='word_1_9' title='bbox 1253 567 1491 625; x_wconf 83' lang='lat' dir='ltr'><strong>arbores.</strong></span> 
     </span>
    </p>
   </div>
   <div class='ocr_carea' id='block_1_4' title="bbox 673 656 1535 727">
    <p class='ocr_par' dir='ltr' id='par_1_4' title="bbox 673 656 1535 727">
     <span class='ocr_line' id='line_1_4' title="bbox 673 656 1535 727; baseline 0.012 -17"><span class='ocrx_word' id='word_1_10' title='bbox 673 656 957 727; x_wconf 82' lang='lat' dir='ltr'><strong>Nunquam</strong></span> <span class='ocrx_word' id='word_1_11' title='bbox 988 673 1317 727; x_wconf 86' lang='lat' dir='ltr'><strong>purpureum</strong></span> <span class='ocrx_word' id='word_1_12' title='bbox 1349 678 1535 721; x_wconf 89' lang='lat' dir='ltr'><strong>nemus</strong></span> 
     </span>
    </p>
   </div>
   <div class='ocr_carea' id='block_1_5' title="bbox 678 750 1461 826">
    <p class='ocr_par' dir='ltr' id='par_1_5' title="bbox 678 750 1461 826">
     <span class='ocr_line' id='line_1_5' title="bbox 678 750 1461 826; baseline 0.013 -23"><span class='ocrx_word' id='word_1_13' title='bbox 678 750 786 823; x_wconf 81' lang='lat'><strong>79</strong></span> <span class='ocrx_word' id='word_1_14' title='bbox 816 750 1075 807; x_wconf 91' lang='lat' dir='ltr'><strong>Lecturus</strong></span> <span class='ocrx_word' id='word_1_15' title='bbox 1102 755 1268 810; x_wconf 88' lang='lat' dir='ltr'><strong>violas</strong></span> <span class='ocrx_word' id='word_1_16' title='bbox 1292 768 1461 826; x_wconf 91' lang='lat' dir='ltr'><strong>petas,</strong></span> 
     </span>
    </p>
   </div>
   <div class='ocr_carea' id='block_1_6' title="bbox 678 842 1364 917">
    <p class='ocr_par' dir='ltr' id='par_1_6' title="bbox 678 842 1364 917">
     <span class='ocr_line' id='line_1_6' title="bbox 678 842 1364 917; baseline 0.012 -20"><span class='ocrx_word' id='word_1_17' title='bbox 678 842 811 898; x_wconf 89' lang='lat' dir='ltr'><strong>Cum</strong></span> <span class='ocrx_word' id='word_1_18' title='bbox 843 844 1000 900; x_wconf 83' lang='lat' dir='ltr'><strong>saevis</strong></span> <span class='ocrx_word' id='word_1_19' title='bbox 1021 846 1364 917; x_wconf 85' lang='lat' dir='ltr'><strong>aquilonibus</strong></span> 
     </span>
    </p>
   </div>
   <div class='ocr_carea' id='block_1_7' title="bbox 1719 353 3741 420">
    <p class='ocr_par' dir='ltr' id='par_1_7' title="bbox 1719 353 3741 420">
     <span class='ocr_line' id='line_1_7' title="bbox 1719 353 3741 420; baseline -0.006 -1"><span class='ocrx_word' id='word_1_20' title='bbox 1719 360 1828 419; x_wconf 84' lang='lat' dir='ltr'><strong>AN.</strong></span> <span class='ocrx_word' id='word_1_21' title='bbox 1871 360 2079 420; x_wconf 81' lang='lat' dir='ltr'><strong>MANL.</strong></span> <span class='ocrx_word' id='word_1_22' title='bbox 2118 355 2274 414; x_wconf 86' lang='lat' dir='ltr'><strong>SEV.</strong></span> <span class='ocrx_word' id='word_1_23' title='bbox 2314 353 2537 411; x_wconf 84' lang='lat' dir='ltr'><strong>BOETII</strong></span> <span class='ocrx_word' id='word_1_24' title='bbox 2804 378 2809 389; x_wconf 69' lang='grc' dir='ltr'><strong>ι</strong></span> <span class='ocrx_word' id='word_1_25' title='bbox 3656 354 3741 415; x_wconf 68' lang='lat' dir='ltr'><strong>(iis</strong></span> 
     </span>
    </p>
   </div>
   <div class='ocr_carea' id='block_1_8' title="bbox 2105 468 3134 540">
    <p class='ocr_par' dir='ltr' id='par_1_8' title="bbox 2105 468 3134 540">
     <span class='ocr_line' id='line_1_8' title="bbox 2105 468 3134 540; baseline -0.008 -9"><span class='ocrx_word' id='word_1_26' title='bbox 2105 478 2159 538; x_wconf 75' lang='grc' dir='ltr'><strong>Α</strong></span> <span class='ocrx_word' id='word_1_27' title='bbox 2186 474 2255 530; x_wconf 80' lang='grc'><strong>10</strong></span> <span class='ocrx_word' id='word_1_28' title='bbox 2324 471 2568 527; x_wconf 88' lang='lat' dir='ltr'><strong>Stridens</strong></span> <span class='ocrx_word' id='word_1_29' title='bbox 2598 484 2816 540; x_wconf 89' lang='lat' dir='ltr'><strong>campus</strong></span> <span class='ocrx_word' id='word_1_30' title='bbox 2848 468 3134 525; x_wconf 88' lang='lat' dir='ltr'><strong>inhorruit.</strong></span> 
     </span>
    </p>
   </div>
   <div class='ocr_carea' id='block_1_9' title="bbox 2330 562 3051 634">
    <p class='ocr_par' dir='ltr' id='par_1_9' title="bbox 2330 562 3051 634">
     <span class='ocr_line' id='line_1_9' title="bbox 2330 562 3051 634; baseline -0.007 -15"><span class='ocrx_word' id='word_1_31' title='bbox 2330 566 2438 619; x_wconf 82' lang='lat' dir='ltr'><strong>Nec</strong></span> <span class='ocrx_word' id='word_1_32' title='bbox 2471 577 2677 634; x_wconf 70' lang='lat' dir='ltr'><strong>quaeras</strong></span> <span class='ocrx_word' id='word_1_33' title='bbox 2706 562 2859 617; x_wconf 88' lang='lat' dir='ltr'><strong>avida</strong></span> <span class='ocrx_word' id='word_1_34' title='bbox 2891 577 3051 616; x_wconf 89' lang='lat' dir='ltr'><strong>manu</strong></span> 
     </span>
    </p>
   </div>
   <div class='ocr_carea' id='block_1_10' title="bbox 2335 652 3121 722">
    <p class='ocr_par' dir='ltr' id='par_1_10' title="bbox 2335 652 3121 722">
     <span class='ocr_line' id='line_1_10' title="bbox 2335 652 3121 722; baseline 0 -16"><span class='ocrx_word' id='word_1_35' title='bbox 2335 653 2536 707; x_wconf 85' lang='lat' dir='ltr'><strong>Vernos</strong></span> <span class='ocrx_word' id='word_1_36' title='bbox 2558 652 2821 722; x_wconf 76' lang='lat' dir='ltr'><strong>stringere</strong></span> <span class='ocrx_word' id='word_1_37' title='bbox 2849 652 3121 721; x_wconf 77' lang='lat' dir='ltr'><strong>palmites,</strong></span> 
     </span>
    </p>
   </div>
   <div class='ocr_carea' id='block_1_11' title="bbox 2333 745 2963 812">
    <p class='ocr_par' dir='ltr' id='par_1_11' title="bbox 2333 745 2963 812">
     <span class='ocr_line' id='line_1_11' title="bbox 2333 745 2963 812; baseline 0.002 -12"><span class='ocrx_word' id='word_1_38' title='bbox 2333 745 2455 800; x_wconf 88' lang='lat' dir='ltr'><strong>Uvis</strong></span> <span class='ocrx_word' id='word_1_39' title='bbox 2489 745 2726 800; x_wconf 87' lang='lat' dir='ltr'><strong>silibeat</strong></span> <span class='ocrx_word' id='word_1_40' title='bbox 2760 745 2899 812; x_wconf 89' lang='lat' dir='ltr'><strong>frui;</strong></span> <span class='ocrx_word' id='word_1_41' title='bbox 2960 746 2963 749; x_wconf 63' lang='grc'><strong>⁷</strong></span> 
     </span>
    </p>
   </div>
   <div class='ocr_carea' id='block_1_12' title="bbox 2332 833 2928 905">
    <p class='ocr_par' dir='ltr' id='par_1_12' title="bbox 2332 833 2928 905">
     <span class='ocr_line' id='line_1_12' title="bbox 2332 833 2928 905; baseline 0.005 -17"><span class='ocrx_word' id='word_1_42' title='bbox 2332 833 2602 890; x_wconf 79' lang='lat' dir='ltr'><strong>Autumno</strong></span> <span class='ocrx_word' id='word_1_43' title='bbox 2632 836 2805 905; x_wconf 81' lang='lat' dir='ltr'><strong>potius</strong></span> <span class='ocrx_word' id='word_1_44' title='bbox 2834 850 2928 891; x_wconf 91' lang='lat' dir='ltr'><strong>sua</strong></span> 
     </span>
    </p>
   </div>
   <div class='ocr_carea' id='block_1_13' title="bbox 1847 970 2415 1032">
    <p class='ocr_par' dir='ltr' id='par_1_13' title="bbox 1847 970 2415 1032">
     <span class='ocr_line' id='line_1_13' title="bbox 1847 970 2415 1032; baseline -0.009 -2"><span class='ocrx_word' id='word_1_45' title='bbox 1847 970 2415 1032; x_wconf 79' lang='lat' dir='ltr'><strong>INTERPRETATIO.</strong></span> 
     </span>
    </p>
   </div>
   <div class='ocr_carea' id='block_1_14' title="bbox 507 1085 2075 1168">
    <p class='ocr_par' dir='ltr' id='par_1_14' title="bbox 507 1085 2075 1168">
     <span class='ocr_line' id='line_1_14' title="bbox 507 1085 2075 1168; baseline -0.005 -17"><span class='ocrx_word' id='word_1_46' title='bbox 507 1107 721 1153; x_wconf 77' lang='lat' dir='ltr'><strong>iacntem</strong></span> <span class='ocrx_word' id='word_1_47' title='bbox 753 1085 1030 1168; x_wconf 72' lang='lat' dir='ltr'><strong>copiosam,</strong></span> <span class='ocrx_word' id='word_1_48' title='bbox 1069 1096 1307 1166; x_wconf 86' lang='lat' dir='ltr'><strong>deceptus</strong></span> <span class='ocrx_word' id='word_1_49' title='bbox 1334 1091 2075 1168; x_wconf 72' lang='lat' dir='ltr'><strong>promissoCereris__iiuminis</strong></span> 
     </span>
    </p>
   </div>
   <div class='ocr_carea' id='block_1_15' title="bbox 508 1162 2075 1239">
    <p class='ocr_par' dir='ltr' id='par_1_15' title="bbox 508 1162 2075 1239">
     <span class='ocr_line' id='line_1_15' title="bbox 508 1162 2075 1239; baseline -0.006 -17"><span class='ocrx_word' id='word_1_50' title='bbox 508 1168 748 1237; x_wconf 88' lang='lat' dir='ltr'><strong>frugum,</strong></span> <span class='ocrx_word' id='word_1_51' title='bbox 776 1162 824 1223; x_wconf 83' lang='lat' dir='ltr'><strong>is</strong></span> <span class='ocrx_word' id='word_1_52' title='bbox 860 1170 1031 1225; x_wconf 79' lang='lat' dir='ltr'><strong>tendat</strong></span> <span class='ocrx_word' id='word_1_53' title='bbox 1074 1169 1143 1222; x_wconf 88' lang='lat' dir='ltr'><strong>ad</strong></span> <span class='ocrx_word' id='word_1_54' title='bbox 1171 1162 1389 1239; x_wconf 82' lang='lat' dir='ltr'><strong>quercus</strong></span> <span class='ocrx_word' id='word_1_55' title='bbox 1425 1164 1769 1239; x_wconf 66' lang='lat' dir='ltr'><strong>glandiferas.</strong></span> <span class='ocrx_word' id='word_1_56' title='bbox 1801 1162 2075 1239; x_wconf 73' lang='lat' dir='ltr'><strong>Nunquam</strong></span> 
     </span>
    </p>
   </div>
   <div class='ocr_carea' id='block_1_16' title="bbox 507 1233 2076 1311">
    <p class='ocr_par' dir='ltr' id='par_1_16' title="bbox 507 1233 2076 1311">
     <span class='ocr_line' id='line_1_16' title="bbox 507 1233 2076 1311; baseline -0.005 -19"><span class='ocrx_word' id='word_1_57' title='bbox 507 1233 659 1294; x_wconf 75' lang='lat' dir='ltr'><strong>adeas</strong></span> <span class='ocrx_word' id='word_1_58' title='bbox 684 1240 859 1294; x_wconf 79' lang='lat' dir='ltr'><strong>silvam</strong></span> <span class='ocrx_word' id='word_1_59' title='bbox 897 1239 1161 1311; x_wconf 85' lang='lat' dir='ltr'><strong>pulchram</strong></span> <span class='ocrx_word' id='word_1_60' title='bbox 1183 1233 1267 1292; x_wconf 49' lang='lat' dir='ltr'><strong>&#39;ad</strong></span> <span class='ocrx_word' id='word_1_61' title='bbox 1289 1233 1596 1310; x_wconf 69' lang='lat' dir='ltr'><strong>colligendas</strong></span> <span class='ocrx_word' id='word_1_62' title='bbox 1631 1235 1813 1302; x_wconf 89' lang='lat' dir='ltr'><strong>violas,</strong></span> <span class='ocrx_word' id='word_1_63' title='bbox 1847 1233 1931 1287; x_wconf 90' lang='lat' dir='ltr'><strong>ubi</strong></span> <span class='ocrx_word' id='word_1_64' title='bbox 1955 1247 2076 1303; x_wconf 85' lang='lat' dir='ltr'><strong>ager</strong></span> 
     </span>
    </p>
   </div>
   <div class='ocr_carea' id='block_1_17' title="bbox 2183 1086 3756 1170">
    <p class='ocr_par' dir='ltr' id='par_1_17' title="bbox 2183 1086 3756 1170">
     <span class='ocr_line' id='line_1_17' title="bbox 2183 1086 3756 1170; baseline 0.005 -28"><span class='ocrx_word' id='word_1_65' title='bbox 2183 1091 2409 1170; x_wconf 80' lang='lat' dir='ltr'><strong>turbatus</strong></span> <span class='ocrx_word' id='word_1_66' title='bbox 2436 1086 2589 1170; x_wconf 81' lang='lat' dir='ltr'><strong>fuerit</strong></span> <span class='ocrx_word' id='word_1_67' title='bbox 2621 1088 2874 1170; x_wconf 72' lang='lat' dir='ltr'><strong>crepitans</strong></span> <span class='ocrx_word' id='word_1_68' title='bbox 2903 1090 3226 1170; x_wconf 75' lang='lat' dir='ltr'><strong>aquilonibus</strong></span> <span class='ocrx_word' id='word_1_69' title='bbox 3253 1094 3561 1170; x_wconf 79' lang='lat' dir='ltr'><strong>crudelibus.</strong></span> <span class='ocrx_word' id='word_1_70' title='bbox 3588 1093 3756 1163; x_wconf 71' lang='lat' dir='ltr'><strong>Nequa</strong></span> 
     </span>
    </p>
   </div>
   <div class='ocr_carea' id='block_1_18' title="bbox 2183 1161 3755 1232">
    <p class='ocr_par' dir='ltr' id='par_1_18' title="bbox 2183 1161 3755 1232">
     <span class='ocr_line' id='line_1_18' title="bbox 2183 1161 3755 1232; baseline 0.006 -20"><span class='ocrx_word' id='word_1_71' title='bbox 2183 1168 2342 1232; x_wconf 81' lang='lat' dir='ltr'><strong>tentes</strong></span> <span class='ocrx_word' id='word_1_72' title='bbox 2370 1173 2522 1232; x_wconf 76' lang='lat' dir='ltr'><strong>verno</strong></span> <span class='ocrx_word' id='word_1_73' title='bbox 2551 1167 2773 1232; x_wconf 81' lang='lat' dir='ltr'><strong>tempore</strong></span> <span class='ocrx_word' id='word_1_74' title='bbox 2802 1161 2991 1232; x_wconf 87' lang='lat' dir='ltr'><strong>vincire</strong></span> <span class='ocrx_word' id='word_1_75' title='bbox 3016 1172 3104 1214; x_wconf 88' lang='lat' dir='ltr'><strong>aut</strong></span> <span class='ocrx_word' id='word_1_76' title='bbox 3130 1172 3311 1232; x_wconf 82' lang='lat' dir='ltr'><strong>putare</strong></span> <span class='ocrx_word' id='word_1_77' title='bbox 3340 1164 3462 1219; x_wconf 81' lang='lat' dir='ltr'><strong>vites</strong></span> <span class='ocrx_word' id='word_1_78' title='bbox 3490 1161 3755 1221; x_wconf 75' lang='lat' dir='ltr'><strong>manuve-</strong></span> 
     </span>
    </p>
   </div>
   <div class='ocr_carea' id='block_1_19' title="bbox 2184 1229 3755 1299">
    <p class='ocr_par' dir='ltr' id='par_1_19' title="bbox 2184 1229 3755 1299">
     <span class='ocr_line' id='line_1_19' title="bbox 2184 1229 3755 1299; baseline 0.005 -16"><span class='ocrx_word' id='word_1_79' title='bbox 2184 1230 2277 1283; x_wconf 87' lang='lat' dir='ltr'><strong>ltiti</strong></span> <span class='ocrx_word' id='word_1_80' title='bbox 2296 1229 2500 1296; x_wconf 87' lang='lat' dir='ltr'><strong>cupida,</strong></span> <span class='ocrx_word' id='word_1_81' title='bbox 2526 1230 2566 1281; x_wconf 89' lang='lat' dir='ltr'><strong>si</strong></span> <span class='ocrx_word' id='word_1_82' title='bbox 2587 1229 2749 1297; x_wconf 87' lang='lat' dir='ltr'><strong>possis</strong></span> <span class='ocrx_word' id='word_1_83' title='bbox 2771 1231 2924 1299; x_wconf 86' lang='lat' dir='ltr'><strong>potiri</strong></span> <span class='ocrx_word' id='word_1_84' title='bbox 2948 1229 3159 1286; x_wconf 77' lang='lat' dir='ltr'><strong>racemis</strong></span> <span class='ocrx_word' id='word_1_85' title='bbox 3184 1249 3203 1287; x_wconf 93' lang='lat'><strong><em>:</em></strong></span> <span class='ocrx_word' id='word_1_86' title='bbox 3233 1249 3352 1289; x_wconf 87' lang='lat' dir='ltr'><strong>nam</strong></span> <span class='ocrx_word' id='word_1_87' title='bbox 3372 1234 3606 1291; x_wconf 81' lang='lat' dir='ltr'><strong>Bacchus</strong></span> <span class='ocrx_word' id='word_1_88' title='bbox 3627 1237 3755 1291; x_wconf 87' lang='lat' dir='ltr'><strong>dedit</strong></span> 
     </span>
    </p>
   </div>
   <div class='ocr_carea' id='block_1_20' title="bbox 2025 1362 2251 1420">
    <p class='ocr_par' dir='ltr' id='par_1_20' title="bbox 2025 1362 2251 1420">
     <span class='ocr_line' id='line_1_20' title="bbox 2025 1362 2251 1420; baseline -0.018 0"><span class='ocrx_word' id='word_1_89' title='bbox 2025 1362 2251 1420; x_wconf 65' lang='lat' dir='ltr'><strong>NOTAE.</strong></span> 
     </span>
    </p>
   </div>
   <div class='ocr_carea' id='block_1_21' title="bbox 508 1480 2076 1569">
    <p class='ocr_par' dir='ltr' id='par_1_21' title="bbox 508 1480 2076 1569">
     <span class='ocr_line' id='line_1_21' title="bbox 508 1480 2076 1569; baseline -0.01 -21"><span class='ocrx_word' id='word_1_90' title='bbox 508 1501 654 1548; x_wconf 85' lang='lat' dir='ltr'><strong>recta</strong></span> <span class='ocrx_word' id='word_1_91' title='bbox 691 1489 808 1569; x_wconf 74' lang='lat' dir='ltr'><strong>sive</strong></span> <span class='ocrx_word' id='word_1_92' title='bbox 833 1489 972 1569; x_wconf 70' lang='lat' dir='ltr'><strong>jacta</strong></span> <span class='ocrx_word' id='word_1_93' title='bbox 1002 1487 1269 1569; x_wconf 79' lang='lat' dir='ltr'><strong>utrinque.</strong></span> <span class='ocrx_word' id='word_1_94' title='bbox 1294 1484 1563 1569; x_wconf 79' lang='lat' dir='ltr'><strong>Quidquid</strong></span> <span class='ocrx_word' id='word_1_95' title='bbox 1594 1482 1875 1569; x_wconf 15' lang='lat' dir='ltr'><strong>autemisit</strong></span> <span class='ocrx_word' id='word_1_96' title='bbox 1900 1480 2076 1569; x_wconf 60' lang='lat' dir='ltr'><strong>dein:</strong></span> 
     </span>
    </p>
   </div>
   <div class='ocr_carea' id='block_1_22' title="bbox 508 1550 2128 1631">
    <p class='ocr_par' dir='ltr' id='par_1_22' title="bbox 508 1550 2128 1631">
     <span class='ocr_line' id='line_1_22' title="bbox 508 1550 2128 1631; baseline -0.009 -14"><span class='ocrx_word' id='word_1_97' title='bbox 508 1550 971 1631; x_wconf 76' lang='lat' dir='ltr'><strong>terpretationibus</strong></span> <span class='ocrx_word' id='word_1_98' title='bbox 1007 1550 1278 1631; x_wconf 76' lang='lat' dir='ltr'><strong>nominum</strong></span> <span class='ocrx_word' id='word_1_99' title='bbox 1314 1550 1586 1631; x_wconf 72' lang='lat' dir='ltr'><strong>istorum,</strong></span> <span class='ocrx_word' id='word_1_100' title='bbox 1632 1554 1805 1623; x_wconf 89' lang='lat' dir='ltr'><strong>poetis</strong></span> <span class='ocrx_word' id='word_1_101' title='bbox 1843 1551 2077 1631; x_wconf 75' lang='lat' dir='ltr'><strong>agricola</strong></span> <span class='ocrx_word' id='word_1_102' title='bbox 2112 1550 2128 1569; x_wconf 86' lang='lat'><em>’</em></span> 
     </span>
    </p>
   </div>
   <div class='ocr_carea' id='block_1_23' title="bbox 508 1621 2079 1703">
    <p class='ocr_par' dir='ltr' id='par_1_23' title="bbox 508 1621 2079 1703">
     <span class='ocr_line' id='line_1_23' title="bbox 508 1621 2079 1703; baseline -0.007 -17"><span class='ocrx_word' id='word_1_103' title='bbox 508 1621 605 1703; x_wconf 45' lang='lat' dir='ltr'><strong>qui.</strong></span> <span class='ocrx_word' id='word_1_104' title='bbox 650 1630 1023 1703; x_wconf 12' lang='lat' dir='ltr'><strong>seritidicitur</strong></span> <span class='ocrx_word' id='word_1_105' title='bbox 1047 1626 1554 1703; x_wconf 66' lang='lat' dir='ltr'><strong>seminasiveanni</strong></span> <span class='ocrx_word' id='word_1_106' title='bbox 1590 1621 1739 1703; x_wconf 73' lang='lat' dir='ltr'><strong>spem</strong></span> <span class='ocrx_word' id='word_1_107' title='bbox 1783 1622 1948 1677; x_wconf 88' lang='lat' dir='ltr'><strong>sulcis</strong></span> <span class='ocrx_word' id='word_1_108' title='bbox 1995 1621 2079 1675; x_wconf 86' lang='lat' dir='ltr'><strong>vel</strong></span> 
     </span>
    </p>
   </div>
   <div class='ocr_carea' id='block_1_24' title="bbox 508 1694 2073 1773">
    <p class='ocr_par' dir='ltr' id='par_1_24' title="bbox 508 1694 2073 1773">
     <span class='ocr_line' id='line_1_24' title="bbox 508 1694 2073 1773; baseline -0.008 -16"><span class='ocrx_word' id='word_1_109' title='bbox 508 1694 664 1758; x_wconf 68' lang='lat' dir='ltr'><strong>terra:</strong></span> <span class='ocrx_word' id='word_1_110' title='bbox 685 1702 934 1755; x_wconf 88' lang='lat' dir='ltr'><strong>credere:</strong></span> <span class='ocrx_word' id='word_1_111' title='bbox 962 1699 1095 1752; x_wconf 91' lang='lat' dir='ltr'><strong>adeo</strong></span> <span class='ocrx_word' id='word_1_112' title='bbox 1118 1710 1193 1773; x_wconf 86' lang='lat' dir='ltr'><strong>ut,</strong></span> <span class='ocrx_word' id='word_1_113' title='bbox 1216 1699 1258 1751; x_wconf 90' lang='lat' dir='ltr'><strong>si</strong></span> <span class='ocrx_word' id='word_1_114' title='bbox 1290 1697 1510 1773; x_wconf 79' lang='lat' dir='ltr'><strong>semina,</strong></span> <span class='ocrx_word' id='word_1_115' title='bbox 1536 1694 1730 1773; x_wconf 81' lang='lat' dir='ltr'><strong>injuria</strong></span> <span class='ocrx_word' id='word_1_116' title='bbox 1754 1704 2073 1773; x_wconf 44' lang='lat' dir='ltr'><strong>temp’i‘irum,</strong></span> 
     </span>
    </p>
   </div>
   <div class='ocr_carea' id='block_1_25' title="bbox 507 1763 2078 1835">
    <p class='ocr_par' dir='ltr' id='par_1_25' title="bbox 507 1763 2078 1835">
     <span class='ocr_line' id='line_1_25' title="bbox 507 1763 2078 1835; baseline -0.007 -8"><span class='ocrx_word' id='word_1_117' title='bbox 507 1783 630 1829; x_wconf 81' lang='lat' dir='ltr'><strong>ante</strong></span> <span class='ocrx_word' id='word_1_118' title='bbox 673 1787 898 1825; x_wconf 85' lang='lat' dir='ltr'><strong>messem</strong></span> <span class='ocrx_word' id='word_1_119' title='bbox 930 1772 1272 1835; x_wconf 84' lang='lat' dir='ltr'><strong>evanuerint,</strong></span> <span class='ocrx_word' id='word_1_120' title='bbox 1306 1769 1409 1821; x_wconf 90' lang='lat' dir='ltr'><strong>dici</strong></span> <span class='ocrx_word' id='word_1_121' title='bbox 1458 1763 1625 1833; x_wconf 83' lang='lat' dir='ltr'><strong>possit</strong></span> <span class='ocrx_word' id='word_1_122' title='bbox 1669 1766 1840 1835; x_wconf 85' lang='lat' dir='ltr'><strong>elusus</strong></span> <span class='ocrx_word' id='word_1_123' title='bbox 1882 1763 2078 1817; x_wconf 83' lang='lat' dir='ltr'><strong>Cereris</strong></span> 
     </span>
    </p>
   </div>
   <div class='ocr_carea' id='block_1_26' title="bbox 508 1834 1906 1913">
    <p class='ocr_par' dir='ltr' id='par_1_26' title="bbox 508 1834 1906 1913">
     <span class='ocr_line' id='line_1_26' title="bbox 508 1834 1906 1913; baseline -0.007 -16"><span class='ocrx_word' id='word_1_124' title='bbox 508 1845 608 1913; x_wconf 73' lang='lat' dir='ltr'><strong>ﬁde</strong></span> <span class='ocrx_word' id='word_1_125' title='bbox 631 1843 744 1898; x_wconf 85' lang='lat' dir='ltr'><strong>sive</strong></span> <span class='ocrx_word' id='word_1_126' title='bbox 768 1842 1051 1912; x_wconf 83' lang='lat' dir='ltr'><strong>promisso.</strong></span> <span class='ocrx_word' id='word_1_127' title='bbox 1086 1841 1176 1895; x_wconf 89' lang='lat' dir='ltr'><strong>Sic</strong></span> <span class='ocrx_word' id='word_1_128' title='bbox 1204 1834 1352 1909; x_wconf 89' lang='lat' dir='ltr'><strong>Virg.</strong></span> <span class='ocrx_word' id='word_1_129' title='bbox 1380 1854 1413 1891; x_wconf 91' lang='lat' dir='ltr'><strong>ii</strong></span> <span class='ocrx_word' id='word_1_130' title='bbox 1441 1837 1661 1907; x_wconf 88' lang='lat' dir='ltr'><strong>Georg.,</strong></span> <span class='ocrx_word' id='word_1_131' title='bbox 1690 1852 1740 1889; x_wconf 90' lang='lat' dir='ltr'><strong>v.</strong></span> <span class='ocrx_word' id='word_1_132' title='bbox 1766 1834 1868 1888; x_wconf 67' lang='lat'><strong>221</strong></span> <span class='ocrx_word' id='word_1_133' title='bbox 1894 1851 1906 1887; x_wconf 94' lang='lat'>:</span> 
     </span>
    </p>
   </div>
   <div class='ocr_carea' id='block_1_27' title="bbox 628 1925 1675 1981">
    <p class='ocr_par' dir='ltr' id='par_1_27' title="bbox 628 1925 1675 1981">
     <span class='ocr_line' id='line_1_27' title="bbox 628 1925 1675 1981; baseline -0.008 0"><span class='ocrx_word' id='word_1_134' title='bbox 628 1934 753 1981; x_wconf 90' lang='lat' dir='ltr'><strong>Ante</strong></span> <span class='ocrx_word' id='word_1_135' title='bbox 774 1932 864 1981; x_wconf 85' lang='lat' dir='ltr'><strong>tibi</strong></span> <span class='ocrx_word' id='word_1_136' title='bbox 887 1931 997 1980; x_wconf 69' lang='lat' dir='ltr'><strong>ane</strong></span> <span class='ocrx_word' id='word_1_137' title='bbox 1021 1929 1296 1979; x_wconf 79' lang='lat' dir='ltr'><strong>Atlantides</strong></span> <span class='ocrx_word' id='word_1_138' title='bbox 1320 1925 1675 1977; x_wconf 83' lang='lat' dir='ltr'><strong>abscondantur</strong></span> 
     </span>
    </p>
   </div>
   <div class='ocr_carea' id='block_1_28' title="bbox 624 1988 1761 2055">
    <p class='ocr_par' dir='ltr' id='par_1_28' title="bbox 624 1988 1761 2055">
     <span class='ocr_line' id='line_1_28' title="bbox 624 1988 1761 2055; baseline -0.009 -11"><span class='ocrx_word' id='word_1_139' title='bbox 624 1995 899 2055; x_wconf 76' lang='lat' dir='ltr'><strong>Gnosiaque</strong></span> <span class='ocrx_word' id='word_1_140' title='bbox 920 1993 1137 2055; x_wconf 83' lang='lat' dir='ltr'><strong>ardentis</strong></span> <span class='ocrx_word' id='word_1_141' title='bbox 1158 1991 1361 2040; x_wconf 85' lang='lat' dir='ltr'><strong>decedat</strong></span> <span class='ocrx_word' id='word_1_142' title='bbox 1380 1988 1519 2037; x_wconf 88' lang='lat' dir='ltr'><strong>stella</strong></span> <span class='ocrx_word' id='word_1_143' title='bbox 1542 2000 1732 2055; x_wconf 71' lang='lat' dir='ltr'><strong>coronae</strong></span> <span class='ocrx_word' id='word_1_144' title='bbox 1748 2024 1761 2047; x_wconf 96' lang='lat'><strong>,</strong></span> 
     </span>
    </p>
   </div>
   <div class='ocr_carea' id='block_1_29' title="bbox 627 2052 1914 2116">
    <p class='ocr_par' dir='ltr' id='par_1_29' title="bbox 627 2052 1914 2116">
     <span class='ocr_line' id='line_1_29' title="bbox 627 2052 1914 2116; baseline -0.007 -11"><span class='ocrx_word' id='word_1_145' title='bbox 627 2057 799 2105; x_wconf 61' lang='lat' dir='ltr'><strong>Debita</strong></span> <span class='ocrx_word' id='word_1_146' title='bbox 821 2052 967 2116; x_wconf 71' lang='lat' dir='ltr'><strong>quam</strong></span> <span class='ocrx_word' id='word_1_147' title='bbox 991 2054 1136 2102; x_wconf 84' lang='lat' dir='ltr'><strong>sulcis</strong></span> <span class='ocrx_word' id='word_1_148' title='bbox 1155 2057 1425 2101; x_wconf 83' lang='lat' dir='ltr'><strong>committas</strong></span> <span class='ocrx_word' id='word_1_149' title='bbox 1444 2052 1648 2116; x_wconf 68' lang='lat' dir='ltr'><strong>semina,</strong></span> <span class='ocrx_word' id='word_1_150' title='bbox 1671 2059 1914 2111; x_wconf 88' lang='lat' dir='ltr'><strong>quamque</strong></span> 
     </span>
    </p>
   </div>
   <div class='ocr_carea' id='block_1_30' title="bbox 630 2114 1777 2179">
    <p class='ocr_par' dir='ltr' id='par_1_30' title="bbox 630 2114 1777 2179">
     <span class='ocr_line' id='line_1_30' title="bbox 630 2114 1777 2179; baseline -0.009 -12"><span class='ocrx_word' id='word_1_151' title='bbox 630 2119 797 2168; x_wconf 75' lang='lat' dir='ltr'><strong>Invitas</strong></span> <span class='ocrx_word' id='word_1_152' title='bbox 823 2114 1060 2179; x_wconf 81' lang='lat' dir='ltr'><strong>praperes</strong></span> <span class='ocrx_word' id='word_1_153' title='bbox 1084 2116 1355 2179; x_wconf 65' lang='lat' dir='ltr'><strong>annisiiem</strong></span> <span class='ocrx_word' id='word_1_154' title='bbox 1380 2114 1586 2162; x_wconf 85' lang='lat' dir='ltr'><strong>credere</strong></span> <span class='ocrx_word' id='word_1_155' title='bbox 1612 2120 1777 2179; x_wconf 44' lang='lat' dir='ltr'><strong>teri-te.</strong></span> 
     </span>
    </p>
   </div>
   <div class='ocr_carea' id='block_1_31' title="bbox 626 2170 1816 2236">
    <p class='ocr_par' dir='ltr' id='par_1_31' title="bbox 626 2170 1816 2236">
     <span class='ocr_line' id='line_1_31' title="bbox 626 2170 1816 2236; baseline -0.007 -7"><span class='ocrx_word' id='word_1_156' title='bbox 626 2181 763 2229; x_wconf 81' lang='lat' dir='ltr'><strong>Multi</strong></span> <span class='ocrx_word' id='word_1_157' title='bbox 786 2170 1146 2227; x_wconf 69' lang='lat' dir='ltr'><strong>ante&#39;occasum</strong></span> <span class='ocrx_word' id='word_1_158' title='bbox 1175 2170 1310 2224; x_wconf 68' lang='lat' dir='ltr'><strong>Maia:</strong></span> <span class='ocrx_word' id='word_1_159' title='bbox 1334 2187 1532 2236; x_wconf 79' lang='lat' dir='ltr'><strong>coepere</strong></span> <span class='ocrx_word' id='word_1_160' title='bbox 1558 2187 1569 2221; x_wconf 90' lang='lat'>:</span> <span class='ocrx_word' id='word_1_161' title='bbox 1594 2173 1683 2221; x_wconf 88' lang='lat' dir='ltr'><strong>sed</strong></span> <span class='ocrx_word' id='word_1_162' title='bbox 1710 2170 1816 2221; x_wconf 89' lang='lat' dir='ltr'><strong>illos</strong></span> 
     </span>
    </p>
   </div>
   <div class='ocr_carea' id='block_1_32' title="bbox 628 2236 1633 2303">
    <p class='ocr_par' dir='ltr' id='par_1_32' title="bbox 628 2236 1633 2303">
     <span class='ocr_line' id='line_1_32' title="bbox 628 2236 1633 2303; baseline -0.01 -11"><span class='ocrx_word' id='word_1_163' title='bbox 628 2243 921 2303; x_wconf 80' lang='lat' dir='ltr'><strong>Exspectata</strong></span> <span class='ocrx_word' id='word_1_164' title='bbox 940 2251 1091 2299; x_wconf 86' lang='lat' dir='ltr'><strong>seges</strong></span> <span class='ocrx_word' id='word_1_165' title='bbox 1116 2239 1249 2285; x_wconf 80' lang='lat' dir='ltr'><strong>vanis</strong></span> <span class='ocrx_word' id='word_1_166' title='bbox 1267 2236 1417 2286; x_wconf 90' lang='lat' dir='ltr'><strong>elusit</strong></span> <span class='ocrx_word' id='word_1_167' title='bbox 1446 2238 1633 2285; x_wconf 83' lang='lat' dir='ltr'><strong>avenis.</strong></span> 
     </span>
    </p>
   </div>
   <div class='ocr_carea' id='block_1_33' title="bbox 509 2319 1312 2389">
    <p class='ocr_par' dir='ltr' id='par_1_33' title="bbox 509 2319 1312 2389">
     <span class='ocr_line' id='line_1_33' title="bbox 509 2319 1312 2389; baseline -0.014 -7"><span class='ocrx_word' id='word_1_168' title='bbox 509 2326 595 2381; x_wconf 85' lang='lat' dir='ltr'><strong>Sic</strong></span> <span class='ocrx_word' id='word_1_169' title='bbox 621 2323 859 2380; x_wconf 90' lang='lat' dir='ltr'><strong>Tibullus</strong></span> <span class='ocrx_word' id='word_1_170' title='bbox 891 2322 928 2375; x_wconf 92' lang='lat' dir='ltr'><strong>l.</strong></span> <span class='ocrx_word' id='word_1_171' title='bbox 956 2336 1016 2387; x_wconf 89' lang='lat' dir='ltr'><strong>ii,</strong></span> <span class='ocrx_word' id='word_1_172' title='bbox 1050 2320 1185 2389; x_wconf 84' lang='lat' dir='ltr'><strong>eleg.</strong></span> <span class='ocrx_word' id='word_1_173' title='bbox 1219 2319 1312 2372; x_wconf 90' lang='lat' dir='ltr'><strong>ult.</strong></span> 
     </span>
    </p>
   </div>
   <div class='ocr_carea' id='block_1_34' title="bbox 1230 2408 1866 2473">
    <p class='ocr_par' dir='ltr' id='par_1_34' title="bbox 1230 2408 1866 2473">
     <span class='ocr_line' id='line_1_34' title="bbox 1230 2408 1866 2473; baseline -0.008 -13"><span class='ocrx_word' id='word_1_174' title='bbox 1230 2412 1354 2473; x_wconf 81' lang='lat' dir='ltr'><strong>Spes</strong></span> <span class='ocrx_word' id='word_1_175' title='bbox 1376 2410 1522 2473; x_wconf 81' lang='lat' dir='ltr'><strong>sulcis</strong></span> <span class='ocrx_word' id='word_1_176' title='bbox 1544 2408 1700 2458; x_wconf 86' lang='lat' dir='ltr'><strong>credit</strong></span> <span class='ocrx_word' id='word_1_177' title='bbox 1720 2412 1866 2459; x_wconf 78' lang='lat' dir='ltr'><strong>aratis</strong></span> 
     </span>
    </p>
   </div>
   <div class='ocr_carea' id='block_1_35' title="bbox 833 2472 1894 2536">
    <p class='ocr_par' dir='ltr' id='par_1_35' title="bbox 833 2472 1894 2536">
     <span class='ocr_line' id='line_1_35' title="bbox 833 2472 1894 2536; baseline -0.008 -10"><span class='ocrx_word' id='word_1_178' title='bbox 833 2477 1033 2526; x_wconf 85' lang='lat' dir='ltr'><strong>Semina</strong></span> <span class='ocrx_word' id='word_1_179' title='bbox 1050 2486 1158 2536; x_wconf 69' lang='lat' dir='ltr'><strong>quae</strong></span> <span class='ocrx_word' id='word_1_180' title='bbox 1183 2486 1355 2535; x_wconf 87' lang='lat' dir='ltr'><strong>magno</strong></span> <span class='ocrx_word' id='word_1_181' title='bbox 1369 2472 1552 2521; x_wconf 72' lang='lat' dir='ltr'><strong>fmnore</strong></span> <span class='ocrx_word' id='word_1_182' title='bbox 1574 2472 1742 2520; x_wconf 85' lang='lat' dir='ltr'><strong>reddat</strong></span> <span class='ocrx_word' id='word_1_183' title='bbox 1762 2484 1894 2533; x_wconf 85' lang='lat' dir='ltr'><strong>ager.</strong></span> 
     </span>
    </p>
   </div>
   <div class='ocr_carea' id='block_1_36' title="bbox 575 2555 2079 2631">
    <p class='ocr_par' dir='ltr' id='par_1_36' title="bbox 575 2555 2079 2631">
     <span class='ocr_line' id='line_1_36' title="bbox 575 2555 2079 2631; baseline -0.007 -14"><span class='ocrx_word' id='word_1_184' title='bbox 575 2562 665 2618; x_wconf 89' lang='lat' dir='ltr'><strong>Sic</strong></span> <span class='ocrx_word' id='word_1_185' title='bbox 709 2576 837 2631; x_wconf 87' lang='lat' dir='ltr'><strong>ergo</strong></span> <span class='ocrx_word' id='word_1_186' title='bbox 880 2568 1095 2628; x_wconf 82' lang='lat' dir='ltr'><strong>propter</strong></span> <span class='ocrx_word' id='word_1_187' title='bbox 1141 2557 1359 2631; x_wconf 70' lang='lat' dir='ltr'><strong>nimium</strong></span> <span class='ocrx_word' id='word_1_188' title='bbox 1407 2555 1589 2631; x_wconf 78' lang='lat' dir='ltr'><strong>Cancri</strong></span> <span class='ocrx_word' id='word_1_189' title='bbox 1637 2556 2079 2631; x_wconf 67' lang='lat' dir='ltr'><strong>inrestuantis_ar-</strong></span> 
     </span>
    </p>
   </div>
   <div class='ocr_carea' id='block_1_37' title="bbox 508 2626 2074 2703">
    <p class='ocr_par' dir='ltr' id='par_1_37' title="bbox 508 2626 2074 2703">
     <span class='ocr_line' id='line_1_37' title="bbox 508 2626 2074 2703; baseline -0.007 -14"><span class='ocrx_word' id='word_1_190' title='bbox 508 2635 688 2689; x_wconf 87' lang='lat' dir='ltr'><strong>dorem</strong></span> <span class='ocrx_word' id='word_1_191' title='bbox 729 2626 817 2703; x_wconf 75' lang='lat' dir='ltr'><strong>qui</strong></span> <span class='ocrx_word' id='word_1_192' title='bbox 862 2626 1005 2700; x_wconf 83' lang='lat' dir='ltr'><strong>larga</strong></span> <span class='ocrx_word' id='word_1_193' title='bbox 1046 2627 1341 2699; x_wconf 80' lang='lat' dir='ltr'><strong>negantibus</strong></span> <span class='ocrx_word' id='word_1_194' title='bbox 1383 2627 1538 2679; x_wconf 83' lang='lat' dir='ltr'><strong>sulcis</strong></span> <span class='ocrx_word' id='word_1_195' title='bbox 1592 2628 1785 2680; x_wconf 82' lang='lat' dir='ltr'><strong>semina</strong></span> <span class='ocrx_word' id='word_1_196' title='bbox 1832 2626 2074 2689; x_wconf 82' lang='lat' dir='ltr'><strong>credidit,</strong></span> 
     </span>
    </p>
   </div>
   <div class='ocr_carea' id='block_1_38' title="bbox 510 2706 596 2759">
    <p class='ocr_par' dir='ltr' id='par_1_38' title="bbox 510 2706 596 2759">
     <span class='ocr_line' id='line_1_38' title="bbox 510 2706 596 2759; baseline 0 0"><span class='ocrx_word' id='word_1_197' title='bbox 510 2706 596 2759; x_wconf 85' lang='lat' dir='ltr'><strong>Iiic</strong></span> 
     </span>
    </p>
   </div>
   <div class='ocr_carea' id='block_1_39' title="bbox 577 2766 2076 2840">
    <p class='ocr_par' dir='ltr' id='par_1_39' title="bbox 577 2766 2076 2840">
     <span class='ocr_line' id='line_1_39' title="bbox 577 2766 2076 2840; baseline -0.008 -9"><span class='ocrx_word' id='word_1_198' title='bbox 577 2779 630 2831; x_wconf 81' lang='grc'><strong>5.</strong></span> <span class='ocrx_word' id='word_1_199' title='bbox 665 2773 857 2827; x_wconf 88' lang='lat' dir='ltr'><strong>Elusus</strong></span> <span class='ocrx_word' id='word_1_200' title='bbox 881 2770 1078 2827; x_wconf 83' lang='lat' dir='ltr'><strong>Cereris</strong></span> <span class='ocrx_word' id='word_1_201' title='bbox 1104 2768 1250 2840; x_wconf 82' lang='lat' dir='ltr'><strong>ﬁde.]</strong></span> <span class='ocrx_word' id='word_1_202' title='bbox 1283 2768 1445 2824; x_wconf 85' lang='lat' dir='ltr'><strong>Ceres</strong></span> <span class='ocrx_word' id='word_1_203' title='bbox 1471 2768 1640 2838; x_wconf 89' lang='lat' dir='ltr'><strong>poetis</strong></span> <span class='ocrx_word' id='word_1_204' title='bbox 1667 2777 1749 2822; x_wconf 90' lang='lat' dir='ltr'><strong>est</strong></span> <span class='ocrx_word' id='word_1_205' title='bbox 1775 2766 1989 2840; x_wconf 77' lang='lat' dir='ltr'><strong>Saturni</strong></span> <span class='ocrx_word' id='word_1_206' title='bbox 2020 2774 2076 2820; x_wconf 90' lang='lat' dir='ltr'><strong>et</strong></span> 
     </span>
    </p>
   </div>
   <div class='ocr_carea' id='block_1_40' title="bbox 507 2836 2075 2914">
    <p class='ocr_par' dir='ltr' id='par_1_40' title="bbox 507 2836 2075 2914">
     <span class='ocr_line' id='line_1_40' title="bbox 507 2836 2075 2914; baseline -0.008 -12"><span class='ocrx_word' id='word_1_207' title='bbox 507 2846 634 2914; x_wconf 88' lang='lat' dir='ltr'><strong>Opis</strong></span> <span class='ocrx_word' id='word_1_208' title='bbox 682 2846 817 2906; x_wconf 84' lang='lat' dir='ltr'><strong>filia,</strong></span> <span class='ocrx_word' id='word_1_209' title='bbox 860 2859 925 2896; x_wconf 82' lang='lat' dir='ltr'><strong>ex</strong></span> <span class='ocrx_word' id='word_1_210' title='bbox 955 2857 1068 2914; x_wconf 89' lang='lat' dir='ltr'><strong>qua_</strong></span> <span class='ocrx_word' id='word_1_211' title='bbox 1106 2836 1737 2914; x_wconf 68' lang='lat' dir='ltr'><strong>Jupiie_r__Proserpiiiain</strong></span> <span class='ocrx_word' id='word_1_212' title='bbox 1770 2836 2075 2914; x_wconf 70' lang='lat' dir='ltr'><strong>suscepisse</strong></span> 
     </span>
    </p>
   </div>
   <div class='ocr_carea' id='block_1_41' title="bbox 508 2908 2071 2979">
    <p class='ocr_par' dir='ltr' id='par_1_41' title="bbox 508 2908 2071 2979">
     <span class='ocr_line' id='line_1_41' title="bbox 508 2908 2071 2979; baseline -0.009 -7"><span class='ocrx_word' id='word_1_213' title='bbox 508 2908 712 2972; x_wconf 81' lang='lat' dir='ltr'><strong>fertur:</strong></span> <span class='ocrx_word' id='word_1_214' title='bbox 746 2914 838 2969; x_wconf 90' lang='lat' dir='ltr'><strong>sed</strong></span> <span class='ocrx_word' id='word_1_215' title='bbox 868 2915 1004 2968; x_wconf 88' lang='lat' dir='ltr'><strong>hanc</strong></span> <span class='ocrx_word' id='word_1_216' title='bbox 1031 2911 1243 2967; x_wconf 89' lang='lat' dir='ltr'><strong>Cereris</strong></span> <span class='ocrx_word' id='word_1_217' title='bbox 1272 2910 1432 2964; x_wconf 87' lang='lat' dir='ltr'><strong>filiam</strong></span> <span class='ocrx_word' id='word_1_218' title='bbox 1465 2910 1619 2964; x_wconf 89' lang='lat' dir='ltr'><strong>Pluto</strong></span> <span class='ocrx_word' id='word_1_219' title='bbox 1650 2918 1832 2979; x_wconf 89' lang='lat' dir='ltr'><strong>postea</strong></span> <span class='ocrx_word' id='word_1_220' title='bbox 1858 2908 2033 2975; x_wconf 87' lang='lat' dir='ltr'><strong>rapuit</strong></span> <span class='ocrx_word' id='word_1_221' title='bbox 2060 2925 2071 2958; x_wconf 93' lang='lat'>:</span> 
     </span>
    </p>
   </div>
   <div class='ocr_carea' id='block_1_42' title="bbox 507 2981 2078 3042">
    <p class='ocr_par' dir='ltr' id='par_1_42' title="bbox 507 2981 2078 3042">
     <span class='ocr_line' id='line_1_42' title="bbox 507 2981 2078 3042; baseline -0.006 0"><span class='ocrx_word' id='word_1_222' title='bbox 507 2987 649 3042; x_wconf 90' lang='lat' dir='ltr'><strong>unde</strong></span> <span class='ocrx_word' id='word_1_223' title='bbox 672 2986 835 3041; x_wconf 88' lang='lat' dir='ltr'><strong>Ceres</strong></span> <span class='ocrx_word' id='word_1_224' title='bbox 862 2984 1101 3038; x_wconf 86' lang='lat' dir='ltr'><strong>accensis</strong></span> <span class='ocrx_word' id='word_1_225' title='bbox 1133 2982 1185 3035; x_wconf 91' lang='lat' dir='ltr'><strong>in</strong></span> <span class='ocrx_word' id='word_1_226' title='bbox 1213 2981 1370 3035; x_wconf 63' lang='lat' dir='ltr'><strong>{Etna</strong></span> <span class='ocrx_word' id='word_1_227' title='bbox 1400 2990 1578 3034; x_wconf 91' lang='lat' dir='ltr'><strong>monte</strong></span> <span class='ocrx_word' id='word_1_228' title='bbox 1605 2981 1755 3033; x_wconf 63' lang='lat' dir='ltr'><strong>taedis</strong></span> <span class='ocrx_word' id='word_1_229' title='bbox 1786 2988 1953 3033; x_wconf 84' lang='lat' dir='ltr'><strong>totum</strong></span> <span class='ocrx_word' id='word_1_230' title='bbox 1985 2994 2078 3033; x_wconf 86' lang='lat' dir='ltr'><strong>or-</strong></span> 
     </span>
    </p>
   </div>
   <div class='ocr_carea' id='block_1_43' title="bbox 508 3051 2073 3125">
    <p class='ocr_par' dir='ltr' id='par_1_43' title="bbox 508 3051 2073 3125">
     <span class='ocr_line' id='line_1_43' title="bbox 508 3051 2073 3125; baseline -0.006 -12"><span class='ocrx_word' id='word_1_231' title='bbox 508 3058 628 3113; x_wconf 89' lang='lat' dir='ltr'><strong>bein</strong></span> <span class='ocrx_word' id='word_1_232' title='bbox 660 3057 955 3125; x_wconf 84' lang='lat' dir='ltr'><strong>peragravit</strong></span> <span class='ocrx_word' id='word_1_233' title='bbox 985 3054 1143 3125; x_wconf 82' lang='lat' dir='ltr'><strong>ﬁliam</strong></span> <span class='ocrx_word' id='word_1_234' title='bbox 1170 3053 1488 3125; x_wconf 58' lang='lat' dir='ltr'><strong>quaesitura:</strong></span> <span class='ocrx_word' id='word_1_235' title='bbox 1516 3053 1570 3104; x_wconf 92' lang='lat' dir='ltr'><strong>in</strong></span> <span class='ocrx_word' id='word_1_236' title='bbox 1603 3051 1869 3125; x_wconf 74' lang='lat' dir='ltr'><strong>laborioso</strong></span> <span class='ocrx_word' id='word_1_237' title='bbox 1896 3059 2073 3104; x_wconf 88' lang='lat' dir='ltr'><strong>autem</strong></span> 
     </span>
    </p>
   </div>
   <div class='ocr_carea' id='block_1_44' title="bbox 508 3122 2074 3194">
    <p class='ocr_par' dir='ltr' id='par_1_44' title="bbox 508 3122 2074 3194">
     <span class='ocr_line' id='line_1_44' title="bbox 508 3122 2074 3194; baseline -0.006 -11"><span class='ocrx_word' id='word_1_238' title='bbox 508 3130 598 3183; x_wconf 92' lang='lat' dir='ltr'><strong>illo</strong></span> <span class='ocrx_word' id='word_1_239' title='bbox 634 3122 825 3181; x_wconf 71' lang='lat' dir='ltr'><strong>itinere</strong></span> <span class='ocrx_word' id='word_1_240' title='bbox 851 3124 1237 3194; x_wconf 87' lang='lat' dir='ltr'><strong>Triptolemum</strong></span> <span class='ocrx_word' id='word_1_241' title='bbox 1280 3122 1474 3194; x_wconf 79' lang='lat' dir='ltr'><strong>Eleusii</strong></span> <span class='ocrx_word' id='word_1_242' title='bbox 1495 3122 1665 3194; x_wconf 76' lang='lat' dir='ltr'><strong>regis</strong></span> <span class='ocrx_word' id='word_1_243' title='bbox 1690 3122 1854 3175; x_wconf 88' lang='lat' dir='ltr'><strong>lilium</strong></span> <span class='ocrx_word' id='word_1_244' title='bbox 1886 3136 2074 3194; x_wconf 84' lang='lat' dir='ltr'><strong>seren-</strong></span> 
     </span>
    </p>
   </div>
   <div class='ocr_carea' id='block_1_45' title="bbox 509 3192 2073 3254">
    <p class='ocr_par' dir='ltr' id='par_1_45' title="bbox 509 3192 2073 3254">
     <span class='ocr_line' id='line_1_45' title="bbox 509 3192 2073 3254; baseline -0.005 -1"><span class='ocrx_word' id='word_1_245' title='bbox 509 3200 695 3254; x_wconf 90' lang='lat' dir='ltr'><strong>doriim</strong></span> <span class='ocrx_word' id='word_1_246' title='bbox 741 3192 1003 3251; x_wconf 78' lang='lat' dir='ltr'><strong>seminiiiii</strong></span> <span class='ocrx_word' id='word_1_247' title='bbox 1048 3197 1303 3247; x_wconf 89' lang='lat' dir='ltr'><strong>rationein</strong></span> <span class='ocrx_word' id='word_1_248' title='bbox 1352 3192 1571 3245; x_wconf 85' lang='lat' dir='ltr'><strong>docuit:</strong></span> <span class='ocrx_word' id='word_1_249' title='bbox 1618 3192 1701 3246; x_wconf 92' lang='lat' dir='ltr'><strong>liic</strong></span> <span class='ocrx_word' id='word_1_250' title='bbox 1731 3207 1860 3247; x_wconf 87' lang='lat' dir='ltr'><strong>vero</strong></span> <span class='ocrx_word' id='word_1_251' title='bbox 1888 3193 2073 3246; x_wconf 88' lang='lat' dir='ltr'><strong>orbem</strong></span> 
     </span>
    </p>
   </div>
   <div class='ocr_carea' id='block_1_46' title="bbox 508 3263 2077 3340">
    <p class='ocr_par' dir='ltr' id='par_1_46' title="bbox 508 3263 2077 3340">
     <span class='ocr_line' id='line_1_46' title="bbox 508 3263 2077 3340; baseline -0.005 -16"><span class='ocrx_word' id='word_1_252' title='bbox 508 3272 707 3340; x_wconf 88' lang='lat' dir='ltr'><strong>pariter</strong></span> <span class='ocrx_word' id='word_1_253' title='bbox 737 3265 1308 3340; x_wconf 76' lang='lat' dir='ltr'><strong>paragrans,__eanid_e_ni</strong></span> <span class='ocrx_word' id='word_1_254' title='bbox 1342 3273 1510 3315; x_wconf 87' lang='lat' dir='ltr'><strong>artem</strong></span> <span class='ocrx_word' id='word_1_255' title='bbox 1541 3264 1749 3340; x_wconf 59' lang='lat' dir='ltr'><strong>oratoris</strong></span> <span class='ocrx_word' id='word_1_256' title='bbox 1773 3263 2077 3340; x_wconf 65' lang='lat' dir='ltr'><strong>hominibus</strong></span> 
     </span>
    </p>
   </div>
   <div class='ocr_carea' id='block_1_47' title="bbox 509 3332 2075 3397">
    <p class='ocr_par' dir='ltr' id='par_1_47' title="bbox 509 3332 2075 3397">
     <span class='ocr_line' id='line_1_47' title="bbox 509 3332 2075 3397; baseline -0.006 -2"><span class='ocrx_word' id='word_1_257' title='bbox 509 3332 942 3395; x_wconf 72' lang='lat' dir='ltr'><strong>communicavit.</strong></span> <span class='ocrx_word' id='word_1_258' title='bbox 964 3334 1300 3397; x_wconf 83' lang='lat' dir='ltr'><strong>Pliilosophis</strong></span> <span class='ocrx_word' id='word_1_259' title='bbox 1324 3345 1521 3394; x_wconf 90' lang='lat' dir='ltr'><strong>auiein,</strong></span> <span class='ocrx_word' id='word_1_260' title='bbox 1548 3333 1589 3385; x_wconf 90' lang='lat' dir='ltr'><strong>si</strong></span> <span class='ocrx_word' id='word_1_261' title='bbox 1614 3332 1786 3384; x_wconf 68' lang='lat' dir='ltr'><strong>Tullio</strong></span> <span class='ocrx_word' id='word_1_262' title='bbox 1810 3349 1842 3386; x_wconf 94' lang='lat' dir='ltr'><strong>ii</strong></span> <span class='ocrx_word' id='word_1_263' title='bbox 1867 3333 1933 3386; x_wconf 90' lang='lat' dir='ltr'><strong>de</strong></span> <span class='ocrx_word' id='word_1_264' title='bbox 1957 3333 2075 3386; x_wconf 84' lang='lat' dir='ltr'><strong>Nat.</strong></span> 
     </span>
    </p>
   </div>
   <div class='ocr_carea' id='block_1_48' title="bbox 509 3402 2079 3471">
    <p class='ocr_par' dir='ltr' id='par_1_48' title="bbox 509 3402 2079 3471">
     <span class='ocr_line' id='line_1_48' title="bbox 509 3402 2079 3471; baseline -0.004 -6"><span class='ocrx_word' id='word_1_265' title='bbox 509 3411 661 3465; x_wconf 87' lang='lat' dir='ltr'><strong>deor.</strong></span> <span class='ocrx_word' id='word_1_266' title='bbox 707 3407 1031 3463; x_wconf 86' lang='lat' dir='ltr'><strong>Credamus.</strong></span> <span class='ocrx_word' id='word_1_267' title='bbox 1082 3402 1246 3458; x_wconf 78' lang='lat' dir='ltr'><strong>Ceres</strong></span> <span class='ocrx_word' id='word_1_268' title='bbox 1282 3402 1409 3455; x_wconf 85' lang='lat' dir='ltr'><strong>nihil</strong></span> <span class='ocrx_word' id='word_1_269' title='bbox 1453 3412 1531 3455; x_wconf 82' lang='lat' dir='ltr'><strong>est</strong></span> <span class='ocrx_word' id='word_1_270' title='bbox 1583 3402 1724 3454; x_wconf 87' lang='lat' dir='ltr'><strong>aliud</strong></span> <span class='ocrx_word' id='word_1_271' title='bbox 1767 3417 1923 3471; x_wconf 87' lang='lat' dir='ltr'><strong>quam</strong></span> <span class='ocrx_word' id='word_1_272' title='bbox 1967 3403 2079 3471; x_wconf 90' lang='lat' dir='ltr'><strong>ipsa</strong></span> 
     </span>
    </p>
   </div>
   <div class='ocr_carea' id='block_1_49' title="bbox 508 3472 2078 3545">
    <p class='ocr_par' dir='ltr' id='par_1_49' title="bbox 508 3472 2078 3545">
     <span class='ocr_line' id='line_1_49' title="bbox 508 3472 2078 3545; baseline -0.005 -10"><span class='ocrx_word' id='word_1_273' title='bbox 508 3491 671 3545; x_wconf 89' lang='lat' dir='ltr'><strong>terra,</strong></span> <span class='ocrx_word' id='word_1_274' title='bbox 714 3480 791 3533; x_wconf 90' lang='lat' dir='ltr'><strong>sic</strong></span> <span class='ocrx_word' id='word_1_275' title='bbox 821 3478 959 3531; x_wconf 89' lang='lat' dir='ltr'><strong>dicta</strong></span> <span class='ocrx_word' id='word_1_276' title='bbox 993 3476 1075 3528; x_wconf 89' lang='lat' dir='ltr'><strong>vel</strong></span> <span class='ocrx_word' id='word_1_277' title='bbox 1112 3490 1141 3545; x_wconf 78' lang='lat' dir='ltr'><strong>:i</strong></span> <span class='ocrx_word' id='word_1_278' title='bbox 1169 3474 1386 3542; x_wconf 84' lang='lat' dir='ltr'><strong>gerendo</strong></span> <span class='ocrx_word' id='word_1_279' title='bbox 1417 3476 1567 3541; x_wconf 89' lang='lat' dir='ltr'><strong>quasi</strong></span> <span class='ocrx_word' id='word_1_280' title='bbox 1604 3472 1757 3525; x_wconf 74' lang='lat' dir='ltr'><strong>Geras</strong></span> <span class='ocrx_word' id='word_1_281' title='bbox 1804 3478 2078 3528; x_wconf 83' lang='lat' dir='ltr'><strong>immutata</strong></span> 
     </span>
    </p>
   </div>
   <div class='ocr_carea' id='block_1_50' title="bbox 509 3544 2078 3616">
    <p class='ocr_par' dir='ltr' id='par_1_50' title="bbox 509 3544 2078 3616">
     <span class='ocr_line' id='line_1_50' title="bbox 509 3544 2078 3616; baseline -0.006 -10"><span class='ocrx_word' id='word_1_282' title='bbox 509 3544 721 3612; x_wconf 84' lang='lat' dir='ltr'><strong>littera,</strong></span> <span class='ocrx_word' id='word_1_283' title='bbox 772 3564 801 3600; x_wconf 86' lang='lat' dir='ltr'><strong>a</strong></span> <span class='ocrx_word' id='word_1_284' title='bbox 845 3546 1092 3616; x_wconf 79' lang='lat' dir='ltr'><strong>gerendis</strong></span> <span class='ocrx_word' id='word_1_285' title='bbox 1121 3544 1398 3616; x_wconf 77' lang='lat' dir='ltr'><strong>frugibus;</strong></span> <span class='ocrx_word' id='word_1_286' title='bbox 1432 3545 1517 3616; x_wconf 86' lang='lat' dir='ltr'><strong>vel</strong></span> <span class='ocrx_word' id='word_1_287' title='bbox 1561 3557 1591 3596; x_wconf 86' lang='lat' dir='ltr'><strong>a</strong></span> <span class='ocrx_word' id='word_1_288' title='bbox 1632 3548 1884 3616; x_wconf 77' lang='lat' dir='ltr'><strong>creando.</strong></span> <span class='ocrx_word' id='word_1_289' title='bbox 1927 3546 2078 3609; x_wconf 89' lang='lat' dir='ltr'><strong>quasi</strong></span> 
     </span>
    </p>
   </div>
   <div class='ocr_carea' id='block_1_51' title="bbox 511 3613 2079 3690">
    <p class='ocr_par' dir='ltr' id='par_1_51' title="bbox 511 3613 2079 3690">
     <span class='ocr_line' id='line_1_51' title="bbox 511 3613 2079 3690; baseline -0.005 -16"><span class='ocrx_word' id='word_1_290' title='bbox 511 3623 717 3690; x_wconf 85' lang='lat' dir='ltr'><strong>frugum</strong></span> <span class='ocrx_word' id='word_1_291' title='bbox 749 3613 1000 3672; x_wconf 75' lang='lat' dir='ltr'><strong>creatrix.</strong></span> <span class='ocrx_word' id='word_1_292' title='bbox 1026 3616 1123 3682; x_wconf 88' lang='lat' dir='ltr'><strong>Qui</strong></span> <span class='ocrx_word' id='word_1_293' title='bbox 1149 3613 1385 3690; x_wconf 66' lang='lat' dir='ltr'><strong>porroid</strong></span> <span class='ocrx_word' id='word_1_294' title='bbox 1410 3614 1639 3667; x_wconf 62' lang='lat' dir='ltr'><strong>voluerit</strong></span> <span class='ocrx_word' id='word_1_295' title='bbox 1665 3614 1920 3690; x_wconf 78' lang='lat' dir='ltr'><strong>attentius</strong></span> <span class='ocrx_word' id='word_1_296' title='bbox 1948 3628 2079 3690; x_wconf 59' lang='lat' dir='ltr'><strong>con-</strong></span> 
     </span>
    </p>
   </div>
   <div class='ocr_carea' id='block_1_52' title="bbox 510 3683 2080 3753">
    <p class='ocr_par' dir='ltr' id='par_1_52' title="bbox 510 3683 2080 3753">
     <span class='ocr_line' id='line_1_52' title="bbox 510 3683 2080 3753; baseline -0.005 -8"><span class='ocrx_word' id='word_1_297' title='bbox 510 3683 781 3753; x_wconf 70' lang='lat' dir='ltr'><strong>sidérare,</strong></span> <span class='ocrx_word' id='word_1_298' title='bbox 814 3690 857 3741; x_wconf 91' lang='lat' dir='ltr'><strong>is</strong></span> <span class='ocrx_word' id='word_1_299' title='bbox 887 3701 1099 3740; x_wconf 84' lang='lat' dir='ltr'><strong>causam</strong></span> <span class='ocrx_word' id='word_1_300' title='bbox 1157 3685 1388 3739; x_wconf 81' lang='lat' dir='ltr'><strong>inveniet</strong></span> <span class='ocrx_word' id='word_1_301' title='bbox 1427 3699 1521 3738; x_wconf 92' lang='lat' dir='ltr'><strong>cur</strong></span> <span class='ocrx_word' id='word_1_302' title='bbox 1560 3693 1702 3737; x_wconf 89' lang='lat' dir='ltr'><strong>terra</strong></span> <span class='ocrx_word' id='word_1_303' title='bbox 1749 3683 2080 3739; x_wconf 86' lang='lat' dir='ltr'><strong>dicatur-Sa-</strong></span> 
     </span>
    </p>
   </div>
   <div class='ocr_carea' id='block_1_53' title="bbox 512 3755 2081 3829">
    <p class='ocr_par' dir='ltr' id='par_1_53' title="bbox 512 3755 2081 3829">
     <span class='ocr_line' id='line_1_53' title="bbox 512 3755 2081 3829; baseline -0.004 -13"><span class='ocrx_word' id='word_1_304' title='bbox 512 3764 651 3815; x_wconf 86' lang='lat' dir='ltr'><strong>turni</strong></span> <span class='ocrx_word' id='word_1_305' title='bbox 696 3769 750 3815; x_wconf 89' lang='lat' dir='ltr'><strong>et</strong></span> <span class='ocrx_word' id='word_1_306' title='bbox 795 3759 921 3829; x_wconf 83' lang='lat' dir='ltr'><strong>Upis</strong></span> <span class='ocrx_word' id='word_1_307' title='bbox 952 3756 1090 3829; x_wconf 84' lang='lat' dir='ltr'><strong>ﬁlia_,</strong></span> <span class='ocrx_word' id='word_1_308' title='bbox 1124 3767 1177 3810; x_wconf 90' lang='lat' dir='ltr'><strong>et</strong></span> <span class='ocrx_word' id='word_1_309' title='bbox 1214 3770 1310 3809; x_wconf 87' lang='lat' dir='ltr'><strong>cur</strong></span> <span class='ocrx_word' id='word_1_310' title='bbox 1338 3757 1468 3809; x_wconf 82' lang='lat' dir='ltr'><strong>Jove</strong></span> <span class='ocrx_word' id='word_1_311' title='bbox 1510 3755 1790 3809; x_wconf 87' lang='lat' dir='ltr'><strong>fecundata</strong></span> <span class='ocrx_word' id='word_1_312' title='bbox 1836 3756 2081 3829; x_wconf 78' lang='lat' dir='ltr'><strong>genuerit</strong></span> 
     </span>
    </p>
   </div>
   <div class='ocr_carea' id='block_1_54' title="bbox 511 3826 2080 3900">
    <p class='ocr_par' dir='ltr' id='par_1_54' title="bbox 511 3826 2080 3900">
     <span class='ocr_line' id='line_1_54' title="bbox 511 3826 2080 3900; baseline -0.005 -12"><span class='ocrx_word' id='word_1_313' title='bbox 511 3826 885 3900; x_wconf 77' lang='lat' dir='ltr'><strong>Proserpinam</strong></span> <span class='ocrx_word' id='word_1_314' title='bbox 917 3872 930 3891; x_wconf 94' lang='lat'><strong>,</strong></span> <span class='ocrx_word' id='word_1_315' title='bbox 981 3844 1008 3900; x_wconf 86' lang='lat' dir='ltr'><strong>a</strong></span> <span class='ocrx_word' id='word_1_316' title='bbox 1050 3827 1274 3900; x_wconf 79' lang='lat' dir='ltr'><strong>Plutone</strong></span> <span class='ocrx_word' id='word_1_317' title='bbox 1321 3834 1501 3895; x_wconf 80' lang='lat' dir='ltr'><strong>postea</strong></span> <span class='ocrx_word' id='word_1_318' title='bbox 1544 3839 1769 3895; x_wconf 82' lang='lat' dir='ltr'><strong>raptam.</strong></span> <span class='ocrx_word' id='word_1_319' title='bbox 1819 3826 1923 3881; x_wconf 69' lang='lat' dir='ltr'><strong>Sed</strong></span> <span class='ocrx_word' id='word_1_320' title='bbox 1967 3826 2080 3880; x_wconf 68' lang='lat' dir='ltr'><strong>hinc</strong></span> 
     </span>
    </p>
   </div>
   <div class='ocr_carea' id='block_1_55' title="bbox 509 3898 1243 3959">
    <p class='ocr_par' dir='ltr' id='par_1_55' title="bbox 509 3898 1243 3959">
     <span class='ocr_line' id='line_1_55' title="bbox 509 3898 1243 3959; baseline -0.01 -1"><span class='ocrx_word' id='word_1_321' title='bbox 509 3904 675 3959; x_wconf 86' lang='lat' dir='ltr'><strong>nostri</strong></span> <span class='ocrx_word' id='word_1_322' title='bbox 706 3898 810 3957; x_wconf 84' lang='lat' dir='ltr'><strong>non</strong></span> <span class='ocrx_word' id='word_1_323' title='bbox 842 3909 966 3955; x_wconf 90' lang='lat' dir='ltr'><strong>sunt</strong></span> <span class='ocrx_word' id='word_1_324' title='bbox 994 3898 1243 3952; x_wconf 89' lang='lat' dir='ltr'><strong>instituti.</strong></span> 
     </span>
    </p>
   </div>
   <div class='ocr_carea' id='block_1_56' title="bbox 582 3965 2079 4039">
    <p class='ocr_par' dir='ltr' id='par_1_56' title="bbox 582 3965 2079 4039">
     <span class='ocr_line' id='line_1_56' title="bbox 582 3965 2079 4039; baseline -0.005 -11"><span class='ocrx_word' id='word_1_325' title='bbox 582 3974 634 4028; x_wconf 85' lang='lat'><strong>6.</strong></span> <span class='ocrx_word' id='word_1_326' title='bbox 671 3974 900 4037; x_wconf 81' lang='lat' dir='ltr'><strong>Quernas</strong></span> <span class='ocrx_word' id='word_1_327' title='bbox 942 3980 1115 4039; x_wconf 86' lang='lat' dir='ltr'><strong>pergat</strong></span> <span class='ocrx_word' id='word_1_328' title='bbox 1144 3968 1212 4020; x_wconf 86' lang='lat' dir='ltr'><strong>ad</strong></span> <span class='ocrx_word' id='word_1_329' title='bbox 1241 3965 1488 4039; x_wconf 75' lang='lat' dir='ltr'><strong>arbores.]</strong></span> <span class='ocrx_word' id='word_1_330' title='bbox 1525 3966 1636 4021; x_wconf 83' lang='lat' dir='ltr'><strong>Hoc</strong></span> <span class='ocrx_word' id='word_1_331' title='bbox 1664 3976 1747 4021; x_wconf 87' lang='lat' dir='ltr'><strong>est</strong></span> <span class='ocrx_word' id='word_1_332' title='bbox 1771 3968 1839 4020; x_wconf 87' lang='lat' dir='ltr'><strong>ad</strong></span> <span class='ocrx_word' id='word_1_333' title='bbox 1865 3983 2079 4039; x_wconf 82' lang='lat' dir='ltr'><strong>quercus</strong></span> 
     </span>
    </p>
   </div>
   <div class='ocr_carea' id='block_1_57' title="bbox 507 4037 2079 4114">
    <p class='ocr_par' dir='ltr' id='par_1_57' title="bbox 507 4037 2079 4114">
     <span class='ocr_line' id='line_1_57' title="bbox 507 4037 2079 4114; baseline -0.005 -15"><span class='ocrx_word' id='word_1_334' title='bbox 507 4045 857 4114; x_wconf 64' lang='lat' dir='ltr'><strong>glandiferas,</strong></span> <span class='ocrx_word' id='word_1_335' title='bbox 897 4037 1254 4114; x_wconf 51' lang='lat' dir='ltr'><strong>ia&#39;riquam_ad</strong></span> <span class='ocrx_word' id='word_1_336' title='bbox 1296 4038 1496 4114; x_wconf 73' lang='lat' dir='ltr'><strong>primas</strong></span> <span class='ocrx_word' id='word_1_337' title='bbox 1545 4040 1817 4114; x_wconf 72' lang='lat' dir='ltr'><strong>hominum</strong></span> <span class='ocrx_word' id='word_1_338' title='bbox 1866 4037 2079 4114; x_wconf 81' lang='lat' dir='ltr'><strong>altrices</strong></span> 
     </span>
    </p>
   </div>
   <div class='ocr_carea' id='block_1_58' title="bbox 508 4103 2081 4183">
    <p class='ocr_par' dir='ltr' id='par_1_58' title="bbox 508 4103 2081 4183">
     <span class='ocr_line' id='line_1_58' title="bbox 508 4103 2081 4183; baseline -0.007 -12"><span class='ocrx_word' id='word_1_339' title='bbox 508 4103 793 4183; x_wconf 65' lang='lat' dir='ltr'><strong>confugiat.</strong></span> <span class='ocrx_word' id='word_1_340' title='bbox 827 4103 1471 4183; x_wconf 72' lang='lat' dir='ltr'><strong>Quercusarboscuique</strong></span> <span class='ocrx_word' id='word_1_341' title='bbox 1501 4118 1644 4183; x_wconf 79' lang='lat' dir='ltr'><strong>nota.</strong></span> <span class='ocrx_word' id='word_1_342' title='bbox 1680 4109 1801 4183; x_wconf 69' lang='lat' dir='ltr'><strong>Hinc</strong></span> <span class='ocrx_word' id='word_1_343' title='bbox 1840 4120 1964 4162; x_wconf 90' lang='lat' dir='ltr'><strong>ante</strong></span> <span class='ocrx_word' id='word_1_344' title='bbox 1997 4107 2081 4161; x_wconf 90' lang='lat' dir='ltr'><strong>in-</strong></span> 
     </span>
    </p>
   </div>
   <div class='ocr_carea' id='block_1_59' title="bbox 507 4177 2080 4251">
    <p class='ocr_par' dir='ltr' id='par_1_59' title="bbox 507 4177 2080 4251">
     <span class='ocr_line' id='line_1_59' title="bbox 507 4177 2080 4251; baseline -0.005 -12"><span class='ocrx_word' id='word_1_345' title='bbox 507 4177 695 4241; x_wconf 76' lang='lat' dir='ltr'><strong>ventas</strong></span> <span class='ocrx_word' id='word_1_346' title='bbox 729 4177 907 4251; x_wconf 80' lang='lat' dir='ltr'><strong>fruges</strong></span> <span class='ocrx_word' id='word_1_347' title='bbox 935 4181 1145 4251; x_wconf 83' lang='lat' dir='ltr'><strong>populis</strong></span> <span class='ocrx_word' id='word_1_348' title='bbox 1165 4177 1477 4251; x_wconf 70' lang='lat' dir='ltr'><strong>quibusdam</strong></span> <span class='ocrx_word' id='word_1_349' title='bbox 1506 4178 1699 4251; x_wconf 79' lang='lat' dir='ltr'><strong>dicitur</strong></span> <span class='ocrx_word' id='word_1_350' title='bbox 1728 4180 1924 4233; x_wconf 86' lang='lat' dir='ltr'><strong>victum</strong></span> <span class='ocrx_word' id='word_1_351' title='bbox 1948 4194 2080 4249; x_wconf 83' lang='lat' dir='ltr'><strong>sup-</strong></span> 
     </span>
    </p>
   </div>
   <div class='ocr_carea' id='block_1_60' title="bbox 508 4246 2083 4326">
    <p class='ocr_par' dir='ltr' id='par_1_60' title="bbox 508 4246 2083 4326">
     <span class='ocr_line' id='line_1_60' title="bbox 508 4246 2083 4326; baseline -0.012 -14"><span class='ocrx_word' id='word_1_352' title='bbox 508 4258 773 4326; x_wconf 90' lang='lat' dir='ltr'><strong>peditasse</strong></span> <span class='ocrx_word' id='word_1_353' title='bbox 799 4246 986 4305; x_wconf 55' lang='lat' dir='ltr'><strong>z&#39;unde</strong></span> <span class='ocrx_word' id='word_1_354' title='bbox 1009 4246 1194 4320; x_wconf 78' lang='lat' dir='ltr'><strong>Virgil.</strong></span> <span class='ocrx_word' id='word_1_355' title='bbox 1219 4264 1235 4303; x_wconf 93' lang='lat' dir='ltr'><strong>i</strong></span> <span class='ocrx_word' id='word_1_356' title='bbox 1260 4246 1480 4319; x_wconf 83' lang='lat' dir='ltr'><strong>Georg.,</strong></span> <span class='ocrx_word' id='word_1_357' title='bbox 1506 4264 1557 4301; x_wconf 91' lang='lat' dir='ltr'><strong>v.</strong></span> <span class='ocrx_word' id='word_1_358' title='bbox 1583 4249 1720 4306; x_wconf 70' lang='lat'><strong>159:</strong></span> <span class='ocrx_word' id='word_1_359' title='bbox 2017 4246 2032 4249; x_wconf 76' lang='lat'>&#39;</span> <span class='ocrx_word' id='word_1_360' title='bbox 2075 4256 2083 4264; x_wconf 94' lang='grc'><strong>·</strong></span> 
     </span>
    </p>
   </div>
   <div class='ocr_carea' id='block_1_61' title="bbox 630 4339 1858 4405">
    <p class='ocr_par' dir='ltr' id='par_1_61' title="bbox 630 4339 1858 4405">
     <span class='ocr_line' id='line_1_61' title="bbox 630 4339 1858 4405; baseline -0.005 -10"><span class='ocrx_word' id='word_1_361' title='bbox 630 4345 972 4405; x_wconf 87' lang='lat' dir='ltr'><strong>Concussaque</strong></span> <span class='ocrx_word' id='word_1_362' title='bbox 989 4340 1164 4390; x_wconf 87' lang='lat' dir='ltr'><strong>famem</strong></span> <span class='ocrx_word' id='word_1_363' title='bbox 1185 4345 1230 4389; x_wconf 87' lang='lat' dir='ltr'><strong>in</strong></span> <span class='ocrx_word' id='word_1_364' title='bbox 1253 4340 1383 4389; x_wconf 79' lang='lat' dir='ltr'><strong>silvis</strong></span> <span class='ocrx_word' id='word_1_365' title='bbox 1405 4339 1630 4389; x_wconf 86' lang='lat' dir='ltr'><strong>solabere</strong></span> <span class='ocrx_word' id='word_1_366' title='bbox 1654 4354 1858 4403; x_wconf 86' lang='lat' dir='ltr'><strong>quercu.</strong></span> 
     </span>
    </p>
   </div>
   <div class='ocr_carea' id='block_1_62' title="bbox 578 4422 2078 4497">
    <p class='ocr_par' dir='ltr' id='par_1_62' title="bbox 578 4422 2078 4497">
     <span class='ocr_line' id='line_1_62' title="bbox 578 4422 2078 4497; baseline -0.007 -12"><span class='ocrx_word' id='word_1_367' title='bbox 578 4431 753 4497; x_wconf 85' lang='lat' dir='ltr'><strong>Quare</strong></span> <span class='ocrx_word' id='word_1_368' title='bbox 794 4443 912 4483; x_wconf 90' lang='lat' dir='ltr'><strong>cum</strong></span> <span class='ocrx_word' id='word_1_369' title='bbox 943 4427 1097 4495; x_wconf 85' lang='lat' dir='ltr'><strong>glans</strong></span> <span class='ocrx_word' id='word_1_370' title='bbox 1117 4463 1132 4487; x_wconf 89' lang='lat'><strong>,</strong></span> <span class='ocrx_word' id='word_1_371' title='bbox 1163 4424 1321 4497; x_wconf 85' lang='lat' dir='ltr'><strong>hujus</strong></span> <span class='ocrx_word' id='word_1_372' title='bbox 1350 4422 1557 4497; x_wconf 81' lang='lat' dir='ltr'><strong>arboris</strong></span> <span class='ocrx_word' id='word_1_373' title='bbox 1584 4424 1809 4497; x_wconf 83' lang='lat' dir='ltr'><strong>fructus,</strong></span> <span class='ocrx_word' id='word_1_374' title='bbox 1840 4438 1947 4497; x_wconf 79' lang='lat' dir='ltr'><strong>non</strong></span> <span class='ocrx_word' id='word_1_375' title='bbox 1978 4422 2078 4476; x_wconf 90' lang='lat' dir='ltr'><strong>nisi</strong></span> 
     </span>
    </p>
   </div>
   <div class='ocr_carea' id='block_1_63' title="bbox 506 4493 2078 4571">
    <p class='ocr_par' dir='ltr' id='par_1_63' title="bbox 506 4493 2078 4571">
     <span class='ocr_line' id='line_1_63' title="bbox 506 4493 2078 4571; baseline -0.006 -16"><span class='ocrx_word' id='word_1_376' title='bbox 506 4493 626 4571; x_wconf 74' lang='lat' dir='ltr'><strong>post</strong></span> <span class='ocrx_word' id='word_1_377' title='bbox 663 4509 901 4569; x_wconf 83' lang='lat' dir='ltr'><strong>segetum</strong></span> <span class='ocrx_word' id='word_1_378' title='bbox 934 4493 1158 4571; x_wconf 74' lang='lat' dir='ltr'><strong>messem</strong></span> <span class='ocrx_word' id='word_1_379' title='bbox 1190 4496 1494 4571; x_wconf 82' lang='lat' dir='ltr'><strong>adolescat,</strong></span> <span class='ocrx_word' id='word_1_380' title='bbox 1528 4493 1640 4547; x_wconf 65' lang='lat' dir='ltr'><strong>haec</strong></span> <span class='ocrx_word' id='word_1_381' title='bbox 1680 4494 1908 4548; x_wconf 89' lang='lat' dir='ltr'><strong>diversis</strong></span> <span class='ocrx_word' id='word_1_382' title='bbox 1939 4504 2078 4571; x_wconf 72' lang='lat' dir='ltr'><strong>tein-</strong></span> 
     </span>
    </p>
   </div>
   <div class='ocr_carea' id='block_1_64' title="bbox 504 4562 2075 4642">
    <p class='ocr_par' dir='ltr' id='par_1_64' title="bbox 504 4562 2075 4642">
     <span class='ocr_line' id='line_1_64' title="bbox 504 4562 2075 4642; baseline -0.004 -17"><span class='ocrx_word' id='word_1_383' title='bbox 504 4562 816 4642; x_wconf 53' lang='lat' dir='ltr'><strong>puribus&#39;ita</strong></span> <span class='ocrx_word' id='word_1_384' title='bbox 846 4569 1059 4642; x_wconf 80' lang='lat' dir='ltr'><strong>astricta</strong></span> <span class='ocrx_word' id='word_1_385' title='bbox 1088 4575 1235 4642; x_wconf 75' lang='lat' dir='ltr'><strong>sunt,</strong></span> <span class='ocrx_word' id='word_1_386' title='bbox 1260 4574 1317 4617; x_wconf 92' lang='lat' dir='ltr'><strong>ut</strong></span> <span class='ocrx_word' id='word_1_387' title='bbox 1344 4562 1463 4642; x_wconf 83' lang='lat' dir='ltr'><strong>si_t_e</strong></span> <span class='ocrx_word' id='word_1_388' title='bbox 1487 4578 1640 4642; x_wconf 78' lang='lat' dir='ltr'><strong>seges</strong></span> <span class='ocrx_word' id='word_1_389' title='bbox 1665 4576 1973 4642; x_wconf 51' lang='lat' dir='ltr'><strong>(inspectata</strong></span> <span class='ocrx_word' id='word_1_390' title='bbox 2001 4565 2075 4618; x_wconf 89' lang='lat' dir='ltr'><strong>fe-</strong></span> 
     </span>
    </p>
   </div>
   <div class='ocr_carea' id='block_1_65' title="bbox 506 4633 2076 4708">
    <p class='ocr_par' dir='ltr' id='par_1_65' title="bbox 506 4633 2076 4708">
     <span class='ocr_line' id='line_1_65' title="bbox 506 4633 2076 4708; baseline -0.004 -13"><span class='ocrx_word' id='word_1_391' title='bbox 506 4633 668 4707; x_wconf 79' lang='lat' dir='ltr'><strong>fellit,</strong></span> <span class='ocrx_word' id='word_1_392' title='bbox 710 4656 739 4692; x_wconf 88' lang='lat' dir='ltr'><strong>a</strong></span> <span class='ocrx_word' id='word_1_393' title='bbox 774 4639 998 4708; x_wconf 85' lang='lat' dir='ltr'><strong>quernis</strong></span> <span class='ocrx_word' id='word_1_394' title='bbox 1037 4635 1320 4691; x_wconf 89' lang='lat' dir='ltr'><strong>arboribus</strong></span> <span class='ocrx_word' id='word_1_395' title='bbox 1361 4633 1491 4708; x_wconf 84' lang='lat' dir='ltr'><strong>olim</strong></span> <span class='ocrx_word' id='word_1_396' title='bbox 1539 4634 1849 4708; x_wconf 80' lang='lat' dir='ltr'><strong>glandiferis</strong></span> <span class='ocrx_word' id='word_1_397' title='bbox 1897 4633 2076 4708; x_wconf 79' lang='lat' dir='ltr'><strong>fruges</strong></span> 
     </span>
    </p>
   </div>
   <div class='ocr_carea' id='block_1_66' title="bbox 505 4704 2073 4783">
    <p class='ocr_par' dir='ltr' id='par_1_66' title="bbox 505 4704 2073 4783">
     <span class='ocr_line' id='line_1_66' title="bbox 505 4704 2073 4783; baseline -0.006 -17"><span class='ocrx_word' id='word_1_398' title='bbox 505 4704 725 4783; x_wconf 83' lang='lat' dir='ltr'><strong>sperare</strong></span> <span class='ocrx_word' id='word_1_399' title='bbox 755 4704 944 4783; x_wconf 79' lang='lat' dir='ltr'><strong>possis.</strong></span> <span class='ocrx_word' id='word_1_400' title='bbox 978 4707 1068 4783; x_wconf 77' lang='lat' dir='ltr'><strong>Sic</strong></span> <span class='ocrx_word' id='word_1_401' title='bbox 1106 4721 1234 4783; x_wconf 84' lang='lat' dir='ltr'><strong>ergo</strong></span> <span class='ocrx_word' id='word_1_402' title='bbox 1283 4704 1531 4774; x_wconf 81' lang='lat' dir='ltr'><strong>exemplo</strong></span> <span class='ocrx_word' id='word_1_403' title='bbox 1571 4706 1758 4783; x_wconf 87' lang='lat' dir='ltr'><strong>iiie_s_si_s</strong></span> <span class='ocrx_word' id='word_1_404' title='bbox 1782 4705 2073 4783; x_wconf 76' lang='lat' dir='ltr'><strong>probatur,</strong></span> 
     </span>
    </p>
   </div>
   <div class='ocr_carea' id='block_1_67' title="bbox 504 4775 2072 4850">
    <p class='ocr_par' dir='ltr' id='par_1_67' title="bbox 504 4775 2072 4850">
     <span class='ocr_line' id='line_1_67' title="bbox 504 4775 2072 4850; baseline -0.006 -12"><span class='ocrx_word' id='word_1_405' title='bbox 504 4775 597 4839; x_wconf 77' lang='lat' dir='ltr'><strong>sua</strong></span> <span class='ocrx_word' id='word_1_406' title='bbox 650 4775 769 4837; x_wconf 85' lang='lat' dir='ltr'><strong>esse</strong></span> <span class='ocrx_word' id='word_1_407' title='bbox 816 4780 1040 4850; x_wconf 83' lang='lat' dir='ltr'><strong>singulis</strong></span> <span class='ocrx_word' id='word_1_408' title='bbox 1082 4775 1244 4832; x_wconf 86' lang='lat' dir='ltr'><strong>rebus</strong></span> <span class='ocrx_word' id='word_1_409' title='bbox 1294 4786 1574 4843; x_wconf 86' lang='lat' dir='ltr'><strong>tempora,</strong></span> <span class='ocrx_word' id='word_1_410' title='bbox 1632 4775 1884 4830; x_wconf 86' lang='lat' dir='ltr'><strong>divinitus</strong></span> <span class='ocrx_word' id='word_1_411' title='bbox 1932 4790 2072 4845; x_wconf 64' lang='lat' dir='ltr'><strong>pra:-</strong></span> 
     </span>
    </p>
   </div>
   <div class='ocr_carea' id='block_1_68' title="bbox 504 4865 722 4910">
    <p class='ocr_par' dir='ltr' id='par_1_68' title="bbox 504 4865 722 4910">
     <span class='ocr_line' id='line_1_68' title="bbox 504 4865 722 4910; baseline 0 -3"><span class='ocrx_word' id='word_1_412' title='bbox 504 4865 722 4910; x_wconf 77' lang='lat' dir='ltr'><strong>SCI&#39;IDla.</strong></span> 
     </span>
    </p>
   </div>
   <div class='ocr_carea' id='block_1_69' title="bbox 574 4871 2067 4997">
    <p class='ocr_par' dir='ltr' id='par_1_69' title="bbox 574 4871 2067 4997">
     <span class='ocr_line' id='line_1_69' title="bbox 574 4871 2067 4997; baseline -0.006 -17"><span class='ocrx_word' id='word_1_413' title='bbox 574 4871 932 4992; x_wconf 46' lang='lat' dir='ltr'><strong>l&#39;7l.pll;\i.imquam</strong></span> <span class='ocrx_word' id='word_1_414' title='bbox 970 4934 1277 4997; x_wconf 81' lang='lat' dir='ltr'><strong>purpureum</strong></span> <span class='ocrx_word' id='word_1_415' title='bbox 1320 4915 1543 4997; x_wconf 87' lang='lat' dir='ltr'><strong>nemus.]</strong></span> <span class='ocrx_word' id='word_1_416' title='bbox 1582 4916 1643 4997; x_wconf 74' lang='lat' dir='ltr'><strong>ll.</strong></span> <span class='ocrx_word' id='word_1_417' title='bbox 1679 4915 1938 4997; x_wconf 82' lang='lat' dir='ltr'><strong>Exemplo</strong></span> <span class='ocrx_word' id='word_1_418' title='bbox 1967 4917 2067 4972; x_wconf 85' lang='lat' dir='ltr'><strong>flo-</strong></span> 
     </span>
    </p>
   </div>
   <div class='ocr_carea' id='block_1_70' title="bbox 503 4990 2068 5069">
    <p class='ocr_par' dir='ltr' id='par_1_70' title="bbox 503 4990 2068 5069">
     <span class='ocr_line' id='line_1_70' title="bbox 503 4990 2068 5069; baseline -0.004 -20"><span class='ocrx_word' id='word_1_419' title='bbox 503 5010 618 5050; x_wconf 81' lang='lat' dir='ltr'><strong>l&#39;llln</strong></span> <span class='ocrx_word' id='word_1_420' title='bbox 647 4990 897 5065; x_wconf 84' lang='lat' dir='ltr'><strong>probatur</strong></span> <span class='ocrx_word' id='word_1_421' title='bbox 925 4992 1107 5069; x_wconf 73' lang='lat' dir='ltr'><strong>etiam,</strong></span> <span class='ocrx_word' id='word_1_422' title='bbox 1133 5005 1285 5069; x_wconf 46' lang='lat' dir='ltr'><strong>suunm</strong></span> <span class='ocrx_word' id='word_1_423' title='bbox 1313 4994 1509 5069; x_wconf 78' lang='lat' dir='ltr'><strong>cuique</strong></span> <span class='ocrx_word' id='word_1_424' title='bbox 1530 4990 1607 5041; x_wconf 87' lang='lat' dir='ltr'><strong>rei</strong></span> <span class='ocrx_word' id='word_1_425' title='bbox 1628 4990 1914 5069; x_wconf 78' lang='lat' dir='ltr'><strong>convenire</strong></span> <span class='ocrx_word' id='word_1_426' title='bbox 1937 5000 2068 5043; x_wconf 88' lang='lat' dir='ltr'><strong>tem-</strong></span> 
     </span>
    </p>
   </div>
   <div class='ocr_carea' id='block_1_71' title="bbox 503 5059 2063 5134">
    <p class='ocr_par' dir='ltr' id='par_1_71' title="bbox 503 5059 2063 5134">
     <span class='ocr_line' id='line_1_71' title="bbox 503 5059 2063 5134; baseline -0.006 -13"><span class='ocrx_word' id='word_1_427' title='bbox 503 5083 600 5134; x_wconf 88' lang='lat' dir='ltr'><strong>pus</strong></span> <span class='ocrx_word' id='word_1_428' title='bbox 624 5059 993 5132; x_wconf 56' lang='lat' dir='ltr'><strong>fsignilicatur</strong></span> <span class='ocrx_word' id='word_1_429' title='bbox 1024 5063 1187 5124; x_wconf 91' lang='lat' dir='ltr'><strong>enim,</strong></span> <span class='ocrx_word' id='word_1_430' title='bbox 1220 5059 1398 5134; x_wconf 84' lang='lat' dir='ltr'><strong>ﬂores,</strong></span> <span class='ocrx_word' id='word_1_431' title='bbox 1421 5059 1511 5127; x_wconf 87' lang='lat' dir='ltr'><strong>qui</strong></span> <span class='ocrx_word' id='word_1_432' title='bbox 1541 5068 1729 5134; x_wconf 80' lang='lat' dir='ltr'><strong>sponte</strong></span> <span class='ocrx_word' id='word_1_433' title='bbox 1757 5059 1903 5134; x_wconf 76' lang='lat' dir='ltr'><strong>nasci</strong></span> <span class='ocrx_word' id='word_1_434' title='bbox 1929 5075 2063 5114; x_wconf 86' lang='lat' dir='ltr'><strong>con-</strong></span> 
     </span>
    </p>
   </div>
   <div class='ocr_carea' id='block_1_72' title="bbox 500 5129 2063 5202">
    <p class='ocr_par' dir='ltr' id='par_1_72' title="bbox 500 5129 2063 5202">
     <span class='ocr_line' id='line_1_72' title="bbox 500 5129 2063 5202; baseline -0.003 -13"><span class='ocrx_word' id='word_1_435' title='bbox 500 5129 801 5195; x_wconf 71' lang='lat' dir='ltr'><strong>sueveruiit,</strong></span> <span class='ocrx_word' id='word_1_436' title='bbox 824 5136 1016 5202; x_wconf 80' lang='lat' dir='ltr'><strong>quique</strong></span> <span class='ocrx_word' id='word_1_437' title='bbox 1040 5148 1179 5185; x_wconf 89' lang='lat' dir='ltr'><strong>nunc</strong></span> <span class='ocrx_word' id='word_1_438' title='bbox 1202 5130 1486 5202; x_wconf 82' lang='lat' dir='ltr'><strong>nominatis</strong></span> <span class='ocrx_word' id='word_1_439' title='bbox 1508 5129 1655 5202; x_wconf 76' lang='lat' dir='ltr'><strong>violis</strong></span> <span class='ocrx_word' id='word_1_440' title='bbox 1677 5129 2063 5202; x_wconf 84' lang='lat' dir='ltr'><strong>intelliguntur,</strong></span> 
     </span>
    </p>
   </div>
   <div class='ocr_carea' id='block_1_73' title="bbox 499 5200 2067 5272">
    <p class='ocr_par' dir='ltr' id='par_1_73' title="bbox 499 5200 2067 5272">
     <span class='ocr_line' id='line_1_73' title="bbox 499 5200 2067 5272; baseline -0.003 -11"><span class='ocrx_word' id='word_1_441' title='bbox 499 5222 603 5261; x_wconf 91' lang='lat' dir='ltr'><strong>non</strong></span> <span class='ocrx_word' id='word_1_442' title='bbox 637 5220 753 5261; x_wconf 88' lang='lat' dir='ltr'><strong>esse</strong></span> <span class='ocrx_word' id='word_1_443' title='bbox 791 5200 1104 5272; x_wconf 81' lang='lat' dir='ltr'><strong>quaerendos</strong></span> <span class='ocrx_word' id='word_1_444' title='bbox 1138 5212 1375 5268; x_wconf 88' lang='lat' dir='ltr'><strong>tempore</strong></span> <span class='ocrx_word' id='word_1_445' title='bbox 1421 5200 1662 5265; x_wconf 88' lang='lat' dir='ltr'><strong>hiemali,</strong></span> <span class='ocrx_word' id='word_1_446' title='bbox 1707 5216 1812 5269; x_wconf 91' lang='lat' dir='ltr'><strong>quo</strong></span> <span class='ocrx_word' id='word_1_447' title='bbox 1840 5201 2067 5256; x_wconf 67' lang='lat' dir='ltr'><strong>saeviunt</strong></span> 
     </span>
    </p>
   </div>
   <div class='ocr_carea' id='block_1_74' title="bbox 498 5272 2064 5343">
    <p class='ocr_par' dir='ltr' id='par_1_74' title="bbox 498 5272 2064 5343">
     <span class='ocr_line' id='line_1_74' title="bbox 498 5272 2064 5343; baseline -0.006 -10"><span class='ocrx_word' id='word_1_448' title='bbox 498 5289 794 5339; x_wconf 77' lang='lat' dir='ltr'><strong>aquilones,</strong></span> <span class='ocrx_word' id='word_1_449' title='bbox 852 5288 945 5343; x_wconf 79' lang='lat' dir='ltr'><strong>per</strong></span> <span class='ocrx_word' id='word_1_450' title='bbox 996 5288 1305 5343; x_wconf 87' lang='lat' dir='ltr'><strong>purpureum</strong></span> <span class='ocrx_word' id='word_1_451' title='bbox 1361 5286 1594 5325; x_wconf 91' lang='lat' dir='ltr'><strong>nemus:</strong></span> <span class='ocrx_word' id='word_1_452' title='bbox 1652 5286 1819 5343; x_wconf 88' lang='lat' dir='ltr'><strong>quare</strong></span> <span class='ocrx_word' id='word_1_453' title='bbox 1867 5272 2064 5341; x_wconf 89' lang='lat' dir='ltr'><strong>aliquid</strong></span> 
     </span>
    </p>
   </div>
   <div class='ocr_carea' id='block_1_75' title="bbox 497 5342 2068 5414">
    <p class='ocr_par' dir='ltr' id='par_1_75' title="bbox 497 5342 2068 5414">
     <span class='ocr_line' id='line_1_75' title="bbox 497 5342 2068 5414; baseline -0.006 -10"><span class='ocrx_word' id='word_1_454' title='bbox 497 5349 777 5404; x_wconf 88' lang='lat' dir='ltr'><strong>dicendum</strong></span> <span class='ocrx_word' id='word_1_455' title='bbox 803 5342 869 5399; x_wconf 80' lang='lat' dir='ltr'><strong>de</strong></span> <span class='ocrx_word' id='word_1_456' title='bbox 901 5342 1166 5414; x_wconf 84' lang='lat' dir='ltr'><strong>purpureo</strong></span> <span class='ocrx_word' id='word_1_457' title='bbox 1191 5357 1431 5405; x_wconf 87' lang='lat' dir='ltr'><strong>nemore,</strong></span> <span class='ocrx_word' id='word_1_458' title='bbox 1477 5344 1542 5395; x_wconf 88' lang='lat' dir='ltr'><strong>de</strong></span> <span class='ocrx_word' id='word_1_459' title='bbox 1569 5342 1720 5395; x_wconf 86' lang='lat' dir='ltr'><strong>violis</strong></span> <span class='ocrx_word' id='word_1_460' title='bbox 1746 5351 1802 5396; x_wconf 87' lang='lat' dir='ltr'><strong>et</strong></span> <span class='ocrx_word' id='word_1_461' title='bbox 1827 5344 1894 5397; x_wconf 90' lang='lat' dir='ltr'><strong>de</strong></span> <span class='ocrx_word' id='word_1_462' title='bbox 1923 5343 2068 5412; x_wconf 76' lang='lat' dir='ltr'><strong>aqui~</strong></span> 
     </span>
    </p>
   </div>
   <div class='ocr_carea' id='block_1_76' title="bbox 497 5421 726 5476">
    <p class='ocr_par' dir='ltr' id='par_1_76' title="bbox 497 5421 726 5476">
     <span class='ocr_line' id='line_1_76' title="bbox 497 5421 726 5476; baseline -0.026 -1"><span class='ocrx_word' id='word_1_463' title='bbox 497 5421 726 5476; x_wconf 89' lang='lat' dir='ltr'><strong>louibiis.</strong></span> 
     </span>
    </p>
   </div>
   <div class='ocr_carea' id='block_1_77' title="bbox 566 5482 2058 5559">
    <p class='ocr_par' dir='ltr' id='par_1_77' title="bbox 566 5482 2058 5559">
     <span class='ocr_line' id='line_1_77' title="bbox 566 5482 2058 5559; baseline -0.005 -15"><span class='ocrx_word' id='word_1_464' title='bbox 566 5492 894 5559; x_wconf 79' lang='lat' dir='ltr'><strong>Purpureum</strong></span> <span class='ocrx_word' id='word_1_465' title='bbox 939 5486 1187 5559; x_wconf 70' lang='lat' dir='ltr'><strong>dicitur-.1</strong></span> <span class='ocrx_word' id='word_1_466' title='bbox 1235 5497 1485 5559; x_wconf 81' lang='lat' dir='ltr'><strong>purpura.</strong></span> <span class='ocrx_word' id='word_1_467' title='bbox 1530 5482 1624 5535; x_wconf 86' lang='lat' dir='ltr'><strong>Est</strong></span> <span class='ocrx_word' id='word_1_468' title='bbox 1668 5496 1796 5559; x_wconf 80' lang='lat' dir='ltr'><strong>vero</strong></span> <span class='ocrx_word' id='word_1_469' title='bbox 1830 5496 2058 5559; x_wconf 72' lang='lat' dir='ltr'><strong>purpura</strong></span> 
     </span>
    </p>
   </div>
   <div class='ocr_carea' id='block_1_78' title="bbox 496 5552 2055 5629">
    <p class='ocr_par' dir='ltr' id='par_1_78' title="bbox 496 5552 2055 5629">
     <span class='ocr_line' id='line_1_78' title="bbox 496 5552 2055 5629; baseline -0.007 -14"><span class='ocrx_word' id='word_1_470' title='bbox 496 5552 713 5615; x_wconf 65' lang='lat' dir='ltr'><strong>conclia:</strong></span> <span class='ocrx_word' id='word_1_471' title='bbox 733 5574 921 5629; x_wconf 87' lang='lat' dir='ltr'><strong>genus,</strong></span> <span class='ocrx_word' id='word_1_472' title='bbox 946 5559 1095 5629; x_wconf 63' lang='lat' dir='ltr'><strong>cujus</strong></span> <span class='ocrx_word' id='word_1_473' title='bbox 1116 5556 1320 5622; x_wconf 85' lang='lat' dir='ltr'><strong>liquore</strong></span> <span class='ocrx_word' id='word_1_474' title='bbox 1350 5555 1473 5606; x_wconf 90' lang='lat' dir='ltr'><strong>olim</strong></span> <span class='ocrx_word' id='word_1_475' title='bbox 1499 5564 1671 5606; x_wconf 77' lang='lat' dir='ltr'><strong>vestes</strong></span> <span class='ocrx_word' id='word_1_476' title='bbox 1701 5552 2055 5619; x_wconf 84' lang='lat' dir='ltr'><strong>fingebantur.</strong></span> 
     </span>
    </p>
   </div>
   <div class='ocr_carea' id='block_1_79' title="bbox 496 5627 2056 5697">
    <p class='ocr_par' dir='ltr' id='par_1_79' title="bbox 496 5627 2056 5697">
     <span class='ocr_line' id='line_1_79' title="bbox 496 5627 2056 5697; baseline -0.006 -13"><span class='ocrx_word' id='word_1_477' title='bbox 496 5634 642 5697; x_wconf 82' lang='lat' dir='ltr'><strong>Quod</strong></span> <span class='ocrx_word' id='word_1_478' title='bbox 673 5627 848 5683; x_wconf 78' lang='lat' dir='ltr'><strong>autem</strong></span> <span class='ocrx_word' id='word_1_479' title='bbox 886 5631 994 5696; x_wconf 85' lang='lat' dir='ltr'><strong>jam</strong></span> <span class='ocrx_word' id='word_1_480' title='bbox 1028 5643 1055 5679; x_wconf 92' lang='lat' dir='ltr'><strong>a</strong></span> <span class='ocrx_word' id='word_1_481' title='bbox 1087 5627 1243 5693; x_wconf 78' lang='lat' dir='ltr'><strong>longo</strong></span> <span class='ocrx_word' id='word_1_482' title='bbox 1287 5636 1525 5693; x_wconf 90' lang='lat' dir='ltr'><strong>tempore</strong></span> <span class='ocrx_word' id='word_1_483' title='bbox 1558 5635 1793 5697; x_wconf 84' lang='lat' dir='ltr'><strong>veterum</strong></span> <span class='ocrx_word' id='word_1_484' title='bbox 1818 5637 2056 5697; x_wconf 80' lang='lat' dir='ltr'><strong>purpura</strong></span> 
     </span>
    </p>
   </div>
   <div class='ocr_carea' id='block_1_80' title="bbox 497 5694 2054 5769">
    <p class='ocr_par' dir='ltr' id='par_1_80' title="bbox 497 5694 2054 5769">
     <span class='ocr_line' id='line_1_80' title="bbox 497 5694 2054 5769; baseline -0.006 -16"><span class='ocrx_word' id='word_1_485' title='bbox 497 5694 731 5763; x_wconf 72' lang='lat' dir='ltr'><strong>desierit,</strong></span> <span class='ocrx_word' id='word_1_486' title='bbox 766 5694 1041 5769; x_wconf 79' lang='lat' dir='ltr'><strong>propterea</strong></span> <span class='ocrx_word' id='word_1_487' title='bbox 1085 5698 1296 5749; x_wconf 87' lang='lat' dir='ltr'><strong>inducta</strong></span> <span class='ocrx_word' id='word_1_488' title='bbox 1330 5697 1483 5769; x_wconf 79' lang='lat' dir='ltr'><strong>liiijus</strong></span> <span class='ocrx_word' id='word_1_489' title='bbox 1515 5694 1658 5769; x_wconf 85' lang='lat' dir='ltr'><strong>vocis</strong></span> <span class='ocrx_word' id='word_1_490' title='bbox 1688 5694 2054 5769; x_wconf 64' lang='lat' dir='ltr'><strong>ambiguitate,</strong></span> 
     </span>
    </p>
   </div>
   <div class='ocr_carea' id='block_1_81' title="bbox 497 5762 2059 5838">
    <p class='ocr_par' dir='ltr' id='par_1_81' title="bbox 497 5762 2059 5838">
     <span class='ocr_line' id='line_1_81' title="bbox 497 5762 2059 5838; baseline -0.005 -16"><span class='ocrx_word' id='word_1_491' title='bbox 497 5762 789 5838; x_wconf 81' lang='lat' dir='ltr'><strong>purpureus</strong></span> <span class='ocrx_word' id='word_1_492' title='bbox 819 5762 1034 5821; x_wconf 76' lang='lat' dir='ltr'><strong>vocatur</strong></span> <span class='ocrx_word' id='word_1_493' title='bbox 1078 5782 1219 5820; x_wconf 89' lang='lat' dir='ltr'><strong>nunc</strong></span> <span class='ocrx_word' id='word_1_494' title='bbox 1254 5762 1467 5835; x_wconf 87' lang='lat' dir='ltr'><strong>quidem</strong></span> <span class='ocrx_word' id='word_1_495' title='bbox 1500 5767 1691 5834; x_wconf 83' lang='lat' dir='ltr'><strong>nigror,</strong></span> <span class='ocrx_word' id='word_1_496' title='bbox 1724 5773 1777 5838; x_wconf 83' lang='lat' dir='ltr'><strong>ut</strong></span> <span class='ocrx_word' id='word_1_497' title='bbox 1810 5762 2059 5838; x_wconf 78' lang='lat' dir='ltr'><strong>apud_Ci-</strong></span> 
     </span>
    </p>
   </div>
   <div class='ocr_carea' id='block_1_82' title="bbox 498 5832 2055 5906">
    <p class='ocr_par' dir='ltr' id='par_1_82' title="bbox 498 5832 2055 5906">
     <span class='ocr_line' id='line_1_82' title="bbox 498 5832 2055 5906; baseline -0.004 -11"><span class='ocrx_word' id='word_1_498' title='bbox 498 5832 743 5897; x_wconf 80' lang='lat' dir='ltr'><strong>ceroiiem</strong></span> <span class='ocrx_word' id='word_1_499' title='bbox 775 5854 919 5893; x_wconf 86' lang='lat' dir='ltr'><strong>mare</strong></span> <span class='ocrx_word' id='word_1_500' title='bbox 947 5832 1593 5906; x_wconf 40' lang='lat' dir='ltr'><strong>nigricans~p7irpureum_;</strong></span> <span class='ocrx_word' id='word_1_501' title='bbox 1641 5836 1781 5904; x_wconf 89' lang='lat' dir='ltr'><strong>apud</strong></span> <span class='ocrx_word' id='word_1_502' title='bbox 1812 5832 2055 5889; x_wconf 83' lang='lat' dir='ltr'><strong>Ovidium</strong></span> 
     </span>
    </p>
   </div>
   <div class='ocr_carea' id='block_1_83' title="bbox 2114 1829 3731 1918">
    <p class='ocr_par' dir='ltr' id='par_1_83' title="bbox 2114 1829 3731 1918">
     <span class='ocr_line' id='line_1_83' title="bbox 2114 1829 3731 1918; baseline 0.008 -38"><span class='ocrx_word' id='word_1_503' title='bbox 2114 1856 2162 1918; x_wconf 74' lang='grc' dir='ltr'><strong>Β</strong></span> <span class='ocrx_word' id='word_1_504' title='bbox 2188 1830 2335 1910; x_wconf 74' lang='lat' dir='ltr'><strong>viola:</strong></span> <span class='ocrx_word' id='word_1_505' title='bbox 2380 1829 2606 1918; x_wconf 59' lang='lat' dir='ltr'><strong>sublucet</strong></span> <span class='ocrx_word' id='word_1_506' title='bbox 2655 1848 2893 1918; x_wconf 64' lang='lat' dir='ltr'><strong>purpura</strong></span> <span class='ocrx_word' id='word_1_507' title='bbox 2919 1834 3117 1918; x_wconf 64' lang='lat' dir='ltr'><strong>nigrae:</strong></span> <span class='ocrx_word' id='word_1_508' title='bbox 3164 1851 3305 1918; x_wconf 68' lang='lat' dir='ltr'><strong>nunc</strong></span> <span class='ocrx_word' id='word_1_509' title='bbox 3340 1829 3731 1918; x_wconf 37' lang='lat' dir='ltr'><strong>colorlqu&#39;ilibet</strong></span> 
     </span>
    </p>
   </div>
   <div class='ocr_carea' id='block_1_84' title="bbox 2187 1476 3758 1548">
    <p class='ocr_par' dir='ltr' id='par_1_84' title="bbox 2187 1476 3758 1548">
     <span class='ocr_line' id='line_1_84' title="bbox 2187 1476 3758 1548; baseline 0.01 -19"><span class='ocrx_word' id='word_1_510' title='bbox 2187 1491 2303 1529; x_wconf 68' lang='lat' dir='ltr'><strong>uva:</strong></span> <span class='ocrx_word' id='word_1_511' title='bbox 2331 1476 2514 1546; x_wconf 85' lang='lat' dir='ltr'><strong>nigrae,</strong></span> <span class='ocrx_word' id='word_1_512' title='bbox 2549 1491 2865 1546; x_wconf 68' lang='lat' dir='ltr'><strong>purpureae;</strong></span> <span class='ocrx_word' id='word_1_513' title='bbox 2903 1488 2959 1534; x_wconf 91' lang='lat' dir='ltr'><strong>et</strong></span> <span class='ocrx_word' id='word_1_514' title='bbox 2982 1482 3119 1548; x_wconf 89' lang='lat' dir='ltr'><strong>apud</strong></span> <span class='ocrx_word' id='word_1_515' title='bbox 3149 1482 3435 1539; x_wconf 85' lang='lat' dir='ltr'><strong>Homerum</strong></span> <span class='ocrx_word' id='word_1_516' title='bbox 3476 1501 3624 1542; x_wconf 91' lang='lat' dir='ltr'><strong>mors</strong></span> <span class='ocrx_word' id='word_1_517' title='bbox 3652 1498 3758 1545; x_wconf 86' lang='lat' dir='ltr'><strong>atra</strong></span> 
     </span>
    </p>
   </div>
   <div class='ocr_carea' id='block_1_85' title="bbox 2185 1548 3759 1628">
    <p class='ocr_par' dir='ltr' id='par_1_85' title="bbox 2185 1548 3759 1628">
     <span class='ocr_line' id='line_1_85' title="bbox 2185 1548 3759 1628; baseline 0.011 -30"><span class='ocrx_word' id='word_1_518' title='bbox 2185 1548 2381 1601; x_wconf 84' lang='lat' dir='ltr'><strong>dicitur</strong></span> <span class='ocrx_word' id='word_1_519' title='bbox 2412 1562 2671 1628; x_wconf 73' lang='lat' dir='ltr'><strong>purpurea</strong></span> <span class='ocrx_word' id='word_1_520' title='bbox 2690 1566 2704 1628; x_wconf 67' lang='grc' dir='ltr'>ς</span> <span class='ocrx_word' id='word_1_521' title='bbox 2728 1552 3125 1628; x_wconf 84' lang='lat' dir='ltr'><strong>_r_iunc_candor,</strong></span> <span class='ocrx_word' id='word_1_522' title='bbox 3177 1554 3315 1609; x_wconf 90' lang='lat' dir='ltr'><strong>sicut</strong></span> <span class='ocrx_word' id='word_1_523' title='bbox 3345 1556 3563 1611; x_wconf 88' lang='lat' dir='ltr'><strong>lloratio</strong></span> <span class='ocrx_word' id='word_1_524' title='bbox 3589 1560 3759 1615; x_wconf 76' lang='lat' dir='ltr'><strong>olores</strong></span> 
     </span>
    </p>
   </div>
   <div class='ocr_carea' id='block_1_86' title="bbox 2187 1619 3760 1695">
    <p class='ocr_par' dir='ltr' id='par_1_86' title="bbox 2187 1619 3760 1695">
     <span class='ocr_line' id='line_1_86' title="bbox 2187 1619 3760 1695; baseline 0.013 -30"><span class='ocrx_word' id='word_1_525' title='bbox 2187 1619 2473 1695; x_wconf 79' lang='lat' dir='ltr'><strong>purpurei,</strong></span> <span class='ocrx_word' id='word_1_526' title='bbox 2519 1627 2574 1673; x_wconf 91' lang='lat' dir='ltr'><strong>et</strong></span> <span class='ocrx_word' id='word_1_527' title='bbox 2609 1619 2797 1695; x_wconf 67' lang='lat' dir='ltr'><strong>Qvidio</strong></span> <span class='ocrx_word' id='word_1_528' title='bbox 2857 1621 2944 1695; x_wconf 78' lang='lat' dir='ltr'><strong>nix</strong></span> <span class='ocrx_word' id='word_1_529' title='bbox 2998 1632 3217 1677; x_wconf 88' lang='lat' dir='ltr'><strong>vocatur</strong></span> <span class='ocrx_word' id='word_1_530' title='bbox 3268 1640 3572 1695; x_wconf 88' lang='lat' dir='ltr'><strong>purpurea:</strong></span> <span class='ocrx_word' id='word_1_531' title='bbox 3625 1646 3760 1686; x_wconf 86' lang='lat' dir='ltr'><strong>nunc</strong></span> 
     </span>
    </p>
   </div>
   <div class='ocr_carea' id='block_1_87' title="bbox 2184 1689 3760 1768">
    <p class='ocr_par' dir='ltr' id='par_1_87' title="bbox 2184 1689 3760 1768">
     <span class='ocr_line' id='line_1_87' title="bbox 2184 1689 3760 1768; baseline 0.01 -27"><span class='ocrx_word' id='word_1_532' title='bbox 2184 1689 2360 1751; x_wconf 87' lang='lat' dir='ltr'><strong>rubor,</strong></span> <span class='ocrx_word' id='word_1_533' title='bbox 2390 1697 2447 1740; x_wconf 91' lang='lat' dir='ltr'><strong>ut</strong></span> <span class='ocrx_word' id='word_1_534' title='bbox 2474 1689 2729 1744; x_wconf 87' lang='lat' dir='ltr'><strong>omnibus</strong></span> <span class='ocrx_word' id='word_1_535' title='bbox 2760 1693 2927 1768; x_wconf 78' lang='lat' dir='ltr'><strong>poetis</strong></span> <span class='ocrx_word' id='word_1_536' title='bbox 2955 1707 3105 1768; x_wconf 66' lang='lat' dir='ltr'><strong>gente</strong></span> <span class='ocrx_word' id='word_1_537' title='bbox 3138 1689 3434 1764; x_wconf 64' lang='lat' dir='ltr'><strong>purpureae,</strong></span> <span class='ocrx_word' id='word_1_538' title='bbox 3467 1707 3521 1751; x_wconf 89' lang='lat' dir='ltr'><strong>et</strong></span> <span class='ocrx_word' id='word_1_539' title='bbox 3547 1704 3760 1768; x_wconf 79' lang='lat' dir='ltr'><strong>sanguis</strong></span> 
     </span>
    </p>
   </div>
   <div class='ocr_carea' id='block_1_88' title="bbox 2188 1762 3759 1839">
    <p class='ocr_par' dir='ltr' id='par_1_88' title="bbox 2188 1762 3759 1839">
     <span class='ocr_line' id='line_1_88' title="bbox 2188 1762 3759 1839; baseline 0.009 -29"><span class='ocrx_word' id='word_1_540' title='bbox 2188 1774 2491 1839; x_wconf 73' lang='lat' dir='ltr'><strong>purpureus</strong></span> <span class='ocrx_word' id='word_1_541' title='bbox 2517 1777 2531 1813; x_wconf 90' lang='lat'><strong>:</strong></span> <span class='ocrx_word' id='word_1_542' title='bbox 2577 1775 2717 1813; x_wconf 90' lang='lat' dir='ltr'><strong>nunc</strong></span> <span class='ocrx_word' id='word_1_543' title='bbox 2747 1762 2886 1814; x_wconf 87' lang='lat' dir='ltr'><strong>color</strong></span> <span class='ocrx_word' id='word_1_544' title='bbox 2915 1763 3186 1839; x_wconf 64' lang='lat' dir='ltr'><strong>caeruleus,</strong></span> <span class='ocrx_word' id='word_1_545' title='bbox 3220 1762 3273 1817; x_wconf 82' lang='lat' dir='ltr'><strong>iit</strong></span> <span class='ocrx_word' id='word_1_546' title='bbox 3303 1769 3438 1834; x_wconf 82' lang='lat' dir='ltr'><strong>apud</strong></span> <span class='ocrx_word' id='word_1_547' title='bbox 3486 1762 3759 1839; x_wconf 65' lang='lat' dir='ltr'><strong>Virgilium</strong></span> 
     </span>
    </p>
   </div>
   <div class='ocr_carea' id='block_1_89' title="bbox 2188 1883 3761 1977">
    <p class='ocr_par' dir='ltr' id='par_1_89' title="bbox 2188 1883 3761 1977">
     <span class='ocr_line' id='line_1_89' title="bbox 2188 1883 3761 1977; baseline 0.007 -24"><span class='ocrx_word' id='word_1_548' title='bbox 2188 1903 2381 1977; x_wconf 77' lang='lat' dir='ltr'><strong>quique</strong></span> <span class='ocrx_word' id='word_1_549' title='bbox 2392 1900 2600 1977; x_wconf 46' lang='lat' dir='ltr'><strong>_ex“i_llo</strong></span> <span class='ocrx_word' id='word_1_550' title='bbox 2640 1883 2785 1977; x_wconf 54' lang='lat' dir='ltr'><strong>iia_scri</strong></span> <span class='ocrx_word' id='word_1_551' title='bbox 2816 1883 2953 1957; x_wconf 83' lang='lat' dir='ltr'><strong>solet</strong></span> <span class='ocrx_word' id='word_1_552' title='bbox 2974 1883 3140 1957; x_wconf 62' lang='lat' dir='ltr'><strong>’dé&#39;cér</strong></span> 
     </span>
    </p>
   </div>
   <div class='ocr_carea' id='block_1_90' title="bbox 2180 1970 3739 2048">
    <p class='ocr_par' dir='ltr' id='par_1_90' title="bbox 2180 1970 3739 2048">
     <span class='ocr_line' id='line_1_90' title="bbox 2180 1970 3739 2048; baseline 0.007 -25"><span class='ocrx_word' id='word_1_553' title='bbox 2180 1970 2362 2048; x_wconf 77' lang='lat' dir='ltr'><strong>judice</strong></span> <span class='ocrx_word' id='word_1_554' title='bbox 2392 1971 2567 2025; x_wconf 84' lang='lat' dir='ltr'><strong>Tullio</strong></span> <span class='ocrx_word' id='word_1_555' title='bbox 2607 1986 2660 2048; x_wconf 77' lang='lat' dir='ltr'><strong>iv</strong></span> <span class='ocrx_word' id='word_1_556' title='bbox 2691 1972 2877 2048; x_wconf 87' lang='lat' dir='ltr'><strong>T_usc.,</strong></span> <span class='ocrx_word' id='word_1_557' title='bbox 2900 1984 2977 2048; x_wconf 78' lang='lat' dir='ltr'><strong>est</strong></span> <span class='ocrx_word' id='word_1_558' title='bbox 3005 1970 3237 2048; x_wconf 78' lang='lat' dir='ltr'><strong>quredain</strong></span> <span class='ocrx_word' id='word_1_559' title='bbox 3268 1988 3387 2048; x_wconf 80' lang='lat' dir='ltr'><strong>apta</strong></span> <span class='ocrx_word' id='word_1_560' title='bbox 3416 1979 3582 2048; x_wconf 86' lang='lat' dir='ltr'><strong>ﬁgura</strong></span> <span class='ocrx_word' id='word_1_561' title='bbox 3612 1998 3739 2033; x_wconf 84' lang='lat' dir='ltr'><strong>ment</strong></span> 
     </span>
    </p>
   </div>
   <div class='ocr_carea' id='block_1_91' title="bbox 2183 2042 3760 2175">
    <p class='ocr_par' dir='ltr' id='par_1_91' title="bbox 2183 2042 3760 2175">
     <span class='ocr_line' id='line_1_91' title="bbox 2183 2042 3760 2175; baseline 0.01 -82"><span class='ocrx_word' id='word_1_562' title='bbox 2183 2042 2537 2175; x_wconf 56' lang='lat' dir='ltr'><strong>3:0;ui20cunt</strong></span> <span class='ocrx_word' id='word_1_563' title='bbox 2564 2042 2750 2096; x_wconf 88' lang='lat' dir='ltr'><strong>coloris</strong></span> <span class='ocrx_word' id='word_1_564' title='bbox 2774 2044 2995 2112; x_wconf 87' lang='lat' dir='ltr'><strong>quadam</strong></span> <span class='ocrx_word' id='word_1_565' title='bbox 3020 2042 3284 2100; x_wconf 83' lang='lat' dir='ltr'><strong>suavitate.</strong></span> <span class='ocrx_word' id='word_1_566' title='bbox 3301 2042 3623 2119; x_wconf 35' lang='lat' dir='ltr'><strong>Sic-Virgil.</strong></span> <span class='ocrx_word' id='word_1_567' title='bbox 3659 2052 3760 2109; x_wconf 91' lang='lat' dir='ltr'><strong>ecl.</strong></span> 
     </span>
    </p>
   </div>
   <div class='ocr_carea' id='block_1_92' title="bbox 2304 2202 3554 2267">
    <p class='ocr_par' dir='ltr' id='par_1_92' title="bbox 2304 2202 3554 2267">
     <span class='ocr_line' id='line_1_92' title="bbox 2304 2202 3554 2267; baseline 0.006 -15"><span class='ocrx_word' id='word_1_568' title='bbox 2304 2202 2394 2267; x_wconf 62' lang='lat' dir='ltr'><strong>[lic</strong></span> <span class='ocrx_word' id='word_1_569' title='bbox 2418 2218 2501 2253; x_wconf 90' lang='lat' dir='ltr'><strong>ver</strong></span> <span class='ocrx_word' id='word_1_570' title='bbox 2528 2218 2846 2267; x_wconf 89' lang='lat' dir='ltr'><strong>purpureum,</strong></span> <span class='ocrx_word' id='word_1_571' title='bbox 2876 2208 3035 2255; x_wconf 88' lang='lat' dir='ltr'><strong>varios</strong></span> <span class='ocrx_word' id='word_1_572' title='bbox 3050 2207 3130 2257; x_wconf 91' lang='lat' dir='ltr'><strong>hic</strong></span> <span class='ocrx_word' id='word_1_573' title='bbox 3153 2208 3347 2257; x_wconf 88' lang='lat' dir='ltr'><strong>ﬂumina</strong></span> <span class='ocrx_word' id='word_1_574' title='bbox 3370 2213 3554 2259; x_wconf 88' lang='lat' dir='ltr'><strong>circum</strong></span> 
     </span>
    </p>
   </div>
   <div class='ocr_carea' id='block_1_93' title="bbox 2308 2266 3593 2332">
    <p class='ocr_par' dir='ltr' id='par_1_93' title="bbox 2308 2266 3593 2332">
     <span class='ocr_line' id='line_1_93' title="bbox 2308 2266 3593 2332; baseline 0.006 -19"><span class='ocrx_word' id='word_1_575' title='bbox 2308 2266 2486 2332; x_wconf 62' lang='lat' dir='ltr'><strong>Fundit.</strong></span> <span class='ocrx_word' id='word_1_576' title='bbox 2507 2266 2680 2315; x_wconf 90' lang='lat' dir='ltr'><strong>liumus</strong></span> <span class='ocrx_word' id='word_1_577' title='bbox 2698 2266 2844 2316; x_wconf 82' lang='lat' dir='ltr'><strong>flores</strong></span> <span class='ocrx_word' id='word_1_578' title='bbox 2874 2280 2884 2313; x_wconf 92' lang='lat'>:</span> <span class='ocrx_word' id='word_1_579' title='bbox 2908 2267 2984 2317; x_wconf 87' lang='lat' dir='ltr'><strong>hic</strong></span> <span class='ocrx_word' id='word_1_580' title='bbox 3004 2269 3204 2320; x_wconf 87' lang='lat' dir='ltr'><strong>candida</strong></span> <span class='ocrx_word' id='word_1_581' title='bbox 3226 2272 3429 2332; x_wconf 88' lang='lat' dir='ltr'><strong>populus</strong></span> <span class='ocrx_word' id='word_1_582' title='bbox 3451 2281 3593 2322; x_wconf 89' lang='lat' dir='ltr'><strong>antro</strong></span> 
     </span>
    </p>
   </div>
   <div class='ocr_carea' id='block_1_94' title="bbox 2308 2327 3447 2389">
    <p class='ocr_par' dir='ltr' id='par_1_94' title="bbox 2308 2327 3447 2389">
     <span class='ocr_line' id='line_1_94' title="bbox 2308 2327 3447 2389; baseline 0.007 -14"><span class='ocrx_word' id='word_1_583' title='bbox 2308 2327 2553 2389; x_wconf 87' lang='lat' dir='ltr'><strong>Imminet,</strong></span> <span class='ocrx_word' id='word_1_584' title='bbox 2575 2338 2625 2379; x_wconf 90' lang='lat' dir='ltr'><strong>et</strong></span> <span class='ocrx_word' id='word_1_585' title='bbox 2651 2333 2798 2378; x_wconf 76' lang='lat' dir='ltr'><strong>lentae</strong></span> <span class='ocrx_word' id='word_1_586' title='bbox 2818 2335 2992 2378; x_wconf 87' lang='lat' dir='ltr'><strong>texunt</strong></span> <span class='ocrx_word' id='word_1_587' title='bbox 3010 2327 3447 2383; x_wconf 60' lang='lat' dir='ltr'><strong>umbracula&#39;vites.</strong></span> 
     </span>
    </p>
   </div>
   <div class='ocr_carea' id='block_1_95' title="bbox 2254 2412 3751 2493">
    <p class='ocr_par' dir='ltr' id='par_1_95' title="bbox 2254 2412 3751 2493">
     <span class='ocr_line' id='line_1_95' title="bbox 2254 2412 3751 2493; baseline 0.005 -28"><span class='ocrx_word' id='word_1_588' title='bbox 2254 2412 2428 2493; x_wconf 79' lang='lat' dir='ltr'><strong>Atque</strong></span> <span class='ocrx_word' id='word_1_589' title='bbox 2455 2412 2554 2466; x_wconf 91' lang='lat' dir='ltr'><strong>hoc</strong></span> <span class='ocrx_word' id='word_1_590' title='bbox 2581 2412 2765 2466; x_wconf 88' lang='lat' dir='ltr'><strong>ultimo</strong></span> <span class='ocrx_word' id='word_1_591' title='bbox 2791 2412 2949 2466; x_wconf 92' lang='lat' dir='ltr'><strong>modo</strong></span> <span class='ocrx_word' id='word_1_592' title='bbox 2975 2414 3263 2481; x_wconf 89' lang='lat' dir='ltr'><strong>credimus,</strong></span> <span class='ocrx_word' id='word_1_593' title='bbox 3296 2432 3471 2471; x_wconf 81' lang='lat' dir='ltr'><strong>nemus</strong></span> <span class='ocrx_word' id='word_1_594' title='bbox 3502 2434 3645 2473; x_wconf 85' lang='lat' dir='ltr'><strong>nunc</strong></span> <span class='ocrx_word' id='word_1_595' title='bbox 3665 2434 3751 2474; x_wconf 84' lang='lat' dir='ltr'><strong>vo-</strong></span> 
     </span>
    </p>
   </div>
   <div class='ocr_carea' id='block_1_96' title="bbox 2182 2496 2660 2553">
    <p class='ocr_par' dir='ltr' id='par_1_96' title="bbox 2182 2496 2660 2553">
     <span class='ocr_line' id='line_1_96' title="bbox 2182 2496 2660 2553; baseline 0 -17"><span class='ocrx_word' id='word_1_596' title='bbox 2182 2496 2291 2553; x_wconf 81' lang='lat' dir='ltr'><strong>cari</strong></span> <span class='ocrx_word' id='word_1_597' title='bbox 2334 2498 2660 2553; x_wconf 88' lang='lat' dir='ltr'><strong>purpureum.</strong></span> 
     </span>
    </p>
   </div>
   <div class='ocr_carea' id='block_1_97' title="bbox 2256 2552 3748 2628">
    <p class='ocr_par' dir='ltr' id='par_1_97' title="bbox 2256 2552 3748 2628">
     <span class='ocr_line' id='line_1_97' title="bbox 2256 2552 3748 2628; baseline 0.005 -21"><span class='ocrx_word' id='word_1_598' title='bbox 2256 2552 2524 2607; x_wconf 73' lang='lat' dir='ltr'><strong>Victurum</strong></span> <span class='ocrx_word' id='word_1_599' title='bbox 2558 2559 2665 2628; x_wconf 83' lang='lat' dir='ltr'><strong>duo</strong></span> <span class='ocrx_word' id='word_1_600' title='bbox 2692 2564 2818 2628; x_wconf 86' lang='lat' dir='ltr'><strong>sunt</strong></span> <span class='ocrx_word' id='word_1_601' title='bbox 2843 2569 3059 2624; x_wconf 86' lang='lat' dir='ltr'><strong>genera,</strong></span> <span class='ocrx_word' id='word_1_602' title='bbox 3084 2565 3148 2628; x_wconf 89' lang='lat' dir='ltr'><strong>ut</strong></span> <span class='ocrx_word' id='word_1_603' title='bbox 3174 2558 3438 2628; x_wconf 84' lang='lat' dir='ltr'><strong>colligitur</strong></span> <span class='ocrx_word' id='word_1_604' title='bbox 3465 2574 3530 2612; x_wconf 84' lang='lat' dir='ltr'><strong>ex</strong></span> <span class='ocrx_word' id='word_1_605' title='bbox 3566 2559 3748 2625; x_wconf 85' lang='lat' dir='ltr'><strong>Plinio,</strong></span> 
     </span>
    </p>
   </div>
   <div class='ocr_carea' id='block_1_98' title="bbox 2182 2622 3751 2700">
    <p class='ocr_par' dir='ltr' id='par_1_98' title="bbox 2182 2622 3751 2700">
     <span class='ocr_line' id='line_1_98' title="bbox 2182 2622 3751 2700; baseline 0.005 -23"><span class='ocrx_word' id='word_1_606' title='bbox 2182 2622 2216 2677; x_wconf 91' lang='grc' dir='ltr'><strong>Ι.</strong></span> <span class='ocrx_word' id='word_1_607' title='bbox 2252 2639 2363 2700; x_wconf 47' lang='lat' dir='ltr'><strong>xui,</strong></span> <span class='ocrx_word' id='word_1_608' title='bbox 2392 2639 2509 2700; x_wconf 85' lang='lat' dir='ltr'><strong>cap.</strong></span> <span class='ocrx_word' id='word_1_609' title='bbox 2625 2626 2754 2700; x_wconf 73' lang='lat' dir='ltr'><strong>Alite</strong></span> <span class='ocrx_word' id='word_1_610' title='bbox 2784 2622 2992 2700; x_wconf 50' lang='grc' dir='ltr'><strong>ηιξιιιιᾯ,</strong></span> <span class='ocrx_word' id='word_1_611' title='bbox 3027 2627 3143 2700; x_wconf 65' lang='lat' dir='ltr'><strong>alim</strong></span> <span class='ocrx_word' id='word_1_612' title='bbox 3173 2638 3287 2700; x_wconf 81' lang='lat' dir='ltr'><strong>arte</strong></span> <span class='ocrx_word' id='word_1_613' title='bbox 3303 2622 3639 2684; x_wconf 51' lang='lat' dir='ltr'><strong>&#39;nascuuiur:</strong></span> <span class='ocrx_word' id='word_1_614' title='bbox 3667 2622 3751 2700; x_wconf 44' lang='lat' dir='ltr'><strong>po;</strong></span> 
     </span>
    </p>
   </div>
   <div class='ocr_carea' id='block_1_99' title="bbox 2180 2694 3750 2765">
    <p class='ocr_par' dir='ltr' id='par_1_99' title="bbox 2180 2694 3750 2765">
     <span class='ocr_line' id='line_1_99' title="bbox 2180 2694 3750 2765; baseline 0.006 -19"><span class='ocrx_word' id='word_1_615' title='bbox 2180 2694 2439 2749; x_wconf 88' lang='lat' dir='ltr'><strong>sieriores</strong></span> <span class='ocrx_word' id='word_1_616' title='bbox 2463 2695 2518 2748; x_wconf 90' lang='lat' dir='ltr'><strong>in</strong></span> <span class='ocrx_word' id='word_1_617' title='bbox 2548 2696 2751 2761; x_wconf 89' lang='lat' dir='ltr'><strong>li0rtis;</strong></span> <span class='ocrx_word' id='word_1_618' title='bbox 2781 2697 2983 2765; x_wconf 89' lang='lat' dir='ltr'><strong>priores</strong></span> <span class='ocrx_word' id='word_1_619' title='bbox 3008 2699 3166 2750; x_wconf 91' lang='lat' dir='ltr'><strong>etiam</strong></span> <span class='ocrx_word' id='word_1_620' title='bbox 3194 2698 3244 2751; x_wconf 89' lang='lat' dir='ltr'><strong>in</strong></span> <span class='ocrx_word' id='word_1_621' title='bbox 3275 2700 3449 2754; x_wconf 91' lang='lat' dir='ltr'><strong>silvis:</strong></span> <span class='ocrx_word' id='word_1_622' title='bbox 3476 2701 3541 2755; x_wconf 92' lang='lat' dir='ltr'><strong>de</strong></span> <span class='ocrx_word' id='word_1_623' title='bbox 3572 2701 3638 2754; x_wconf 91' lang='lat' dir='ltr'><strong>iis</strong></span> <span class='ocrx_word' id='word_1_624' title='bbox 3663 2694 3750 2755; x_wconf 79' lang='lat' dir='ltr'><strong>au-</strong></span> 
     </span>
    </p>
   </div>
   <div class='ocr_carea' id='block_1_100' title="bbox 2182 2766 3748 2843">
    <p class='ocr_par' dir='ltr' id='par_1_100' title="bbox 2182 2766 3748 2843">
     <span class='ocr_line' id='line_1_100' title="bbox 2182 2766 3748 2843; baseline 0.006 -27"><span class='ocrx_word' id='word_1_625' title='bbox 2182 2774 2286 2818; x_wconf 89' lang='lat' dir='ltr'><strong>teni</strong></span> <span class='ocrx_word' id='word_1_626' title='bbox 2318 2766 2489 2843; x_wconf 78' lang='lat' dir='ltr'><strong>agitur</strong></span> <span class='ocrx_word' id='word_1_627' title='bbox 2537 2780 2690 2843; x_wconf 72' lang='lat' dir='ltr'><strong>quae,</strong></span> <span class='ocrx_word' id='word_1_628' title='bbox 2721 2778 2774 2820; x_wconf 91' lang='lat' dir='ltr'><strong>ut</strong></span> <span class='ocrx_word' id='word_1_629' title='bbox 2798 2767 2871 2843; x_wconf 84' lang='lat' dir='ltr'><strong>ait</strong></span> <span class='ocrx_word' id='word_1_630' title='bbox 2911 2766 3049 2820; x_wconf 90' lang='lat' dir='ltr'><strong>idem</strong></span> <span class='ocrx_word' id='word_1_631' title='bbox 3088 2767 3311 2843; x_wconf 81' lang='lat' dir='ltr'><strong>Plinius.</strong></span> <span class='ocrx_word' id='word_1_632' title='bbox 3366 2781 3544 2843; x_wconf 79' lang='lat' dir='ltr'><strong>sponte</strong></span> <span class='ocrx_word' id='word_1_633' title='bbox 3572 2774 3748 2843; x_wconf 80' lang='lat' dir='ltr'><strong>apricis</strong></span> 
     </span>
    </p>
   </div>
   <div class='ocr_carea' id='block_1_101' title="bbox 2179 2836 3589 2910">
    <p class='ocr_par' dir='ltr' id='par_1_101' title="bbox 2179 2836 3589 2910">
     <span class='ocr_line' id='line_1_101' title="bbox 2179 2836 3589 2910; baseline 0.006 -23"><span class='ocrx_word' id='word_1_634' title='bbox 2179 2844 2225 2887; x_wconf 85' lang='lat' dir='ltr'><strong>ct</strong></span> <span class='ocrx_word' id='word_1_635' title='bbox 2258 2836 2439 2910; x_wconf 76' lang='lat' dir='ltr'><strong>inocris</strong></span> <span class='ocrx_word' id='word_1_636' title='bbox 2468 2838 2595 2910; x_wconf 80' lang='lat' dir='ltr'><strong>locis</strong></span> <span class='ocrx_word' id='word_1_637' title='bbox 2620 2839 2913 2904; x_wconf 87' lang='lat' dir='ltr'><strong>proveniunt</strong></span> <span class='ocrx_word' id='word_1_638' title='bbox 2940 2854 3208 2908; x_wconf 79' lang='lat' dir='ltr'><strong>purpurea:</strong></span> <span class='ocrx_word' id='word_1_639' title='bbox 3238 2836 3417 2894; x_wconf 82' lang='lat' dir='ltr'><strong>latiore</strong></span> <span class='ocrx_word' id='word_1_640' title='bbox 3446 2842 3589 2910; x_wconf 81' lang='lat' dir='ltr'><strong>folio.</strong></span> 
     </span>
    </p>
   </div>
   <div class='ocr_carea' id='block_1_102' title="bbox 2254 2907 3742 2978">
    <p class='ocr_par' dir='ltr' id='par_1_102' title="bbox 2254 2907 3742 2978">
     <span class='ocr_line' id='line_1_102' title="bbox 2254 2907 3742 2978; baseline 0.007 -21"><span class='ocrx_word' id='word_1_641' title='bbox 2254 2907 2449 2978; x_wconf 80' lang='lat' dir='ltr'><strong>Aquilo</strong></span> <span class='ocrx_word' id='word_1_642' title='bbox 2477 2907 2710 2975; x_wconf 84' lang='lat' dir='ltr'><strong>denique</strong></span> <span class='ocrx_word' id='word_1_643' title='bbox 2747 2918 2830 2962; x_wconf 91' lang='lat' dir='ltr'><strong>est</strong></span> <span class='ocrx_word' id='word_1_644' title='bbox 2853 2907 3041 2962; x_wconf 84' lang='lat' dir='ltr'><strong>ventus</strong></span> <span class='ocrx_word' id='word_1_645' title='bbox 3070 2910 3192 2977; x_wconf 91' lang='lat' dir='ltr'><strong>qui,</strong></span> <span class='ocrx_word' id='word_1_646' title='bbox 3239 2921 3373 2965; x_wconf 87' lang='lat' dir='ltr'><strong>teste</strong></span> <span class='ocrx_word' id='word_1_647' title='bbox 3404 2907 3537 2965; x_wconf 83' lang='lat' dir='ltr'><strong>Plini</strong></span> <span class='ocrx_word' id='word_1_648' title='bbox 3564 2935 3597 2978; x_wconf 76' lang='grc' dir='ltr'><strong>ι,</strong></span> <span class='ocrx_word' id='word_1_649' title='bbox 3630 2913 3665 2967; x_wconf 90' lang='lat' dir='ltr'><strong>l.</strong></span> <span class='ocrx_word' id='word_1_650' title='bbox 3693 2929 3742 2975; x_wconf 89' lang='lat' dir='ltr'><strong>ii.</strong></span> 
     </span>
    </p>
   </div>
   <div class='ocr_carea' id='block_1_103' title="bbox 2183 2975 3747 3045">
    <p class='ocr_par' dir='ltr' id='par_1_103' title="bbox 2183 2975 3747 3045">
     <span class='ocr_line' id='line_1_103' title="bbox 2183 2975 3747 3045; baseline 0.004 -15"><span class='ocrx_word' id='word_1_651' title='bbox 2183 2992 2234 3030; x_wconf 90' lang='lat' dir='ltr'><strong>c.</strong></span> <span class='ocrx_word' id='word_1_652' title='bbox 2266 2975 2358 3041; x_wconf 78' lang='grc'><strong>47,</strong></span> <span class='ocrx_word' id='word_1_653' title='bbox 2400 2980 2536 3031; x_wconf 89' lang='lat' dir='ltr'><strong>inter</strong></span> <span class='ocrx_word' id='word_1_654' title='bbox 2583 2980 3001 3045; x_wconf 87' lang='lat' dir='ltr'><strong>septentrionem</strong></span> <span class='ocrx_word' id='word_1_655' title='bbox 3051 2975 3103 3032; x_wconf 79' lang='lat' dir='ltr'><strong>ei</strong></span> <span class='ocrx_word' id='word_1_656' title='bbox 3142 2989 3317 3035; x_wconf 90' lang='lat' dir='ltr'><strong>ortum</strong></span> <span class='ocrx_word' id='word_1_657' title='bbox 3349 2975 3681 3038; x_wconf 87' lang='lat' dir='ltr'><strong>solstitialem</strong></span> <span class='ocrx_word' id='word_1_658' title='bbox 3718 2999 3747 3037; x_wconf 90' lang='lat' dir='ltr'><strong>e</strong></span> 
     </span>
    </p>
   </div>
   <div class='ocr_carea' id='block_1_104' title="bbox 2182 3048 3743 3123">
    <p class='ocr_par' dir='ltr' id='par_1_104' title="bbox 2182 3048 3743 3123">
     <span class='ocr_line' id='line_1_104' title="bbox 2182 3048 3743 3123; baseline 0.004 -24"><span class='ocrx_word' id='word_1_659' title='bbox 2182 3050 2400 3123; x_wconf 79' lang='lat' dir='ltr'><strong>regione</strong></span> <span class='ocrx_word' id='word_1_660' title='bbox 2438 3048 2594 3101; x_wconf 91' lang='lat' dir='ltr'><strong>Cauri</strong></span> <span class='ocrx_word' id='word_1_661' title='bbox 2626 3050 2747 3123; x_wconf 73' lang='lat' dir='ltr'><strong>ttat.</strong></span> <span class='ocrx_word' id='word_1_662' title='bbox 2789 3050 2988 3123; x_wconf 72' lang='lat' dir='ltr'><strong>Ventus</strong></span> <span class='ocrx_word' id='word_1_663' title='bbox 3032 3059 3209 3123; x_wconf 84' lang='lat' dir='ltr'><strong>autem</strong></span> <span class='ocrx_word' id='word_1_664' title='bbox 3252 3053 3335 3105; x_wconf 91' lang='lat' dir='ltr'><strong>ille</strong></span> <span class='ocrx_word' id='word_1_665' title='bbox 3383 3052 3633 3123; x_wconf 89' lang='lat' dir='ltr'><strong>frequens</strong></span> <span class='ocrx_word' id='word_1_666' title='bbox 3666 3064 3743 3108; x_wconf 87' lang='lat' dir='ltr'><strong>est</strong></span> 
     </span>
    </p>
   </div>
   <div class='ocr_carea' id='block_1_105' title="bbox 2182 3118 3741 3191">
    <p class='ocr_par' dir='ltr' id='par_1_105' title="bbox 2182 3118 3741 3191">
     <span class='ocr_line' id='line_1_105' title="bbox 2182 3118 3741 3191; baseline 0.006 -21"><span class='ocrx_word' id='word_1_667' title='bbox 2182 3118 2358 3191; x_wconf 80' lang='lat' dir='ltr'><strong>hieme</strong></span> <span class='ocrx_word' id='word_1_668' title='bbox 2384 3136 2407 3191; x_wconf 12' lang='grc' dir='ltr'><strong>ιγ</strong></span> <span class='ocrx_word' id='word_1_669' title='bbox 2426 3133 2589 3191; x_wconf 90' lang='lat' dir='ltr'><strong>quare</strong></span> <span class='ocrx_word' id='word_1_670' title='bbox 2626 3119 2796 3191; x_wconf 83' lang='lat' dir='ltr'><strong>hiems</strong></span> <span class='ocrx_word' id='word_1_671' title='bbox 2827 3120 2998 3173; x_wconf 89' lang='lat' dir='ltr'><strong>Plinio</strong></span> <span class='ocrx_word' id='word_1_672' title='bbox 3027 3121 3222 3173; x_wconf 89' lang='lat' dir='ltr'><strong>dicitur</strong></span> <span class='ocrx_word' id='word_1_673' title='bbox 3242 3118 3524 3191; x_wconf 82' lang='lat' dir='ltr'><strong>aquilonia,</strong></span> <span class='ocrx_word' id='word_1_674' title='bbox 3548 3136 3598 3178; x_wconf 91' lang='lat' dir='ltr'><strong>et</strong></span> <span class='ocrx_word' id='word_1_675' title='bbox 3628 3138 3741 3189; x_wconf 81' lang='lat' dir='ltr'><strong>poe-</strong></span> 
     </span>
    </p>
   </div>
   <div class='ocr_carea' id='block_1_106' title="bbox 2181 3188 3741 3263">
    <p class='ocr_par' dir='ltr' id='par_1_106' title="bbox 2181 3188 3741 3263">
     <span class='ocr_line' id='line_1_106' title="bbox 2181 3188 3741 3263; baseline 0.005 -24"><span class='ocrx_word' id='word_1_676' title='bbox 2181 3190 2278 3263; x_wconf 79' lang='lat' dir='ltr'><strong>tis,</strong></span> <span class='ocrx_word' id='word_1_677' title='bbox 2312 3188 2843 3263; x_wconf 22' lang='lat' dir='ltr'><strong>rigidis‘aquilonibiis</strong></span> <span class='ocrx_word' id='word_1_678' title='bbox 2871 3192 3119 3263; x_wconf 70' lang='lat' dir='ltr'><strong>horrens:</strong></span> <span class='ocrx_word' id='word_1_679' title='bbox 3151 3188 3293 3245; x_wconf 79' lang='lat' dir='ltr'><strong>unde</strong></span> <span class='ocrx_word' id='word_1_680' title='bbox 3326 3195 3472 3246; x_wconf 73' lang='lat' dir='ltr'><strong>sazvis</strong></span> <span class='ocrx_word' id='word_1_681' title='bbox 3503 3188 3741 3263; x_wconf 80' lang='lat' dir='ltr'><strong>aquiloni-</strong></span> 
     </span>
    </p>
   </div>
   <div class='ocr_carea' id='block_1_107' title="bbox 2184 3258 3743 3333">
    <p class='ocr_par' dir='ltr' id='par_1_107' title="bbox 2184 3258 3743 3333">
     <span class='ocr_line' id='line_1_107' title="bbox 2184 3258 3743 3333; baseline 0.006 -23"><span class='ocrx_word' id='word_1_682' title='bbox 2184 3258 2273 3311; x_wconf 88' lang='lat' dir='ltr'><strong>bus</strong></span> <span class='ocrx_word' id='word_1_683' title='bbox 2301 3274 2450 3333; x_wconf 87' lang='lat' dir='ltr'><strong>_niiii_c_</strong></span> <span class='ocrx_word' id='word_1_684' title='bbox 2471 3260 2822 3326; x_wconf 86' lang='lat' dir='ltr'><strong>significatur,</strong></span> <span class='ocrx_word' id='word_1_685' title='bbox 2856 3260 3026 3313; x_wconf 90' lang='lat' dir='ltr'><strong>violas</strong></span> <span class='ocrx_word' id='word_1_686' title='bbox 3064 3262 3116 3315; x_wconf 88' lang='lat' dir='ltr'><strong>in</strong></span> <span class='ocrx_word' id='word_1_687' title='bbox 3146 3264 3292 3315; x_wconf 84' lang='lat' dir='ltr'><strong>silvis</strong></span> <span class='ocrx_word' id='word_1_688' title='bbox 3320 3278 3425 3316; x_wconf 90' lang='lat' dir='ltr'><strong>non</strong></span> <span class='ocrx_word' id='word_1_689' title='bbox 3464 3258 3585 3319; x_wconf 76' lang='lat' dir='ltr'><strong>esse</strong></span> <span class='ocrx_word' id='word_1_690' title='bbox 3610 3280 3743 3333; x_wconf 73' lang='lat' dir='ltr'><strong>qua:-</strong></span> 
     </span>
    </p>
   </div>
   <div class='ocr_carea' id='block_1_108' title="bbox 2185 3330 3738 3404">
    <p class='ocr_par' dir='ltr' id='par_1_108' title="bbox 2185 3330 3738 3404">
     <span class='ocr_line' id='line_1_108' title="bbox 2185 3330 3738 3404; baseline 0.004 -22"><span class='ocrx_word' id='word_1_691' title='bbox 2185 3330 2377 3382; x_wconf 80' lang='lat' dir='ltr'><strong>rcndas</strong></span> <span class='ocrx_word' id='word_1_692' title='bbox 2405 3331 2605 3404; x_wconf 85' lang='lat' dir='ltr'><strong>liienie:</strong></span> <span class='ocrx_word' id='word_1_693' title='bbox 2638 3345 2802 3404; x_wconf 85' lang='lat' dir='ltr'><strong>usque</strong></span> <span class='ocrx_word' id='word_1_694' title='bbox 2824 3333 2957 3385; x_wconf 86' lang='lat' dir='ltr'><strong>adeo</strong></span> <span class='ocrx_word' id='word_1_695' title='bbox 2979 3334 3223 3400; x_wconf 79' lang='lat' dir='ltr'><strong>exemplo</strong></span> <span class='ocrx_word' id='word_1_696' title='bbox 3254 3333 3442 3388; x_wconf 84' lang='lat' dir='ltr'><strong>florum</strong></span> <span class='ocrx_word' id='word_1_697' title='bbox 3478 3330 3738 3404; x_wconf 77' lang='lat' dir='ltr'><strong>probatur,</strong></span> 
     </span>
    </p>
   </div>
   <div class='ocr_carea' id='block_1_109' title="bbox 2184 3402 3242 3471">
    <p class='ocr_par' dir='ltr' id='par_1_109' title="bbox 2184 3402 3242 3471">
     <span class='ocr_line' id='line_1_109' title="bbox 2184 3402 3242 3471; baseline 0.005 -20"><span class='ocrx_word' id='word_1_698' title='bbox 2184 3414 2337 3452; x_wconf 87' lang='lat' dir='ltr'><strong>suum</strong></span> <span class='ocrx_word' id='word_1_699' title='bbox 2369 3402 2562 3471; x_wconf 82' lang='lat' dir='ltr'><strong>cuique</strong></span> <span class='ocrx_word' id='word_1_700' title='bbox 2590 3402 2666 3453; x_wconf 90' lang='lat' dir='ltr'><strong>rei</strong></span> <span class='ocrx_word' id='word_1_701' title='bbox 2695 3417 2980 3455; x_wconf 88' lang='lat' dir='ltr'><strong>convenire</strong></span> <span class='ocrx_word' id='word_1_702' title='bbox 3014 3412 3242 3471; x_wconf 80' lang='lat' dir='ltr'><strong>tempus.</strong></span> 
     </span>
    </p>
   </div>
   <div class='ocr_carea' id='block_1_110' title="bbox 2256 3469 3748 3544">
    <p class='ocr_par' dir='ltr' id='par_1_110' title="bbox 2256 3469 3748 3544">
     <span class='ocr_line' id='line_1_110' title="bbox 2256 3469 3748 3544; baseline 0.004 -20"><span class='ocrx_word' id='word_1_703' title='bbox 2256 3472 2343 3524; x_wconf 80' lang='grc' dir='ltr'><strong>Η.</strong></span> <span class='ocrx_word' id='word_1_704' title='bbox 2380 3469 2488 3544; x_wconf 70' lang='lat' dir='ltr'><strong>Nec</strong></span> <span class='ocrx_word' id='word_1_705' title='bbox 2518 3487 2717 3540; x_wconf 75' lang='lat' dir='ltr'><strong>quwras</strong></span> <span class='ocrx_word' id='word_1_706' title='bbox 2746 3469 3137 3544; x_wconf 38' lang='lat' dir='ltr'><strong>avida_manii.]_</strong></span> <span class='ocrx_word' id='word_1_707' title='bbox 3162 3472 3248 3528; x_wconf 85' lang='grc' dir='ltr'><strong>ΙΙΙ.</strong></span> <span class='ocrx_word' id='word_1_708' title='bbox 3281 3475 3539 3541; x_wconf 72' lang='lat' dir='ltr'><strong>Exemplo</strong></span> <span class='ocrx_word' id='word_1_709' title='bbox 3570 3476 3748 3530; x_wconf 81' lang='lat' dir='ltr'><strong>vinde-</strong></span> 
     </span>
    </p>
   </div>
   <div class='ocr_carea' id='block_1_111' title="bbox 2183 3541 3745 3611">
    <p class='ocr_par' dir='ltr' id='par_1_111' title="bbox 2183 3541 3745 3611">
     <span class='ocr_line' id='line_1_111' title="bbox 2183 3541 3745 3611; baseline 0.006 -20"><span class='ocrx_word' id='word_1_710' title='bbox 2183 3542 2304 3593; x_wconf 73' lang='lat' dir='ltr'><strong>mite</strong></span> <span class='ocrx_word' id='word_1_711' title='bbox 2330 3541 2602 3609; x_wconf 79' lang='lat' dir='ltr'><strong>probatur,</strong></span> <span class='ocrx_word' id='word_1_712' title='bbox 2623 3558 2714 3593; x_wconf 86' lang='lat' dir='ltr'><strong>sua</strong></span> <span class='ocrx_word' id='word_1_713' title='bbox 2740 3542 2959 3610; x_wconf 86' lang='lat' dir='ltr'><strong>singulis</strong></span> <span class='ocrx_word' id='word_1_714' title='bbox 2984 3541 3142 3597; x_wconf 80' lang='lat' dir='ltr'><strong>rebus</strong></span> <span class='ocrx_word' id='word_1_715' title='bbox 3174 3556 3407 3611; x_wconf 82' lang='lat' dir='ltr'><strong>tempora</strong></span> <span class='ocrx_word' id='word_1_716' title='bbox 3432 3550 3745 3601; x_wconf 81' lang='lat' dir='ltr'><strong>convenire:</strong></span> 
     </span>
    </p>
   </div>
   <div class='ocr_carea' id='block_1_112' title="bbox 2182 3613 3751 3678">
    <p class='ocr_par' dir='ltr' id='par_1_112' title="bbox 2182 3613 3751 3678">
     <span class='ocr_line' id='line_1_112' title="bbox 2182 3613 3751 3678; baseline 0.004 -14"><span class='ocrx_word' id='word_1_717' title='bbox 2182 3626 2301 3664; x_wconf 87' lang='lat' dir='ltr'><strong>cum</strong></span> <span class='ocrx_word' id='word_1_718' title='bbox 2333 3613 2472 3665; x_wconf 88' lang='lat' dir='ltr'><strong>enim</strong></span> <span class='ocrx_word' id='word_1_719' title='bbox 2510 3614 2770 3665; x_wconf 81' lang='lat' dir='ltr'><strong>vindemia</strong></span> <span class='ocrx_word' id='word_1_720' title='bbox 2812 3624 3065 3666; x_wconf 82' lang='lat' dir='ltr'><strong>autumno</strong></span> <span class='ocrx_word' id='word_1_721' title='bbox 3095 3617 3203 3678; x_wconf 88' lang='lat' dir='ltr'><strong>fiat,</strong></span> <span class='ocrx_word' id='word_1_722' title='bbox 3238 3614 3431 3669; x_wconf 87' lang='lat' dir='ltr'><strong>frustra</strong></span> <span class='ocrx_word' id='word_1_723' title='bbox 3476 3618 3576 3669; x_wconf 87' lang='lat' dir='ltr'><strong>hoc</strong></span> <span class='ocrx_word' id='word_1_724' title='bbox 3622 3629 3751 3671; x_wconf 88' lang='lat' dir='ltr'><strong>tein-</strong></span> 
     </span>
    </p>
   </div>
   <div class='ocr_carea' id='block_1_113' title="bbox 2185 3687 3752 3756">
    <p class='ocr_par' dir='ltr' id='par_1_113' title="bbox 2185 3687 3752 3756">
     <span class='ocr_line' id='line_1_113' title="bbox 2185 3687 3752 3756; baseline 0.004 -23"><span class='ocrx_word' id='word_1_725' title='bbox 2185 3696 2314 3756; x_wconf 76' lang='lat' dir='ltr'><strong>pore</strong></span> <span class='ocrx_word' id='word_1_726' title='bbox 2344 3698 2757 3756; x_wconf 7' lang='lat' dir='ltr'><strong>quaerasqvernos</strong></span> <span class='ocrx_word' id='word_1_727' title='bbox 2783 3688 3026 3752; x_wconf 86' lang='lat' dir='ltr'><strong>stringere</strong></span> <span class='ocrx_word' id='word_1_728' title='bbox 3060 3687 3287 3753; x_wconf 87' lang='lat' dir='ltr'><strong>palmites</strong></span> <span class='ocrx_word' id='word_1_729' title='bbox 3309 3703 3327 3740; x_wconf 89' lang='lat'><strong><em>:</em></strong></span> <span class='ocrx_word' id='word_1_730' title='bbox 3359 3687 3551 3756; x_wconf 84' lang='lat' dir='ltr'><strong>quibus</strong></span> <span class='ocrx_word' id='word_1_731' title='bbox 3581 3688 3752 3742; x_wconf 90' lang='lat' dir='ltr'><strong>verbis</strong></span> 
     </span>
    </p>
   </div>
   <div class='ocr_carea' id='block_1_114' title="bbox 2182 3751 3751 3825">
    <p class='ocr_par' dir='ltr' id='par_1_114' title="bbox 2182 3751 3751 3825">
     <span class='ocr_line' id='line_1_114' title="bbox 2182 3751 3751 3825; baseline 0.004 -20"><span class='ocrx_word' id='word_1_732' title='bbox 2182 3751 2429 3806; x_wconf 88' lang='lat' dir='ltr'><strong>distincta</strong></span> <span class='ocrx_word' id='word_1_733' title='bbox 2466 3754 2600 3825; x_wconf 82' lang='lat' dir='ltr'><strong>veris</strong></span> <span class='ocrx_word' id='word_1_734' title='bbox 2628 3764 2683 3807; x_wconf 85' lang='lat' dir='ltr'><strong>et</strong></span> <span class='ocrx_word' id='word_1_735' title='bbox 2723 3751 2961 3808; x_wconf 85' lang='lat' dir='ltr'><strong>autuiniii</strong></span> <span class='ocrx_word' id='word_1_736' title='bbox 3002 3751 3174 3809; x_wconf 77' lang='lat' dir='ltr'><strong>officia</strong></span> <span class='ocrx_word' id='word_1_737' title='bbox 3221 3751 3608 3825; x_wconf 76' lang='lat' dir='ltr'><strong>proponuntur.</strong></span> <span class='ocrx_word' id='word_1_738' title='bbox 3640 3761 3751 3811; x_wconf 78' lang='lat' dir='ltr'><strong>Pri-</strong></span> 
     </span>
    </p>
   </div>
   <div class='ocr_carea' id='block_1_115' title="bbox 2183 3824 3750 3898">
    <p class='ocr_par' dir='ltr' id='par_1_115' title="bbox 2183 3824 3750 3898">
     <span class='ocr_line' id='line_1_115' title="bbox 2183 3824 3750 3898; baseline 0.004 -23"><span class='ocrx_word' id='word_1_739' title='bbox 2183 3838 2327 3876; x_wconf 90' lang='lat' dir='ltr'><strong>mum</strong></span> <span class='ocrx_word' id='word_1_740' title='bbox 2360 3824 2571 3898; x_wconf 73' lang='lat' dir='ltr'><strong>quidem</strong></span> <span class='ocrx_word' id='word_1_741' title='bbox 2605 3840 2771 3878; x_wconf 88' lang='lat' dir='ltr'><strong>verno</strong></span> <span class='ocrx_word' id='word_1_742' title='bbox 2812 3835 3049 3893; x_wconf 89' lang='lat' dir='ltr'><strong>tempore</strong></span> <span class='ocrx_word' id='word_1_743' title='bbox 3077 3826 3167 3879; x_wconf 91' lang='lat' dir='ltr'><strong>alii</strong></span> <span class='ocrx_word' id='word_1_744' title='bbox 3198 3824 3444 3896; x_wconf 82' lang='lat' dir='ltr'><strong>palmites</strong></span> <span class='ocrx_word' id='word_1_745' title='bbox 3476 3840 3750 3898; x_wconf 83' lang='lat' dir='ltr'><strong>amputan-</strong></span> 
     </span>
    </p>
   </div>
   <div class='ocr_carea' id='block_1_116' title="bbox 2185 3893 3745 3967">
    <p class='ocr_par' dir='ltr' id='par_1_116' title="bbox 2185 3893 3745 3967">
     <span class='ocr_line' id='line_1_116' title="bbox 2185 3893 3745 3967; baseline 0.004 -23"><span class='ocrx_word' id='word_1_746' title='bbox 2185 3905 2287 3955; x_wconf 90' lang='lat' dir='ltr'><strong>tur,</strong></span> <span class='ocrx_word' id='word_1_747' title='bbox 2336 3893 2427 3947; x_wconf 87' lang='lat' dir='ltr'><strong>alii</strong></span> <span class='ocrx_word' id='word_1_748' title='bbox 2458 3895 2762 3967; x_wconf 82' lang='lat' dir='ltr'><strong>viiiciuntur</strong></span> <span class='ocrx_word' id='word_1_749' title='bbox 2809 3904 3052 3949; x_wconf 88' lang='lat' dir='ltr'><strong>tantum:</strong></span> <span class='ocrx_word' id='word_1_750' title='bbox 3103 3893 3241 3965; x_wconf 75' lang='lat' dir='ltr'><strong>quod</strong></span> <span class='ocrx_word' id='word_1_751' title='bbox 3292 3893 3584 3967; x_wconf 73' lang='lat' dir='ltr'><strong>utrumque</strong></span> <span class='ocrx_word' id='word_1_752' title='bbox 3629 3901 3745 3952; x_wconf 90' lang='lat' dir='ltr'><strong>dtiiii</strong></span> 
     </span>
    </p>
   </div>
   <div class='ocr_carea' id='block_1_117' title="bbox 2185 3966 3748 4039">
    <p class='ocr_par' dir='ltr' id='par_1_117' title="bbox 2185 3966 3748 4039">
     <span class='ocr_line' id='line_1_117' title="bbox 2185 3966 3748 4039; baseline 0.004 -23"><span class='ocrx_word' id='word_1_753' title='bbox 2185 3974 2399 4039; x_wconf 63' lang='lat' dir='ltr'><strong>praestat</strong></span> <span class='ocrx_word' id='word_1_754' title='bbox 2438 3966 2703 4039; x_wconf 66' lang='lat' dir='ltr'><strong>agricola,</strong></span> <span class='ocrx_word' id='word_1_755' title='bbox 2738 3968 2999 4039; x_wconf 60' lang='lat' dir='ltr'><strong>stringere</strong></span> <span class='ocrx_word' id='word_1_756' title='bbox 3024 3966 3216 4020; x_wconf 83' lang='lat' dir='ltr'><strong>dicitur</strong></span> <span class='ocrx_word' id='word_1_757' title='bbox 3246 3987 3258 4020; x_wconf 92' lang='lat'><strong>:</strong></span> <span class='ocrx_word' id='word_1_758' title='bbox 3292 3966 3497 4039; x_wconf 85' lang='lat' dir='ltr'><strong>stringit</strong></span> <span class='ocrx_word' id='word_1_759' title='bbox 3518 3969 3659 4023; x_wconf 84' lang='lat' dir='ltr'><strong>enim</strong></span> <span class='ocrx_word' id='word_1_760' title='bbox 3700 3980 3748 4023; x_wconf 86' lang='lat' dir='ltr'><strong>et</strong></span> 
     </span>
    </p>
   </div>
   <div class='ocr_carea' id='block_1_118' title="bbox 2184 4036 3430 4107">
    <p class='ocr_par' dir='ltr' id='par_1_118' title="bbox 2184 4036 3430 4107">
     <span class='ocr_line' id='line_1_118' title="bbox 2184 4036 3430 4107; baseline 0.004 -21"><span class='ocrx_word' id='word_1_761' title='bbox 2184 4036 2397 4089; x_wconf 88' lang='lat' dir='ltr'><strong>frondes</strong></span> <span class='ocrx_word' id='word_1_762' title='bbox 2426 4051 2557 4105; x_wconf 90' lang='lat' dir='ltr'><strong>quas</strong></span> <span class='ocrx_word' id='word_1_763' title='bbox 2586 4037 2805 4106; x_wconf 85' lang='lat' dir='ltr'><strong>colligit,</strong></span> <span class='ocrx_word' id='word_1_764' title='bbox 2833 4036 2887 4089; x_wconf 91' lang='lat' dir='ltr'><strong>iit</strong></span> <span class='ocrx_word' id='word_1_765' title='bbox 2916 4053 2930 4089; x_wconf 92' lang='lat' dir='ltr'><strong>i</strong></span> <span class='ocrx_word' id='word_1_766' title='bbox 2963 4036 3183 4107; x_wconf 64' lang='lat' dir='ltr'><strong>Georg,</strong></span> <span class='ocrx_word' id='word_1_767' title='bbox 3216 4054 3269 4091; x_wconf 92' lang='lat' dir='ltr'><strong>v.</strong></span> <span class='ocrx_word' id='word_1_768' title='bbox 3294 4036 3430 4093; x_wconf 72' lang='lat' dir='ltr'><strong>505i</strong></span> 
     </span>
    </p>
   </div>
   <div class='ocr_carea' id='block_1_119' title="bbox 2305 4125 3746 4197">
    <p class='ocr_par' dir='ltr' id='par_1_119' title="bbox 2305 4125 3746 4197">
     <span class='ocr_line' id='line_1_119' title="bbox 2305 4125 3746 4197; baseline 0.009 -25"><span class='ocrx_word' id='word_1_769' title='bbox 2305 4125 2403 4197; x_wconf 59' lang='lat' dir='ltr'><strong>Sed</strong></span> <span class='ocrx_word' id='word_1_770' title='bbox 2436 4134 2595 4197; x_wconf 78' lang='lat' dir='ltr'><strong>tamen</strong></span> <span class='ocrx_word' id='word_1_771' title='bbox 2616 4134 2668 4176; x_wconf 91' lang='lat' dir='ltr'><strong>et</strong></span> <span class='ocrx_word' id='word_1_772' title='bbox 2689 4140 2901 4197; x_wconf 75' lang='lat' dir='ltr'><strong>quernas</strong></span> <span class='ocrx_word' id='word_1_773' title='bbox 2924 4127 3127 4191; x_wconf 82' lang='lat' dir='ltr'><strong>glandes</strong></span> <span class='ocrx_word' id='word_1_774' title='bbox 3156 4140 3269 4179; x_wconf 91' lang='lat' dir='ltr'><strong>tunc</strong></span> <span class='ocrx_word' id='word_1_775' title='bbox 3292 4132 3539 4193; x_wconf 82' lang='lat' dir='ltr'><strong>stringere</strong></span> <span class='ocrx_word' id='word_1_776' title='bbox 3564 4139 3746 4197; x_wconf 78' lang='lat' dir='ltr'><strong>tempus</strong></span> 
     </span>
    </p>
   </div>
   <div class='ocr_carea' id='block_1_120' title="bbox 2308 4187 3529 4257">
    <p class='ocr_par' dir='ltr' id='par_1_120' title="bbox 2308 4187 3529 4257">
     <span class='ocr_line' id='line_1_120' title="bbox 2308 4187 3529 4257; baseline 0.006 -20"><span class='ocrx_word' id='word_1_777' title='bbox 2308 4187 2515 4237; x_wconf 82' lang='lat' dir='ltr'><strong>Etlauri</strong></span> <span class='ocrx_word' id='word_1_778' title='bbox 2538 4190 2727 4251; x_wconf 84' lang='lat' dir='ltr'><strong>baccas,</strong></span> <span class='ocrx_word' id='word_1_779' title='bbox 2754 4187 3011 4251; x_wconf 64' lang='lat' dir='ltr'><strong>oleamque</strong></span> <span class='ocrx_word' id='word_1_780' title='bbox 3037 4200 3337 4254; x_wconf 85' lang='lat' dir='ltr'><strong>cruentaque</strong></span> <span class='ocrx_word' id='word_1_781' title='bbox 3359 4187 3529 4257; x_wconf 56' lang='lat' dir='ltr'><strong>mina.</strong></span> 
     </span>
    </p>
   </div>
   <div class='ocr_carea' id='block_1_121' title="bbox 2186 4294 3308 4364">
    <p class='ocr_par' dir='ltr' id='par_1_121' title="bbox 2186 4294 3308 4364">
     <span class='ocr_line' id='line_1_121' title="bbox 2186 4294 3308 4364; baseline -0.001 -15"><span class='ocrx_word' id='word_1_782' title='bbox 2186 4294 2250 4349; x_wconf 78' lang='lat' dir='ltr'><strong>Et</strong></span> <span class='ocrx_word' id='word_1_783' title='bbox 2278 4309 2452 4348; x_wconf 85' lang='lat' dir='ltr'><strong>ramos</strong></span> <span class='ocrx_word' id='word_1_784' title='bbox 2483 4308 2617 4364; x_wconf 92' lang='lat' dir='ltr'><strong>quos</strong></span> <span class='ocrx_word' id='word_1_785' title='bbox 2646 4294 2795 4364; x_wconf 88' lang='lat' dir='ltr'><strong>ligat,</strong></span> <span class='ocrx_word' id='word_1_786' title='bbox 2826 4304 2885 4347; x_wconf 92' lang='lat' dir='ltr'><strong>ut</strong></span> <span class='ocrx_word' id='word_1_787' title='bbox 2916 4294 3068 4363; x_wconf 89' lang='lat' dir='ltr'><strong>ibid.,</strong></span> <span class='ocrx_word' id='word_1_788' title='bbox 3097 4311 3149 4347; x_wconf 82' lang='grc' dir='ltr'><strong>ν.</strong></span> <span class='ocrx_word' id='word_1_789' title='bbox 3172 4296 3308 4351; x_wconf 79' lang='grc' dir='ltr'><strong>517τ</strong></span> 
     </span>
    </p>
   </div>
   <div class='ocr_carea' id='block_1_122' title="bbox 2305 4384 3567 4449">
    <p class='ocr_par' dir='ltr' id='par_1_122' title="bbox 2305 4384 3567 4449">
     <span class='ocr_line' id='line_1_122' title="bbox 2305 4384 3567 4449; baseline 0.006 -14"><span class='ocrx_word' id='word_1_790' title='bbox 2305 4384 2526 4448; x_wconf 85' lang='lat' dir='ltr'><strong>Agricola</strong></span> <span class='ocrx_word' id='word_1_791' title='bbox 2549 4393 2598 4435; x_wconf 87' lang='lat' dir='ltr'><strong>et</strong></span> <span class='ocrx_word' id='word_1_792' title='bbox 2620 4385 2779 4447; x_wconf 86' lang='lat' dir='ltr'><strong>fragili</strong></span> <span class='ocrx_word' id='word_1_793' title='bbox 2794 4389 2889 4448; x_wconf 88' lang='lat' dir='ltr'><strong>jam</strong></span> <span class='ocrx_word' id='word_1_794' title='bbox 2907 4388 3174 4449; x_wconf 84' lang='lat' dir='ltr'><strong>stringeret</strong></span> <span class='ocrx_word' id='word_1_795' title='bbox 3192 4387 3370 4438; x_wconf 88' lang='lat' dir='ltr'><strong>hordea</strong></span> <span class='ocrx_word' id='word_1_796' title='bbox 3390 4390 3567 4443; x_wconf 91' lang='lat' dir='ltr'><strong>culmo.</strong></span> 
     </span>
    </p>
   </div>
   <div class='ocr_carea' id='block_1_123' title="bbox 2184 4468 3745 4538">
    <p class='ocr_par' dir='ltr' id='par_1_123' title="bbox 2184 4468 3745 4538">
     <span class='ocr_line' id='line_1_123' title="bbox 2184 4468 3745 4538; baseline 0.007 -16"><span class='ocrx_word' id='word_1_797' title='bbox 2184 4470 2355 4538; x_wconf 88' lang='lat' dir='ltr'><strong>Atque</strong></span> <span class='ocrx_word' id='word_1_798' title='bbox 2394 4468 2621 4538; x_wconf 89' lang='lat' dir='ltr'><strong>idipsuiu</strong></span> <span class='ocrx_word' id='word_1_799' title='bbox 2653 4468 2847 4523; x_wconf 88' lang='lat' dir='ltr'><strong>dicitur</strong></span> <span class='ocrx_word' id='word_1_800' title='bbox 2888 4469 3000 4523; x_wconf 88' lang='lat' dir='ltr'><strong>fieri</strong></span> <span class='ocrx_word' id='word_1_801' title='bbox 3031 4472 3179 4523; x_wconf 86' lang='lat' dir='ltr'><strong>avida</strong></span> <span class='ocrx_word' id='word_1_802' title='bbox 3208 4486 3365 4524; x_wconf 90' lang='lat' dir='ltr'><strong>manu</strong></span> <span class='ocrx_word' id='word_1_803' title='bbox 3392 4489 3412 4526; x_wconf 89' lang='lat'><strong><em>:</em></strong></span> <span class='ocrx_word' id='word_1_804' title='bbox 3443 4490 3564 4530; x_wconf 84' lang='lat' dir='ltr'><strong>cum</strong></span> <span class='ocrx_word' id='word_1_805' title='bbox 3612 4478 3745 4533; x_wconf 88' lang='lat' dir='ltr'><strong>enini</strong></span> 
     </span>
    </p>
   </div>
   <div class='ocr_carea' id='block_1_124' title="bbox 2187 4539 3747 4616">
    <p class='ocr_par' dir='ltr' id='par_1_124' title="bbox 2187 4539 3747 4616">
     <span class='ocr_line' id='line_1_124' title="bbox 2187 4539 3747 4616; baseline 0.006 -24"><span class='ocrx_word' id='word_1_806' title='bbox 2187 4540 2345 4592; x_wconf 91' lang='lat' dir='ltr'><strong>liomo</strong></span> <span class='ocrx_word' id='word_1_807' title='bbox 2366 4541 2559 4616; x_wconf 82' lang='lat' dir='ltr'><strong>aliquid</strong></span> <span class='ocrx_word' id='word_1_808' title='bbox 2585 4539 2737 4593; x_wconf 88' lang='lat' dir='ltr'><strong>valde</strong></span> <span class='ocrx_word' id='word_1_809' title='bbox 2766 4542 2968 4616; x_wconf 83' lang='lat' dir='ltr'><strong>appetit</strong></span> <span class='ocrx_word' id='word_1_810' title='bbox 2989 4542 3319 4616; x_wconf 85' lang='lat' dir='ltr'><strong>quadamsui</strong></span> <span class='ocrx_word' id='word_1_811' title='bbox 3335 4548 3576 4616; x_wconf 81' lang='lat' dir='ltr'><strong>corporis</strong></span> <span class='ocrx_word' id='word_1_812' title='bbox 3605 4561 3747 4616; x_wconf 85' lang='lat' dir='ltr'><strong>parte</strong></span> 
     </span>
    </p>
   </div>
   <div class='ocr_carea' id='block_1_125' title="bbox 2106 4611 3748 4688">
    <p class='ocr_par' dir='ltr' id='par_1_125' title="bbox 2106 4611 3748 4688">
     <span class='ocr_line' id='line_1_125' title="bbox 2106 4611 3748 4688; baseline 0.013 -34"><span class='ocrx_word' id='word_1_813' title='bbox 2106 4611 2156 4672; x_wconf 80' lang='grc' dir='ltr'><strong>ι)</strong></span> <span class='ocrx_word' id='word_1_814' title='bbox 2182 4612 2427 4688; x_wconf 45' lang='grc' dir='ltr'><strong>μλίεεῳιὶ,</strong></span> <span class='ocrx_word' id='word_1_815' title='bbox 2472 4620 2581 4688; x_wconf 83' lang='lat' dir='ltr'><strong>tum</strong></span> <span class='ocrx_word' id='word_1_816' title='bbox 2622 4611 3138 4688; x_wconf 30' lang='lat' dir='ltr'><strong>trans-laiaﬁquadain</strong></span> <span class='ocrx_word' id='word_1_817' title='bbox 3188 4613 3576 4688; x_wconf 65' lang='lat' dir='ltr'><strong>significatione</strong></span> <span class='ocrx_word' id='word_1_818' title='bbox 3605 4611 3748 4688; x_wconf 58' lang='lat' dir='ltr'><strong>&#39;pars</strong></span> 
     </span>
    </p>
   </div>
   <div class='ocr_carea' id='block_1_126' title="bbox 2183 4680 3748 4745">
    <p class='ocr_par' dir='ltr' id='par_1_126' title="bbox 2183 4680 3748 4745">
     <span class='ocr_line' id='line_1_126' title="bbox 2183 4680 3748 4745; baseline 0.007 -11"><span class='ocrx_word' id='word_1_819' title='bbox 2183 4680 2270 4734; x_wconf 90' lang='lat' dir='ltr'><strong>illa</strong></span> <span class='ocrx_word' id='word_1_820' title='bbox 2319 4680 2422 4733; x_wconf 87' lang='lat' dir='ltr'><strong>dici</strong></span> <span class='ocrx_word' id='word_1_821' title='bbox 2473 4683 2608 4733; x_wconf 90' lang='lat' dir='ltr'><strong>solet</strong></span> <span class='ocrx_word' id='word_1_822' title='bbox 2658 4681 2825 4734; x_wconf 77' lang='lat' dir='ltr'><strong>avida.</strong></span> <span class='ocrx_word' id='word_1_823' title='bbox 2873 4680 2962 4735; x_wconf 88' lang='lat' dir='ltr'><strong>Sic</strong></span> <span class='ocrx_word' id='word_1_824' title='bbox 3015 4696 3170 4735; x_wconf 90' lang='lat' dir='ltr'><strong>aures</strong></span> <span class='ocrx_word' id='word_1_825' title='bbox 3212 4681 3460 4739; x_wconf 86' lang='lat' dir='ltr'><strong>Ciceroni</strong></span> <span class='ocrx_word' id='word_1_826' title='bbox 3506 4680 3748 4745; x_wconf 73' lang='lat' dir='ltr'><strong>dicuntur</strong></span> 
     </span>
    </p>
   </div>
   <div class='ocr_carea' id='block_1_127' title="bbox 2181 4749 3748 4828">
    <p class='ocr_par' dir='ltr' id='par_1_127' title="bbox 2181 4749 3748 4828">
     <span class='ocr_line' id='line_1_127' title="bbox 2181 4749 3748 4828; baseline 0.001 -25"><span class='ocrx_word' id='word_1_827' title='bbox 2181 4750 2351 4828; x_wconf 64' lang='lat' dir='ltr'><strong>avidae</strong></span> <span class='ocrx_word' id='word_1_828' title='bbox 2374 4767 2389 4803; x_wconf 89' lang='lat'><strong>:</strong></span> <span class='ocrx_word' id='word_1_829' title='bbox 2416 4749 2794 4828; x_wconf 77' lang='lat' dir='ltr'><strong>Demosthenes,</strong></span> <span class='ocrx_word' id='word_1_830' title='bbox 2820 4751 2988 4819; x_wconf 87' lang='lat' dir='ltr'><strong>inquit</strong></span> <span class='ocrx_word' id='word_1_831' title='bbox 3013 4751 3079 4828; x_wconf 79' lang='lat' dir='ltr'><strong>de</strong></span> <span class='ocrx_word' id='word_1_832' title='bbox 3110 4755 3284 4819; x_wconf 82' lang='lat' dir='ltr'><strong>Urat.,</strong></span> <span class='ocrx_word' id='word_1_833' title='bbox 3315 4770 3415 4806; x_wconf 87' lang='lat' dir='ltr'><strong>non</strong></span> <span class='ocrx_word' id='word_1_834' title='bbox 3440 4772 3637 4828; x_wconf 79' lang='lat' dir='ltr'><strong>semper</strong></span> <span class='ocrx_word' id='word_1_835' title='bbox 3658 4763 3748 4814; x_wconf 86' lang='lat' dir='ltr'><strong>im.</strong></span> 
     </span>
    </p>
   </div>
   <div class='ocr_carea' id='block_1_128' title="bbox 2178 4823 3747 4902">
    <p class='ocr_par' dir='ltr' id='par_1_128' title="bbox 2178 4823 3747 4902">
     <span class='ocr_line' id='line_1_128' title="bbox 2178 4823 3747 4902; baseline 0.006 -28"><span class='ocrx_word' id='word_1_836' title='bbox 2178 4824 2279 4902; x_wconf 69' lang='lat' dir='ltr'><strong>plet</strong></span> <span class='ocrx_word' id='word_1_837' title='bbox 2306 4838 2453 4902; x_wconf 76' lang='lat' dir='ltr'><strong>aures</strong></span> <span class='ocrx_word' id='word_1_838' title='bbox 2483 4837 2618 4874; x_wconf 89' lang='lat' dir='ltr'><strong>meas</strong></span> <span class='ocrx_word' id='word_1_839' title='bbox 2645 4838 2663 4875; x_wconf 91' lang='lat'><strong><em>:</em></strong></span> <span class='ocrx_word' id='word_1_840' title='bbox 2708 4824 2779 4902; x_wconf 74' lang='lat' dir='ltr'><strong>ita</strong></span> <span class='ocrx_word' id='word_1_841' title='bbox 2797 4830 2927 4902; x_wconf 45' lang='lat' dir='ltr'><strong>fil-fil</strong></span> <span class='ocrx_word' id='word_1_842' title='bbox 2951 4823 3113 4877; x_wconf 71' lang='lat' dir='ltr'><strong>avida:</strong></span> <span class='ocrx_word' id='word_1_843' title='bbox 3133 4832 3185 4902; x_wconf 80' lang='lat' dir='ltr'><strong>_et</strong></span> <span class='ocrx_word' id='word_1_844' title='bbox 3206 4841 3451 4902; x_wconf 65' lang='lat' dir='ltr'><strong>capaces,</strong></span> <span class='ocrx_word' id='word_1_845' title='bbox 3484 4839 3531 4881; x_wconf 86' lang='lat' dir='ltr'><strong>et</strong></span> <span class='ocrx_word' id='word_1_846' title='bbox 3547 4823 3747 4902; x_wconf 72' lang='lat' dir='ltr'><strong>semper</strong></span> 
     </span>
    </p>
   </div>
   <div class='ocr_carea' id='block_1_129' title="bbox 2177 4892 3747 4962">
    <p class='ocr_par' dir='ltr' id='par_1_129' title="bbox 2177 4892 3747 4962">
     <span class='ocr_line' id='line_1_129' title="bbox 2177 4892 3747 4962; baseline 0.008 -18"><span class='ocrx_word' id='word_1_847' title='bbox 2177 4892 2376 4961; x_wconf 84' lang='lat' dir='ltr'><strong>aliquid</strong></span> <span class='ocrx_word' id='word_1_848' title='bbox 2404 4895 2700 4945; x_wconf 86' lang='lat' dir='ltr'><strong>immensum</strong></span> <span class='ocrx_word' id='word_1_849' title='bbox 2729 4893 3080 4962; x_wconf 77' lang='lat' dir='ltr'><strong>inﬁnituiiiquc</strong></span> <span class='ocrx_word' id='word_1_850' title='bbox 3108 4892 3415 4949; x_wconf 79' lang='lat' dir='ltr'><strong>desiderarit.</strong></span> <span class='ocrx_word' id='word_1_851' title='bbox 3441 4897 3530 4952; x_wconf 90' lang='lat' dir='ltr'><strong>Sic</strong></span> <span class='ocrx_word' id='word_1_852' title='bbox 3562 4892 3747 4959; x_wconf 73' lang='lat' dir='ltr'><strong>manus</strong></span> 
     </span>
    </p>
   </div>
   <div class='ocr_carea' id='block_1_130' title="bbox 2178 4963 3639 5032">
    <p class='ocr_par' dir='ltr' id='par_1_130' title="bbox 2178 4963 3639 5032">
     <span class='ocr_line' id='line_1_130' title="bbox 2178 4963 3639 5032; baseline 0.008 -17"><span class='ocrx_word' id='word_1_853' title='bbox 2178 4963 2306 5032; x_wconf 75' lang='lat' dir='ltr'><strong>ipsa:</strong></span> <span class='ocrx_word' id='word_1_854' title='bbox 2337 4963 2551 5018; x_wconf 90' lang='lat' dir='ltr'><strong>lloratio</strong></span> <span class='ocrx_word' id='word_1_855' title='bbox 2577 4964 2825 5017; x_wconf 88' lang='lat' dir='ltr'><strong>dicuntur</strong></span> <span class='ocrx_word' id='word_1_856' title='bbox 2846 4964 3036 5031; x_wconf 70' lang='lat' dir='ltr'><strong>avidie,</strong></span> <span class='ocrx_word' id='word_1_857' title='bbox 3068 4963 3246 5020; x_wconf 86' lang='lat' dir='ltr'><strong>Carm.</strong></span> <span class='ocrx_word' id='word_1_858' title='bbox 3282 4966 3316 5017; x_wconf 91' lang='grc' dir='ltr'><strong>Ι.</strong></span> <span class='ocrx_word' id='word_1_859' title='bbox 3342 4980 3417 5030; x_wconf 86' lang='lat' dir='ltr'><strong>iv,</strong></span> <span class='ocrx_word' id='word_1_860' title='bbox 3445 4969 3535 5024; x_wconf 91' lang='lat' dir='ltr'><strong>od.</strong></span> <span class='ocrx_word' id='word_1_861' title='bbox 3570 4971 3639 5026; x_wconf 90' lang='lat'><strong>7:</strong></span> 
     </span>
    </p>
   </div>
   <div class='ocr_carea' id='block_1_131' title="bbox 2299 5051 3499 5118">
    <p class='ocr_par' dir='ltr' id='par_1_131' title="bbox 2299 5051 3499 5118">
     <span class='ocr_line' id='line_1_131' title="bbox 2299 5051 3499 5118; baseline 0.006 -19"><span class='ocrx_word' id='word_1_862' title='bbox 2299 5052 2477 5118; x_wconf 80' lang='lat' dir='ltr'><strong>Cuncta</strong></span> <span class='ocrx_word' id='word_1_863' title='bbox 2498 5064 2666 5118; x_wconf 83' lang='lat' dir='ltr'><strong>manus</strong></span> <span class='ocrx_word' id='word_1_864' title='bbox 2689 5051 2848 5118; x_wconf 77' lang='lat' dir='ltr'><strong>avidas</strong></span> <span class='ocrx_word' id='word_1_865' title='bbox 2870 5052 3064 5114; x_wconf 82' lang='lat' dir='ltr'><strong>fugient</strong></span> <span class='ocrx_word' id='word_1_866' title='bbox 3090 5054 3322 5118; x_wconf 69' lang='lat' dir='ltr'><strong>haeredis,</strong></span> <span class='ocrx_word' id='word_1_867' title='bbox 3340 5058 3499 5106; x_wconf 80' lang='lat' dir='ltr'><strong>amico</strong></span> 
     </span>
    </p>
   </div>
   <div class='ocr_carea' id='block_1_132' title="bbox 2293 5114 2835 5175">
    <p class='ocr_par' dir='ltr' id='par_1_132' title="bbox 2293 5114 2835 5175">
     <span class='ocr_line' id='line_1_132' title="bbox 2293 5114 2835 5175; baseline -0.002 -12"><span class='ocrx_word' id='word_1_868' title='bbox 2293 5116 2412 5175; x_wconf 66' lang='lat' dir='ltr'><strong>Quae</strong></span> <span class='ocrx_word' id='word_1_869' title='bbox 2438 5114 2640 5164; x_wconf 85' lang='lat' dir='ltr'><strong>dederis</strong></span> <span class='ocrx_word' id='word_1_870' title='bbox 2658 5116 2835 5163; x_wconf 91' lang='lat' dir='ltr'><strong>animo.</strong></span> 
     </span>
    </p>
   </div>
   <div class='ocr_carea' id='block_1_133' title="bbox 2169 5204 3741 5274">
    <p class='ocr_par' dir='ltr' id='par_1_133' title="bbox 2169 5204 3741 5274">
     <span class='ocr_line' id='line_1_133' title="bbox 2169 5204 3741 5274; baseline 0.002 -18"><span class='ocrx_word' id='word_1_871' title='bbox 2169 5207 2479 5274; x_wconf 84' lang='lat' dir='ltr'><strong>Quicunque</strong></span> <span class='ocrx_word' id='word_1_872' title='bbox 2521 5212 2695 5258; x_wconf 90' lang='lat' dir='ltr'><strong>autem</strong></span> <span class='ocrx_word' id='word_1_873' title='bbox 2747 5217 2961 5274; x_wconf 86' lang='lat' dir='ltr'><strong>vernos</strong></span> <span class='ocrx_word' id='word_1_874' title='bbox 2995 5204 3237 5271; x_wconf 87' lang='lat' dir='ltr'><strong>palmites</strong></span> <span class='ocrx_word' id='word_1_875' title='bbox 3272 5205 3515 5274; x_wconf 88' lang='lat' dir='ltr'><strong>stringit,</strong></span> <span class='ocrx_word' id='word_1_876' title='bbox 3563 5206 3647 5262; x_wconf 91' lang='lat' dir='ltr'><strong>liic</strong></span> <span class='ocrx_word' id='word_1_877' title='bbox 3674 5206 3741 5260; x_wconf 84' lang='lat' dir='ltr'><strong>ita</strong></span> 
     </span>
    </p>
   </div>
   <div class='ocr_carea' id='block_1_134' title="bbox 2169 5273 3740 5345">
    <p class='ocr_par' dir='ltr' id='par_1_134' title="bbox 2169 5273 3740 5345">
     <span class='ocr_line' id='line_1_134' title="bbox 2169 5273 3740 5345; baseline 0.001 -17"><span class='ocrx_word' id='word_1_878' title='bbox 2169 5276 2373 5345; x_wconf 76' lang='lat' dir='ltr'><strong>appetit</strong></span> <span class='ocrx_word' id='word_1_879' title='bbox 2430 5276 2726 5341; x_wconf 81' lang='lat' dir='ltr'><strong>stringere,</strong></span> <span class='ocrx_word' id='word_1_880' title='bbox 2775 5282 2833 5326; x_wconf 91' lang='lat' dir='ltr'><strong>ut</strong></span> <span class='ocrx_word' id='word_1_881' title='bbox 2883 5273 3120 5328; x_wconf 75' lang='lat' dir='ltr'><strong>\ideatur</strong></span> <span class='ocrx_word' id='word_1_882' title='bbox 3169 5277 3359 5329; x_wconf 84' lang='lat' dir='ltr'><strong>timere</strong></span> <span class='ocrx_word' id='word_1_883' title='bbox 3417 5273 3490 5331; x_wconf 80' lang='lat' dir='ltr'><strong>iie</strong></span> <span class='ocrx_word' id='word_1_884' title='bbox 3538 5278 3740 5331; x_wconf 78' lang='lat' dir='ltr'><strong>desinat</strong></span> 
     </span>
    </p>
   </div>
   <div class='ocr_carea' id='block_1_135' title="bbox 2171 5345 3739 5416">
    <p class='ocr_par' dir='ltr' id='par_1_135' title="bbox 2171 5345 3739 5416">
     <span class='ocr_line' id='line_1_135' title="bbox 2171 5345 3739 5416; baseline 0 -16"><span class='ocrx_word' id='word_1_885' title='bbox 2171 5350 2452 5415; x_wconf 87' lang='lat' dir='ltr'><strong>stringere.</strong></span> <span class='ocrx_word' id='word_1_886' title='bbox 2483 5345 2683 5399; x_wconf 87' lang='lat' dir='ltr'><strong>Deinde</strong></span> <span class='ocrx_word' id='word_1_887' title='bbox 2712 5354 2996 5398; x_wconf 88' lang='lat' dir='ltr'><strong>autumnus</strong></span> <span class='ocrx_word' id='word_1_888' title='bbox 3045 5348 3124 5401; x_wconf 89' lang='lat' dir='ltr'><strong>sic</strong></span> <span class='ocrx_word' id='word_1_889' title='bbox 3159 5347 3272 5399; x_wconf 89' lang='lat' dir='ltr'><strong>uvis</strong></span> <span class='ocrx_word' id='word_1_890' title='bbox 3304 5347 3615 5416; x_wconf 85' lang='lat' dir='ltr'><strong>colligendis</strong></span> <span class='ocrx_word' id='word_1_891' title='bbox 3654 5361 3739 5400; x_wconf 87' lang='lat' dir='ltr'><strong>ac-</strong></span> 
     </span>
    </p>
   </div>
   <div class='ocr_carea' id='block_1_136' title="bbox 2170 5416 3736 5484">
    <p class='ocr_par' dir='ltr' id='par_1_136' title="bbox 2170 5416 3736 5484">
     <span class='ocr_line' id='line_1_136' title="bbox 2170 5416 3736 5484; baseline 0 -14"><span class='ocrx_word' id='word_1_892' title='bbox 2170 5419 2558 5479; x_wconf 87' lang='lat' dir='ltr'><strong>commodatur,</strong></span> <span class='ocrx_word' id='word_1_893' title='bbox 2602 5417 2684 5469; x_wconf 89' lang='lat' dir='ltr'><strong>liis</strong></span> <span class='ocrx_word' id='word_1_894' title='bbox 2729 5425 2784 5468; x_wconf 91' lang='lat' dir='ltr'><strong>ut</strong></span> <span class='ocrx_word' id='word_1_895' title='bbox 2830 5418 2917 5468; x_wconf 91' lang='lat' dir='ltr'><strong>ille</strong></span> <span class='ocrx_word' id='word_1_896' title='bbox 2971 5430 2998 5465; x_wconf 71' lang='grc' dir='ltr'><strong>τι</strong></span> <span class='ocrx_word' id='word_1_897' title='bbox 3047 5418 3217 5484; x_wconf 82' lang='lat' dir='ltr'><strong>poeth</strong></span> <span class='ocrx_word' id='word_1_898' title='bbox 3262 5416 3433 5470; x_wconf 84' lang='lat' dir='ltr'><strong>soleat</strong></span> <span class='ocrx_word' id='word_1_899' title='bbox 3488 5417 3736 5480; x_wconf 85' lang='lat' dir='ltr'><strong>describi.</strong></span> 
     </span>
    </p>
   </div>
   <div class='ocr_carea' id='block_1_137' title="bbox 2171 5486 3313 5556">
    <p class='ocr_par' dir='ltr' id='par_1_137' title="bbox 2171 5486 3313 5556">
     <span class='ocr_line' id='line_1_137' title="bbox 2171 5486 3313 5556; baseline -0.001 -17"><span class='ocrx_word' id='word_1_900' title='bbox 2171 5489 2311 5556; x_wconf 91' lang='lat' dir='ltr'><strong>quod</strong></span> <span class='ocrx_word' id='word_1_901' title='bbox 2343 5488 2759 5555; x_wconf 86' lang='lat' dir='ltr'><strong>vulgatissiinum</strong></span> <span class='ocrx_word' id='word_1_902' title='bbox 2788 5494 2888 5548; x_wconf 88' lang='lat' dir='ltr'><strong>est,</strong></span> <span class='ocrx_word' id='word_1_903' title='bbox 2943 5486 3153 5540; x_wconf 84' lang='lat' dir='ltr'><strong>Lucret.</strong></span> <span class='ocrx_word' id='word_1_904' title='bbox 3188 5488 3224 5539; x_wconf 92' lang='lat' dir='ltr'><strong>l.</strong></span> <span class='ocrx_word' id='word_1_905' title='bbox 3256 5503 3269 5538; x_wconf 94' lang='lat' dir='ltr'><strong>i</strong></span> <span class='ocrx_word' id='word_1_906' title='bbox 3300 5506 3313 5539; x_wconf 88' lang='lat'><strong>;</strong></span> 
     </span>
    </p>
   </div>
   <div class='ocr_carea' id='block_1_138' title="bbox 2290 5576 3460 5639">
    <p class='ocr_par' dir='ltr' id='par_1_138' title="bbox 2290 5576 3460 5639">
     <span class='ocr_line' id='line_1_138' title="bbox 2290 5576 3460 5639; baseline 0.001 -14"><span class='ocrx_word' id='word_1_907' title='bbox 2290 5580 2538 5639; x_wconf 67' lang='lat' dir='ltr'><strong>Praeterea</strong></span> <span class='ocrx_word' id='word_1_908' title='bbox 2564 5590 2649 5626; x_wconf 87' lang='lat' dir='ltr'><strong>cur</strong></span> <span class='ocrx_word' id='word_1_909' title='bbox 2676 5588 2795 5623; x_wconf 85' lang='lat' dir='ltr'><strong>vere</strong></span> <span class='ocrx_word' id='word_1_910' title='bbox 2814 5589 2988 5639; x_wconf 86' lang='lat' dir='ltr'><strong>rosam,</strong></span> <span class='ocrx_word' id='word_1_911' title='bbox 3018 5576 3259 5626; x_wconf 86' lang='lat' dir='ltr'><strong>frumenta</strong></span> <span class='ocrx_word' id='word_1_912' title='bbox 3278 5577 3460 5639; x_wconf 88' lang='lat' dir='ltr'><strong>calore,</strong></span> 
     </span>
    </p>
   </div>
   <div class='ocr_carea' id='block_1_139' title="bbox 2286 5637 3355 5692">
    <p class='ocr_par' dir='ltr' id='par_1_139' title="bbox 2286 5637 3355 5692">
     <span class='ocr_line' id='line_1_139' title="bbox 2286 5637 3355 5692; baseline 0.002 -7"><span class='ocrx_word' id='word_1_913' title='bbox 2286 5638 2448 5687; x_wconf 84' lang='lat' dir='ltr'><strong>Viteis</strong></span> <span class='ocrx_word' id='word_1_914' title='bbox 2471 5646 2700 5685; x_wconf 87' lang='lat' dir='ltr'><strong>autumno</strong></span> <span class='ocrx_word' id='word_1_915' title='bbox 2723 5638 2856 5684; x_wconf 88' lang='lat' dir='ltr'><strong>fundi</strong></span> <span class='ocrx_word' id='word_1_916' title='bbox 2884 5637 3088 5686; x_wconf 80' lang='lat' dir='ltr'><strong>sudante</strong></span> <span class='ocrx_word' id='word_1_917' title='bbox 3116 5639 3355 5692; x_wconf 88' lang='lat' dir='ltr'><strong>videmus.</strong></span> 
     </span>
    </p>
   </div>
   <div class='ocr_carea' id='block_1_140' title="bbox 2286 5702 3513 5762">
    <p class='ocr_par' dir='ltr' id='par_1_140' title="bbox 2286 5702 3513 5762">
     <span class='ocr_line' id='line_1_140' title="bbox 2286 5702 3513 5762; baseline -0.002 -13"><span class='ocrx_word' id='word_1_918' title='bbox 2286 5704 2337 5749; x_wconf 66' lang='lat' dir='ltr'><strong>Si</strong></span> <span class='ocrx_word' id='word_1_919' title='bbox 2362 5714 2455 5749; x_wconf 87' lang='lat' dir='ltr'><strong>non</strong></span> <span class='ocrx_word' id='word_1_920' title='bbox 2474 5708 2608 5748; x_wconf 88' lang='lat' dir='ltr'><strong>certa</strong></span> <span class='ocrx_word' id='word_1_921' title='bbox 2632 5712 2719 5746; x_wconf 86' lang='lat' dir='ltr'><strong>suo</strong></span> <span class='ocrx_word' id='word_1_922' title='bbox 2742 5702 2854 5758; x_wconf 82' lang='lat' dir='ltr'><strong>quia</strong></span> <span class='ocrx_word' id='word_1_923' title='bbox 2879 5709 3099 5762; x_wconf 80' lang='lat' dir='ltr'><strong>tempore</strong></span> <span class='ocrx_word' id='word_1_924' title='bbox 3117 5702 3305 5749; x_wconf 86' lang='lat' dir='ltr'><strong>semina</strong></span> <span class='ocrx_word' id='word_1_925' title='bbox 3330 5714 3513 5762; x_wconf 88' lang='lat' dir='ltr'><strong>rerum,</strong></span> 
     </span>
    </p>
   </div>
   <div class='ocr_carea' id='block_1_141' title="bbox 2287 5761 3536 5824">
    <p class='ocr_par' dir='ltr' id='par_1_141' title="bbox 2287 5761 3536 5824">
     <span class='ocr_line' id='line_1_141' title="bbox 2287 5761 3536 5824; baseline 0.003 -17"><span class='ocrx_word' id='word_1_926' title='bbox 2287 5766 2403 5811; x_wconf 11' lang='lat' dir='ltr'><strong>illum</strong></span> <span class='ocrx_word' id='word_1_927' title='bbox 2427 5764 2785 5821; x_wconf 76' lang='lat' dir='ltr'><strong>conﬂuxerunt,</strong></span> <span class='ocrx_word' id='word_1_928' title='bbox 2807 5761 2970 5822; x_wconf 83' lang='lat' dir='ltr'><strong>patefit</strong></span> <span class='ocrx_word' id='word_1_929' title='bbox 2993 5763 3313 5824; x_wconf 83' lang='lat' dir='ltr'><strong>quodcunque</strong></span> <span class='ocrx_word' id='word_1_930' title='bbox 3328 5776 3536 5813; x_wconf 82' lang='lat' dir='ltr'><strong>creatur.</strong></span> 
     </span>
    </p>
   </div>
   <div class='ocr_carea' id='block_1_142' title="bbox 2233 5831 3731 5890">
    <p class='ocr_par' dir='ltr' id='par_1_142' title="bbox 2233 5831 3731 5890">
     <span class='ocr_line' id='line_1_142' title="bbox 2233 5831 3731 5890; baseline -0.001 -2"><span class='ocrx_word' id='word_1_931' title='bbox 2233 5835 2364 5888; x_wconf 84' lang='lat' dir='ltr'><strong>Hiuc</strong></span> <span class='ocrx_word' id='word_1_932' title='bbox 2409 5843 2650 5887; x_wconf 86' lang='lat' dir='ltr'><strong>autumno</strong></span> <span class='ocrx_word' id='word_1_933' title='bbox 2682 5848 2774 5885; x_wconf 84' lang='lat' dir='ltr'><strong>sua</strong></span> <span class='ocrx_word' id='word_1_934' title='bbox 2806 5831 3039 5886; x_wconf 84' lang='lat' dir='ltr'><strong>Bacchus</strong></span> <span class='ocrx_word' id='word_1_935' title='bbox 3067 5851 3275 5889; x_wconf 86' lang='lat' dir='ltr'><strong>munera</strong></span> <span class='ocrx_word' id='word_1_936' title='bbox 3316 5834 3584 5890; x_wconf 80' lang='lat' dir='ltr'><strong>contulisse</strong></span> <span class='ocrx_word' id='word_1_937' title='bbox 3612 5832 3731 5889; x_wconf 74' lang='lat' dir='ltr'><strong>dici~</strong></span> 
     </span>
    </p>
   </div>
  </div>
