3984 6382
233 356 314 409 649
1102 348 1190 404 DE
1227 343 1745 404 CONSOLATIONE
1785 338 2256 397 PHILOSOPBIA‘Z
2294 336 2420 393 LIB.
2464 338 2505 391 Ι.

231 469 285 522 15
347 462 558 517 Bacchus
587 474 804 515 munera
832 461 1077 515 contulit.
1771 459 1826 515 Α

340 554 436 622 80
466 553 642 619 Signat
672 561 907 617 tempora
940 548 1167 617 propriis

343 648 524 711 Aptans
554 641 743 694 ol'liciis
777 641 939 703 Deus,

340 732 434 784 Nec
458 743 581 796 quas
609 730 725 795 ipse
754 730 1013 794 coercuit,

339 819 526 874 Misceri
561 820 757 883 patitur
784 820 945 872 vices.

224 914 280 966 '30
340 910 422 964 Sic
444 908 577 975 quod
610 909 870 977 praecipiti
903 908 986 961 via

342 1000 534 1055 Certum
567 1000 768 1053 deserit
798 1000 1065 1065 ordinem,

338 1093 496 1145 Ltetos
523 1106 627 1147 non
660 1091 817 1146 habet
850 1090 1045 1144 exitus.

712 1202 821 1269 32
861 1198 1081 1254 rnoss
1122 1198 1212 1251 Vl.

223 1296 565 1347 ARGUIEN‘I‘UI-
608 1319 680 1330 --
720 1291 1058 1357 Philosophia
1106 1287 1337 1342 Boetiuin
1395 1286 1713 1351 interrogans
1739 1323 1754 1345 ,

3327 338 3430 393 650

1917 450 2148 503 eumdem
2177 448 2307 515 cogit
2336 447 2485 515 fateri
2513 463 2565 499 se
2600 445 2780 509 Deum,
2814 453 2860 498 et
2892 444 3211 501 semetipsum
3239 447 3429 512 partim

1929 533 2229 587 cognoscere
2250 518 2536 587 partimque
2558 518 2793 585 ignorare
2823 532 2839 569 .'
2872 516 3009 587 unde
3039 515 3128 565 illo
3159 516 3347 567 lumine
3366 517 3433 567 iul

1932 586 2194 657 pellendas
2240 586 2331 635 has
2373 587 2531 638 animi
2572 588 2796 637 tenebras
2831 600 2882 636 se
2932 586 3169 650 deinceps
3227 601 3435 657 usuram

1928 667 2115 719 monet,
2141 664 2195 707 ut
2237 656 2422 706 srilicet
2445 674 2474 706 ti
2503 657 2632 707 notis
2662 657 2729 707 ad
2764 657 2957 723 ignota;
2988 670 3018 706 a
3040 656 3440 723 persuasissimis

1929 727 1998 779 ad
2027 742 2127 778 non
2154 740 2396 791 persuasa
2419 724 2511 791 ﬁat
2542 741 2858 792 progressus.

1932 816 2171 870 Primum
2195 812 2353 880 igitur
2388 815 2653 881 paterisne
2682 828 2766 865 me
2791 821 2815 848 ει
2842 812 3077 879 pauculis
3108 812 3124 841 ⁸
3150 812 3441 879 rogationi-

1863 908 1961 961 bus
1989 914 2188 959 statum
2221 914 2327 957 tua:
2358 904 2555 957 mentis
2585 904 2865 972 attingere,
2916 912 3076 970 atque
3107 912 3333 965 tentare,
3363 913 3442 968 ut,

1857 1002 1944 1068 qui
1970 1000 2156 1053 modus
2186 999 2256 1051 sit.
2298 1006 2400 1050 tua:
2440 998 2731 1050 curationis
2758 1039 2772 1062 ,
2800 996 3127 1063 intelligam?
3151 994 3175 1033 ι)
3208 996 3285 1048 Tu
3318 1012 3446 1049 vero

1859 1092 2136 1154 arbitratu,
2164 1090 2401 1157 inquam,
2436 1097 2525 1141 tuo
2564 1098 2585 1125 ε
2615 1103 2732 1155 qua:
2760 1087 2928 1150 voles,
2972 1093 3029 1138 ut
3060 1099 3437 1152 responsurum

1858 1193 2064 1252 rogato.
2095 1178 2120 1217 ά
2152 1180 2286 1235 Tum
2319 1180 2428 1245 illa,
2458 1180 2565 1250 83
2598 1181 2617 1210 ¹
2643 1179 2931 1243 llunccine,
2968 1178 3157 1244 inquit,
3182 1180 3437 1233 mundum

1862 1274 2163 1328 temerariis
2193 1271 2275 1340 agi
2318 1268 2657 1339 fortuitisque
2686 1268 2899 1324 casibus
2949 1276 3122 1337 putas,
3153 1283 3219 1321 an
3272 1271 3442 1323 ullum

1525 1412 1621 1466 IN'I
1641 1404 2099 1463 EBPBETATIO.

220 1553 297 1591 tua
321 1537 421 1590 lucc
446 1536 574 1587 dona
615 1544 860 1587 autumno
906 1535 1071 1603 potius
1102 1547 1257 1603 quam
1291 1542 1459 1603 verno
1492 1535 1753 1603 tempore.

221 1609 335 1658 Deus
369 1616 498 1658 notat
545 1615 797 1671 momenta
834 1593 1033 1665 omnia,
1082 1593 1173 1654 sua
1217 1599 1431 1669 singulis
1470 1593 1759 1671 iiiuneiibiis

219 1676 597 1734 accommodans,
642 1661 799 1741 iieq'ue
844 1677 961 1726 sinit
1005 1661 1265 1731 ordinem,
1300 1661 1453 1741 quem
1482 1667 1586 1733 ipse
1613 1661 1756 1712 insti-

217 1746 312 1809 τυίιν
334 1746 533 1798 l"rbari.
563 1739 836 1813 Propterea
874 1743 1120 1811 quidquid
1156 1739 1528 1813 inconsiderata
1562 1742 1757 1813 ratione

217 1802 373 1881 linquit
409 1815 633 1867 ordinent
664 1802 1037 1881 prwscriptuni,
1072 1813 1120 1865 id
1146 1826 1247 1863 non
1282 1808 1471 1860 obtinet
1494 1802 1757 1874 jucuiidos

218 1895 410 1938 eventus.

1941 1526 1965 1551 η
2000 1514 2316 1578 Quibusdam
2346 1529 2479 1581 qua’s
2527 1516 2742 1566 iriit‘ulis.

1941 1586 1965 1622 ι’
2002 1586 2173 1652 lnqiiit
2198 1584 2558 1639 Philosophia.

1865 1727 1897 1777 ά
1931 1667 1961 1776 (ι
1998 1658 2177 1719 ριιιιινε
2206 1659 2340 1721 quod
2368 1654 2635 1721 placuerit,
2662 1653 2826 1723 inquit
2856 1656 3089 1725 Boetius,
3120 1661 3205 1713 tibi
3236 1677 3435 1730 resima-

1902 1744 1925 1776 t‘
1944 1742 2011 1776 βο.

1916 1744 2011 1774 ‘UO.

1902 1742 2011 1776 (‘00.

1934 1796 1958 1831 ἀ
1984 1794 2121 1849 Tunc
2156 1792 2490 1862 PhilosOphia
2513 1793 2603 1844 ait.

1696 1976 1925 2037 {\UTiE.

217 2116 306 2179 tur.
330 2108 496 2175 potius
515 2122 677 2179 quam
700 2121 865 2159 verno
890 2116 1158 2179 tempore:
1187 2102 1324 2179 quod
1354 2100 1499 2179 enim
1518 2093 1759 2174 Bacchus

214 2177 433 2231 inventor
460 2174 562 2231 \iui
595 2177 870 2241 habeatur,
903 2190 1093 2248 munus
1120 2174 1308 2227 Bacchi
1341 2180 1423 2224 est
1454 2174 1656 2248 vinum.
1682 2180 1757 2245 vi-

216 2261 322 2299 num
350 2257 517 2300 autem
549 2262 655 2300 n0n
690 2261 839 2309 vere,
874 2246 967 2299 59d
1000 2258 1257 2299 autumno
1286 2246 1610 2308 ςοιιιρνεδμίς
1641 2250 1756 2287 υνιε

212 2316 408 2387 elﬂuere
447 2316 725 2370 ciiiisuevit
752 2333 763 2368 :
800 2332 965 2383 usque
990 2317 1125 2367 adeo
1168 2327 1376 2387 inesse,
1419 2310 1639 2387 llorihus
1659 2349 1673 2372 ,
1704 2315 1757 2357 et

214 2386 449 2439 vindemia
474 2397 705 2449 constat,
734 2402 829 2439 sua
854 2386 1075 2454 singulis
1105 2384 1265 2438 rebus
1294 2384 1604 2450 pra-scripta
1634 2390 1756 2430 esse

212 2454 440 2508 divinitus
467 2466 728 2524 tempora.

272 2524 346 2577 l6.
390 2516 838 2593 Signat-tempora
878 2525 1096 2593 propriis
1136 2533 1317 2591 aptans
1357 2522 1529 2589 officiis
1574 2516 1754 2587 Deus]

212 2591 335 2646 Dens
360 2591 495 2648 enim
519 2605 603 2648 est
628 2596 792 2660 prima
820 2591 978 2648 causa
1010 2610 1113 2647 non
1139 2596 1310 2645 solum
1338 2608 1511 2643 rerum
1536 2602 1758 2641 uetera-

210 2678 334 2725 rum,
378 2666 468 2718 sed
512 2666 795 2736 modorum
840 2667 999 2736 etiam
1031 2664 1266 2736 omnium
1308 2663 1496 2736 quibus
1537 2674 1622 2711 res
1653 2660 1756 2736 illa;

207 2745 336 2787 recte
372 2748 427 2787 se
454 2737 674 2799 habent,
706 2734 838 2787 adeo
868 2745 926 2788 ut
954 2734 1083 2787 nihil
1120 2748 1303 2786 eorum
1335 2734 1626 2795 contingat,
1658 2729 1756 2779 nisi

206 2806 477 2874 secundum
509 2806 657 2874 leges
681 2805 856 2857 divina
891 2806 1443 2874 voluntatestatutas:
1482 2809 1754 2874 propterea

206 2870 521 2928 Ecclesiasta:
560 2870 619 2929 iii
648 2890 661 2929 :
705 2876 888 2926 Umniu
928 2887 1123 2939 tempus
1158 2871 1338 2924 habent
1367 2883 1409 2921 ef
1450 2870 1553 2921 suis
1580 2870 1755 2938 spatiis

204 2950 442 2996 transeunt
484 2947 722 2997 universa
753 2948 843 2997 sub
871 2948 1012 2997 ca’Io.
1049 2942 1261 3010 Tempus
1292 2941 1526 2991 nascendi
1555 2950 1755 3010 etatem:

204 3028 287 3079 pus
318 3016 584 3083 moriendi.
630 3015 846 3082 Tempus
892 3008 1241 3083 plaiitantli’et
1285 3024 1476 3083 tempus
1513 3008 1756 3083 evellendi

202 3082 323 3144 quod
351 3086 640 3151 plantarum
666 3079 761 3148 est,
784 3079 1043 3138 ethllinc
1066 3098 1191 3149 quas
1224 3084 1349 3133 vices
1378 3079 1514 3132 Deus
1541 3080 1757 3130 coercuit

201 3166 283 3203 sua
334 3158 581 3207 nimirum
645 3156 1070 3207 constantissima
1128 3154 1435 3214 voluntate,
1498 3152 1590 3201 has
1652 3164 1756 3201 non

202 3222 380 3287 patitur
408 3225 628 3280 misceri
666 3226 780 3279 sive
817 3224 1015 3277 turbari
1049 3241 1060 3274 :
1105 3223 1194 3277 Sic
1225 3224 1479 3275 l’ha'drns
1512 3220 1547 3273 l.
1577 3234 1614 3285 i,
1647 3219 1755 3272 fab.

199 3288 245 3357 2,
274 3292 498 3361 loquitur
525 3314 538 3347 :

306 3384 509 3433 Athenae
531 3398 645 3433 cum
668 3385 905 3433 ﬂorerent
922 3386 1076 3445 aequis
1097 3384 1309 3445 legibus,

306 3444 487 3494 Procax
516 3449 727 3496 libertas
744 3444 993 3495 civitatem
1019 3444 1209 3493 miscuit.

258 3525 384 3580 Iliae
426 3528 741 3597 philoSOphi
768 3545 953 3583 eruere
978 3538 1262 3597 potuerunt
1290 3525 1530 3597 Quaedam
1564 3524 1762 3593 princi-

194 3594 268 3666 pia
289 3594 474 3664 quibus
500 3601 800 3652 innitantnr
820 3594 1319 3652 deitiniistrationcs
1338 3610 1471 3666 quas
1501 3596 1566 3650 de
1594 3605 1761 3649 inate~

196 3665 263 3719 ria
283 3668 647 3738 philosophia:
677 3670 914 3737 subjecta
946 3668 1251 3722 conficiant.

251 3737 335 3791 2'0.
367 3738 455 3791 Sic
491 3736 633 3808 quod
673 3736 921 3809 prwcipiti
950 3741 1031 3792 via
1056 3783 1069 3806 ,
1101 3738 1226 3808 etc.]
1271 3736 1629 3803 Pra'cipitatio
1658 3736 1759 3809 alia

189 3815 265 3878 est
287 3806 563 3878 corporis,
594 3806 696 3862 alia
726 3811 939 3863 mentis.
977 3806 1335 3876 Praecipitatio
1370 3809 1642 3874 corporis,
1676 3806 1758 3858 in-

186 3876 288 3944 quit
327 3876 391 3934 SJ
416 3879 697 3945 Thomas,
724 3880 836 3943 2-‘2,
867 3896 919 3947 q.
952 3881 1051 3941 55,
1095 3895 1144 3931 a.
1182 3882 1235 3940 ὅ,
1272 3881 1321 3930 in
1364 3878 1464 3930 hoc
1492 3889 1754 3937 versatur,

186 3948 310 4013 quod
338 3964 535 4017 corpus
568 3967 603 4001 a
633 3951 880 4017 superiori
907 3952 960 4001 in
986 3953 1085 4001 ima
1112 3950 1333 4016 pervenit
1360 3948 1634 3999 secundum
1659 3948 1757 3998 iiii-

185 4029 339 4081 petum
370 4020 650 4087 quemdam
680 4021 873 4089 proprii
902 4032 1066 4071 motus
1095 4020 1170 4071 vel
1200 4019 1417 4087 alicujus
1448 4018 1755 4085 impellentia

183 4102 272 4139 non
308 4091 548 4143 ordinate
594 4089 943 4142 descendendo
994 4107 1080 4156 per
1131 4093 1344 4158 graius.
1397 4090 1753 4158 l’rtecipitatio

183 4168 299 4225 vero
329 4161 529 4213 mentis
556 4169 644 4214 est
670 4157 1219 4213 inconsideratnm’de
1242 4162 1419 4225 ignoto
1444 4157 1700 4224 judicium
1733 4174 1745 4208 :

182 4224 395 4298 interior
434 4232 643 4298 quippe
679 4233 789 4283 veri
819 4232 1057 4296 certique
1082 4224 1501 4297 judiciiregnla,
1532 4238 1611 4279 est
1638 4227 1749 4298 evi-

179 4297 342 4351 dentia
367 4318 378 4351 :
409 4297 548 4356 sine
574 4303 685 4370 81
713 4316 815 4365 qua
839 4301 881 4353 si
906 4301 1223 4354 sententiam
1249 4300 1399 4370 ferat,
1433 4308 1524 4349 aut
1545 4297 1749 4370 errabit

180 4376 259 4417 aut
282 4374 497 4422 errandi
545 4366 843 4438 pErEuluni
875 4370 1073 4423 subibit
1099 4369 1477 4437 philnsiiphns:
1507 4366 1749 4434 adeoque

177 4440 417 4503 pracipiti
440 4442 526 4494 via
548 4451 743 4493 certum
773 4442 1003 4493 deserens
1032 4441 1260 4493 ordnem
1288 4440 1427 4491 hirtos
1462 4454 1560 4491 non
1590 4440 1748 4489 liabe-

178 4506 238 4580 bit
266 4512 451 4563 exitus.
491 4513 593 4564 llic
627 4525 785 4577 porro
822 4514 994 4580 agitur
1023 4526 1127 4563 non
1158 4511 1223 4563 de
1255 4511 1415 4575 priori
1448 4513 1538 4562 sed
1576 4518 1753 4580 poste-

177 4578 292 4648 riori
323 4581 592 4634 duntaxat
620 4578 1037 4648 pi'tllcipitiitimie
1065 4598 1075 4631 :
1122 4581 1313 4648 qttznrit
1344 4583 1483 4631 enim
1511 4579 1750 4647 philoso-

1867 2084 2078 2160 aissent,
2103 2083 2149 2135 si
2170 2083 2295 2152 quid
2319 2084 2587 2148 videretur,
2612 2086 2819 2160 diceret;
2850 2089 2935 2160 qui
2955 2104 3059 2141 mos
3082 2107 3195 2143 cum
3224 2109 3254 2143 α
3275 2106 3434 2160 ρωπος

1866 2155 2089 2206 rioribus
2120 2169 2218 2205 non
2269 2165 2393 2205 esset
2445 2164 2688 2215 retentus,
2724 2158 2973 2211 Arcesilas
3000 2176 3110 2211 eum
3142 2155 3384 2216 rerocarit
3414 2179 3433 2217 .'

1862 2225 2204 2300 instituitque,
2232 2234 2284 2300 ut
2307 2224 2455 2300 iiqui
2475 2241 2527 2276 se
2546 2226 2723 2300 audire
2750 2230 2947 2300 uellent,
2990 2247 3089 2282 non
3118 2233 3180 2282 de
3216 2248 3267 2285 se
3292 2250 3436 2300 qua:-

1859 2304 2045 2367 rerent,
2067 2296 2165 2367 sed
2189 2294 2284 2360 ipsi
2308 2295 2528 2367 dicerent
2550 2295 2674 2362 quid
2698 2298 2957 2359 sentirent,
2977 2302 3109 2367 quod
3131 2318 3241 2353 cum
3271 2294 3436 2356 dixis-

1859 2374 1987 2425 sent,
2016 2364 2103 2435 ille
2137 2374 2331 2435 contra.
2356 2364 2474 2435 illac
2501 2374 2614 2417 arte
2660 2381 2799 2419 nunc
2854 2364 3190 2435 Philosophia
3248 2383 3435 2426 statum

1862 2435 2039 2485 mentis
2072 2434 2239 2486 Boetii
2269 2434 2471 2502 attingit
2502 2445 2545 2485 et
2570 2443 2749 2499 tentut,
2776 2437 2943 2503 ipsum
2991 2434 3237 2494 videlicet
3284 2459 3436 2497 revo-

1860 2504 2030 2557 cando
2047 2504 2343 2573 adprimus,
2376 2518 2504 2567 quas
2533 2504 2585 2556 in
2610 2519 2667 2557 5e
2696 2508 2923 2571 experiri
2943 2510 3127 2573 possit,
3153 2512 3427 2573 notiones;

1861 2588 2085 2641 quarum
2118 2572 2379 2625 bent-licio
2408 2582 2461 2625 et
2499 2574 2564 2625 ab
2606 2589 2789 2628 errore
2839 2580 3001 2630 veteri
3046 2572 3256 2634 liberari
3285 2592 3339 2635 et
3382 2572 3435 2637 in

1862 2658 2053 2715 novam
2087 2642 2651 2715 veritateniintrotluci
2686 2654 2843 2711 qut-nt
2872 2664 2885 2697 :
2918 2650 3002 2715 qui
3029 2652 3207 2703 modus
3252 2665 3325 2705 est
3348 2670 3436 2704 cu-

1862 2712 2073 2784 rationis
2106 2727 2124 2764 :
2166 2715 2259 2784 sed
2294 2713 2414 2764 huic
2450 2714 2550 2764 arti
2583 2716 2848 2766 consentit
2882 2712 2995 2784 ipse
3026 2717 3235 2773 Boetius
3265 2740 3275 2772 :
3301 2723 3437 2775 arbi-

1862 2782 2241 2859 tratu,_iiiqtiit,
2277 2793 2360 2833 tuo
2382 2798 2493 2859 qua:
2520 2785 2670 2843 voles,
2702 2795 2752 2833 ut
2775 2782 3128 2859 responsurum
3156 2801 3354 2859 rogato.

1934 2851 2260 2929 ’_Iluncc_ine
2310 2851 2553 2929 mundum
2606 2851 2927 2929 temerariis]
2985 2856 3046 2910 ll.
3097 2851 3435 2929 Philosophia

1867 2923 2011 2989 cogit
2042 2922 2281 2999 Boetium
2331 2921 2514 2999 lateri,
2548 2937 2605 2974 se
2622 2923 2796 2999 Betim
2851 2921 3038 2999 paitiin
3066 2921 3434 2999 cognosc-ore,

1867 3006 1980 3043 viso
2008 2993 2217 3064 saltem
2250 2991 2694 3064 ordine_quo_hic
2724 2995 2939 3047 mundus
2968 2991 3185 3064 regitur.
3223 2991 3437 3055 Scilicei

1865 3061 2314 3125 quemadmodum
2346 3060 2499 3113 amicr
2546 3062 2678 3115 alias
2702 3066 2897 3129 cogniti
2951 3060 3314 3132 refordamnr,
3343 3084 3437 3124 au-

1868 3132 1976 3206 dita
2008 3132 2122 3206 ejus
2152 3148 2307 3206 voce,
2331 3135 2411 3206 vel
2436 3132 2544 3183 visa
2573 3132 2689 3206 ejus
2712 3134 3014 3206 scriptura:
3044 3153 3145 3190 non
3173 3140 3309 3206 quod
3336 3157 3436 3194 vox

1870 3203 1955 3276 vel
1985 3204 2253 3276 scriptura
2297 3202 2462 3276 hujus
2497 3205 2651 3255 amici
2684 3204 2951 3257 notionem
2985 3202 3205 3269 inferat,
3222 3212 3313 3261 sed
3348 3227 3439 3276 pve-

1872 3273 1972 3323 tius
2002 3273 2140 3339 quod
2171 3271 2421 3339 adjuncta
2451 3272 2565 3325 hzec
2607 3285 2837 3327 veterem
2870 3278 3023 3329 amici
3070 3278 3240 3330 idenm
3277 3271 3437 3333 veluti

1792 3317 1838 3379 Ο
1871 3317 2096 3411 εορίιξιιη
2128 3317 2409 3395 excitando
2434 3354 2689 3397 renovent
2721 3361 2731 3394 :
2765 3344 2832 3397 ita
2869 3345 2957 3398 Dei
2993 3349 3213 3399 iiatnrili
3243 3317 3439 3404 lsiiii'iiie

1865 3412 1975 3479 jam
2005 3414 2198 3485 cogniti
2231 3413 2620 3467 reminiscimur
2667 3417 2779 3485 viso
2816 3414 2912 3466 hoc
2942 3422 3129 3469 mundo
3170 3423 3439 3485 δενδρῶτι»-

1870 3499 1973 3559 que
2027 3483 2214 3559 ordine
2245 3486 2622 3559 quotiniversa
2670 3484 2827 3559 etiam
2872 3501 3093 3559 corpora
3143 3483 3440 3559 reguntur:

1873 3552 1998 3606 hinc
2050 3555 2194 3605 nullo
2233 3554 2637 3618 existimarerim,
2676 3554 2843 3621 inquit
2878 3552 3111 3617 Boetius,
3160 3552 3329 3624 riiodo,
3383 3571 3441 3613 ut

1868 3625 2079 3691 fortuita
2108 3624 2383 3698 temeritate
2412 3632 2515 3698 tam
2539 3634 2785 3698 _rerta_me
2808 3636 3019 3676 reantur
3040 3641 3058 3677 :
3084 3642 3253 3698 rerum
3302 3635 3441 3698 operi

1866 3709 1961 3744 suo
2002 3695 2310 3745 conditorem
2364 3694 2633 3760 pra'sidere
2682 3692 2845 3745 Deum
2896 3702 2999 3747 scio
3041 3711 3059 3747 :
3119 3697 3241 3749 hinc
3297 3692 3439 3758 quod

1875 3764 2097 3834 evidens
2128 3763 2387 3829 ejusmodi
2422 3764 2566 3816 notio
2593 3764 2790 3829 optima
2822 3763 2890 3816 sit
2911 3767 3147 3819 \‘et‘ilzttis
3178 3772 3441 3834 sivejudi-

1863 3833 1927 3883 cii
1963 3835 2069 3885 veri
2103 3835 2339 3904 eoi-tique
2370 3848 2574 3895 norma,
2607 3844 2889 3904 promeret
2916 3849 3005 3887 nec
3027 3852 3246 3902 unquam
3280 3833 3437 3904 fuerit

1862 3905 1989 3961 dics,
2042 3904 2184 3954 addit
2219 3903 2452 3963 Boetius,
2489 3906 2570 3969 qui
2603 3919 2678 3953 ine
2719 3902 2781 3953 ab
2818 3903 2912 3953 hac
2941 3907 3196 3957 sententia:
3234 3902 3441 3959 veritate

1861 3972 2088 4044 deiellat
2115 3988 2133 4025 :
2168 3974 2290 4026 hinc
2314 3988 2414 4042 pai
2441 3988 2472 4026 ο
2503 3984 2645 4039 ante,
2676 3989 2844 4025 metro
2873 3974 2988 4026 scil.
3020 3975 3072 4037 5,
3109 3991 3157 4027 v.
3183 3976 3274 4044 25,
3299 3982 3438 4031 ecci-

1860 4042 1937 4095 iiit
1966 4043 2179 4097 Boetius
2212 4060 2223 4095 :

2106 4144 2276 4191 Omnia
2300 4154 2434 4191 certo
2460 4144 2553 4189 line
2572 4142 2849 4201 gubernans

2106 4205 2360 4252 Hominum
2380 4219 2403 4251 s
2426 4204 2506 4251 llos
2529 4206 2721 4263 respuis
2745 4213 2877 4251 actus

2106 4267 2284 4314 Merito
2309 4277 2468 4313 rector
2486 4267 2715 4313 υυιιιιισω
2740 4268 2881 4313 modo

1927 4371 2062 4423 llinc
2088 4370 2450 4436 Philosophia,
2481 4370 2682 4437 prolata
2716 4369 2947 4423 hominis
2970 4384 3101 4423 mira
3130 4370 3307 4426 subito
3337 4388 3429 4427 ac-

1854 4440 2099 4506 cipienlis
2143 4442 2515 4510 interjectione,
2563 4442 2909 4493 vehementer
2965 4442 3295 4507 admiratur,
3339 4461 3437 4498 cur

1859 4514 2044 4579 positis
2091 4511 2353 4579 ejusmodi
2402 4511 2675 4577 principiis
2711 4511 2920 4562 Boetius
2963 4511 3012 4563 in
3058 4514 3261 4566 erroris
3289 4524 3439 4569 tene-

1859 4583 1982 4635 bras
2014 4582 2325 4649 praacipitct,
2359 4593 2449 4633 aut
2491 4583 2656 4633 instar
2679 4580 2982 4644 languentis
3022 4582 3070 4633 in
3101 4597 3281 4636 vet-ain
3314 4599 3439 4639 sen-

175 4647 285 4709 pliia
313 4652 561 4705 remedia
596 4644 796 4717 quibus
825 4651 938 4705 huc
968 4644 1167 4704 mederi
1196 4651 1361 4715 possit
1391 4644 1554 4702 monii
1582 4649 1749 4702 Boetii
1783 4644 1832 4703 Β
1860 4644 2077 4705 tentiam
2108 4644 2191 4705 ire.
2222 4650 2434 4704 dubitet
2474 4650 2542 4704 de
2593 4650 2700 4702 Dro
2740 4652 2921 4711 rebus,
2970 4652 3127 4704 etiam
3165 4650 3435 4717 humanis,

178 4716 428 4773 laboranti
453 4736 471 4773 :
508 4716 721 4775 taburat
758 4730 933 4774 autem
966 4737 1168 4784 errore,
1196 4725 1282 4789 qui
1316 4735 1490 4773 sanari
1520 4736 1624 4773 non
1656 4733 1687 4787 p
1711 4742 1750 4767 ι-

176 4794 286 4851 test,
318 4793 420 4844 nisi
451 4793 687 4845 veritate
712 4794 998 4844 contraria.
1032 4791 1161 4844 Cum
1192 4794 1348 4859 igitur
1393 4790 1618 4855 primum
1662 4806 1750 4844 vev

173 4861 333 4913 ritatis
380 4862 728 4916 invenienda:
777 4862 1211 4927 impedimentum
1240 4902 1253 4921 ,
1300 4861 1537 4928 adeoque
1582 4861 1753 4927 prima

174 4933 363 4999 erroris
383 4945 558 4985 causa
592 4932 663 4984 sit
687 4933 1052 4997 praecipitatio,
1072 4933 1272 4999 optime
1304 4943 1481 4984 monet
1514 4932 1756 4983 Philoso-

173 4998 285 5063 phia
319 5016 427 5056 non
467 5016 601 5056 esse
646 4998 1119 5070 pratcipitanduni,
1137 5004 1229 5056 sed
1256 5018 1286 5055 a
1334 5002 1619 5055 levioribus
1658 5000 1758 5069 pri-

172 5086 307 5122 mum
336 5072 609 5125 remediis
641 5073 1016 5138 incipiendum.

238 5140 253 5169 ¹
287 5140 717 5212 Ragati‘oiiibus.)
740 5145 777 5195 l.
805 5142 1142 5210 t’htlosOpliia
1168 5143 1456 5209 interrogat
1480 5141 1751 5195 Boetinm:

170 5212 285 5274 quia
318 5212 489 5267 homo
540 5213 884 5280 interrogans
913 5217 929 5277 (
958 5215 1058 5266 nisi
1108 5214 1191 5267 hic
1232 5214 1387 5266 fuerit
1419 5227 1657 5280 prsic-ops
1702 5222 1757 5265 et

169 5284 607 5345 amentissimus,
632 5284 1075 5351 quemadmodum
1123 5284 1355 5352 loquitur
1383 5283 1609 5351 Cicero)
1642 5285 1757 5336 aui-

170 5364 252 5429 tiio
280 5356 523 5429 attendit
550 5353 623 5404 ad
669 5370 807 5414 eam,
835 5368 994 5421 quam
1020 5353 1178 5406 habet
1199 5356 1275 5429 de
1304 5354 1521 5406 materia
1562 5368 1756 5420 propo-

168 5424 284 5492 sita,
316 5425 637 5484 notionem,
683 5438 958 5491 suamque,
989 5439 1142 5486 (ξυιυς
1198 5424 1311 5492 ipse
1359 5428 1604 5476 conscius
1650 5432 1751 5489 est,

170 5489 262 5542 hic
292 5493 362 5545 de
411 5508 477 5545 re
529 5489 865 5546 sententiam
901 5494 1133 5560 profert:
1160 5489 1299 5546 unde
1338 5494 1549 5546 auditor
1579 5502 1754 5559 potest.

167 5562 408 5633 qumdaiii
430 5564 541 5615 alia
569 5567 857 5633 conticere.
888 5567 975 5617 Sic
1002 5565 1257 5625 Socrates,
1283 5565 1368 5633 qui
1386 5578 1562 5627 parens
1585 5564 1750 5633 philo-

168 5632 357 5697 stiphite
381 5636 514 5702 jure
541 5631 651 5682 dici
672 5642 853 5699 potest,
876 5643 934 5685 ut
954 5634 1006 5687 lo
1027 5634 1184 5697 tuitur
1211 5631 1413 5687 Tullius
1455 5648 1487 5685 ιι
1515 5631 1591 5685 de
1610 5632 1752 5692 Fin..

170 5705 531 5768 percontando
572 5710 725 5769 atque
760 5704 1119 5771 interrogando
1158 5705 1337 5757 elicere
1366 5706 1552 5756 soli/bat
1585 5719 1756 5757 eorum

168 5774 433 5842 opiniones
454 5771 770 5843 quibuscum
797 5773 1089 5836 disserebat,
1109 5785 1163 5825 ut
1184 5776 1249 5827 ad
1278 5791 1334 5828 ea
1358 5790 1470 5843 qua:
1498 5775 1531 5827 ii
1552 5790 1760 5842 respon-

646 5869 911 5931 Psrnoc.
946 5867 1165 5929 LXIII.

1859 4723 2176 4790 providente
2205 4739 2219 4773 :
2254 4720 2435 4790 Papus,
2472 4725 2583 4773 huic
2614 4730 2695 4772 est
2732 4722 3013 4789 interjectio
3042 4722 3275 4777 hominis
3306 4728 3437 4779 mira

1861 4794 2037 4845 subito
2066 4794 2395 4859 accipientis,
2419 4793 2733 4843 vehementer
2752 4791 3001 4855 admiror,
3033 4808 3123 4843 cur
3151 4794 3203 4845 in
3229 4806 3333 4847 tant
3356 4814 3442 4848 sii-

1863 4862 1995 4914 lubri
2017 4868 2260 4915 sententia
2306 4862 2519 4925 locatus,
2545 4862 2613 4914 de
2666 4862 2774 4915 Deo
2815 4877 2899 4915 res
2922 4876 3147 4915 cameras
3196 4879 3437 4933 regente,

1864 4941 2110 5003 wgrotes,
2142 4943 2232 4985 aut
2267 4935 2538 5003 negando,
2579 4942 2671 4985 aut
2716 4933 2902 4986 saltem
2960 4932 3275 4986 dubitando
3298 4938 3437 4989 circa

1867 5002 2039 5067 ipsum
2094 5004 2257 5055 Deum
2285 5018 2371 5055 res
2403 5002 2661 5055 humanas
2703 5017 2909 5055 summa
2959 5018 3052 5055 sui
3105 5005 3438 5069 providentia

1868 5073 2349 5125 administrantem.
2376 5072 2633 5124 Nimirum
2674 5087 2794 5125 cum
2825 5075 2943 5125 dua:
2973 5085 3061 5125 aut
3090 5077 3263 5139 plures
3312 5091 3434 5127 aen-

1860 5144 2195 5197 tentizenrcta
2219 5140 2445 5209 quadam
2473 5142 2863 5196 necessitudine
2890 5142 3293 5209 conjungnutur
3312 5161 3435 5198 cum

1861 5215 2020 5279 priori
2053 5216 2278 5281 quadam
2317 5212 2599 5273 sententia,
2632 5229 2752 5279 qua:
2779 5222 3056 5279 promeres
3088 5213 3287 5266 habere
3318 5229 3439 5281 pos-

1858 5284 1927 5335 sit
1949 5284 2207 5335 rationr-in
2240 5282 2504 5350 principii,
2531 5284 2721 5335 mirum
2736 5293 2837 5347 est,
2866 5284 3134 5335 hominem
3162 5284 3439 5349 prmstanti

1859 5355 2070 5419 ingenio
2092 5355 2392 5419 praeditum,
2422 5354 2722 5421 cujusmodi
2755 5364 2869 5405 erat
2914 5354 3146 5411 Boetius,
3181 5368 3434 5405 concessa

1858 5424 2022 5491 priori
2077 5424 2163 5475 illa
2219 5424 2501 5486 sententia,
2547 5424 2872 5492 pestcriores
2910 5424 2961 5475 in
3009 5422 3227 5475 dubium
3286 5437 3437 5476 revo-

1858 5509 1999 5547 care.

1933 5563 2036 5628 Qui
2067 5563 2197 5614 enim
2224 5564 2471 5625 convenit,
2498 5564 2665 5629 inquit
2686 5562 2893 5616 Tullius
2933 5577 2969 5614 ii
3002 5560 3066 5613 de
3116 5560 3236 5614 Nat.
3259 5559 3436 5625 deor.,

1859 5634 2060 5704 signum
2072 5644 2159 5685 aut
2182 5633 2407 5685 tabulam
2426 5637 2611 5700 pictam
2632 5649 2747 5704 cum
2762 5632 3042 5695 asper-eris,
3076 5633 3203 5704 scire
3232 5630 3439 5704 adhibi-

1864 5702 1966 5755 tam
1986 5720 2092 5755 esse
2121 5713 2303 5766 artem,
2336 5718 2547 5771 cumque
2573 5702 2749 5770 procul
2774 5716 2978 5753 cursum
3007 5702 3197 5770 navigii
3228 5702 3436 5760 videris.

1866 5791 1965 5827 non
1997 5773 2225 5827 dubitare
2252 5774 2371 5843 quin
2396 5774 2448 5825 id
2476 5774 2671 5826 ratione
2698 5781 2847 5840 atque
2872 5783 2981 5825 arte
3016 5781 3319 5825 moveatur:
3351 5788 3437 5829 aut

3024 5866 3099 5929 21
