3984 6382
557 313 653 374 ltili

1770 302 1877 357 AN.
1919 301 2125 358 MANL.
2164 301 2315 359 SEV.
2344 297 2579 356 ’BOETII
3647 308 3729 365 652

545 423 723 477 credis
738 417 796 473 'ei
825 418 1056 485 regimen
1086 416 1261 469 inesse
1290 423 1315 451 ι
1345 411 1600 467 rationis?
1626 412 1808 481 Atqui,
1840 411 2107 482 inquam“,
2139 420 2196 481 Α
2220 410 2466 479 inquisita
2508 409 2833 478 respondere
2858 424 3069 479 queam.
3126 407 3258 465 Num
3288 423 3389 475 me,
3416 412 3626 481 inquiti,
3666 418 3731 487 (5)

546 512 694 566 nullo
720 506 1133 565 existimaverim
1163 505 1340 571 modo,
1368 514 1423 558 ut
1442 504 1658 559 fortuita
1685 505 1987 559 temeritate
2007 513 2113 559 tam

543 610 689 656 certa
716 608 1049 654 moveantur.
1084 596 1277 652 Verum
1307 595 1455 664 operi
1491 610 1588 650 suo
1623 596 1949 650 conditorem
1980 611 2115 664 pra:-

546 694 719 748 sidere
744 692 907 745 Deum
934 690 1063 755 scio,
1092 704 1189 744 nec
1215 703 1443 757 unquam
1475 686 1725 759 fuerit(5)
1748 687 1881 753 dies,
1908 688 1997 756 qui
2028 701 2115 742 me

546 786 613 840 ab
642 783 1041 839 hac'sentcntize
1071 784 1292 837 veritate
1320 780 1571 851 depellat.
1598 780 1674 835 Ita
1719 790 1820 844 est,
1863 779 2033 849 inquit
2058 789 2108 848 ο,

547 888 669 927 nam
692 872 742 927 id
764 874 923 927 etiam
956 872 1109 939 paulo
1132 879 1253 925 ante
1277 871 1512 926 cecinisti
1532 871 1582 937 ά,
1615 870 1967 938 hominesque
1989 880 2112 924 tan-

524 960 660 1031 ftum
689 964 887 1018 divinae
910 973 1149 1017 exsortes
1177 977 1317 1016 cura:
1365 977 1483 1016 esse
1523 962 1829 1029 deplorasti.
1861 961 1992 1015 Nam
2044 961 2113 1015 de

545 1053 777 1116 cteteris,
809 1053 941 1122 quin
980 1052 1189 1106 ratione
1234 1061 1563 1120 tegerentur,
1618 1050 1748 1104 nihil
1805 1049 2109 1105 movebare.

548 1142 706 1213 Papa:
751 1153 927 1198 autem
982 1144 1329 1198 vehementer
1377 1144 1632 1208 admiror,
1682 1158 1801 1210 cur,
1855 1144 1907 1196 in
1949 1152 2053 1197 tam
2088 1151 2110 1179 °

545 1235 743 1290 salubri
773 1236 1034 1290 sententia
1061 1236 1262 1289 locatus
1277 1245 1522 1303 aegrotes.
1553 1234 1663 1304 84,
1686 1234 1877 1289 Verum
1906 1231 1925 1271 τ
1955 1234 2114 1287 altius

548 1328 1027 1397 perscrutemnrr
1063 1326 1242 1380 nescio
1286 1326 1409 1395 quid
1456 1326 1643 1380 abesse
1690 1325 1955 1394 conjecto.
2008 1325 2113 1381 Sed

547 1417 634 1471 dic
660 1416 809 1478 mihi,
842 1414 1091 1481 quoniam
1124 1432 1152 1467 a
1183 1415 1292 1467 Deo
1315 1414 1565 1467 mundum
1599 1415 1707 1483 regi
1738 1429 1841 1467 non
1868 1414 2109 1483 ambigis,

546 1507 736 1576 quibus
764 1507 923 1561 etiam
952 1505 1321 1573 gubernaculis
1366 1513 1596 1574 regatur,
1628 1506 1861 1559 advertis
1882 1506 1904 1558 ‘i
1928 1515 1954 1555 ε
1985 1506 2108 1570 Vix,

546 1600 781 1669 inquam,
804 1597 1092 1667 rogationis
1115 1606 1216 1651 tute
1239 1596 1553 1651 sententiam
1595 1610 1777 1664 nosco,
1796 1611 1861 1651 ne
1884 1595 2009 1650 dum
2041 1596 2105 1650 ad

2222 500 2414 556 fefellit
2463 499 2480 539 ί
2539 502 2726 556 abesse
2755 500 2984 569 aliquid,
3038 514 3133 568 per
3175 498 3321 568 quod
3370 500 3545 554 veluti
3581 504 3729 562 hiante

2223 592 2346 646 valli
2371 592 2587 658 robore,
2613 592 2666 644 in
2696 591 2935 645 animum
2979 600 3124 643 tuum
3161 590 3593 658 perturbationum
3620 609 3736 649 mor-

2223 683 2324 737 bus
2348 681 2373 719 ¹ί
2403 683 2700 752 irrepserit?
2749 683 2852 738 Sed
2885 683 2969 736 dic
2998 682 3149 747 mihi,
3177 682 3519 736 meministine
3548 687 3651 752 quis
3679 689 3737 741 sit

2223 791 2400 832 rerum
2448 776 2601 831 ﬁnis?
2649 791 2823 845 quove
2875 776 3034 830 totius
3067 785 3267 828 natura:
3305 774 3479 827 tendat
3521 775 3737 833 intentio?

2222 868 2528 933 Audieram,
2551 867 2763 936 inquam
2800 864 2843 929 ι,
2886 865 2978 919 sed
3009 863 3320 919 memoriam
3352 878 3539 918 interor
3562 865 3743 921 hebeta-

2218 969 2313 1023 vit.
2344 972 2413 1024 At
2433 978 2472 1006 ιη
2494 971 2582 1037 qui
2613 969 2740 1035 scis,
2773 967 2915 1022 unde
2943 976 3131 1021 cuncta
3156 966 3508 1035 processerint
3528 975 3554 1002 ιι
3573 968 3594 1021 i
3612 967 3740 1031 Novi,

2218 1072 2431 1139 inquam
2464 1080 2510 1137 ο,
2540 1073 2813 1139 Deumque
2856 1071 2969 1141 (10)
2993 1085 3116 1126 esse
3158 1069 3429 1138 respondi.
3458 1070 3520 1123 Et
3544 1070 3623 1137 qui
3646 1070 3739 1127 ﬁeri

2221 1180 2414 1240 potest,
2459 1180 2520 1225 ut
2564 1171 2823 1240 principio
2870 1172 3102 1241 cognito,
3134 1170 3256 1241 quis
3304 1171 3370 1224 sit
3413 1184 3579 1223 rerum
3618 1168 3737 1238 ﬁnis,

2218 1273 2430 1343 ignores
2455 1273 2516 1326 P?
2540 1271 2733 1327 Verum
2757 1272 2809 1326 hi
2834 1272 3288 1341 perturbationum
3317 1285 3487 1325 mores
3501 1265 3628 1335 suni,
3652 1284 3702 1324 ea
3720 1280 3744 1320 ει

2214 1372 2443 1428 valentia
2471 1380 2573 1439 est,
2605 1380 2664 1426 ut
2690 1385 2910 1427 movere
2956 1372 3180 1441 quidem
3212 1371 3332 1425 loco
3380 1370 3629 1424 hominem
3649 1384 3747 1438 pos-

2214 1475 2358 1530 sint:
2389 1474 2695 1531 convcllere
2725 1484 2927 1541 autem,
2952 1476 3159 1545 sibique
3180 1483 3347 1529 totum
3370 1475 3643 1545 exstirpare
3663 1490 3747 1529 non

2215 1576 2435 1647 possint.
2467 1578 2575 1650 85
2596 1579 2703 1635 Sed
2732 1578 2833 1633 hoc
2867 1593 3080 1649 quoque
3102 1576 3430 1646 respondeas
3456 1578 3622 1643 velim,
3643 1577 3751 1632 'bo.

1895 1730 1993 1784 lNl
2013 1730 2464 1787 ERPRETATIO.

619 1853 644 1915 Ρ
674 1844 857 1899 Mentis
880 1845 1077 1897 ratione
1099 1844 1342 1914 promitte.
2144 1845 2191 1902 B
2346 1844 2531 1897 Nonne
2554 1857 2687 1899 recte
2700 1847 2953 1915 judicavi.

616 1913 643 1951 δ
672 1914 785 1981 Ipse
814 1916 1043 1968 Boetius.
1100 1912 1107 1914 ’
2295 1912 2309 1961 i
2352 1916 2524 1967 lliinas
2546 1912 2743 1984 agente.

620 1995 643 2022 ε
674 1985 1031 2051 Philosophia.
2295 1984 2318 2019 κ
2356 1985 2535 2038 Error.

621 2052 647 2090 ἀ
681 2053 794 2108 Lib.
821 2071 857 2118 t,
882 2063 998 2106 ntet.
1028 2054 1081 2115 5,
1114 2070 1159 2107 υ.
1190 2052 1281 2106 25.

2297 2052 2312 2089 Ῑ
2346 2057 2453 2120 Egit
2490 2057 2719 2108 Boetius.

623 2133 646 2161 ⁶
672 2124 814 2178 Sana
832 2125 1063 2190 opinione
1086 2135 1328 2176 versatus.
2291 2134 2328 2159 ιη
2362 2125 2628 2188 Quomodo

622 2191 644 2231 ί
680 2193 887 2247 Penitus
911 2194 1256 2263 inspiciamus.

617 2273 642 2309 It
670 2263 889 2316 Tantum
912 2259 1049 2316 abest
1077 2274 1130 2315 ut
1161 2272 1259 2315 tua:
1278 2261 1545 2330 qua'stioni
1574 2259 1877 2324 respondere
1900 2261 2107 2329 possint,

548 2345 603 2387 ut
623 2335 943 2400 quttstionem
972 2336 1055 2387 vix
1084 2333 1385 2402 intelligant,
1404 2333 1571 2401 inquit
1604 2331 1833 2385 Boetius.

618 2403 645 2440 δ
676 2404 1030 2472 PliilosOphiu.

2292 2203 2317 2229 η
2352 2196 2522 2262 lnquit
2555 2196 2912 2265 Philosophia.

2293 2273 2315 2299 ο
2354 2267 2462 2330 Ego
2487 2266 2720 2319 Boetius.

2302 2345 2329 2382 ιτ
2361 2335 2534 2406 inquit
2560 2336 2916 2406 Philosophia.

2295 2415 2322 2453 τι
2360 2403 2553 2460 Virtus.

2055 2542 2285 2598 ΝΟΤᾸΞ.

546 2679 659 2715 eum
686 2660 932 2714 solarium
958 2658 1032 2710 vel
1049 2658 1370 2723 descriptum,
1387 2667 1474 2708 aut
1503 2671 1566 2708 ea:
1588 2671 1719 2722 aqua
1749 2655 2109 2723 contemplere,

545 2732 820 2800 intelligere
849 2729 1111 2800 declarari,
1145 2727 1330 2792 ltoras,
1364 2738 1472 2779 arte
1499 2743 1597 2778 non
1642 2741 1761 2778 casu
1793 2740 1811 2777 :
1861 2728 2110 2800 mundum

544 2796 730 2862 autem,
758 2802 912 2869 quiet
960 2800 1053 2851 has
1095 2798 1232 2863 ipsas
1254 2807 1409 2869 artes,
1465 2806 1512 2849 et
1555 2812 1734 2869 earum
1787 2796 2029 2863 artiﬁces,
2063 2803 2109 2846 et

544 2882 723 2925 cuncta
746 2866 1127 2937 complectatur,
1165 2866 1362 2921 consilii
1390 2874 1435 2920 et
1464 2866 1678 2937 rationis
1721 2881 1827 2937 esse
1855 2876 2109 2937 expertem

544 2952 740 3013 putare.
774 2934 982 3013 Quodsi
1010 2939 1061 3013 in
1085 2937 1366 3013 Scythiam,
1393 2950 1481 2988 aut
1510 2936 1562 2988 in
1592 2934 1910 3013 Britanniam
1944 2936 2110 3000 spliat~

543 3005 653 3064 ram
672 3010 855 3079 aliquis
885 3010 1053 3061 tulerit
1094 3005 1245 3079 lianc,
1273 3023 1426 3079 quam
1455 3020 1617 3079 nuper
1646 3005 1914 3079 familiaris
1943 3014 2112 3079 noster

544 3081 708 3146 e/fecit
756 3075 1085 3139 Posidonius,
1117 3075 1532 3145 cujus'singula:
1582 3075 1931 3146 conversiones
1974 3075 2111 3146 idem

544 3143 758 3220 eﬁiciunt
786 3150 839 3220 in
858 3151 963 3220 sole
991 3157 1035 3199 et
1058 3143 1258 3220 lunaet
1290 3146 1585 3220 inquinque
1610 3144 1771 3197 stellis
1793 3143 2099 3220 errantibus,

542 3212 679 3273 cited
699 3219 907 3288 efﬁcitur
931 3219 985 3269 in
1008 3216 1132 3288 caelo
1162 3212 1385 3288 singulis
1419 3213 1594 3288 diebus
1616 3222 1661 3265 et
1696 3212 1923 3288 noctibus
1955 3230 1974 3266 .'
2000 3214 2113 3281 quis

544 3307 598 3343 in
628 3283 974 3341 illa'barburie
1003 3285 1194 3337 dubitet
1217 3284 1335 3351 quin
1368 3300 1424 3336 ea
1447 3283 1647 3352 sphaera
1675 3286 1737 3335 sit
1777 3283 1994 3351 perfecta
2022 3297 2114 3334 ra-

546 3360 709 3412 tione?
736 3357 809 3411 Hi
839 3366 1005 3408 autem
1033 3355 1261 3406 dubitant
1291 3355 1353 3405 de
1384 3354 1593 3415 mundo,
1631 3368 1692 3406 ea:
1731 3368 1828 3421 quo
1860 3355 2111 3413 oriuntur,

547 3438 591 3481 et
622 3428 748 3493 ﬁunt
780 3428 969 3486 omnia,
1011 3440 1192 3477 casune
1213 3424 1318 3492 ipse
1362 3424 1425 3475 sit
1463 3423 1665 3484 e/I'et-tus
1714 3440 1801 3493 an,
1828 3424 2118 3493 necessitate

546 3492 740 3565 αίίφια,
773 3514 837 3547 (ιη
866 3495 1080 3555 fullone.
1114 3510 1205 3565 ait
1242 3502 1406 3565 mente
1434 3494 1604 3565 divina
1632 3509 1652 3545 :
1678 3492 2117 3565 et‘Arcliimedent

545 3562 853 3619 arbitrantur
879 3566 992 3634 plus
1035 3564 1250 3615 raluisse
1280 3564 1331 3616 in
1370 3563 1630 3634 imitandis
1668 3562 1883 3629 sit/itera:
1908 3578 2118 3614 conver-

550 3637 796 3695 sionibus,
818 3630 969 3704 quam
1017 3644 1249 3685 naturam
1271 3634 1323 3685 in
1354 3630 1646 3700 efﬁciendis,
1676 3635 1952 3704 praesertim
1996 3647 2109 3684 cum

547 3706 720 3759 multis
750 3703 977 3774 partibus
1020 3705 1120 3757 sint
1147 3704 1237 3757 illa
1262 3706 1504 3773 perfecta,
1548 3718 1693 3771 quam
1726 3703 1831 3754 1ιαί)
1877 3704 2113 3755 simulata

545 3777 717 3831 solerti
724 3792 799 3843 us,
832 3787 937 3829 etc.

620 3846 755 3912 Quid
785 3840 887 3898 tam
926 3844 1171 3911 furiosum
1204 3850 1293 3903 est,
1337 3842 1411 3895 ait
1438 3841 1721 3912 Salvianus
1749 3842 1787 3896 l.
1821 3857 1871 3894 tv
1913 3840 1979 3896 de
2005 3841 2116 3896 Gu-

544 3910 695 3971 bern.
730 3915 842 3981 Dei,
866 3910 1019 3983 quam
1046 3924 1096 3966 ut
1125 3914 1327 3981 aliquis,
1373 3928 1485 3963 cum
1516 3910 1677 3965 Deum
1707 3923 1983 3964 creatorem
2007 3929 2117 3964 0m-

545 3989 682 4039 nium
713 4002 813 4037 non
850 3996 989 4054 neget
1014 4025 1029 4047 ,
1063 3984 1439 4051 gubernatorem
1466 3992 1707 4054 ngqet,_et
1739 3999 1853 4035 cum
1878 3985 2119 4051 factorem

543 4072 650 4109 esse
674 4051 1069 4122 fateatur,'dicat
1096 4053 1347 4121 negligere
1370 4067 1481 4122 qua;
1503 4051 1658 4122 fecit?

618 4128 634 4156 ¹
671 4120 856 4177 Nescio
877 4125 998 4191 quid
1021 4120 1190 4175 abesse
1209 4120 1478 4191 conjecta]
1505 4120 1590 4174 Ill.
1614 4120 1953 4189 Philosophia
1980 4121 2121 4189 cogit

545 4194 793 4247 eumdem
843 4194 1082 4247 Boetium
1126 4193 1273 4244 fateri
1324 4207 1381 4243 sc
1416 4193 1578 4243 Deum
1610 4192 1803 4257 partim
1851 4192 2118 4258 ignorare.

546 4264 807 4317 Nimirum
841 4279 987 4316 mcns
1020 4272 1195 4315 nostra
1225 4262 1388 4314 Deum
1419 4262 1558 4313 inter
1586 4270 1637 4313 et
1656 4276 1847 4328 corpus
1877 4271 2118 4313 nostrum

547 4335 741 4397 inedia,
777 4346 829 4385 et
878 4349 906 4385 a
940 4334 1047 4386 Deo
1073 4343 1127 4385 et
1164 4347 1191 4383 a
1223 4344 1448 4397 corpore
1480 4342 1660 4383 nostro
1689 4333 2003 4399 quibusdam
2032 4347 2123 4384 co-

544 4403 886 4472 gitationibus
924 4403 1261 4456 informatur.
1293 4404 1333 4453 A
1384 4404 1489 4453 Deo
1543 4401 1757 4472 quidem
1792 4401 1986 4468 accipit
2016 4404 2122 4468 pri-

2219 2656 2445 2707 meminit
2475 2654 2586 2724 quis
2613 2655 2675 2706 sit
2702 2669 2870 2708 rerum
2891 2654 3029 2723 ﬁnis,
3052 2669 3210 2724 quove
3230 2655 3390 2710 totius
3411 2664 3603 2709 natura!
3622 2653 3766 2708 tendat

2220 2728 2452 2793 intentio,
2489 2726 2909 2791 perturbatione,
2944 2728 3243 2790 praesertim
3278 2742 3407 2779 vero
3458 2741 3656 2779 interere
3680 2742 3767 2777 me-

2219 2797 2434 2847 moriam
2464 2796 2743 2849 hebetante.
2775 2795 3064 2859 Propterea
3114 2798 3278 2848 nescio
3306 2796 3437 2865 quid
3464 2798 3616 2861 abest,
3646 2795 3766 2849 clara

2220 2866 2427 2919 scilicet
2450 2876 2503 2918 et
2529 2866 2773 2918 distincta
2794 2866 3022 2933 cognitio
3056 2865 3166 2927 Dei,
3198 2877 3467 2933 quatenus
3498 2870 3627 2920 tiens
3661 2865 3766 2916 ulti-

2221 2951 2338 2988 mus
2367 2944 2450 2988 est
2478 2944 2533 2987 ιιι
2579 2944 2890 2988 exterarum
2936 2936 3013 2988 sic
3049 2935 3407 2989 humanarum
3440 2952 3609 2991 rerum
3649 2935 3766 2991 linis,

2221 3006 2370 3072 cujus
2397 3006 2610 3072 quidem
2642 3000 2760 3057 ﬁnis
2788 3006 3077 3057 maximum
3102 3016 3180 3058 est
3203 3007 3253 3059 in
3287 3008 3532 3059 moribus
3559 3019 3769 3058 momen:

2147 3095 2192 3156 ο
2226 3084 2348 3156 tum.
2372 3091 2385 3126 :
2411 3077 2548 3156 quod
2574 3074 2827 3156 quidquid
2854 3082 2935 3156 est
2957 3075 3168 3155 virtutis
3217 3077 3569 3156 autr'vitiiIin
3622 3074 3770 3153 nobis,

2224 3144 2351 3197 illud
2383 3159 2410 3195 a
2442 3145 2581 3198 bono
2608 3146 2692 3198 vel
2724 3144 2865 3196 malo
2894 3146 3000 3196 ﬁne
3041 3144 3191 3209 cujus
3218 3147 3393 3211 gratia
3422 3149 3621 3207 agimus
3656 3144 3772 3196 oria-

2223 3223 2323 3266 tur:
2343 3216 2501 3280 atq'ue
2516 3230 2602 3281 per
2614 3214 2711 3267 hoc
2722 3214 2853 3281 quod
2865 3216 3022 3278 abest,
3039 3213 3112 3266 vel
3120 3217 3188 3266 uti
3201 3215 3377 3267 hiante
3396 3216 3516 3269 valli
3533 3217 3710 3271 robore,
3727 3220 3773 3263 ut

2220 3286 2378 3338 etiam
2397 3284 2605 3347 dicitur,
2623 3286 2674 3337 in
2688 3286 2913 3336 animum
2931 3284 3120 3342 Boetii,
3138 3288 3580 3352 perturbationum
3600 3283 3777 3335 morbus

2222 3354 2444 3423 irrepsit.
2504 3355 2590 3407 Ille
2611 3356 2751 3408 enim
2783 3355 2942 3407 animi
2971 3355 3185 3408 morbus
3216 3357 3349 3408 nihil
3384 3366 3464 3408 est
3484 3356 3617 3407 aliud
3638 3367 3773 3421 quam

2221 3440 2372 3478 error
2396 3435 2447 3477 et
2468 3425 2674 3485 vitium,
2706 3439 2823 3490 qua:
2849 3439 2914 3478 ex
2947 3424 3028 3476 his
3050 3425 3283 3477 tenebris
3317 3427 3437 3479 sive
3479 3424 3775 3493 ignoratione

2222 3495 2681 3547 lli!SFlllllIl".-—lle
2705 3494 2803 3546 hoc
2827 3496 3059 3560 nomine,
3075 3494 3313 3562 valentia,
3337 3498 3539 3550 dictum
3560 3504 3779 3561 estprosa

2226 3565 2247 3616 ι
2274 3605 2287 3627 ,
2314 3574 2421 3615 not.
2449 3563 2605 3627 5(col.
2639 3564 2790 3630 557).

2294 3637 2323 3703 ⁸,
2360 3633 2696 3686 Hominemne
2731 3644 2777 3686 te
2823 3650 2928 3686 esse
2959 3633 3232 3687 meministi
3251 3632 3295 3704 2³]
3344 3634 3437 3690 IV.
3471 3630 3781 3699 Philosophia'

2225 3703 2372 3757 addit
2395 3704 2631 3756 Boetinin
2658 3705 2999 3770 semetipsum
3025 3704 3213 3771 partim
3237 3703 3587 3773 cognoscere,
3612 3705 3781 3773 ipsnm~_

2223 3790 2326 3840 que
2373 3774 2437 3826 ad
2488 3774 2622 3826 hanc
2675 3774 2755 3825 sui
2802 3774 2966 3841 ipsius
3022 3770 3333 3827 memoriam
3382 3770 3783 3837 revorat,iquod

2225 3845 2386 3897 homo
2414 3843 2680 3911 imprimis
2701 3844 2768 3897 de
2797 3845 3086 3910 semetipso
3112 3846 3367 3898 convinci
3400 3846 3596 3897 debeat
3637 3858 3651 3896 :
3682 3843 3786 3894 hinc

2226 3922 2549 3984 przeceptnm
2574 3914 2860 3984 Apollinis,
2886 3930 2991 3981 quo
3012 3926 3209 3977 monet,
3231 3926 3283 3967 ut
3312 3931 3365 3968 se
3377 3919 3591 3984 quisque
3614 3920 3782 3965 noscat.

2224 3983 2420 4037 Verum
2452 3983 2503 4036 id
2553 3983 2695 4036 ultro
2744 3992 2961 4051 praistat
3011 3984 3249 4047 Boetius,
3296 3983 3409 4039 non
3464 3984 3705 4038 dubitans
3737 3995 3786 4033 se

2226 4069 2333 4124 esse
2358 4053 2609 4105 rationale
2637 4053 2829 4105 animal
2850 4063 3003 4122 atque
3026 4056 3237 4107 mortale
3270 4070 3289 4108 :
3319 4070 3444 4123 qua:
3469 4054 3678 4124 quidem
3706 4052 3787 4124 ho-

2227 4123 2385 4176 minis
2406 4124 2643 4176 deﬁnitio
2664 4121 2971 4177 etveteruin
2996 4133 3049 4177 et
3076 4121 3438 4179 recentiorum
3472 4121 3786 4192 philosopho

2227 4208 2342 4246 rmn
2373 4203 2496 4248 est:
2532 4193 2877 4264 nihilominus
2908 4201 2964 4245 ut
3011 4193 3360 4249 animadverti
3420 4204 3620 4264 potest,
3662 4194 3728 4264 sic
3763 4204 3788 4242 a

2229 4273 2411 4315 nostro
2462 4273 2678 4316 auctore
2710 4263 2917 4316 videtur
2946 4264 3118 4330 rejici.
3162 4265 3540 4319 Animadverti
3598 4263 3789 4332 quidem

2229 4334 2510 4399 pciestilla
2542 4332 2769 4385 hominis
2799 4333 3037 4386 deﬁnitio
3065 4347 3168 4386 non
3214 4336 3392 4388 stilum
3435 4334 3578 4403 quod
3629 4335 3788 4403 ohscu:

2229 4404 2437 4456 rissima
2476 4403 2563 4468 sit,
2591 4412 2647 4455 ut
2694 4403 2988 4456 attendenti
3032 4412 3177 4471 patet
3210 4444 3222 4456 .
3251 4406 3345 4458 sed
3402 4399 3570 4459 etiam
3598 4403 3714 4471 quia
3754 4399 3791 4471 si

545 4467 689 4528 fuam
722 4474 988 4526 notionem
1016 4472 1273 4533 veritatis,
1307 4467 1638 4538 primumque
1666 4467 1933 4524 felicitatis
1961 4467 2120 4538 appe-
2152 4467 2203 4525 D
2232 4472 2414 4525 [testim
2433 4467 2666 4539 cogitare
2688 4473 2954 4540 dicantur,
2980 4467 3438 4541 quemadmodum
3477 4467 3718 4527 dicuntur
3736 4468 3790 4521 ab

548 4544 721 4604 tilum,
748 4545 815 4595 ita
844 4552 901 4595 nt
942 4544 1080 4595 Deus
1110 4542 1309 4607 primus
1335 4542 1404 4594 sit
1440 4543 1629 4594 mentis
1662 4544 1902 4593 humana:
1954 4543 2117 4607 magi-

544 4624 655 4667 ster
685 4622 740 4666 et
761 4613 1083 4666 moderator.
1109 4614 1152 4664 Λ
1192 4624 1420 4679 corpore
1451 4626 1575 4663 vero
1616 4611 1806 4677 accipit
1833 4626 1952 4664 cum
1993 4624 2114 4663 sen-

547 4699 685 4741 sum.
717 4693 825 4736 tum
866 4682 1307 4750 perturbatione~;
1356 4680 1547 4748 quibus
1595 4696 1743 4733 mens
1775 4685 1887 4747 ipsa
1917 4681 1985 4733 ita
2016 4683 2113 4733 ali-

510 4796 514 4803 .
543 4753 753 4821 quando
778 4763 1094 4815 occaicatur,
1144 4752 1255 4804 hinc
1286 4762 1343 4803 ut
1381 4751 1485 4821 illis
1538 4750 1589 4802 in
1624 4766 1831 4803 errores
1859 4759 1913 4803 et
1958 4751 2110 4815 vitia,

518 4820 660 4891 'qiue
686 4822 967 4876 voluntarii
1016 4831 1138 4874 sunt
1166 4822 1354 4874 mentis
1384 4820 1630 4891 humana:
1657 4821 1850 4885 morbi,
1882 4821 2112 4873 deduca-

544 4890 649 4947 tur.
695 4894 979 4959 Propterea
1028 4894 1081 4943 lii
1111 4890 1567 4961 perturbationum,
1618 4902 1674 4943 ut
1722 4906 1863 4943 nunc
1892 4890 2106 4954 dicitur,

543 4980 702 5017 mores
723 4975 859 5029 sunt,
891 4978 950 5015 ea
980 4963 1199 5015 valentia
1222 4972 1314 5025 est,
1342 4969 1392 5010 ut
1435 4977 1629 5013 morere
1649 4963 1850 5027 quidem
1887 4962 1995 5013 loco
2030 4962 2120 5013 lio-

543 5036 728 5086 minent
774 5034 987 5101 possint,
1037 5032 1372 5084 obscuranda
1413 5030 1692 5097 prtedictas
1733 5030 2114 5097 cogitationes,

542 5103 820 5157 convellere
841 5113 1011 5155 autem
1038 5102 1227 5166 sibique
1254 5110 1411 5151 totum
1440 5101 1703 5154 hominem
1721 5103 1997 5167 exstirpare
2017 5117 2119 5153 non

544 5175 757 5240 possint,
800 5173 1190 5241 exstinguendo
1240 5172 1457 5223 omnino
1512 5170 1793 5237 praedictas
1843 5171 2120 5237 cogitatio—

543 5260 638 5297 nes
673 5262 685 5296 :
716 5242 946 5309 quandiu
976 5245 1117 5295 enim
1143 5255 1293 5294 mens
1316 5241 1539 5309 humana
1572 5255 1601 5292 a
1637 5241 1763 5301 Deo,
1805 5257 1831 5293 a
1860 5258 1964 5308 quo
2003 5241 2112 5309 pri-

545 5330 685 5366 mum
724 5308 933 5368 condita
963 5312 1352 5374 inlormataque
1396 5308 1510 5373 fuit,
1543 5313 1966 5373 conservabitur,
2001 5308 2117 5362 tan-

543 5385 627 5436 diu
647 5385 868 5437 naturali
886 5391 939 5435 et
956 5383 1151 5435 lumine
1164 5380 1455 5447 etappetitu
1471 5380 1745 5444 afﬁcietur.
1758 5381 1889 5434 Hinc
1906 5382 2116 5434 Boetius

543 5470 573 5505 a
597 5456 698 5506 Deo
717 5454 959 5505 mundum
973 5454 1100 5518 regi,
1130 5460 1186 5504 ut
1211 5453 1368 5504 etiam
1396 5450 1614 5511 dicitur,
1642 5466 1742 5501 non
1777 5451 2007 5519 ambigit,
2037 5451 2114 5501 vi-

543 5535 698 5589 gente
712 5526 882 5576 adhuc
902 5523 990 5575 illo
1009 5523 1225 5584 lumine;
1248 5537 1349 5573 non
1380 5520 1595 5572 advertit
1614 5535 1726 5571 vero
1739 5520 1915 5588 quibus
1934 5520 2111 5588 guber-

543 5594 740 5645 naculis
755 5594 982 5646 mundus
1009 5607 1244 5661 regatur;
1265 5591 1748 5654 perturbationibus
1769 5590 2014 5661 tenebras
2030 5591 2109 5640 in-

543 5662 857 5715 ducentihtts
874 5680 886 5715 :
905 5664 1039 5717 idem
1053 5658 1143 5716 scit
1160 5662 1289 5714 unde
1300 5669 1479 5713 cuncta
1489 5658 2013 5725 processerint,l)eum
2030 5676 2111 5723 [ue

543 5747 648 5783 esse
659 5734 941 5795 respondit:
957 5733 1261 5801 alllulgentc
1278 5731 1528 5801 pra-dicto
1547 5730 1765 5784 naturali
1786 5728 1998 5783 Inminc:
2016 5746 2112 5783 non

2226 4543 2355 4607 ipsis
2397 4543 2553 4609 hujus
2582 4542 2907 4595 deﬁnitionis
2948 4544 3208 4610 patronis,
3233 4547 3437 4612 quippe
3485 4544 3577 4611 qui
3626 4546 3789 4610 putant

2224 4613 2424 4665 bestias
2465 4629 2497 4665 ιι
2524 4629 2569 4664 ιιι
2601 4612 2920 4684 inadtequate
2963 4614 3135 4666 solum
3192 4616 3285 4668 sed
3316 4617 3612 4684 aquuaie,
3641 4613 3707 4665 uti
3728 4612 3792 4684 lo-

2223 4690 2479 4746 quuntur,
2507 4684 2704 4736 sentire
2751 4682 2989 4750 adeoque
3028 4698 3379 4749 cognoscere,
3424 4680 3685 4752 ejusmodi
3715 4680 3790 4732 de-

2225 4752 2394 4805 linitio
2431 4752 2591 4805 etiam
2638 4752 2825 4805 bestiis
2866 4754 3187 4807 conveniet:
3222 4755 3373 4807 ranis
3425 4755 3598 4817 enim,
3628 4767 3677 4802 ν.
3721 4763 3787 4819 εον

2223 4822 2509 4877 fatentibus
2563 4822 2675 4875 istis
2705 4822 3038 4890 philoSOphis
3069 4834 3151 4876 est
3184 4824 3416 4876 animale
3473 4823 3683 4876 mortale
3714 4820 3791 4873 :si

2222 4907 2373 4955 vero,
2405 4902 2461 4945 ut
2510 4894 2717 4957 volunt,
2770 4892 2908 4945 idem
2956 4892 3104 4946 canis
3159 4895 3453 4947 sentiendo
3498 4899 3789 4961 cognoscat.

2224 4961 2404 5031 negari
2433 4977 2535 5015 non
2569 4970 2763 5030 potest,
2788 4962 2912 5028 quin
2958 4962 3181 5016 rationis
3208 4963 3278 5016 sit
3308 4963 3588 5032 particeps
3633 4961 3791 5032 proin-

2223 5030 2595 5086 de’vocandns
2649 5032 2915 5084 rationalis
2948 5047 2965 5084 :
3019 5032 3278 5100 siquidem
3310 5030 3654 5088 ratiocinari
3694 5030 3793 5094 qui-

2223 5102 2344 5155 dam
2376 5111 2458 5156 est
2486 5102 2838 5170 cognoscendi
2890 5102 3096 5167 modus,
3131 5112 3185 5156 et
3223 5103 3450 5171 quidem
3494 5103 3667 5156 minus
3689 5112 3790 5167 per-

2225 5173 2411 5230 fecms,
2437 5188 2592 5241 quam
2624 5174 2766 5225 clare
2795 5181 2847 5225 et
2876 5171 3125 5225 distinere
3167 5175 3453 5237 percipere
3485 5192 3499 5227 :
3530 5180 3791 5242 propterei

2225 5243 2365 5294 cnim
2393 5244 2548 5295 Dens.
2576 5243 2661 5310 qui
2704 5242 2848 5295 clare
2877 5251 2929 5294 et
2967 5242 3222 5296 distincte
3270 5246 3536 5311 percipit,
3589 5248 3792 5308 negatur

2226 5313 2527 5365 ratiocinari
2566 5330 2577 5364 :
2626 5312 2970 5379 quamobrem
3029 5312 3262 5381 cognitio
3302 5316 3529 5377 canina,
3585 5320 3642 5365 ut
3683 5317 3791 5381 pote

2223 5396 2341 5449 qua:
2366 5384 2557 5434 divinae
2579 5376 2804 5434 similior
2833 5382 2954 5444 erit,
2988 5376 3218 5435 humana
3260 5384 3367 5437 erit
3424 5376 3724 5448 perfectior,
3752 5376 3789 5429 si

2224 5452 2623 5519 propugnandte
2669 5452 2938 5519 prmdicme
2995 5451 3317 5505 deﬁnitionis
3369 5468 3563 5515 causa,
3601 5451 3790 5519 dicatur

2222 5522 2369 5573 canis
2393 5517 2717 5587 cognoscere
2746 5521 2976 5588 quidem,
3017 5537 3113 5575 nec
3143 5531 3315 5575 tamen
3352 5521 3690 5576 ratiocinari.
3732 5517 3791 5571 At

2221 5605 2351 5643 vero
2380 5594 2566 5644 eadem
2608 5592 2835 5643 hominis
2863 5592 3102 5644 deﬁnitio
3122 5607 3148 5644 a
3184 5601 3370 5645 nostro
3400 5603 3626 5646 auctore
3661 5588 3790 5639 video

2221 5670 2306 5712 tnr
2332 5662 2500 5728 rejici;
2533 5672 2622 5714 aut
2650 5663 2824 5728 potius
2850 5661 2916 5712 ali
2960 5661 3069 5727 ipsa
3101 5662 3473 5726 Philosophia,
3510 5676 3628 5728 qute
3670 5660 3790 5728 Boe-

2224 5731 2352 5785 tinm
2390 5726 2542 5786 nunc
2576 5726 2896 5799 alloquitur:
2932 5740 3206 5801 postquam
3254 5733 3403 5797 enim
3457 5726 3787 5800 Philosophia
