3984 6382
197 347 278 409 653

1051 341 1138 396 DE
1176 339 1696 396 CGNSOLATIONE
1735 338 2212 395 PlllLOSOPllltE
2255 340 2379 395 LIB.
2423 341 2459 397 Ι.

3277 343 3380 400 634

189 467 409 518 ininemne
477 463 525 508 te
587 467 706 507 esse
778 451 1099 506 meministi?
1142 450 1358 519 Quidni,
1410 452 1621 521 inquam
1652 457 1701 518 ⁸,
1729 453 1781 513 Α
1810 449 2070 516 Quoniam
2105 466 2230 506 vero
2255 453 2450 522 quibus
2489 452 2860 522 gubernaculis
2889 455 3116 509 mundus
3143 467 3376 527 regatur,

192 545 508 607 meminerim?
557 543 690 611 Quid
731 542 889 611 igitur
936 541 1098 595 homo
1140 544 1228 606 sit,
1261 542 1530 610 poterisne
1572 556 1698 610 pro-

188 641 300 696 ferre
320 637 369 688 b?
399 635 614 689 Hoccine
642 619 942 700 interrogas
966 642 1012 696 ε,
1044 647 1112 685 an
1142 646 1263 686 esse
1288 644 1374 685 me
1415 635 1578 685 sciam
1611 648 1702 685 ra-

188 728 348 785 tionale
379 725 558 778 animal
605 733 764 791 atque
803 722 1051 776 mortale?
1080 721 1222 782 Scio,
1267 729 1324 775 et
1368 721 1420 775 id
1448 736 1534 776 me
1582 735 1704 776 esse

185 820 413 875 conﬁteor.
444 815 504 868 Et
531 811 659 868 illad
688 832 700 866 :
733 813 942 868 Nihilne
972 825 1023 869 te
1051 813 1128 883 (5)
1154 813 1296 868 aliud
1323 828 1444 868 esse
1466 813 1660 868 novisti
1677 799 1709 864 ἐ’

191 910 303 964 Nihil
327 916 365 962 ε.
394 907 498 961 Jam
520 906 652 969 scio,
680 904 848 973 inquit
872 903 918 970 ί,
942 906 1113 959 morbi
1132 905 1226 971 tui,
1248 905 1406 958 aliaat
1431 905 1513 959 vel
1535 906 1706 959 maxi-

183 1013 297 1052 mam
338 1011 568 1059 causam,
619 996 634 1026 ¹
679 993 806 1064 quid
847 995 963 1064 ipse
1012 996 1108 1060 sis,
1155 1009 1313 1049 nosse
1365 995 1706 1065 desisti.“

185 1090 328 1155 Quare
353 1090 370 1119 '
395 1087 691 1156 plenissime
717 1086 799 1139 vel
821 1085 1154 1155 aegritudinis
1179 1095 1282 1140 tute
1310 1087 1590 1151 rationem,
1624 1086 1706 1140 vel

185 1179 353 1233 aditum
391 1176 784 1231 reconcilianda:
803 1185 828 1223 κ
853 1177 1123 1245 sospitatis
1146 1176 1343 1232 inveni.
1376 1177 1506 1230 Nam
1536 1178 1556 1208 ³
1577 1193 1710 1246 quo-

184 1272 298 1324 niam
327 1270 396 1323 tui
447 1270 708 1324 oblivione
738 1269 1123 1336 confunderis,
1160 1281 1213 1325 et
1256 1271 1494 1326 exsulem
1541 1281 1616 1338 te,
1658 1281 1714 1326 et

181 1360 491 1425 exspoliatum
521 1359 747 1427 pr0priis
793 1359 947 1413 bonis
986 1373 1105 1414 esse
1125 1360 1363 1414 doluisti.
1403 1362 1423 1392 ⁵
1451 1364 1710 1428 Quoniam

190 1449 436 1516 vero,quis
477 1448 544 1502 sit
573 1465 749 1502 rerum
785 1449 927 1515 finis,
956 1449 1187 1518 ignoras,
1221 1467 1449 1520 nequam
1479 1453 1719 1507 homines
1763 1467 1766 1470 '

183 1549 314 1608 atque
349 1539 593 1608 nefarios,
641 1539 720 1610 (5)
772 1548 1016 1609 potentes
1077 1539 1366 1610 felicesque
1409 1544 1708 1597 arbitraris.

1810 541 2007 598 oblitus
2049 557 2130 611 es,
2168 544 2264 597 has
2311 540 2341 580 ιι
2387 543 2716 599 fortunarum
2751 549 2898 602 vices
2945 547 3222 604 existimas
3269 551 3386 604 sine

1807 643 2018 690 rectore
2044 634 2274 690 ﬂuitare.
2297 635 2498 704 Magna:
2529 651 2634 690 non
2664 637 2730 691 ad
2783 638 3031 693 morbum
3083 639 3265 704 modo,
3294 655 3387 694 ve-

1809 743 1927 784 rum
1954 727 2021 783 ad
2051 727 2326 784 interitum
2355 742 2566 798 quoque
2592 743 2789 784 causa.
2819 729 2967 786 Sedl
2999 730 3271 801 sospitatis
3291 747 3389 786 au-

1811 820 1944 875 ctori
1967 828 2146 890 grates
2173 821 2218 885 l,
2241 820 2380 889 quod
2414 830 2467 874 te
2497 821 2730 875 nondum
2764 829 2933 876 totum
2957 817 2986 859 κ
3014 830 3200 876 natura
3226 822 3388 876 desti-

1809 910 1924 963 tuit.
1958 911 1980 941 ⁵
2012 910 2276 965 Habemus
2324 910 2613 964 maximum
2677 921 2779 965 tuae
2811 910 2827 949 ι
2864 912 3101 966 fomitem
3131 913 3245 982 (10)
3301 926 3391 966 sa-

1807 1001 1952 1066 lutis,
1997 1015 2178 1054 veram
2237 1001 2303 1054 de
2363 1002 2544 1055 mundi
2594 1001 2982 1072 gubernatione
3038 1003 3385 1064 sententiam,

1810 1091 1950 1158 quod
1984 1106 2101 1144 eam
2134 1105 2236 1144 non
2269 1105 2488 1145 casuum
2523 1092 2828 1157 temeritati,
2849 1091 2941 1145 sed
2974 1092 3165 1145 divina:
3194 1093 3386 1146 rationi

1810 1180 2070 1235 subditam
2097 1180 2290 1235 credis.
2319 1183 2428 1252 87
2462 1181 2600 1236 Nihil
2652 1183 2811 1250 igitur
2860 1185 3225 1251 pertimescas.
3267 1183 3383 1237 Jatn

1816 1271 1910 1326 tibi
1940 1271 1961 1302 ⁸
1996 1288 2061 1325 ex
2096 1272 2196 1326 bac
2222 1273 2434 1325 minima
2465 1273 2749 1326 scintillula
2773 1273 2952 1326 vitalis
2971 1274 3115 1326 calor
3136 1282 3176 1310 ω
3205 1273 3416 1337 illuxe-,

1817 1363 1910 1417 rit.
1940 1360 2045 1417 Sed
2070 1362 2318 1432 quOniam
2353 1363 2677 1417 firmioribus
2717 1363 2968 1418 remediis
3006 1363 3238 1417 nondum
3263 1372 3396 1416 tetn—

1827 1468 1923 1522 pus
1951 1463 2068 1517 est,
2093 1462 2146 1506 et
2166 1454 2186 1484 τ
2212 1469 2330 1506 eam
2364 1454 2618 1508 mentium
2643 1462 2854 1510 constat
2894 1469 3011 1508 esse
3043 1465 3306 1518 naturam,
3339 1463 3398 1506 ut

1818 1543 2028 1612 quoties
2053 1543 2344 1612 abjeceriut.
2371 1558 2544 1600 veras.
2575 1541 2722 1597 falsis
2745 1543 3084 1612 Opinionibus
3112 1552 3138 1578 η
3173 1542 3398 1597 induan-

1491 1680 2066 1736 lNTEllPRETATlO.

240 1799 262 1826 ἰ
288 1790 388 1857 Ego
409 1791 643 1846 Boetius.

239 1858 262 1896 δ
283 1860 442 1927 lnquit
470 1862 833 1929 Philosophia.

240 1929 484 2050 Egirtuam
512 1947 612 1998 ego
641 1933 871 1988 Boetius.

325 2011 378 2050 ιι.

238 2068 476 2137 ειηιμιειηι
498 2085 598 2137 ego
625 2070 860 2126 Boetius.

243 2135 260 2173 ί
287 2135 637 2207 Philosophia.

235 2216 257 2252 ε
283 2207 486 2262 Salutis.

1897 1790 1924 1826 ιι
1954 1789 2197 1842 Fortuna?
2223 1804 2477 1857 prosperae
2489 1801 2534 1843 et
2559 1790 2798 1841 advertere.

1905 1859 1921 1897 ί
1951 1859 2164 1911 Salutis.

1905 1932 1920 1979 ι
1962 1929 2225 1981 Habenda:
2248 1935 2388 1980 sunt.

1901 2002 1923 2036 ¹ε
1953 2004 2140 2051 Auctor
2163 2011 2358 2050 natura:
2380 1994 2536 2050 Dens.

1904 2067 1920 2105 ι
1953 2069 2334 2122 lindimentutn.

1899 2149 1936 2174 οι
1971 2137 2259 2190 Exorietttr.

1898 2217 1925 2244 ιι
1951 2207 2272 2260 Imbuantur.

1667 2341 1892 2397 ΝΟΤίΕ.

175 2465 198 2502 a
225 2450 390 2524 B_oetio
419 2454 754 2524 quaesivisset
782 2473 795 2508 :
829 2454 1042 2509 Nihilne
1089 2465 1135 2509 te
1173 2455 1321 2510 aliud
1355 2472 1462 2509 esse
1505 2456 1729 2509 novisti?

177 2531 222 2595 et
243 2522 448 2577 Boetius
464 2525 832 2595 respondisset
855 2544 867 2577 :
894 2525 1041 2578 Nihil
1063 2542 1082 2580 :
1095 2528 1204 2595 jam
1221 2529 1343 2586 scin,
1369 2525 1558 2594 inquit,
1583 2542 1720 2577 mor—

173 2592 214 2710 ἓξ
232 2594 293 2672 tui
314 2595 473 2716 .alilam
501 2594 580 2649 vel
610 2596 888 2649 maximam
913 2592 1142 2663 causam,
1173 2595 1296 2667 quid
1317 2597 1424 2666 ipse
1441 2592 1530 2665 sis,
1571 2611 1720 2650 nosse

204 2672 343 2715 estsit.
410 2675 547 2719 antur

329 2701 434 2731 ..δ

229 2751 246 2781 ί
270 2750 396 2826 Quia
417 2754 534 2826 ipse
553 2756 647 2826 sis,
670 2771 817 2808 nosse
864 2753 1083 2826 desisti.]
1105 2753 1170 2808 V.
1210 2753 1555 2821 Philosophia
1587 2756 1731 2821 cogit

172 2817 386 2874 Boetium
411 2817 564 2877 fateri
600 2817 660 2878 se
682 2826 1026 2894 semetipsum
1061 2817 1250 2894 partim
1279 2817 1523 2894 ignorare
1548 2842 1560 2877 :
1582 2817 1730 2890 nam,

169 2900 216 2941 ttt
236 2893 495 2972 eleganter
523 2895 603 2972 ait
627 2895 829 2972 Tullius
858 2911 874 2948 1
902 2896 1083 2972 'l'usc.,
1117 2893 1208 2972 Est
1243 2893 1374 2948 illud
1419 2896 1622 2972 quidem
1652 2897 1732 2949 vel

170 2964 447 3032 maximum,
477 2966 656 3016 animo
712 2964 824 3032 ipso
851 2967 1074 3017 animum
1125 2967 1294 3018 videre
1341 2981 1361 3019 :
1411 2975 1456 3018 et
1487 2967 1730 3018 nimirum

169 3029 281 3108 lianc
301 3030 443 3084 habet
474 3035 577 3085 vim
610 3029 916 3108 prwceptutn
959 3035 1236 3108 Apollinis,
1269 3052 1367 3108 quo
1393 3044 1580 3108 monet,
1608 3046 1660 3088 ut
1684 3053 1736 3090 se

164 3106 350 3174 quisque
413 3114 595 3156 noscat
618 3119 636 3157 :
659 3120 759 3156 non
790 3107 923 3157 enim
962 3107 1108 3156 credo
1138 3106 1189 3157 id
1216 3107 1462 3174 pm'cipit,
1503 3115 1557 3158 ut
1583 3122 1739 3158 ntem-

167 3170 242 3218 bra
263 3181 431 3223 nostra
469 3184 562 3225 aut
612 3185 865 3226 staturam
919 3176 1198 3243 ﬁguramve
1229 3170 1495 3228 noscamus
1528 3192 1544 3231 :
1575 3192 1736 3244 neque

165 3251 245 3290 nos
268 3255 477 3314 corpora
505 3260 687 3297 sumus
711 3261 728 3296 :
757 3261 915 3314 neque
937 3261 1026 3313 ego
1055 3246 1142 3297 tibi
1179 3246 1350 3298 dicens
1382 3251 1495 3306 hoc,
1529 3247 1732 3314 corpori

1832 2455 1896 2508 ad
1928 2468 2056 2510 suos
2086 2454 2217 2508 lines
2243 2453 2472 2507 destinat
2500 2471 2512 2507 :
2549 2467 2636 2522 qut
2655 2467 2782 2506 vero
2803 2453 2992 2508 modos
3021 2453 3142 2508 illos
3170 2456 3400 2523 ignorat,

1833 2525 1918 2578 hic
1949 2527 2222 2593 perspicua
2254 2539 2450 2591 negans
2476 2525 2616 2591 quod
2648 2524 2874 2577 obscura
2903 2525 3082 2578 animo
3112 2540 3214 2578 non
3248 2541 3365 2580 com
3387 2562 3399 2569 ς

1831 2596 2148 2664 prehendat,
2181 2597 2350 2662 ipsum
2379 2595 2561 2646 mundi
2588 2605 2847 2647 rectorem
2891 2603 3048 2664 negat
3079 2611 3092 2647 :
3127 2605 3405 2662 propterea

1833 2661 1972 2718 itunc
1995 2661 2223 2718 additur:
2253 2664 2506 2728 Quoniam
2527 2679 2662 2724 vero,
2685 2664 2865 2731 quibus
2887 2661 3240 2732 gubernaculis
3255 2677 3406 2719 mun-

1833 2740 1928 2788 dus
1956 2745 2182 2802 regatur,
2214 2734 2395 2787 oblitus
2421 2751 2495 2799 es,
2521 2733 2615 2788 Itas
2639 2733 2961 2802 fortunarum
2989 2733 3119 2788 vices
3148 2737 3407 2790 existimas

1832 2807 1941 2859 sine
1966 2816 2160 2858 rectore
2188 2807 2413 2873 ﬂuitare.

1914 2875 2105 2929 Verum
2139 2876 2224 2928 illa
2254 2889 2373 2928 cum
2422 2873 2613 2926 mentis
2642 2874 2910 2935 humanae,
2961 2880 3070 2927 tum
3111 2874 3270 2927 etiam
3316 2874 3407 2930 Dei

1840 2946 2098 3013 ignoratio
2130 2945 2441 3009 principium
2497 2951 2580 2996 est
2608 2945 2809 2997 erroris
2835 2953 2891 2996 et
2931 2943 3042 2996 vitii
3063 2958 3088 3013 7:
3120 2958 3225 3013 non
3254 2958 3409 2998 secus

1840 3012 1900 3070 ac
1929 3017 2067 3070 clara
2095 3015 2449 3080 distinctaque
2479 3015 2670 3068 mentis
2697 3013 2941 3066 humanae
2975 3022 3028 3066 et
3061 3012 3149 3066 Dei
3175 3016 3410 3080 cognitio

1841 3085 2157 3155 principium
2211 3085 2448 3137 veritatis
2477 3092 2534 3136 et
2562 3085 2772 3155 virtutis
2798 3101 2812 3136 :
2843 3083 2983 3137 unde
3033 3083 3268 3155 tenebras
3307 3085 3414 3138 illa:

1842 3153 1979 3209 nunc
1999 3156 2246 3208 dicuntur
2273 3169 2469 3224 magna:
2507 3159 2605 3204 non
2635 3153 2703 3205 ad
2724 3156 2960 3224 morbum
3013 3158 3183 3219 modo,
3221 3154 3409 3208 videli-

1839 3235 1924 3279 cet
1960 3240 2220 3285 errorem.
2257 3239 2428 3277 verum
2472 3224 2540 3276 ad
2586 3223 2861 3288 interitum,
2895 3223 3144 3277 nimirum
3199 3225 3410 3287 vitium,

164 3316 238 3384 tuo
263 3306 391 3363 dico.
424 3312 557 3366 Cum
588 3316 764 3384 igitur,
793 3306 1054 3376 Noscevte,
1091 3316 1236 3378 dicit;
1270 3317 1361 3367 hoc
1386 3317 1528 3378 dicit,
1563 3306 1731 3368 Nosce
1760 3306 1806 3368 C
1837 3312 2038 3384 qugqyﬁ
2057 3311 2252 3384 ,τρνφῇ

164 3378 370 3457 animum
397 3391 544 3457 tuum
571 3399 589 3436 :
608 3378 740 3435 Vnam
768 3401 952 3457 corpus
979 3386 1184 3457 quidem
1215 3387 1359 3452 quasi
1398 3401 1483 3438 0’18
1505 3396 1600 3448 est,
1639 3396 1727 3457 aut

161 3447 539 3527 aliquod‘animi
588 3447 1020 3527 receptaculum
1045 3455 1108 3527 ab
1148 3447 1316 3508 animo
1358 3465 1450 3527 tuo
1481 3447 1729 3522 quidquid

161 3522 331 3583 agitur,
352 3522 406 3573 id
432 3523 612 3590 agitur
638 3540 669 3574 a
700 3535 747 3577 te
770 3539 788 3575 .'
819 3525 953 3575 hunc
982 3525 1138 3593 igitur
1168 3541 1312 3577 nosse
1355 3526 1453 3577 nisi
1499 3527 1728 3578 divinum

161 3598 292 3651 esset,
319 3606 420 3664 non
449 3602 604 3664 esset,
623 3595 722 3664 ,hoc
759 3595 967 3664 acrioris
1015 3595 1282 3664 cujusdam
1311 3596 1469 3647 animi
1497 3611 1726 3663 prwcep-

161 3665 273 3721 tum,
315 3661 407 3724 sic,
442 3662 786 3733 ut_tributum
818 3663 922 3715 Deo
963 3665 1048 3726 sit,
1073 3661 1170 3716 ltoc
1198 3675 1290 3728 est,
1321 3661 1542 3733 seipsuin
1587 3661 1732 3728 posse

163 3741 464 3805 cognoscere.
497 3731 666 3800 Atqui
695 3733 932 3805 Boetius,
967 3735 1106 3805 quod
1134 3731 1447 3801 quibusdam
1479 3734 1729 3803 prmjudi-

160 3802 242 3874 cits
269 3811 566 3874 occupatus
623 3815 743 3874 sese
787 3817 817 3855 a
849 3802 1136 3874 bestiarum
1168 3819 1232 3857 eo
1275 3802 1608 3859 ditiouenon
1643 3819 1730 3857 sa-

159 3871 590 3935 tissecerneb’at,
627 3871 860 3924 animum
885 3873 997 3925 sive
1028 3883 1256 3926 mentem
1290 3889 1438 3927 suam
1473 3891 1575 3927 non
1603 3875 1731 3928 satis

157 3933 422 3993 videbatur
451 3933 790 4011 crianoscere
813 3959 824 3996 :
847 3941 968 3994 hinc
1001 3943 1052 3996 in
1078 3944 1254 3997 varios
1285 3943 1462 4011 lapsus
1482 3953 1563 3998 est
1582 3960 1731 3998 erro—

159 4017 252 4079 res.
277 4021 314 4079 _q
351 4023 414 4061 os
447 4009 802 4076 Pltilo‘sophia
832 4011 919 4064 hic
947 4013 1166 4079 suscipit
1203 4009 1618 4067 enumerandos.

216 4074 236 4105 ⁸
266 4076 588 4136 Plenissime
626 4074 702 4132 vel
740 4083 1057 4149 (egritudinis
1089 4074 1190 4135 tua:
1216 4088 1481 4145 rationem,
1516 4085 1592 4136 vel
1616 4084 1732 4137 adi-

157 4151 249 4194 tum
270 4141 1202 4224 reconciliandwpsospitatisinveni]
1257 4153 1342 4210 Vl.
1393 4141 1728 4222 l’liil050phia

153 4226 209 4266 ex
235 4229 317 4282 eo,
347 4221 500 4291 quod
536 4219 759 4274 Boetius
792 4224 952 4275 Deum
981 4232 1036 4275 et
1055 4219 1398 4290 semetipsum
1431 4219 1618 4291 partim
1639 4240 1732 4278 co-

150 4289 379 4362 gnoverit
415 4304 504 4357 par
522 4291 742 4362 timque,
765 4291 1088 4362 ignoraverit
1111 4294 1339 4361 colligit,
1363 4289 1591 4359 primum
1617 4295 1734 4362 qui-

152 4352 262 4406 dem
284 4352 480 4428 causas
511 4352 854 4428 :egritudiriis
877 4361 1068 4426 Boetii,
1093 4352 1284 4415 deinde
1327 4352 1550 4416 modum
1583 4352 1736 4415 re'cu-

153 4427 392 4504 peranda:
419 4427 683 4504 sanitatis
721 4430 958 4498 ejusdem
992 4448 1006 4485 :
1040 4446 1214 4504 causze
1245 4433 1414 4504 morbi
1444 4444 1567 4486 sunt
1590 4435 1737 4503 igno-

151 4500 296 4573 fflljo;
328 4500 534 4573 modus
565 4513 699 4553 vero
744 4501 1122 4573 recuperanda
1169 4502 1386 4573 salutis,
1420 4505 1564 4558 notio
1611 4500 1733 4556 cum

155 4560 233 4638 Dei
256 4573 365 4638 tum
393 4571 482 4620 Sui
512 4571 689 4636 ipsius
713 4587 725 4622 :
751 4560 889 4623 sicui
913 4571 1020 4638 jam
1044 4572 1351 4624 dieemlum.

213 4633 232 4664 ³
263 4633 547 4711 Quoniam
568 4641 645 4692 tui
665 4633 928 4694 oblivione
941 4639 1308 4711 confunderis.]
1339 4642 1570 4695 Primum
1592 4644 1734 4698 enim

148 4706 281 4764 quod
314 4709 546 4781 Boetius
577 4725 731 4781 suam
767 4723 1000 4765 mentem
1038 4706 1237 4778 partim
1276 4706 1545 4777 ignorans,
1581 4714 1738 4781 hujus

146 4784 248 4850 sua:
275 4779 484 4832 mentis
512 4779 685 4832 veluti
715 4781 911 4835 oblitus
942 4781 1117 4845 fuerit,
1169 4793 1446 4850 propterea
1490 4798 1548 4836 se
1575 4793 1619 4835 et
1649 4779 1738 4835 ea:-

143 4844 295 4923 sulem
334 4858 384 4898 et
410 4851 773 4923 exspatiatum
803 4853 1022 4920 propriis
1053 4844 1192 4904 bonis
1233 4844 1336 4904 esse
1361 4853 1545 4919 doluit,
1581 4869 1735 4919 prosa

144 4912 192 4990 ᾗ,
213 4915 297 4979 (ιιιί
331 4921 484 4990 enim
519 4912 764 4990 mentem
793 4912 942 4973 suam
970 4923 1168 4990 optime
1196 4924 1359 4982 novit,
1386 4925 1468 4974 hic
1492 4912 1545 4976 ei
1576 4912 1730 4975 ineu-

143 4986 205 5062 tts
234 4987 467 5062 patriam
503 4989 740 5062 caelum,
769 5003 798 5042 a
841 5007 945 5059 quo
975 4986 1130 5044 nemo
1153 4995 1355 5044 exsulat
1401 4993 1499 5046 nisi
1526 4995 1730 5057 volens,

141 5057 465 5130 (El-ejusdem
501 5061 708 5113 mentis
732 5057 888 5123 bona,
915 5063 1195 5115 scientiam
1235 5073 1288 5117 et
1339 5064 1607 5130 virtutem,
1643 5062 1736 5115 lto-

141 5121 302 5198 stibus
333 5127 632 5181 inaccessa
661 5145 782 5184 esse
808 5121 1095 5198 cognoscit.

203 5189 223 5218 ⁸
251 5195 528 5274 Quoniam
575 5201 692 5274 quis
737 5203 801 5253 sit
844 5189 1014 5254 rarum
1059 5203 1202 5272 ﬁnis,
1237 5202 1508 5274 ignoras.]
1541 5202 1741 5258 Deinde

302 5268 450 5344 idem
477 5265 712 5344 Alloetius
749 5275 912 5325 lleum
941 5265 1130 5339 partim
1158 5265 1427 5344 ignoratis,
1461 5265 1739 5328 Deumnon

138 5339 327 5399 cogitet
385 5339 656 5392 ultimum
689 5357 861 5395 rerum
913 5346 1147 5396 otnnium
1178 5339 1228 5398 'li
1256 5361 1376 5406 -em;
1409 5345 1606 5399 idcirco
1656 5361 1743 5396 ne-

136 5417 276 5484 quam
301 5410 584 5484 homines
609 5427 753 5484 atque
784 5416 1022 5484 nefarios,
1054 5424 1275 5482 potentes
1307 5416 1570 5484 felicesque
1598 5414 1733 5467 arbi-

138 5479 294 5553 f'tlﬂft:
316 5492 334 5528 :
361 5481 458 5546 qui
486 5480 644 5533 enim
667 5483 746 5534 siti
776 5479 894 5535 linis
926 5479 1150 5547 mutuor,
1177 5479 1336 5538 [)eutit
1357 5479 1551 5552 justum
1584 5485 1732 5553 cogi-

137 5543 329 5626 μιλιιῑο
345 5543 687 5626 prosperam
708 5553 984 5626 impiorum
1004 5543 1264 5608 fortunam
1281 5543 1412 5608 tnise
1444 5555 1506 5606 i:e
1522 5543 1735 5608 :eterua:

137 5620 326 5695 potius,
352 5636 532 5695 quam
573 5620 736 5672 ullius
765 5621 1034 5678 felicitatis
1070 5636 1441 5686 argumentum
1474 5639 1594 5678 esse
1618 5641 1734 5695 non

136 5682 670 5759 dubitetflgnorato
719 5701 893 5746 autem
917 5694 1104 5747 ultimo
1135 5682 1310 5746 rerum
1340 5695 1574 5747 omnium
1607 5693 1734 5756 ﬁne,

136 5767 452 5824 Ignorentur
488 5773 726 5828 necesse
752 5771 833 5817 est
863 5763 1025 5830 modi,
1057 5765 1248 5834 quibus
1275 5765 1412 5819 Deus
1451 5778 1536 5818 res
1553 5779 1737 5819 omnes

1908 3367 1928 3397 ³
1953 3361 2222 3419 Habemus
2240 3365 2512 3417 maximum
2529 3373 2626 3417 tute
2647 3363 2873 3432 fomitem
2893 3361 3120 3433 salutis]
3135 3363 3409 3418 Postremo

1836 3437 1975 3502 qttod
2008 3437 2222 3489 Boetius
2250 3445 2480 3487 mentem
2511 3448 2661 3487 suam
2694 3433 3100 3503 prmsertitnque
3126 3433 3288 3487 Deum
3320 3451 3411 3488 su-

1841 3521 2083 3572 premum
2117 3506 2295 3559 mundi
2327 3504 2715 3558 moderatorem
2747 3513 3020 3572 agnoscat,
3053 3504 3173 3556 ideo
3196 3505 3411 3558 modum

1836 3575 2216 3643 recuperanda:
2245 3575 2451 3637 salutis,
2484 3575 2597 3628 sive
2643 3586 2697 3625 ut
2745 3575 2921 3626 minus
2945 3642 2953 3643 ί
2977 3574 3161 3627 Latine
3193 3575 3408 3633 dicitur.

1839 3642 2096 3716 sospitatis
2124 3645 2323 3699 obtinet
2361 3661 2372 3695 :
2406 3645 2543 3709 quod
2590 3643 2791 3716 optime
2837 3642 3135 3716 explicatur
3165 3645 3412 3716 exemplo

1838 3711 2036 3769 fomitis
2066 3731 2080 3766 :
2112 3731 2233 3768 nam
2264 3717 2430 3767 fomes
2452 3722 2534 3766 est
2573 3713 2795 3766 materia
2841 3711 3118 3780 ignescere
3164 3711 3241 3765 sic
3265 3725 3409 3780 apta,

1839 3796 2012 3839 utuna
2040 3787 2156 3852 ejus
2197 3795 2346 3852 parte
2388 3785 2550 3851 ignita
2578 3792 2786 3836 caetera:
2815 3781 3062 3836 facillime
3089 3782 3364 3850 ignescaut
3398 3800 3411 3834 :

1836 3857 1974 3909 sicut
2000 3855 2266 3923 expressit
2292 3852 2478 3918 Virgil.
2514 3853 2700 3915 1.45m,
2729 3867 2780 3904 v.
2813 3852 2954 3906 178:

1958 3950 2028 3997 Ac
2046 3950 2250 4008 primum
2267 3945 2425 3996 silicis
2445 3943 2699 4008 scintillam
2727 3943 2929 4008 excudit
2940 3941 3174 4008 Achates,

1958 4005 2284 4071 Suscepitque
2311 4011 2475 4068 ignem
2497 4006 2642 4064 foliis,
2667 4005 2964 4071 atqueat-ila
2986 4006 3171 4071 circum

1959 4066 2263 4120 Nutritiieuta
2287 4066 2440 4128 dedit,
2463 4071 2722 4129 rapuitque
2743 4069 2790 4116 in
2817 4066 2984 4114 fomite
3009 4066 3262 4112 flammam.

1910 4154 2042 4207 Cum
2069 4152 2229 4205 igitur
2258 4165 2408 4204 mens
2427 4150 2650 4203 humana
2665 4149 2836 4216 aliqua
2862 4147 3197 4202 notionesive
3216 4145 3416 4199 lumine

1841 4222 2051 4286 allecto,
2083 4220 2332 4274 facillime
2362 4222 2524 4288 pos’sit
2562 4221 2843 4288 pervenire
2867 4232 2970 4288 non
2998 4217 3170 4288 solum
3198 4216 3262 4288 ad
3297 4231 3418 4283 per-

1841 4285 2111 4348 fectiorem
2143 4285 2443 4353 scientiam,
2477 4285 2592 4357 qua:
2623 4289 2752 4341 nihil
2776 4297 2857 4340 est
2878 4287 3018 4339 aliud
3044 4301 3200 4353 quam
3235 4285 3413 4357 lumen

1843 4363 2082 4417 naturale
2103 4361 2260 4428 paulo
2279 4355 2788 4426 longiusidill'usum.
2815 4372 2998 4410 verum
3028 4358 3190 4410 etiam
3232 4355 3296 4408 ad
3315 4373 3418 4428 ve-

1845 4437 2076 4495 ritatem,
2106 4425 2464 4496 virtutemque
2509 4428 2877 4490 excolendam,
2920 4427 3111 4496 inquo
3142 4435 3248 4479 Iota
3277 4425 3419 4491 ejus-

1764 4530 1817 4591 ι)
1843 4503 1963 4555 dem
1981 4501 2196 4591 neniis
2227 4499 2470 4591 ἰιιξξηηεε
2497 4500 2954 4591 “Iuvenes;
2969 4495 3186 4591 iteite?
3199 4497 3420 4591 2912.43

1847 4572 2023 4625 mundi
2058 4570 2430 4640 gubernatione
2457 4566 3170 4640 sententia‘naturalilumine
3197 4565 3418 4621 fundata

1839 4636 2090 4696 maximus
2111 4648 2182 4694 est
2209 4639 2388 4692 salutis
2418 4641 2656 4691 humana:
2686 4636 2866 4704 fomes.

1911 4711 2034 4765 “Ea:
2077 4711 2174 4764 hac
2220 4711 2425 4762 minima
2465 4703 2742 4761 scintillttla
2784 4706 2952 4759 vitalis
2986 4703 3170 4777 calor.]
3211 4705 3295 4759 Ea:
3327 4707 3420 4760 hoc

1841 4784 2052 4836 minimo
2093 4784 2286 4835 mentis
2331 4792 2432 4833 IUtB
2480 4780 2668 4830 lumine
2711 4776 2906 4830 veritas
2936 4776 3245 4846 virtusque,
3295 4794 3414 4845 qua:

1842 4854 2010 4922 prima
2046 4861 2169 4905 sunt
2197 4858 2411 4902 mternze
2433 4851 2552 4902 vita:
2583 4847 2806 4901 semina.
3184 4915 3202 4922 _
3236 4916 3283 4922 __
3339 4917 3352 4922 _
3426 4909 3427 4912 η

1910 4925 1930 4955 ⁶¹
1963 4923 2089 4976 Eam
2130 4931 2371 4974 mentium
2424 4928 2617 4971 constat
2661 4933 2765 4970 esse
2794 4927 3050 4982 naturam,
3073 4915 3203 4987 elc.]
3234 4916 3420 4971 Modus

1845 4994 1984 5047 enim
2024 4995 2137 5045 sive
2179 4991 2418 5053 corporis
2446 4991 2556 5042 sive
2581 4989 2738 5041 etiam
2774 4989 2968 5040 mentis
3019 5005 3121 5042 non
3154 4988 3256 5041 nisi
3284 5003 3417 5042 con-

1847 5064 2011 5117 trario
2065 5065 2220 5114 moilo
2276 5061 2486 5127 fugatus
2541 5060 2928 5111 olilitteratur:
2982 5059 3327 5127 quamobrem
3362 5068 3420 5110 ut

1848 5149 1970 5187 vera
1985 5135 2161 5200 opinio
2176 5147 2203 5184 a
2221 5141 2397 5185 mente
2417 5142 2596 5182 nOStra
2617 5145 2718 5200 non
2735 5128 2958 5192 recedit,
2981 5132 3078 5181 nisi
3097 5129 3226 5182 falsa
3266 5142 3419 5200 acce-

1848 5197 2034 5268 dente,
2049 5209 2122 5256 sic
2138 5203 2262 5254 falsa
2279 5203 2530 5270 opinione
2549 5199 2985 5270 recedentc,ver.i
3001 5208 3235 5270 mentem
3254 5197 3416 5270 subit.

1849 5275 1926 5328 Ea
1947 5267 2121 5326 autem
2143 5282 2227 5325 est
2257 5267 2395 5325 tnier
2408 5269 2840 5339 perturbationes
2862 5279 2915 5323 et
2949 5268 3108 5322 falsas
3137 5267 3418 5339 opiniones

1854 5342 2210 5405 necessitudo,
2229 5336 2441 5398 utfsicut
2465 5340 2606 5396 falsa:
2626 5341 2905 5408 opiniones
2922 5353 2984 5391 ex
3001 5336 3418 5408 perturbationi-

1839 5415 1959 5480 bus,
1984 5413 2054 5466 ita
2079 5413 2504 5480 perturbationes
2525 5427 2585 5464 ex
2609 5406 2754 5463 falsis
2777 5407 3114 5475 opinionibus
3135 5406 3378 5480 oriantur
3404 5422 3418 5456 ;

1840 5475 2120 5554 propterea
2153 5498 2292 5536 nunc
2325 5481 2517 5554 dicitur
2537 5498 2596 5554 ea
2619 5481 2860 5554 mentium
2890 5487 3113 5554 natura,
3142 5486 3195 5528 ut
3220 5475 3417 5544 quoties

1838 5547 2113 5636 obiecerint
2143 5569 2304 5636 veras,
2329 5552 2476 5620 falsis
2515 5549 2838 5636 apittionibus
2883 5547 3182 5636 induantur,
3221 5556 3332 5636 aut,
3360 5555 3416 5599 ttt

1839 5616 1931 5680 alii
1957 5628 2155 5695 legunt,
2184 5616 2478 5675 imbuuntur
2499 5636 2518 5674 :
2545 5616 2604 5672 ea:
2637 5619 2813 5695 quibus
2837 5627 2944 5695 orta
2975 5616 3427 5695 perturbationum.

1840 5685 2036 5765 caligo:
2061 5685 2385 5765 Quacunuue
2407 5685 2770 5765 autem‘modo
2801 5686 3038 5765 oriantur
3063 5685 3416 5756 perturbatio-

1844 5755 1963 5832 nes;
1986 5755 2245 5819 his'mens
2275 5755 2503 5814 humana
2529 5756 2817 5812 oliuudi'ur
2845 5772 2857 5808 :
2881 5755 2951 5810 ita
2984 5763 3041 5812 ut
3065 5755 3236 5814 recte
3277 5771 3418 5813 nuna
