3984 6382
217 360 293 413 657
1090 344 1170 402 DE
1208 344 1718 403 CONSOLATIONE
1759 344 2227 400 PHILOSOPHle
2264 345 2391 399 LIB.
2436 345 2497 399 ll.

1752 480 1806 537 Δ

325 472 530 527 Cernere
557 481 756 531 verum,

324 559 535 616 Tramite
563 564 708 609 recto

328 654 534 720 Carpere
549 646 735 701 callem
759 662 779 699 ι

214 747 266 801 25
325 740 504 797 Gaudia
531 737 693 806 pelle,

323 834 448 888 Pelle
476 829 741 893 timorem,

3295 350 3401 406 658

1968 461 2233 531 Spemque
2264 463 2461 531 fugato,

1972 554 2080 608 Nec
2107 555 2261 608 dolor
2280 555 2440 609 adsit.

1971 645 2159 700 Nubila
2181 661 2332 700 mens
2362 656 2465 712 est,

1832 736 1898 791 50
1984 736 2276 805 Vinctaque
2303 735 2484 798 frenis.

1976 828 2099 883 Haec
2127 830 2212 883 ubi
2242 838 2482 899 regnant.

1499 918 2073 978 INTERPRETATIO.

211 1018 326 1088 cupis
350 1013 522 1090 intueri
542 1012 790 1090 veritatem
820 1009 1022 1062 notione
1050 1009 1283 1090 evidenti,
1318 1017 1561 1090 elicuere
1578 1011 1722 1077 judi-

210 1080 348 1142 cando
367 1085 635 1137 itertritum
656 1080 834 1131 semita
852 1090 1007 1142 recta,
1031 1095 1226 1131 remove
1254 1080 1503 1141 lanitium,
1532 1096 1729 1134 remove

208 1166 379 1219 uictum,
402 1150 583 1223 expelle
611 1164 943 1219 spem,neque
960 1149 1205 1220 aegritudo
1235 1149 1478 1219 pertineat
1506 1150 1574 1203 ad
1586 1160 1729 1205 tuam

1828 1022 2061 1066 mentem
2096 1028 2113 1066 :
2144 1028 2258 1065 eum
2300 1016 2433 1067 enim
2479 1016 2558 1068 Ιιω
2600 1017 3025 1079 perturbationes
3076 1023 3405 1077 dominantur

1835 1082 2159 1159 mentiatum
2190 1083 2547 1159 ea_dem__rnens
2577 1087 2895 1156 obscuratur,
2922 1100 2967 1143 et
2998 1092 3279 1159 detinetur,
3313 1110 3406 1148 ve-

1838 1152 1933 1205 luti
1958 1152 2179 1207 totidem
2208 1154 2438 1208 vinculis.

1670 1261 1896 1317 ΝΟΤᾸΞ.

209 1375 351 1428 neque
387 1358 609 1437 qualibet
634 1357 736 1437 alia
769 1353 1167 1437 perturbatione
1201 1352 1392 1437 ductus
1412 1352 1728 1437 sententiam
1761 1366 1809 1427 Β
1837 1352 2057 1437 uturis,
2082 1354 2452 1437 aegritudinem
2478 1360 2849 1426 praesentibus.
2871 1362 2959 1418 Sic
2976 1363 3222 1421 Horatius
3238 1367 3406 1437 Epist.

208 1421 426 1487 feraszut
447 1428 585 1482 enim
633 1428 715 1479 his
763 1421 1153 1484 aﬂ'ectionibus,
1204 1422 1363 1474 veluti
1416 1421 1727 1485 quibusdam

208 1500 402 1561 nebulis,
457 1511 603 1551 mens
645 1506 959 1563 perceptura
1014 1494 1352 1563 obscuratur,
1412 1492 1486 1563 sic
1537 1492 1729 1543 iisdem

206 1560 417 1634 tanquam
439 1568 596 1619 ireuis
619 1560 763 1619 recte
791 1560 1086 1634 iudicatura
1115 1561 1420 1634 cohibetur.
1446 1560 1729 1634 Propterea

208 1629 420 1706 Virgilius
442 1629 826 1709 signiﬁcaturus
841 1633 1087 1709 animum
1115 1629 1211 1709 bis
1231 1630 1506 1709 allectibus
1542 1629 1732 1709 obscu-

209 1698 351 1760 ratum
387 1698 514 1759 sua!
534 1707 696 1760 etiam
722 1703 941 1772 originis
975 1702 1214 1755 oblivisci
1247 1740 1261 1764 ,
1322 1700 1465 1753 canit
1497 1714 1544 1752 vt
1575 1698 1728 1763 Em,

208 1778 408 1831 L755:

303 1888 417 1938 Ilinc
436 1894 674 1948 metuunt,
696 1887 1013 1947 cupiuntque,
1039 1882 1224 1942 dolent,
1262 1883 1736 2003 gaudentquelémnrgts:

303 2010 573 2070 Besplciunt
591 2008 765 2057 clausa:
789 2008 1011 2057 tenebris
1034 2013 1086 2054 et
1108 2017 1304 2055 carcere
1322 2016 1465 2053 casco.

256 2091 337 2148 25.
366 2092 561 2145 Gaudia
573 2091 724 2161 pelle.
754 2089 1131 2161 ]Perturbatio
1162 2098 1402 2142 versatur
1435 2089 1484 2161 in
1506 2087 1731 2155 quadam

212 2163 516 2217 ,ommotione
538 2159 733 2214 mentis
758 2159 789 2212 ἐξ
810 2174 1036 2225 corpore
1062 2171 1177 2212 orta
1203 2176 1216 2210 :
1241 2159 1583 2226 quamobrem
1612 2174 1732 2209 cum

204 2232 455 2286 commotio
481 2232 568 2284 illa
606 2231 826 2284 inlinitis
857 2243 1023 2297 prepe
1053 2230 1223 2281 modis
1253 2228 1362 2281 lieri
1396 2229 1580 2293 possit,
1608 2227 1733 2279 deli-

200 2303 320 2355 oitus
345 2315 456 2354 esse
484 2315 589 2354 non
626 2309 796 2367 potest
841 2298 1293 2366 perturbationum
1328 2310 1597 2350 numerus.
1640 2297 1736 2349 llic

202 2380 350 2423 tamen
389 2380 734 2423 numerantur
755 2378 980 2437 quatuor
1004 2367 1475 2437 perturbationum
1516 2381 1731 2433 genera,

199 2440 312 2507 quod
338 2456 520 2494 novum
546 2454 655 2493 n0u
687 2436 813 2493 est:
841 2453 959 2490 nam
983 2436 1170 2490 Cicero
1198 2438 1395 2503 passim
1426 2436 1582 2507 docet
1614 2451 1735 2502 per-

198 2506 494 2563 turbationes
520 2525 644 2563 esse
668 2520 917 2576 quatuor,
950 2521 1140 2569 nempe
1168 2508 1418 2570 lwtitiam,
1453 2506 1733 2576 libidinem,

198 2592 357 2631 metum
377 2588 421 2631 et
447 2575 805 2649 agritudiuem
840 2592 886 2649 :7
914 2592 980 2649 ex
1024 2577 1214 2649 quibus
1254 2577 1397 2649 duas
1430 2578 1635 2649 priores
1664 2575 1737 2627 ait

198 2650 319 2701 nasci
346 2664 406 2702 ex
434 2646 645 2701 duobus
692 2647 921 2710 Opinatis
954 2648 1128 2707 bonis,
1160 2646 1398 2698 laetitiam
1426 2646 1638 2711 quidun
1668 2659 1733 2696 ex

196 2720 533 2791 praesentibus,
569 2718 939 2791 libidinemex
976 2716 1168 2791 futuris
1192 2732 1205 2779 ;
1229 2714 1361 2768 duas
1400 2728 1529 2767 vero
1561 2722 1733 2791 poste-

197 2788 341 2841 riores
388 2804 451 2842 ex
498 2789 713 2841 duobus
761 2788 914 2839 malis
959 2786 1212 2853 opinatis,
1268 2793 1466 2837 metum
1524 2783 1735 2836 cuidem

1220 2981 1594 3084 LIBER
1668 2977 2366 3083 SECUNDUS.

591 3155 701 3226 91
744 3152 965 3208 enosa
1001 3150 1231 3205 PRIMA.

196 3251 551 3308 Anconem-run.
587 3250 1027 3317 -—Philosophia,
1059 3250 1275 3316 pra'fala
1303 3263 1511 3317 causam
1536 3245 1744 3311 (egritu-

248 3325 371 3376 dinis
401 3323 664 3376 Baeti/vna:
697 3338 803 3376 esse
832 3316 1052 3390 fortuna:
1076 3320 1259 3382 prioris
1288 3316 1545 3390 a/fectum,
1577 3317 1743 3367 rheto-

249 3394 341 3444 rico
366 3409 502 3445 more
527 3392 763 3445 Boetium
803 3388 1107 3461 persuadere
1147 3398 1379 3449 conatur,
1424 3388 1586 3456 ipsum
1642 3402 1741 3436 non

249 3463 413 3515 debere
439 3463 612 3532 afﬂigi
636 3466 699 3513 de
736 3462 1071 3512 inconstantia
1098 3460 1332 3525 forante,
1359 3474 1507 3532 quam
1536 3467 1737 3532 noverat

247 3526 535 3587 naturalitér
555 3526 943 3593 inconstantem,
998 3544 1243 3595 quamque
1278 3538 1329 3578 ut
1359 3528 1615 3579 dominam
1646 3526 1740 3578 sibi

251 3616 592 3667 proposuerat,
622 3618 721 3670 quo
748 3602 858 3670 ipsa
888 3602 1068 3652 ducere
1097 3598 1239 3650 vellet
1273 3598 1594 3663 sequendam.

249 3690 478 3746 Posthmc
507 3691 782 3762 paulisper
810 3689 1034 3743 obticuit
1062 3698 1110 3755 ³,
1142 3695 1298 3755 atque
1326 3686 1414 3741 ubi
1448 3688 1463 3717 ⁸
1496 3686 1747 3740 attentio-

1763 2757 1810 2818 C

1836 1422 1873 1474 l.
1894 1437 1932 1480 ι.
1962 1422 2217 1480 ευὶειᾘϐε

1918 1465 1932 1489 ,
1962 1440 2117 1491 epist.
2145 1440 2217 1480 υτ

1956 1514 2194 1577 Gaudeat,
2218 1528 2278 1566 an
2316 1518 2480 1569 doleat
2502 1558 2515 1581 ,
2538 1521 2719 1583 cupiat,
2742 1532 2989 1573 metuatve
3010 1538 3021 1573 :
3042 1527 3157 1586 quid
3190 1528 3248 1575 ad
3274 1532 3410 1578 rem?

1905 1597 2155 1674 Ejusdem
2179 1601 2388 1654 numeri
2416 1603 2737 1674 m_eminit_S.
2767 1606 3113 1674 Augustinus,
3139 1607 3198 1662 S.
3225 1610 3410 1664 Hiero-

1833 1681 2046 1741 nymus,
2079 1668 2362 1741 pluresque
2385 1671 2473 1723 alii
2496 1682 2617 1738 post
2635 1668 2910 1741 Virgilium
2934 1675 3050 1729 loco
3082 1668 3201 1732 mox
3225 1682 3408 1733 citato.

1836 1736 1906 1814 Et
1916 1746 2066 1814 certe
2086 1736 2532 1814 quemadmodum
2564 1736 2790 1814 quatuor
2820 1746 3193 1814 principalibus
3218 1751 3408 1813 ventis,

1836 1806 2019 1885 reliqui
2049 1808 2191 1885 venti
2220 1825 2233 1871 ;
2259 1810 2336 1863 sic
2375 1806 2608 1885 quatuor,
2638 1806 3015 1881 principalibus
3046 1806 3398 1885 perturbatio?

1835 1876 1993 1954 nibus
2040 1876 2258 1943 reliqua:
2321 1876 2745 1954 perturbationes
2762 1950 2787 1954 Α
2806 1876 3027 1948 possunt
3047 1876 3061 1885 ’
3081 1887 3367 1954 significari
3394 1907 3407 1952 ;

1834 1947 1973 2011 quod
2019 1961 2121 2067 ne:
2180 1962 2357 2013 nemo,
2396 1950 2706 2005 testimonio
2750 1947 3289 2025 Cdnimbricensium,
3334 1947 3408 2014 sic

1835 2029 2073 2067 exuressr
2122 2033 2137 2067 :

1835 2029 2103 2084 expressrt
2122 2033 2137 2067 :

1956 2106 2081 2164 Spes
2105 2104 2233 2154 levat
2250 2113 2468 2158 arrectos
2502 2125 2506 2128 ·
2529 2118 2689 2159 metus
2711 2110 2808 2159 alto
2832 2126 2857 2159 a
2877 2115 3062 2163 vertice
3085 2116 3260 2166 ﬂuctus

1962 2166 2179 2238 μειβομ-ε
2208 2168 2321 2238 hinc
2343 2172 2554 2218 animum
2580 2172 2686 2238 puis
2702 2179 2735 2238 ιι
2757 2172 3013 2238 furibunda
3036 2177 3283 2238 voluptas:

1958 2226 2075 2278 Inde
2092 2228 2226 2276 dolor
2252 2242 2263 2275 :
2286 2230 2460 2277 ﬂuctus
2482 2226 2739 2281 ceu'fracti
2760 2234 2985 2282 ﬂuetibus
3010 2226 3157 2285 altuui

1957 2290 2223 2353 Clamorem
2252 2292 2553 2353 ingeminant
2576 2307 2589 2341 :
2612 2295 2764 2353 piceis
2786 2297 3065 2345 abscondita
3096 2301 3276 2348 nimbis

1957 2350 2060 2399 Nec
2081 2352 2241 2399 radios
2263 2350 2420 2401 fundit
2442 2356 2567 2401 ratio
2592 2350 2682 2403 nec
2708 2358 2811 2403 vela
2838 2360 3098 2417 gubernat.

1904 2432 1996 2507 29.
2025 2432 2215 2507 Nubila
2242 2445 2502 2507 mensest.
2528 2432 2546 2503 ]
2578 2435 2723 2489 Mens
2754 2438 2894 2491 enim
2943 2439 3168 2494 humana
3221 2443 3407 2507 praedi-

1839 2504 1941 2557 ctis
1994 2503 2480 2569 perturbationibus
2532 2516 2797 2560 commota
2854 2520 2943 2561 aut
2973 2503 3251 2565 veritatem
3303 2529 3407 2567 non

1839 2572 2092 2639 percipit;
2117 2583 2207 2625 aut
2234 2574 2276 2625 si
2308 2572 2446 2625 illam
2473 2575 2744 2639 percipiat,
2777 2578 2843 2629 ab
2868 2583 3179 2635 a~sensionc
3204 2583 3409 2639 veritati

1840 2650 2104 2713 percepta:
2153 2642 2327 2694 danda
2376 2644 3117 2713 prohibetur:quamobrem,
3176 2653 3411 2705 veritatis

1841 2712 2076 2785 ejusdem
2111 2713 2296 2785 gratia,
2317 2714 2744 2785 _mens‘bumana
2774 2716 3037 2782 ejusmodi
3066 2712 3410 2785 perturbatio-

1848 2783 2022 2844 nibus,
2059 2788 2114 2833 ut
2140 2780 2361 2847 reliquis
2388 2782 2710 2848 pra-iudiciis
2765 2780 3015 2840 liberetur
3044 2780 3259 2843 necesse
3306 2800 3407 2845 est.

2408 2907 3411 2938 Ἢ

1845 3157 1971 3196 nem
2005 3156 2176 3196 meam
2203 3145 2445 3197 modesta
2477 3146 2836 3201 taciturnitate
2863 3150 3093 3220 collegit,
3118 3154 3194 3207 sic
3225 3169 3412 3213 exorsa

1843 3243 1924 3287 est
1950 3252 1963 3287 :
1990 3233 2096 3303 92
2136 3232 2189 3287 Si
2222 3235 2433 3301 penitus
2474 3235 2499 3271 ἠ
2526 3237 2852 3305 egritudinis
2902 3250 3002 3293 tua:
3050 3256 3239 3298 causas
3271 3244 3413 3299 babi~

1843 3331 2058 3392 tumque
2084 3325 2326 3391 cognovi,
2358 3324 2379 3354 ⁸
2410 3324 2639 3380 fortunae
2664 3330 2859 3395 prioris
2880 3330 3091 3397 affectu,
3126 3334 3414 3391 desiderio~

1843 3432 1946 3486 que
1976 3415 2239 3480 tabescis;
2285 3430 2346 3470 ea
2370 3427 2572 3471 tantum
2603 3417 2629 3455 ι)
2653 3420 2813 3473 animi
2842 3422 2917 3475 tui
2944 3425 3334 3487 statum,sicuti
3366 3438 3416 3486 tu

1844 3506 1936 3559 tibi
1958 3507 2131 3575 lingis,
2163 3515 2362 3559 mutata
2394 3509 2673 3575 pervertit.
2708 3511 2945 3580 Intelligo
2985 3524 3006 3551 ο
3064 3516 3418 3573 multiformes

1845 3598 1982 3651 illius
2011 3597 2033 3629 δ
2064 3598 2286 3665 prodigii
2312 3596 2481 3661 fucos,
2513 3600 2533 3629 "
2561 3596 2587 3635 ἀ
2613 3611 2666 3653 et
2704 3616 2768 3654 eo
2798 3618 2965 3672 usque
3003 3621 3124 3660 cum
3169 3610 3255 3676 iis,
3287 3625 3418 3678 quos

1853 3690 2070 3743 eludere
2098 3689 2301 3757 nititur,
2327 3688 2404 3758 (5)
2422 3689 2818 3745 blandissimam
2846 3694 3273 3765 familiaritatem,
3297 3701 3416 3755 dum

1524 3797 2093 3854 lNTEIlPRETATIO.

248 3905 271 3932 ι
298 3894 658 3960 PhilosOpItia.

248 3963 273 4002 δ
296 3966 553 4021 Fortuna.

1931 3900 1952 3926 ε
1994 3888 2171 3958 Varias
2204 3888 2358 3956 hujus
2387 3891 2596 3941 monstri
2625 3893 2925 3958 prwstigias.

1928 3957 1955 3995 (ι
1979 3957 2111 4011 Novi
2139 3959 2205 4025 [οι
2222 3967 2398 4009 tunam
2422 3975 2478 4011 eo
2505 3977 2659 4028 usque
2689 3957 2909 4015 blandiri
2927 3965 3269 4033 familiariter.

1695 4051 1921 4107 NOTAE.

249 4149 265 4219 ξ
316 4152 657 4204 Attentionem
710 4165 873 4203 meam
921 4149 1190 4219 collegit.]
1252 4148 1564 4215 Quicunque
1610 4147 1749 4219 enim

188 4217 396 4275 voluerit
423 4230 666 4276 mentem
698 4236 801 4274 non
841 4220 1011 4272 solum
1048 4217 1368 4287 praejudiciis
1397 4233 1612 4281 exuere,
1656 4218 1748 4269 sed

186 4287 327 4342 etiam
351 4293 496 4345 veris
528 4290 826 4345 informare
852 4289 1169 4356 disciplinis,
1214 4287 1258 4341 is
1301 4290 1480 4341 animo
1514 4287 1752 4340 attendat

188 4372 388 4414 necesse
416 4371 536 4415 est:
574 4361 807 4428 primum
838 4359 1052 4427 quidem
1080 4361 1145 4411 ad
1197 4372 1386 4410 causas
1415 4358 1747 4428 prmjndieio-

1928 4146 1949 4175 ⁵
1971 4145 2405 4222 Prodigiifucos.]
2424 4148 2745 4216 Prodigium:
2772 4152 2813 4204 si
2834 4154 3115 4207 credamus
3136 4154 3381 4209 Ciceroni
3404 4194 3424 4222 ,

1859 4217 1908 4291 id
1932 4232 2151 4291 vocatur
2168 4220 2307 4291 quod
2335 4217 2568 4291 pra-dicit
2595 4221 2826 4273 futurum
2852 4239 2867 4274 :
2890 4226 3236 4291 prwdictiones
3260 4217 3424 4291 enim,

1859 4287 2027 4351 inquit
2054 4303 2087 4339 ιι
2118 4287 2192 4358 de
2218 4288 2334 4341 Nat.
2363 4289 2538 4351 deur.,
2565 4301 2610 4341 et
2641 4287 3000 4357 praisensiones
3029 4310 3196 4346 rerum
3228 4287 3425 4358 futura;

1855 4372 1990 4415 rum,
2021 4357 2145 4429 quid
2172 4359 2315 4410 aliud
2340 4358 2602 4411 declarant
2642 4362 2738 4412 nisi
2758 4360 3044 4415 hominibus
3080 4381 3138 4415 ea
3167 4380 3279 4429 qua:
3303 4368 3423 4427 sint,

186 4442 286 4480 rum
311 4447 322 4482 :
345 4429 543 4484 deinde
573 4427 641 4483 ad
665 4430 802 4482 viam
829 4430 1066 4502 veritatis
1096 4428 1424 4502 invenienda:
1448 4445 1460 4481 :
1487 4430 1584 4502 hac
1610 4427 1749 4502 enim
1779 4428 1830 4487 D
1856 4427 2068 4487 ostendi,
2090 4429 2377 4481 monstrari.
2402 4430 2654 4495 portendi,
2680 4431 2888 4502 prwdici
2909 4447 2927 4483 :
2948 4448 3010 4484 ex
3028 4449 3127 4502 quo
3149 4427 3239 4485 illa
3260 4444 3416 4488 osten-

186 4501 481 4567 attentione,
518 4500 687 4553 veluti
719 4514 877 4567 prece
906 4499 1156 4565 quadam,
1198 4497 1481 4551 Auctorem
1535 4497 1747 4549 luminis

186 4566 516 4637 veritatisque
542 4566 1004 4634 Deum'rogamus,
1030 4575 1088 4620 ut
1109 4576 1336 4619 mentem
1361 4577 1617 4625 nostram.
1645 4584 1745 4634 qua

183 4634 227 4685 in
252 4651 343 4690 nos
367 4634 677 4707 propendet
699 4680 714 4704 ,
748 4637 1113 4691 benevolentia
1130 4638 1385 4707 instruat.
1424 4638 1546 4689 llzec
1571 4650 1747 4690 autem

184 4709 358 4773 tuentis
385 4706 618 4763 attentio
640 4725 745 4761 non
774 4707 1031 4761 auditoris
1062 4706 1256 4772 solum,
1288 4709 1378 4759 sed
1402 4708 1565 4773 ipsius
1588 4709 1746 4759 etiam

183 4772 433 4842 loquentis
484 4779 706 4833 silentio
746 4778 968 4833 excitari
999 4777 1136 4833 solet
1180 4794 1191 4827 :
1223 4772 1477 4840 modesta,
1511 4787 1567 4829 ut
1610 4792 1748 4831 nunc

181 4844 376 4907 dicitur,
411 4849 784 4901 taciturnitate.

240 4914 264 4945 '
284 4914 641 4986 JEgritudinis
666 4934 846 4971 causas
873 4916 1213 4982 habitumque.
1243 4914 1262 4987 ]
1314 4916 1423 4970 lloc
1460 4927 1561 4980 est,
1614 4918 1667 4970 id
1717 4936 1745 4971 ιι

178 4997 273 5048 quo
292 4987 379 5052 sit,
416 4987 585 5055 idque
638 4988 688 5040 in
733 5003 842 5056 quo
872 4997 1114 5041 versetur
1160 4987 1245 5040 illa
1300 4988 1592 5056 aegritudo,
1644 5005 1746 5055 qua

180 5057 514 5125 utensilioetii
543 5057 740 5111 alllicta
772 5058 933 5125 jacet.

241 5122 259 5151 ⁸
288 5124 541 5179 Fortuna:
563 5129 749 5195 prioris
773 5122 962 5193 olfactu
984 5126 1330 5192 desiderioque
1347 5126 1747 5196 tabescis.]Cum

176 5191 270 5257 jam
310 5206 525 5250 constet
560 5191 631 5249 ex
666 5191 935 5264 przndictis
969 5211 1185 5251 causam
1227 5191 1384 5263 hujus
1422 5191 1749 5263 mgriuidinis

176 5278 283 5316 esse
332 5266 830 5333 perturbationem,
880 5275 1125 5332 superest
1177 5265 1437 5323 duntaxat
1465 5268 1746 5321 dicendum

176 5347 406 5397 qu;enam
432 5337 507 5388 sit
537 5336 631 5387 illa
663 5336 1017 5403 perturbatio.
1037 5335 1249 5403 Optime
1268 5345 1443 5389 autem
1482 5340 1749 5403 profertur

177 5403 389 5459 fortuna:
417 5406 621 5473 prioris
650 5407 870 5459 allectus
892 5414 945 5459 et
971 5405 1314 5459 desiderium.
1364 5406 1575 5460 Boetius
1604 5411 1746 5462 enim

177 5473 413 5545 videtur,
468 5476 734 5528 hactenus
786 5476 1051 5529 fortunam
1109 5490 1417 5541 prosperam
1468 5491 1745 5545 expertus,

178 5540 301 5597 banc
356 5554 569 5598 temere
608 5545 895 5599 credidisse
940 5540 1364 5600 immutabilem:
1408 5540 1551 5600 unde
1601 5540 1745 5601 tanto

178 5626 303 5682 nunc
328 5615 477 5668 illius
499 5614 774 5669 desiderio
814 5624 1046 5676 tenetur.
1085 5624 1142 5667 ut
1174 5614 1445 5682 diSsipatis
1479 5619 1745 5672 solidioris

124 5718 137 5739 ι
176 5680 280 5757 ejus
302 5685 554 5757 corporis
582 5687 835 5757 partibus,
869 5695 924 5738 ut
955 5685 1225 5757 metallum
1252 5680 1373 5754 igne
1394 5689 1548 5755 solet,
1580 5690 1745 5757 lique-

176 5753 276 5808 liet‘i
302 5765 354 5809 et
385 5756 530 5809 Solvi
566 5754 824 5819 vftleatur,
858 5756 993 5823 quod
1027 5755 1270 5807 tabest'ere
1292 5767 1390 5809 est.

1857 4505 1927 4569 ta,
1957 4508 2204 4569 monstra,
2237 4507 2488 4569 portenta,
2542 4500 2773 4568 prodigia
2810 4500 3069 4553 dicuntur.
3100 4503 3229 4555 Cum
3267 4506 3416 4569 igitut

1857 4565 2068 4617 fortuna
2095 4568 2165 4620 ita
2195 4565 2263 4619 sit
2292 4568 2598 4621 inconstans
2628 4565 2958 4638 ut'proSpera
2999 4565 3307 4637 adversam,
3332 4577 3425 4626 ad-

1857 4650 2007 4707 vena
2039 4652 2341 4703 prosperam
2373 4638 2535 4690 veluti
2582 4639 2867 4699 praedicere
2916 4641 3176 4707 videatur,
3226 4643 3424 4698 idcirco

1858 4706 2062 4777 lortuna
2120 4707 2292 4773 potuit
2334 4706 2419 4760 hic
2480 4710 2654 4759 vocari
2712 4712 3020 4777 prodigium.
3077 4706 3250 4766 Fueus
3299 4730 3425 4767 vero

1859 4775 2037 4849 berbte
2070 4778 2288 4849 marinae
2338 4792 2523 4849 genus,
2556 4794 2661 4849 quo
2690 4775 2879 4832 vestes"
2905 4783 3182 4849 tinguntur
3220 4801 3234 4836 :
3284 4787 3425 4839 unde

1860 4844 2301 4900 llot‘atiusllnrtn.
2337 4847 2372 4898 I.
2402 4862 2479 4912 ιιι,
2500 4849 2586 4899 υιΙ.
2620 4848 2689 4899 5:

2277 4936 2449 4993 Neque
2472 4940 2670 4985 amissos
2692 4938 2880 4988 colores

2190 4995 2317 5044 Lana
2339 5000 2492 5046 ret‘ert
2515 5001 2754 5047 medicata
2781 5002 2904 5049 luco.

1922 5065 2072 5131 Quod
2098 5076 2277 5120 autem
2295 5070 2546 5122 mulieres
2577 5072 2871 5137 prmsvrtim
2891 5073 3031 5125 illius
3050 5074 3225 5127 beer
3246 5076 3425 5126 coloro

1854 5138 1927 5188 uti
1966 5138 2168 5190 Soleant
2213 5139 2277 5189 ad
2314 5140 2682 5191 mentiendum
2726 5142 2833 5193 oris
2872 5144 3129 5206 colorem,
3162 5144 3283 5197 inde
3311 5144 3423 5195 liwri

1855 5208 2043 5280 putuit,
2073 5218 2125 5280 ut
2153 5210 2504 5280 quodcunque
2536 5210 2868 5262 mendacium
2902 5222 3183 5265 vocaretur
3232 5214 3380 5280 fucus
3408 5229 3424 5263 :

1854 5278 1994 5328 sicut
2047 5279 2289 5347 simulata
2342 5279 2458 5345 apis
2496 5279 2642 5344 fucus
2690 5282 3004 5347 appellatur.
3040 5281 3193 5334 Varia
3232 5278 3418 5332 autem

1854 5354 1979 5396 sunt
2006 5346 2275 5417 mendacia
2298 5347 2541 5412 fortunze,
2560 5346 2927 5417 quippe’quaa,
2956 5350 3185 5403 hominis
3211 5349 3423 5402 fallendi

1854 5429 2012 5486 causa
2028 5415 2213 5486 instar
2244 5416 2439 5479 Protei,
2461 5415 2659 5471 formas
2689 5432 2747 5469 se
2778 5415 2933 5472 vertit
2957 5420 3008 5469 in
3033 5434 3251 5472 omnes:
3284 5434 3424 5486 quo-

1854 5484 1994 5535 circa
2028 5482 2367 5549 Philosophia
2407 5490 2588 5541 dicere
2616 5490 2806 5541 merito
2836 5496 3011 5555 potest
3040 5489 3125 5542 hic
3169 5482 3426 5554 multifor-
3512 5540 3521 5547 ,

1855 5570 1957 5606 rues
1986 5555 2206 5620 fortunae
2236 5558 2398 5624 fucos.

1924 5625 1946 5654 ⁵
1978 5624 2039 5675 Et
2070 5642 2127 5677 eo
2150 5642 2323 5693 usque,
2351 5624 2479 5693 etc.]
2514 5626 2681 5677 Locus
2699 5625 2783 5677 hic
2813 5626 3083 5679 nonnullis
3122 5627 3193 5679 ita
3222 5626 3427 5680 videtur

1855 5694 2135 5759 obscurus,
2167 5707 2220 5746 ut
2250 5698 2413 5763 gratia
2444 5696 2598 5762 hujus
2638 5695 2990 5761 intelligendi,
3016 5696 3427 5761 putaverintad-

1857 5764 2087 5817 deﬂlillﬂl
2112 5781 2243 5825 csse,
2279 5774 2491 5829 exercet,
2530 5773 2619 5818 aut
2642 5765 2829 5819 saltem
2858 5780 3111 5821 exercere.
3163 5766 3265 5822 Sed
3299 5767 3442 5823 nihil.
