3984 6382
580 321 618 380 (ἵ
622 325 687 383 59

1810 320 1917 375 AN.
1958 319 2160 374 MANL.
2199 318 2351 373 SEV.
2382 319 2597 374 BUETll
3720 324 3798 377 660

586 417 900 475 intolerabili
930 416 1116 473 dolore
1145 416 1453 482 confundat,
1483 430 1619 485 quos
1664 424 1689 452 τι
1731 415 1994 482 insperata
2028 414 2155 468 reli-
2188 415 2239 473 Α
2266 422 2321 464 ιιι
2349 428 2567 480 quoque
2607 411 2876 480 paulisper
2908 412 2986 483 (5)
3030 428 3056 465 a
3091 422 3176 467 tua
3219 415 3601 484 tranquill'tate
3638 415 3804 470 disces-

583 510 772 575 querit.
798 508 959 578 Cujus
984 509 1026 564 si
1060 509 1077 539 ¹
1110 516 1373 570 naturam,
1406 522 1605 571 mores,
1630 522 1691 560 ac
1721 508 1966 560 meritum
1996 506 2158 559 remi-

584 601 810 665 niscare,
840 614 937 653 nec
978 599 1230 653 habuisse
1273 607 1323 653 te
1376 599 1427 651 in
1460 613 1520 651 ea
1567 594 1595 634 δ
1629 596 1907 664 pulchrum
1935 596 2155 664 aliquid,

582 707 682 747 nec
708 692 953 746 amisisse
986 705 1299 761 cognosces.
1321 689 1448 756 Sed,
1478 696 1537 743 ut
1564 689 1815 751 arbitror,
1844 686 1985 740 haud
2025 687 2157 739 nnil-

583 793 691 836 tum
741 783 832 836 tibi
878 784 994 835 haec
1040 781 1092 834 in
1133 782 1443 834 memoriam
1484 793 1733 833 revocare
1775 776 2153 830 laboraverim.

580 872 686 942 93
718 870 937 927 Solebas
963 872 1104 925 enim
1146 879 1462 939 przesentem
1490 884 1728 938 quoque,
1762 866 2155 923 blandientem—

579 978 685 1032 que
731 972 754 999 ο
787 962 1024 1017 virilibus
1063 960 1091 999 ἀ
1125 962 1398 1016 incessere
1438 960 1635 1027 verbis,
1682 974 1909 1027 eamque
1957 959 1978 989 ¹
2013 966 2036 994 ε
2088 957 2156 1011 de

581 1062 767 1108 nostro
796 1052 957 1122 adyto
985 1053 1209 1123 prolatis
1240 1051 1567 1107 insectabere
1596 1049 1897 1105 sententiis.
1954 1046 2152 1101 Verum

581 1143 808 1199 'omnis
861 1145 1034 1199 subita
1089 1145 1313 1197 mutatio
1367 1158 1566 1205 rerum,
1611 1156 1717 1195 non
1764 1140 1879 1193 sine
1921 1137 2153 1207 quodam

580 1236 732 1305 quasi
762 1235 925 1291 ﬂuctu
971 1236 1230 1305 contingit
1256 1236 1578 1290 animorum.
1608 1234 1698 1289 Sic
1728 1232 1921 1287 factum
1962 1240 2067 1294 est,
2097 1237 2156 1283 ut

2264 504 2421 558 seris.
2449 504 2553 559 Sed
2583 502 2604 531 ⁸
2631 512 2839 571 tempus
2866 512 2967 569 est,
2995 502 3207 558 hautire
3240 502 3259 540 ί
3288 511 3339 558 te
3362 505 3560 574 aliquid
3588 520 3651 559 ac
3675 506 3804 573 degu-

2263 604 2407 648 stare
2455 594 2636 659 molle,
2694 604 2853 661 atque
2893 592 3207 661 jucundum,
3248 594 3389 663 quod
3436 596 3501 649 ad
3534 595 3804 650 interierat

2263 684 2655 747 transmissum,
2687 683 3034 737 validioribus
3074 684 3349 740 haustibus
3385 684 3414 722 ιι
3458 688 3596 740 viam
3631 686 3805 742 fecerit.

2262 774 2421 828 Adsit
2446 774 2603 843 igitur
2633 773 2913 828 rhetorica:
2951 775 3167 831 Suadela
3206 776 3521 842 dulcedinis,
3567 794 3685 846 qua:
3724 791 3809 833 tum

2265 872 2468 917 tantum
2521 864 2537 900 ι
2571 874 2716 917 rccto
2745 864 2880 917 calle
2910 865 3166 932 procedit,
3218 880 3338 919 cum
3388 879 3569 920 nostra
3603 868 3809 922 instituta

2260 957 2276 1005 ι
2316 969 2421 1009 non
2443 954 2671 1018 deserit;
2701 968 2931 1023 cumque
2963 955 3061 1009 hac
3088 953 3113 993 κ
3143 955 3457 1021 musica1,'n
3487 957 3640 1013 Laris
3675 960 3812 1013 nostri

2255 1043 2496 1107 vernula,
2529 1043 2642 1112 (10)
2692 1059 2832 1098 nunc
2856 1044 3103 1110 leviores,
3124 1061 3266 1101 nunc
3285 1048 3561 1114 graviores
3598 1057 3626 1083 ιι
3654 1048 3813 1102 modos

2257 1137 2514 1192 suecinat.
2547 1135 2658 1207 9E
2683 1136 2817 1203 Quid
2848 1147 2930 1191 est
2956 1137 3112 1206 igitur
3142 1138 3163 1169 '
3192 1152 3226 1193 ο
3268 1139 3451 1206 homo,
3493 1139 3639 1208 quod
3688 1149 3739 1193 te
3778 1141 3814 1194 in

2258 1229 2565 1283 maestitiam
2606 1230 2916 1300 luctumque
2961 1229 3194 1299 deiecit?
3224 1230 3248 1262 '
3274 1246 3475 1286 novum
3501 1239 3526 1267 ο
3559 1231 3720 1287 credo
3745 1233 3814 1285 ali-

1927 1342 2494 1398 INTERPRETATIO.

654 1452 678 1477 ⁸·
714 1442 790 1495 Ex
814 1443 1076 1509 inopinato

654 1512 680 1550 ιν
708 1512 932 1566 Grande.

657 1593 681 1617 ο
710 1580 993 1636 Generosis.

657 1651 681 1687 δ
715 1652 1121 1717 llepreltendere.

661 1731 684 1756 ⁸
713 1720 1104 1790 Philosophicis.

664 1792 683 1828 ί
714 1792 927 1847 Animo.

643 1871 686 1913 ,κ
714 1863 925 1917 Mentis.

660 1929 686 1966 ιι
714 1931 989 1989 Remediis.

2341 1435 2361 1473 ἱ
2401 1438 2547 1489 Recte
2568 1437 2784 1488 disserit.

2342 1509 2357 1555 Ι
2403 1506 2781 1567 l’hilosophica.

2339 1576 2363 1613 lt
2401 1577 2689 1629 Rhetorica.

2346 1646 2363 1684 ἔ
2395 1648 2491 1698 Ars
2528 1644 2862 1714 componendi
2892 1644 3201 1709 canendique
3225 1648 3484 1700 carminis.

2339 1726 2377 1753 ω
2403 1714 2715 1783 Mancipium
2742 1714 3095 1780 pltilosOphice.

2341 1796 2365 1820 ν
2400 1785 2638 1837 Carmina
2673 1793 2858 1836 cantet.

2342 1866 2365 1890 °
2402 1853 2570 1906 Forte.

2098 2014 2328 2071 NOTAE.

588 2134 887 2188 addendum
914 2143 1193 2201 putamus:
1226 2136 1304 2189 sic
1330 2134 1470 2189 enim
1500 2134 1647 2189 reddi
1671 2140 1882 2203 potest:
1915 2131 2155 2201 Intelligo
2187 2132 2235 2190 B

587 2206 808 2273 fortuna:
833 2208 997 2273 fucos,
1041 2214 1086 2258 et
1123 2205 1523 2274 familiaritatem
1546 2221 1661 2258 cum
1686 2204 1749 2258 iis
1786 2220 1912 2274 quos
1950 2203 2155 2257 eludere

589 2276 783 2339 nititur,
826 2291 883 2326 eo
927 2290 1082 2342 usque
1128 2274 1530 2338 blandissimum,
1583 2274 1727 2335 dum,
1772 2287 1878 2330 etc.
1927 2274 2156 2326 Blandus

588 2354 767 2398 autem
798 2345 886 2397 ille
909 2344 1102 2397 dicitur
1128 2346 1215 2412 qui
1236 2344 1506 2407 suavibus,
1538 2347 1629 2397 sed
1662 2344 1958 2407 fallacibus,
1992 2347 2157 2396 utitur

588 2415 810 2467 verbis:
845 2429 949 2482 quo
1004 2416 1218 2468 nomine
1266 2416 1469 2467 nullum
1509 2415 1686 2481 aptius
1737 2415 1935 2481 imponi
1990 2413 2159 2481 potuit

590 2484 839 2548 fortunae,
896 2485 1092 2551 quippe
1135 2500 1256 2551 quas
1306 2484 1350 2537 si
1400 2500 1503 2536 non
1534 2485 1731 2549 verbis,
1777 2487 1970 2539 saltem
2009 2482 2159 2536 lactis

590 2569 696 2607 non
726 2555 900 2606 minus
940 2556 1212 2607 fallacibus
1264 2569 1420 2622 quam
1455 2556 1705 2607 suavibus
1744 2559 1819 2608 uti
1849 2556 2157 2607 consuevit:

591 2636 649 2676 ut
695 2624 1002 2677 intolerabili
1041 2624 1216 2677 dolore
1263 2623 1565 2691 confundat,
1592 2641 1718 2692 quos
1761 2626 2017 2695 insperata
2051 2625 2171 2677 reli-

592 2704 772 2751 auem.

669 2764 686 2794 ί
717 2761 995 2835 Naturam,
1026 2781 1190 2817 mores
1210 2780 1269 2817 ac
1297 2763 1593 2835 meritum]
1624 2764 1964 2832 Phil050phia
1996 2764 2172 2819 adhuc

594 2832 829 2899 loquitur
883 2834 951 2888 de
1003 2835 1232 2898 fortuna,
1282 2832 1618 2888 ethnicorum
1673 2850 1848 2897 more,
1889 2835 2049 2888 veluti
2102 2835 2170 2888 de

595 2903 821 2971 quodam
867 2905 1121 2959 numine:
1156 2905 1293 2957 unde
1338 2904 1782 2972 quemadmodum
1835 2905 1899 2958 de
1940 2904 2170 2972 quadam

595 2982 771 3025 mente
811 2972 1039 3037 diceret,
1089 2977 1166 3028 sic
1205 2975 1271 3027 de
1318 2975 1525 3027 fortuna
1562 2989 1702 3027 nunc
1731 2975 1858 3027 dicit
1906 2986 2163 3038 naturam,

596 3057 759 3094 mores
800 3053 846 3095 et
884 3046 1139 3097 neruum.
1176 3044 1375 3096 Natura
1416 3044 1572 3111 hujus
1616 3044 1736 3096 falsi
1766 3045 1996 3099 numinis
2025 3055 2171 3098 esset

598 3125 707 3182 res
732 3114 1068 3177 cogitationis
1106 3116 1367 3181 particeps
1399 3131 1412 3177 ;
1448 3128 1610 3166 mores
1657 3114 1920 3182 ejusdem,
1981 3117 2171 3168 modus

598 3181 896 3252 cogitandi;
930 3187 1159 3235 meritum
1184 3184 1436 3252 denique,
1468 3182 1664 3252 bonum
1686 3181 1769 3236 vel
1811 3187 2004 3237 malum
2032 3184 2172 3252 quod

599 3250 665 3304 ab
679 3252 779 3323 hoc
794 3254 1012 3323 numine
1031 3256 1099 3307 sit
1124 3270 1136 3305 :
1156 3270 1309 3321 quem
1330 3250 1475 3306 enim
1490 3251 1699 3308 fortuna
1717 3254 1873 3323 erigit
1894 3250 2172 3323 prospera,

600 3320 843 3391 eumdem
871 3322 1092 3378 adversa
1120 3320 1390 3391 deprimit.

580 3444 585 3452 ,
617 3460 626 3464 _
665 3392 692 3464 f
724 3390 801 3445 De
846 3401 1018 3444 nostro
1069 3390 1225 3462 adyto
1267 3394 1501 3464 prolatis.
1530 3392 1548 3464 ]
1582 3394 1635 3447 ld
1682 3404 1765 3448 est
1788 3394 2170 3463 philosophicis.

603 3460 829 3530 Adytum
853 3465 992 3514 enim
1018 3473 1099 3515 est
1137 3460 1289 3517 sacer
1318 3464 1465 3515 locus
1504 3460 1608 3531 q'uo
1638 3460 1796 3527 nulli,
1821 3460 2174 3530 praeterquam

603 3531 889 3603 sacerdoti,
919 3534 1066 3586 adire
1100 3532 1176 3585 fas
1206 3544 1316 3586 est:
1343 3535 1554 3600 adytum
1584 3535 1778 3603 quippe
1805 3550 1995 3587 nomen
2028 3535 2178 3588 Grat-

605 3614 725 3652 cum
750 3602 818 3671 ab
845 3617 878 3652 a
920 3603 1059 3668 quod
1092 3612 1281 3657 vocant
1331 3605 1629 3669 privativum
1681 3614 1735 3657 et
1774 3603 1898 3666 δ-ἃω,
1927 3607 2062 3671 quod
2096 3614 2178 3658 est

605 3670 879 3743 ingredior,
911 3681 1083 3743 ortum
1115 3690 1127 3724 :
1161 3674 1503 3741 quamobrem
1530 3674 1726 3743 ethnici
1762 3670 1955 3728 locunr
1979 3690 2041 3727 ex
2073 3690 2179 3743 quo

606 3740 820 3863 oraiciu‘la
874 3740 1269 3808 reddebantur,
1322 3746 1588 3797 vocabant
1639 3742 1823 3800 ἄδυτον
1866 3764 1879 3797 :
1933 3740 2176 3811 jEnftt,

606 3824 656 3861 v.
809 3827 822 3862 :

606 3824 656 3861 ν.
688 3824 822 3862 1142

725 3909 961 3971 Suspensi
982 3910 1263 3971 Eurypilum
1283 3915 1506 3962 scitatum
1529 3914 1719 3963 oracula
1745 3915 1919 3965 Phazbi

726 3970 959 4020 Mittimus
983 3986 996 4025 :
1019 3970 1156 4033 isque
1180 3975 1336 4034 adytis
1358 3976 1461 4024 haec
1484 3978 1636 4026 tristia
1658 3977 1786 4027 dicta
1806 3983 2038 4038 reportat.

606 4075 737 4128 Cum
764 4076 924 4151 igitur
941 4090 1092 4129 suum
1126 4078 1332 4151 dicatur
1358 4094 1478 4133 esse
1510 4082 1869 4150 Philosophize
1899 4084 2171 4151 templum,

605 4159 700 4195 sua
724 4148 967 4211 oracula;
995 4161 1149 4200 suum
1181 4148 1338 4222 etiam
1391 4153 1495 4222 erit
1540 4148 1896 4221 Philosophia:
1940 4148 2172 4222 adytum,

606 4228 674 4290 ex
692 4228 797 4290 quo
838 4229 960 4290 suas
993 4220 1285 4271 sententias
1329 4220 1562 4284 proferat
1605 4239 1616 4273 :
1665 4220 1856 4290 quibus
1894 4220 2175 4277 sententiis

606 4284 860 4348 Boetius,
918 4286 1041 4338 dum
1096 4289 1503 4354 prosperitatem
1556 4284 1806 4356 haberet,
1860 4304 2173 4347 czcterorum

605 4362 878 4432 oratorum
901 4371 1072 4421 more,
1092 4357 1173 4432 uti
1200 4358 1393 4410 solebat
1420 4361 1487 4412 ad
1506 4360 1852 4416 incessendum
1882 4376 2177 4432 prtesentem

604 4423 1041 4494 blandientemque
1073 4431 1349 4494 fortunent.

678 4492 700 4522 ³
735 4492 926 4568 Omnis
953 4492 1117 4547 subita
1164 4499 1398 4563 imitatio,
1428 4498 1559 4568 etc.]
1592 4500 1653 4554 Μ·
1676 4516 1739 4554 ns
1775 4504 2002 4556 humana
2033 4513 2176 4557 tanta

609 4565 1002 4640 necessitudine
1053 4571 1334 4640 conjuncta
1390 4579 1489 4631 eSt,
1546 4565 1772 4637 primum
1804 4574 2015 4640 quidem
2056 4590 2177 4628 cum

613 4634 842 4709 humano
871 4647 1114 4709 corpore,
1140 4637 1334 4690 deinde
1361 4653 1481 4690 cum
1524 4634 1695 4709 rebus,
1723 4634 1981 4709 externis,
2010 4644 2090 4697 his
2123 4654 2180 4696 ut

608 4705 828 4779 unitatis
880 4702 977 4756 illa
1024 4714 1255 4779 mutetur
1294 4709 1609 4779 cegitando;
1657 4708 1733 4763 sic
1786 4702 2008 4779 corpore
2040 4714 2258 4775 maleD

607 4769 993 4847 affect0__metis
1048 4776 1228 4847 dolet;
1287 4769 1387 4830 sic'
1412 4792 1516 4830 non
1570 4782 1687 4832 sine
1735 4769 1960 4847 quadam
2010 4785 2171 4837 animi

605 4841 919 4920 aegritudine
944 4846 1223 4920 avellimnr
1252 4861 1280 4897 a
1315 4850 1503 4920 patria,
1529 4849 1596 4899 ab
1626 4841 1829 4920 amicis,
1860 4854 1927 4907 ab
1948 4854 2171 4920 opibus;

606 4921 766 4991 atque
792 4911 903 4965 haec
924 4918 1141 4991 mutatio
1163 4911 1485 4991 tantoinagis
1504 4919 1756 4991 sentitur,
1791 4911 1998 4987 quinto
2011 4911 2177 4991 magis

606 4979 824 5062 subita:
853 4996 996 5046 nam,
1018 4993 1074 5035 ut
1092 4983 1165 5062 ait
1194 4979 1481 5053 S.Greg6r.
1503 4988 1684 5062 ltomil.
1710 4979 2180 5062 55,-1ninusjaciila

607 5054 793 5115 feriunt
824 5066 935 5118 quia
972 5056 1309 5132 prmtvideittur
1339 5071 1359 5110 :
1386 5057 1597 5124 gravius
1628 5054 1793 5113 nocet
1828 5054 2180 5132 quodcunque

607 5133 941 5175 inexpertum
969 5124 1183 5175 accidit.

679 5187 700 5217 ⁸
732 5187 951 5269 Tempus
989 5191 1123 5269 φεμ]
1160 5195 1472 5269 Continuata
1502 5214 1584 5261 ea,
1629 5214 1788 5267 quam
1839 5200 2178 5269 PhiliiSOphia

606 5273 766 5326 supra
796 5260 1055 5329 adhibuit,
1082 5260 1502 5337 comparatione,
1534 5260 1904 5337 acorporibus
1948 5260 2086 5325 notis
2114 5274 2179 5325 ad

606 5337 815 5409 mentes
846 5335 1243 5409 cognoscendas
1273 5338 1458 5409 eadem
1502 5335 1841 5407 Philosophia
1895 5357 2035 5395 nunc
2066 5358 2181 5409 pro-

606 5400 865 5479 greditur.
922 5400 1150 5479 Scilicet
1199 5407 1659 5479 quemadmodum
1714 5400 1900 5477 gustus
1947 5400 2175 5479 organa,

606 5470 810 5546 haustis
860 5471 1085 5548 primum
1140 5474 1468 5528 tenuioribus
1519 5470 1957 5548 inullioﬁbusque
2009 5470 2173 5544 cibis,

607 5539 722 5616 ipso
747 5554 845 5616 u_s_u
888 5539 961 5616 ita
991 5543 1365 5616 disponuntur,
1401 5555 1457 5616 ut
1485 5547 1821 5612 gravioribus
1849 5539 2029 5615 postea
2065 5539 2173 5602 ius;

606 5608 840 5688 tmendis
889 5610 1018 5663 liant
1061 5608 1379 5682 apta,juxta
1417 5608 1544 5667 illud
1576 5608 1861 5681 Martialis,
1905 5621 2175 5689 Epigram.

605 5677 645 5728 ι.
680 5691 731 5733 v.
760 5692 926 5733 eniar.
959 5681 1057 5733 77:

630 5709 645 5727 .
680 5691 731 5742 ν,
760 5692 926 5747 eptgt‘.
959 5691 1057 5733 77:

732 5768 943 5823 Profecit
964 5781 1077 5834 poto
1100 5774 1405 5827 Mithridates
1426 5791 1556 5842 srepe
1575 5791 1779 5844 veneno,

2445 2163 2627 2213 Toxica
2648 2176 2712 2213 ne
2736 2168 2932 2224 possent
2955 2176 3081 2212 saeva
3104 2176 3283 2213 nocere
3302 2165 3415 2215 sibi.

2382 2226 2679 2289 Tuquoque
2705 2227 2880 2273 cavisti
2901 2226 3135 2289 coartando
3158 2233 3254 2274 tam
3271 2226 3398 2289 male
3421 2238 3637 2289 semper,

2441 2287 2516 2335 Ne
2543 2299 2709 2348 posses
2730 2300 2960 2347 unquam,
2985 2286 3153 2344 Cinna,
3184 2289 3344 2347 perire
3363 2286 3508 2336 fame.

2261 2372 2350 2426 Sic
2393 2384 2547 2423 mens
2602 2370 2829 2422 humana
2860 2368 3055 2420 aud‘tis
3102 2370 3331 2435 primum
3370 2369 3661 2423 levioribus
3692 2385 3811 2435 argis

2266 2440 2486 2503 mentis,
2512 2440 2686 2508 aptior
2713 2439 2953 2491 redditur
2970 2439 3033 2490 ad
3059 2438 3395 2506 percipienda
3417 2440 3660 2507 graviora
3693 2455 3833 2508 argu-

2271 2520 2488 2572 menta,
2545 2510 2737 2577 quibus
2788 2510 2856 2560 ab
2902 2508 3176 2562 erroribus
3227 2509 3339 2562 suis
3392 2510 3562 2576 possit
3609 2509 3815 2564 liberari

2276 2581 2562 2648 Propterea
2587 2577 2923 2646 Philos0phia
2951 2578 3191 2648 firmiora
3237 2579 3490 2646 deinceps
3534 2590 3829 2645 argumenta

2276 2647 2616 2718 propositura
2671 2662 2810 2701 nunc
2859 2647 3042 2714 incipit
3070 2662 3098 2700 a
3144 2648 3454 2711 levioribus,
3507 2663 3639 2718 quas,
3674 2650 3832 2704 soluta

2279 2721 2490 2788 partim,
2526 2718 2824 2786 partimque
2850 2720 3033 2771 Stricta
3079 2718 3321 2771 oratione
3357 2719 3592 2786 exponit.
3624 2717 3833 2771 Leviora

2279 2800 2457 2842 autem
2484 2788 2597 2841 ha‘c
2626 2796 2935 2854 argumenta
2965 2788 3095 2840 dicit
3130 2801 3249 2840 esse
3302 2795 3355 2841 et
3398 2788 3622 2840 suadela:
3650 2796 3701 2842 et
3732 2793 3834 2840 rhe-

2278 2861 2448 2912 torica:
2482 2858 2764 2911 dulcedinis
2797 2872 2815 2909 :
2867 2858 3087 2909 suadela:
3132 2857 3346 2923 quidem
3389 2872 3403 2910 :
3457 2856 3665 2910 suadela
3709 2859 3835 2913 enim

2280 2931 2393 2982 sive
2417 2930 2577 2983 suada
2600 2935 2683 2980 est
2712 2928 2879 2995 virttis
2898 2927 3278 2994 persuasionis,
3306 2942 3424 2995 qum
3448 2928 3680 2994 antiquis
3699 2928 3835 2982 dice-

2277 3000 2431 3052 batur
2456 2998 2599 3051 Dea:
2632 2997 2755 3049 hinc
2794 2994 2993 3049 Graecis
3022 3005 3240 3049 vocatur
3288 2994 3470 3059 πειθώ,
3504 2997 3555 3049 id
3605 3007 3688 3049 est
3728 3013 3834 3063 per-

2274 3069 2483 3127 suasio;
2513 3067 2778 3119 rhetorica:
2806 3080 2930 3118 vero
2961 3064 3244 3117 dulcedinis
3277 3082 3295 3118 :
3326 3069 3445 3131 quia
3492 3066 3749 3131 rhetores,
3783 3077 3835 3119 ut

2278 3147 2399 3201 pote
2428 3138 2517 3205 qui
2541 3136 2698 3190 latius
2731 3137 3012 3203 loquuntur
3033 3136 3096 3187 ad
3120 3136 3405 3189 discrimen
3428 3136 3833 3203 dialecticorum,

2276 3211 2365 3275 qui
2421 3206 2797 3273 compres~ius,
2844 3206 3139 3275 prmsertim
3200 3206 3410 3269 placere
3454 3205 3668 3258 student
3707 3224 3717 3257 :
3750 3223 3834 3259 nec

2281 3273 2639 3345 persuadent,
2684 3275 2783 3329 nisi
2831 3275 2972 3327 clara
3007 3273 3366 3342 distinctaque
3403 3276 3644 3335 notione,
3689 3290 3834 3342 quam

2282 3346 2662 3413 pliilosophicis
2686 3346 2963 3412 praeceptis
2980 3353 3249 3412 acceptam
3272 3345 3585 3406 referimus,
3604 3354 3834 3397 utantur:

2202 3420 2247 3480 (ζ
2284 3418 2405 3469 hinc
2434 3416 2642 3469 Tullius
2670 3414 2746 3466 ait
2786 3414 2892 3466 sine
2918 3414 3238 3481 pliilosOpltia
3268 3430 3369 3466 non
3409 3430 3554 3482 posse
3580 3414 3687 3480 ﬁeri
3708 3431 3831 3470 eum,

2280 3502 2426 3553 quem
2453 3486 2747 3555 qurerimus,
2797 3485 3148 3555 eloquentem:
3200 3483 3326 3537 hinc
3354 3486 3468 3551 ipsa
3512 3484 3835 3555 Philosophia

2285 3551 2424 3609 nunc
2447 3551 2659 3614 asserit,
2688 3553 2956 3605 suadelatn
2988 3564 3094 3604 tum
3125 3562 3323 3606 tantum
3354 3562 3489 3605 recto
3513 3551 3642 3605 calle
3670 3568 3835 3620 proce-

2281 3628 2418 3688 dere,
2454 3640 2568 3676 cum
2597 3622 2961 3691 philosophica
2985 3624 3218 3675 instituta
3242 3638 3342 3675 non
3372 3623 3578 3674 deserit.
3622 3623 3835 3689 Denique

2280 3696 2421 3763 quod
2451 3693 2788 3760 Philosophia
2820 3692 3086 3763 rhetorica
3117 3692 3232 3746 haec
3274 3703 3584 3763 argumenta
3612 3693 3834 3759 proposi-

2229 3806 2235 3811 -
2283 3760 2396 3819 tura
2421 3766 2490 3818 sit
2518 3764 2701 3817 stricta
2717 3762 2978 3830 oratione,
3009 3762 3205 3815 idcirco
3228 3763 3421 3814 musica
3450 3760 3599 3815 Laris
3625 3763 3834 3830 philoso-

2290 3834 2427 3899 phici
2474 3833 2683 3885 vernula
2721 3832 2895 3885 modos
2940 3832 3199 3895 suecinat,
3248 3846 3471 3885 necesse
3508 3842 3611 3885 est.
3657 3832 3832 3886 Music:

2289 3905 2427 3956 enim
2459 3912 2541 3957 est
2576 3917 2664 3955 ars
2693 3917 2798 3955 non
2829 3901 2999 3955 solum
3028 3900 3276 3963 canendi,
3326 3901 3419 3954 sed
3450 3902 3609 3954 etiam
3640 3915 3833 3968 compo-

2291 3974 2447 4027 nendi
2477 3973 2764 4025 carminis:
2793 3972 2985 4024 musica
3009 3971 3206 4038 quippe
3234 3984 3337 4023 non
3362 3984 3518 4025 secus
3541 3985 3604 4024 ac
3626 3985 3832 4023 muscum

2286 4043 2480 4096 dicitur
2509 4057 2539 4095 a
2585 4042 2783 4102 musis;
2840 4050 2896 4093 at
2938 4041 3141 4094 musica
3186 4049 3269 4095 est
3317 4040 3466 4094 Laris
3498 4038 3833 4107 philosophici

2284 4112 2490 4164 vernula
2513 4127 2547 4190 ε.
2574 4111 2821 4190 quoniam
2859 4110 3067 4190 vernula
3092 4111 3386 4190 sivemcerna
3422 4120 3506 4163 est
3536 4111 3831 4189 mancipium

2284 4197 2351 4235 ex
2379 4179 2642 4253 mancipio
2667 4188 2891 4253 tratum;
2933 4182 2981 4253 in
3009 4194 3115 4253 quo
3140 4179 3315 4253 differt
3343 4193 3371 4231 a
3400 4194 3580 4253 servo,
3634 4179 3717 4247 qui
3741 4192 3835 4253 nou

2284 4251 2540 4312 nascitur,
2590 4250 2682 4304 sed
2726 4250 2783 4302 lit
2825 4249 3040 4303 alterius
3078 4249 3253 4317 juris:
3295 4250 3495 4302 musica
3531 4258 3704 4303 autem
3743 4249 3834 4301 dici

2283 4329 2457 4389 potest
2478 4320 2797 4387 mancipium
2842 4334 2904 4373 ex
2937 4321 3200 4389 mancipio
3248 4318 3600 4389 pbilosolihiae
3630 4328 3794 4371 natum
3821 4332 3831 4366 :

2280 4387 2324 4443 Si
2353 4390 2565 4458 quidem
2597 4389 2797 4443 musica
2819 4398 2931 4441 orta
2963 4398 3044 4442 est
3081 4404 3107 4439 a
3136 4388 3316 4454 Musis,
3340 4405 3458 4454 quae
3479 4387 3830 4458 philosophizc,

2282 4456 2444 4514 veluti
2472 4459 2679 4531 ancillae
2720 4458 2960 4531 quaedam
2986 4458 3325 4512 famulantur.
3359 4459 3434 4513 De
3459 4456 3703 4512 Laribus
3730 4456 3835 4509 vide

2281 4531 2317 4583 Ι.
2343 4545 2379 4591 l,
2409 4528 2546 4597 prof.
2588 4529 2639 4591 5,
2670 4528 2782 4597 not.
2813 4529 2867 4580 4.

2355 4600 2375 4631 ⁸
2414 4596 2465 4652 ⁷0
2491 4596 2689 4667 homo.]
2708 4597 2889 4650 Modus
2919 4596 3019 4667 iste
3049 4596 3295 4665 loquendi
3322 4606 3401 4651 est
3426 4598 3737 4659 superioris,
3759 4601 3838 4646 aut

2284 4668 2401 4736 ejus
2430 4669 2616 4722 saltem
2647 4666 2736 4733 qui
2767 4666 3052 4734 significat,
3100 4683 3157 4719 se
3186 4667 3382 4720 nullam
3410 4683 3532 4721 cum
3565 4682 3649 4729 eo,
3694 4679 3835 4733 quem

2284 4739 2593 4807 alloquitur,
2642 4736 3051 4807 familiaritatem
3108 4736 3323 4789 habere.
3392 4737 3482 4792 Sic
3533 4737 3835 4791 Terentius:

2281 4805 2422 4861 Proli
2444 4805 2702 4877 luppiter,
2727 4806 2913 4874 inquit,
2956 4815 3008 4877 tu
3024 4805 3173 4877 homo
3200 4807 3364 4875 adigis
3390 4824 3469 4859 me
3495 4810 3563 4877 ad
3585 4809 3837 4877 insaniam.

2283 4880 2372 4931 Sic
2400 4875 2587 4931 Petrus
2609 4877 2762 4930 Lucas
2786 4890 2935 4929 xxn:
2962 4876 3004 4928 Ο
3032 4876 3197 4937 homo,
3237 4892 3485 4943 nonsum,
3505 4876 3631 4929 Man
3657 4875 3772 4935 ami,
3792 4876 3841 4941 je

2285 4948 2401 5018 n’en
2443 4948 2548 5000 suis
2575 4947 2737 5018 point.
2770 4944 2904 5018 Hinc
2946 4956 3123 4999 autem
3157 4945 3496 5015 Philosophia
3526 4945 3841 5018 incipitsuas

2285 5017 2609 5071 ratiunculas
2644 5015 2912 5069 rhetorice
2942 5030 3259 5083 proponere,
3292 5032 3423 5083 quas
3452 5018 3495 5070 si
3525 5018 3588 5069 ad
3620 5015 3841 5067 dialecti-

2286 5102 2402 5139 cam
2460 5087 2680 5139 formam
2741 5099 2995 5139 revocare
3052 5095 3276 5138 conatus
3332 5086 3531 5152 fueris,
3580 5085 3841 5139 nonnullas

2288 5156 2711 5208 animadvertere
2737 5155 2934 5221 poteris
2963 5155 3308 5222 repetitiones
3340 5172 3351 5208 :
3380 5172 3478 5209 nec
3510 5156 3697 5208 mirum
3723 5170 3735 5207 :
3761 5166 3842 5202 no-

2292 5235 2398 5277 tum
2424 5226 2636 5292 quippe,
2683 5224 2825 5293 quod
2876 5224 3021 5278 Zeno
3069 5224 3227 5287 dixit,
3281 5224 3606 5279 rhetoricam
3646 5225 3841 5292 palma‘.

2286 5295 2615 5365 dialecticam
2660 5310 2830 5362 pugno
2850 5295 3091 5365 Asimilem
3141 5309 3280 5356 csse,
3314 5296 3456 5361 quod
3500 5295 3654 5365 latius
3686 5294 3841 5365 loque

2286 5373 2471 5417 rentur
2515 5363 2779 5425 rhetores,
2831 5362 3095 5416 dialectici
3134 5374 3309 5417 autem
3353 5364 3709 5432 compressius
3738 5362 3848 5432 :sic

2288 5434 2519 5499 loquitur
2565 5433 2789 5487 Seneca.
2825 5432 3089 5500 Quidquid
3139 5435 3226 5495 sit,
3276 5434 3409 5487 duas
3450 5428 3739 5502 p'rzcscrtim
3772 5428 3850 5480 hic

2284 5503 2611 5556 advertimus
2639 5504 2898 5570 ejusmodi
2941 5507 3290 5557 ratiunculas.

2382 5571 2403 5603 ⁸
2436 5572 2638 5624 Novum
2664 5569 2861 5641 credo.]
2887 5574 3057 5624 Prima
3091 5573 3371 5626 rhetorica?
3392 5573 3706 5635 ratiuncu!a,
3739 5579 3849 5634 qua?

2284 5642 2359 5694 sic
2380 5642 2586 5694 videtur
2610 5654 2763 5708 posse
2783 5642 3046 5694 contrahi.
3069 5641 3199 5694 Cum
3226 5658 3374 5695 mens
3404 5643 3651 5701 humana,
3676 5653 3849 5704 quein-

2285 5712 2569 5764 admodum
2594 5724 2646 5764 et
2678 5725 2873 5779 corpus
2900 5713 3172 5768 veteribus
3215 5712 3530 5777 usitatisque
3570 5727 3669 5763 non
3710 5720 3847 5761 com-

2290 5788 2587 5845 moveatur,
2633 5788 2716 5833 tua
2749 5795 2918 5845 mens,
2976 5796 3007 5833 o
3046 5781 3212 5845 Booti,
3270 5796 3375 5835 non
3417 5780 3599 5834 debuit
3633 5780 3846 5834 fortuna:
