3984 6382
255 434 339 491 661

254 542 378 617 quid,
402 539 801 599 inusnatumque
830 526 1033 617 vidisti.
1052 526 1156 589 Tu,
1180 525 1445 617 fortunam
1475 529 1630 590 putas
1650 532 1773 585 erga
1804 520 1855 574 Α
1881 522 2000 564 utro
2054 504 2405 617 mutabilius,

254 612 297 689 te
318 642 424 686 esse
447 630 692 679 mutatam
713 620 738 672 ?
762 632 935 673 erras.
959 616 1022 670 lli
1050 629 1262 683 semper
1295 612 1412 679 ejus
1439 622 1616 664 mores
1643 616 1782 668 sunt,

254 726 337 778 ista
361 725 552 772 natura.
578 709 823 765 Servavit
842 708 985 762 circa
1013 716 1066 760 te
1091 703 1359 773 propriam
1394 701 1571 770 potius
1600 700 1653 751 in
1674 698 1787 766 ipsa

253 814 320 868 sui
340 805 669 864 mutabilitate
684 800 1037 856 constantiam
1066 795 1169 865 (5).
1194 794 1339 848 Talis
1356 800 1611 847 eratcum
1635 788 1787 842 blan-

254 901 488 962 diebatur,
516 910 635 947 cum
668 892 761 946 tibi
805 890 955 945 falsae
997 886 1262 943 illecebris
1290 883 1554 938 felicitatis
1581 877 1788 933 allude-

252 1000 336 1045 ιιι.
365 980 758 1053 Deprehendisti
786 987 813 1016 ι
854 978 981 1033 caeci
1010 976 1243 1031 numinis
1285 972 1560 1040 ambiguos
1589 967 1788 1022 vultus.

253 1082 365 1145 Quae
387 1089 499 1131 sese
511 1072 682 1127 adhuc
710 1069 835 1125 aliis
855 1070 1021 1133 velat,
1044 1073 1153 1121 tota
1175 1066 1267 1120 tibi
1290 1078 1507 1133 prorsus
1536 1058 1787 1115 innotuit.

252 1171 299 1226 Si
326 1167 502 1239 probas
528 1163 578 1231 ι’,
609 1174 757 1218 utere
791 1162 1030 1217 moribus
1061 1172 1107 1224 ο.
1138 1174 1205 1213 ne
1244 1156 1503 1227 queraris.
1546 1154 1602 1209 Si
1632 1152 1794 1222 perli-

253 1260 356 1313 dam
392 1254 771 1325 perhorrescis,
826 1265 1023 1321 sperne
1070 1258 1227 1316 atque
1276 1246 1446 1317 abjice
1490 1244 1789 1314 perniciosa

252 1349 514 1404 ludentem.
535 1346 664 1399 Nam
683 1358 801 1413 quae
819 1357 958 1398 nunc
982 1340 1075 1395 tibi
1093 1347 1175 1394 est
1190 1340 1318 1392 tanti
1341 1352 1501 1392 causa
1523 1335 1788 1400 moeroris,

253 1437 348 1508 (10)
376 1436 484 1490 hzec
510 1434 698 1488 eadem
735 1431 1131 1501 tranquillitatis
1155 1443 1277 1483 esse
1317 1427 1613 1482 debuisset.
1652 1424 1795 1479 Reli-

252 1525 498 1596 quitenim
528 1534 603 1590 te,
634 1537 791 1590 quam
846 1535 950 1574 non
1006 1520 1308 1573 relicturam
1362 1529 1522 1571 nemo
1564 1528 1794 1583 unquam

253 1617 425 1688 poterit
451 1629 569 1670 esse
611 1626 853 1668 securus.
899 1614 979 1663 An
1009 1624 1139 1664 vero
1171 1617 1227 1661 tu
1253 1606 1537 1676 pretiosam
1564 1604 1797 1658 aestimas

253 1711 485 1765 abituram
513 1707 820 1762 felicitatem
837 1706 859 1757 τ
876 1712 932 1758 et
952 1718 1075 1757 cara
1103 1701 1196 1755 tibi
1219 1711 1299 1755 est
1329 1700 1540 1754 fortuna
1564 1710 1800 1767 praesens

253 1816 338 1855 nec
363 1796 604 1853 manendi
635 1796 763 1862 lida,
790 1803 846 1850 et
873 1810 995 1853 cum
1024 1791 1354 1857 discesserit,
1397 1790 1623 1844 allatura
1667 1802 1801 1843 moe-

253 1889 616 1956 roremiQuod
646 1890 691 1942 si
748 1902 848 1941 nec
877 1901 943 1940 ex
989 1884 1211 1939 arbitrio
1239 1882 1464 1938 retineri
1509 1889 1704 1949 potest,
1753 1869 1883 1935 etB

254 1991 569 2045 calamitosos
600 1989 810 2057 fugiens
841 1984 989 2052 facit,
1026 1984 1152 2054 quid
1198 1992 1282 2040 est
1306 1982 1423 2056 (15)
1449 1981 1591 2037 aliud
1622 1982 1801 2051 fugax,

253 2103 391 2158 quam
415 2087 603 2143 futura:
632 2086 902 2156 quoddam
942 2083 1261 2140 calamitatis
1292 2081 1593 2137 indicium?
1624 2080 1806 2150 Neque

254 2191 375 2242 enim
398 2188 534 2259 quod
562 2196 687 2241 ante
724 2185 911 2241 oculos
940 2185 1103 2240 situm
1124 2191 1235 2251 est,
1264 2180 1533 2239 suffecerit
1590 2182 1807 2236 intueri.

256 2289 429 2345 lterum
456 2290 632 2345 exitus
661 2285 941 2357 prudentia
979 2284 1200 2341 metitur
1222 2283 1543 2353 :eademque
1562 2282 1615 2336 in
1642 2281 1807 2337 alter-

1126 412 1212 465 DE
1250 402 1768 463 CONSOLATIONE
1800 390 2267 453 ῐιιιιιυεοῐιιιιᾼς
2304 388 2431 443 LIB.
2471 386 2532 440 ll.

3358 371 3489 426 662'-

2450 513 2549 554 nec
2599 492 2961 551 formidandus
3005 492 3229 547 fortunae
3260 488 3482 552 minas,.

1890 616 1991 657 nec
2008 594 2335 668 exoptandas
2361 592 2489 648 facit
2513 604 2632 645 esse
2654 586 2958 643 blanditias.
3004 582 3111 652 95
3136 582 3152 611 ι
3181 580 3465 636 Postremo

1891 716 2045 770 equo
2070 696 2249 751 animo
2275 694 2472 749 toleres
2498 697 2729 759 Oportet,
2752 683 3008 756 quidquid
3053 683 3191 738 intra
3236 681 3464 735 fortuna:

1893 787 1921 828 ει
1952 768 2130 843 aream
2151 783 2375 855 geritur,
2400 794 2522 834 cum
2551 777 2715 833 semel
2742 777 2869 844 jugo
2905 772 3024 842 ejus
3045 771 3184 827 colla
3209 768 3465 825 submise-

1891 878 1986 935 ris.
2006 875 2158 944 Quod
2183 874 2230 929 si
2251 870 2500 927 manendi
2525 866 2861 935 abeundique
2888 863 3122 919 scribere
3144 861 3315 929 legem
3331 858 3465 913 velis

1894 969 1967 1036 ei,
1996 980 2155 1037 quam
2185 974 2240 1018 tu
2267 960 2539 1018 dominam
2569 964 2762 1025 sponte
2804 952 3043 1023 elegisti,
3084 964 3261 1006 nonne
3310 958 3334 987 θ
3386 948 3467 1001 in-

1891 1034 2067 1128 jurius
2098 1053 2287 1119 fueris,
2325 1058 2381 1107 et
2417 1045 2751 1118 impatientia
2796 1051 2995 1098 sortem
3046 1038 3356 1103 exacerbes,
3386 1034 3463 1105 (5)

1896 1126 2052 1216 quam
2102 1147 2408 1212 permutare
2452 1151 2560 1191 non
2591 1132 2798 1203 possis?
2827 1130 2880 1186 Si
2916 1128 2933 1167 ί
2964 1128 3137 1183 ventis
3165 1126 3279 1181 vela
3322 1138 3469 1178 com-

1900 1236 2164 1298 mitteres,
2193 1248 2304 1287 non
2345 1244 2451 1300 quo
2490 1227 2737 1281 voluntas
2761 1232 2989 1292 peteret,
3039 1219 3134 1274 sed
3162 1233 3268 1287 quo
3313 1218 3469 1270 ﬂatus

1896 1328 2258 1397 impellerent,
2282 1317 2698 1392 promovereris.
2729 1314 2786 1370 Si
2814 1313 2956 1367 arvis
2976 1310 3178 1366 semina
3193 1307 3467 1368 crederes,
3551 1359 3556 1364 ,

1896 1424 2102 1477 feraces
2131 1420 2339 1471 interse
2367 1426 2558 1475 annos,
2576 1408 2891 1475 sterilesque
2930 1416 3204 1473 pensares.
3226 1399 3473 1454 Fortuna:

1897 1520 1952 1568 te
1974 1507 2267 1579 regendum
2289 1502 2503 1565 dedisti,
2524 1499 2755 1555 dominae
2776 1495 3014 1550 moribus
3041 1488 3253 1561 oporte't
3272 1488 3477 1579 obtem-

1899 1578 2075 1671 peres.
2105 1598 2215 1668 96
2241 1596 2323 1650 Tu
2376 1606 2502 1648 vero
2522 1594 2542 1624 '
2569 1588 2834 1645 volventis
2863 1595 2996 1641 rotte
3048 1584 3302 1650 impetum
3343 1578 3475 1635 reti-

1900 1668 2031 1747 nere
2059 1686 2304 1744 conaris?
2335 1684 2402 1737 At
2425 1683 2664 1737 omnium
2698 1676 3001 1733 mortalium
3030 1670 3402 1727 Stolidissime:
3430 1668 3475 1722 si

1906 1795 2122 1837 manere
2148 1776 2352 1847 incipit,
2386 1785 2409 1823 ι
2435 1773 2545 1828 fors
2574 1786 2693 1827 esse
2723 1770 2957 1825 desistit.

2286 1867 2391 1937 97
2431 1862 2713 1919 METRUM
2757 1865 2773 1885 α
2812 1857 3098 1915 ramum.

1910 1962 2299 2016 Auceussrou.
2320 1986 2389 1997 —
2412 1955 2643 2009 Fortuna
2678 1954 2841 2005 instar
2864 1947 3070 2015 Euripi,
3102 1942 3354 1999 instabilis
3376 1958 3475 1995 non

1980 2032 2145 2082 solum
2172 2030 2363 2094 plures,
2387 2027 2477 2078 sed
2506 2023 2733 2077 eamdem
2756 2021 3008 2073 hominem
3031 2017 3180 2069 unius
3200 2016 3338 2067 liora:
3354 2027 3475 2080 spa-

1984 2103 2055 2153 tio
2083 2100 2227 2169 erigit
2257 2096 2611 2166 deprimitque.

2056 2190 2181 2243 llzec
2209 2201 2328 2240 cum
2361 2186 2584 2252 superba
2616 2180 2836 2235 verterit
2865 2179 3009 2230 vices
3034 2175 3238 2238 dextra,

2060 2278 2414 2335 Extestuantis
2442 2288 2589 2328 more
2621 2273 2783 2325 fertur
2812 2267 2992 2334 Euripi
3019 2280 3032 2328 ;

1568 2392 2123 2449 INTERPRETATIU

316 2526 340 2553 ι
367 2513 615 2569 Fortuna:
638 2515 808 2567 sarias
838 2514 1045 2581 formas.

313 2586 337 2623 δ
367 2585 671 2638 Fortunam.

316 2666 337 2693 ε
368 2655 615 2722 Ejusdem
648 2656 890 2707 fortunat.

317 2724 339 2761 ά
372 2723 621 2789 Regnum.

321 2804 341 2830 θ
368 2792 676 2862 Injuriosus.

1994 2506 2010 2544 τ
2048 2506 2101 2559 Ν
2104 2506 2349 2574 auigares.

1992 2586 2017 2623 ε
2046 2574 2297 2629 Fortuna.

1998 2645 2094 2700 Ubi
2122 2648 2228 2698 haec
2258 2644 2466 2697 fortuna
2490 2640 2811 2695 alternaverit
2836 2639 2964 2692 uices
3003 2652 3155 2689 manu
3196 2633 3467 2703 imperiosa

1918 2716 2103 2770 eadem
2134 2716 2334 2781 rapitur
2363 2715 2523 2781 instar
2544 2709 2729 2775 Euripi
2740 2780 2745 2781 ί
2766 2708 3106 2781 exundantis;
3139 2703 3349 2759 fortuna
3375 2718 3480 2781 cru.

1926 2787 2053 2839 dalis
2093 2771 2357 2837 concaleat
2397 2779 2559 2835 subito
2588 2771 2838 2849 principes
2873 2778 3184 2840 metuendos,
3227 2784 3273 2826 et
3313 2771 3482 2826 statim

1753 2897 1978 2954 ΝΟΤᾹΞ.

258 3024 431 3072 eventu
456 3016 805 3079 commoveri,
855 3017 957 3070 nisi
989 3016 1075 3070 hic
1096 3031 1266 3071 novus
1314 3015 1472 3070 fuerit
1500 3021 1554 3068 et
1591 3013 1814 3068 inusita-

258 3096 349 3141 tus.
379 3088 534 3155 Atqui
555 3088 685 3139 nihil
711 3088 794 3139 hic
824 3088 967 3150 novi,
997 3087 1122 3139 nihil
1150 3088 1383 3141 inusitati
1411 3102 1424 3138 :
1453 3100 1574 3139 cum
1602 3098 1816 3151 semper

260 3166 306 3211 et
332 3157 523 3225 ubique
548 3156 758 3210 fortuna
785 3156 940 3209 fuerit
971 3158 1022 3210 in
1046 3171 1138 3209 sua
1170 3158 1518 3210 mutabilitate
1539 3164 1812 3225 constans,

1991 3012 2127 3065 Area
2168 3018 2342 3062 autem
2374 3006 2570 3060 dicitur
2600 3004 2745 3059 locus
2774 3017 2973 3058 vacuus
3002 3018 3016 3053 :
3044 3002 3192 3069 quasi
3223 3000 3465 3054 exarueri

1921 3096 2020 3136 nec
2049 3079 2520 3148 possitquidquam
2550 3087 2827 3148 generate.
2873 3072 2963 3148 Sic
3008 3068 3247 3148 vicinitas
3300 3068 3488 3148 aedium

1921 3140 2122 3204 aedibus
2149 3140 2341 3203 vacans
2371 3148 2569 3201 dicitur
2596 3159 2734 3199 area.
2755 3142 2844 3197 Sic
2869 3144 3028 3197 etiam
3047 3141 3194 3194 locus
3219 3140 3489 3193 frumentis

261 3237 312 3280 ut
338 3208 474 3280 nunjc
496 3208 783 3294 esperiris.
835 3208 1021 3291 Quare
1048 3208 1267 3280 tantum
1298 3208 1468 3289 abest,
1504 3208 1573 3277 ut
1614 3208 1819 3277 fortuna
1848 3221 1893 3283 C
1926 3221 2159 3294 terendis
2180 3220 2473 3294 destinatus
2498 3226 2884 3294 vocaturarea.
2912 3212 3083 3294 Potuit
3112 3220 3289 3294 autem
3317 3208 3490 3262 Philo-

261 3295 367 3350 btec
390 3297 640 3351 debuerit
660 3296 752 3348 tibi
780 3311 899 3349 esse
932 3297 1061 3348 tanti
1085 3310 1244 3349 causa
1276 3296 1540 3357 maeroris,
1566 3302 1623 3348 ut
1652 3296 1824 3361 potius

262 3367 438 3419 eadem
490 3365 893 3432 tranquillitatis
931 3380 1091 3419 causa
1144 3380 1263 3419 esse
1289 3367 1594 3418 debuisset:
1623 3366 1825 3433 reliquit

262 3437 384 3487 enim
406 3446 473 3500 te,
519 3451 678 3501 quam
726 3451 826 3487 non
872 3435 1163 3488 relicturam
1202 3451 1348 3488 nemo
1383 3450 1602 3502 unquam
1645 3437 1827 3502 poterit

264 3520 361 3558 esse
384 3520 597 3559 securus
633 3518 655 3558 :
710 3504 817 3557 imo
846 3514 1001 3571 quam
1032 3520 1150 3559 esse
1174 3505 1433 3558 abituram
1480 3514 1657 3558 certus
1708 3518 1826 3558 esse

263 3573 410 3653 debet
463 3574 947 3653 prudens,_quippe
983 3574 1075 3653 qui
1105 3575 1279 3653 etiam
1324 3574 1823 3653 futuramprospicit.

264 3641 355 3696 Hic
413 3658 575 3710 porro
633 3641 931 3696 addendum
986 3644 1275 3703 duntat'at.
1342 3658 1436 3697 cur
1490 3644 1827 3713 Philosophia

263 3726 397 3783 nunc
425 3714 570 3766 dicat
599 3716 717 3783 eieci
738 3713 962 3766 numinis
987 3714 1245 3783 ambiguos
1268 3714 1430 3783 vultus
1455 3716 1478 3766 ?

328 3781 564 3835 Fortuna
588 3782 836 3835 nimirum
864 3783 1093 3847 antiquis
1114 3781 1246 3848 erat,
1286 3782 1339 3836 1⁸
1368 3783 1579 3850 quidem
1603 3796 1820 3844 numen,

264 3852 399 3930 quod
430 3852 690 3930 ignoratis
722 3851 947 3920 plurium
988 3852 1295 3905 effecturum
1343 3853 1537 3918 causis,
1590 3853 1701 3904 lure
1727 3866 1828 3904 non

265 3920 935 4001 nisi_afortuna,nqnam
987 3933 1263 4001 propterea
1307 3937 1501 3975 numen
1550 3922 1829 3987 vocabant,

264 3991 391 4059 oriri
435 4005 600 4059 posse
652 3990 1061 4043 arbitrabantur.
1112 3992 1175 4043 2°
1206 3990 1405 4043 Numen
1464 4005 1681 4051 caseum,
1718 3991 1831 4043 sive

261 4058 397 4125 quod
442 4058 665 4114 temere
710 4074 848 4112 nunc
900 4060 1096 4125 probos
1144 4060 1316 4119 malis,
1370 4076 1509 4113 nunc
1565 4060 1832 4128 improbus

262 4128 410 4182 bonis
430 4129 703 4192 afﬁceret;
755 4132 866 4182 sive
901 4130 1058 4182 etiam
1090 4130 1228 4197 quod
1257 4143 1349 4182 eos
1380 4131 1687 4198 plerumque
1711 4129 1831 4182 effi-

262 4208 403 4279 ceret
431 4212 610 4252 caecos
639 4212 771 4279 quos
814 4200 1280 4279 complecteretur.
1323 4201 1383 4251 5ο
1418 4199 1615 4251 Numen
1640 4214 1832 4266 gerens

260 4269 765 4346 ambiguoshvnltus,
790 4270 927 4336 quod
947 4270 1253 4346 saniinsmr
1281 4270 1506 4335 globosi,
1527 4270 1609 4322 cui
1638 4270 1833 4321 idcirco

263 4338 509 4390 insistere
538 4338 854 4405 fingebatur,
888 4338 1137 4391 volubilis
1179 4352 1312 4406 quos
1340 4340 1493 4405 paulo
1539 4350 1661 4393 ante
1683 4338 1835 4391 beni-

259 4420 361 4473 gno
412 4409 565 4460 vultu
614 4416 865 4460 erexerat
916 4409 979 4459 ad
1031 4410 1272 4475 gloriam,
1305 4409 1521 4461 eosdem
1554 4423 1739 4463 severo
1766 4408 1831 4460 ad

263 4476 535 4558 infamiam
597 4476 914 4558 traduseret.
970 4478 1059 4532 Sic
1100 4478 1280 4530 llorat.
1334 4478 1403 4530 de
1445 4478 1589 4547 Gyge
1640 4477 1835 4532 cecinit

260 4546 431 4598 Carm.
470 4546 510 4600 Ι.
543 4560 601 4608 ll,
630 4546 718 4597 od.
743 4546 814 4599 5:

506 4638 663 4691 Quem
684 4638 729 4683 si
750 4634 1016 4695 puellarum
1041 4636 1289 4683 insereres
1311 4637 1458 4684 choro

512 4696 638 4761 mire
669 4694 871 4761 sagaces
890 4694 1082 4743 falleret
1102 4697 1337 4761 hospites,

570 4757 846 4805 Disicritnen
870 4763 1125 4804 obscurum
1144 4760 1315 4807 solutis

571 4818 797 4870 Crinibus
820 4820 1144 4879 ambiguoque
1167 4819 1319 4868 vultu.

339 4903 366 4979 ,⁸
424 4902 695 4979 Postremo
748 4919 896 4979 atquo
926 4905 1117 4979 animo,
1160 4904 1288 4973 etc.]
1340 4906 1519 4958 Altera
1562 4904 1841 4959 rhetoricae

257 4973 587 5043 ratiuncula.
613 4987 729 5040 quae
760 4974 835 5025 sic
888 4974 1098 5025 videtur
1129 4988 1286 5041 posse
1325 4976 1571 5043 exprimi.
1611 4977 1841 5040 Quicun-

254 5054 358 5121 que
385 5056 514 5095 sese
544 5042 766 5121 alterius
785 5045 912 5111 jttgo
940 5054 1116 5109 sponte
1154 5042 1405 5121 submisit,
1440 5047 1483 5097 is
1527 5060 1702 5098 mores
1726 5046 1841 5111 ejus

259 5112 540 5184 patienter
560 5112 712 5175 ferat,
760 5125 1103 5184 necesseest
1128 5128 1162 5184 χε
1196 5114 1416 5184 injurias
1463 5115 1654 5181 alioqui
1688 5116 1844 5181 fuerit

253 5194 373 5258 cum
432 5181 563 5241 sibi,
620 5190 729 5258 tum
781 5197 876 5258 suo
932 5183 1194 5258 principi:
1231 5181 1452 5252 principi
1499 5186 1745 5252 quidem,
1797 5186 1842 5238 si

254 5249 418 5302 eidem
462 5251 705 5330 manendi
755 5252 1068 5330 obeundique
1107 5249 1279 5330 legent
1309 5249 1421 5305 velit
1448 5249 1662 5307 scribere
1694 5270 1713 5307 :
1742 5255 1844 5307 sibi

256 5332 404 5381 vero,
435 5323 481 5370 si
512 5321 1035 5399 impatientiasortem
1062 5321 1345 5399 exacerbat,
1372 5342 1522 5393 quant
1558 5335 1845 5393 permutare

253 5402 351 5439 non
385 5390 576 5463 possit.
606 5390 693 5443 Sic
724 5393 1039 5463 navigantes
1070 5405 1121 5444 et
1171 5390 1567 5457 seminatores,
1595 5395 1735 5463 quod
1788 5408 1846 5448 se

253 5470 463 5534 suaque
492 5458 1194 5534 eleinentis“_eoiiimiserint,
1218 5464 1292 5534 ad
1311 5475 1495 5517 nutum
1530 5458 1630 5516 non
1659 5464 1845 5534 appel-

254 5525 388 5593 lunt,
413 5534 748 5606 metuntque.
778 5528 910 5582 Cum
943 5531 1120 5606 igitur,
1153 5548 1185 5583 ο
1214 5533 1382 5600 Booti,
1412 5544 1459 5587 te
1476 5525 1848 5606 fortuna-'jugo

253 5596 795 5677 spontesubniiseris;
837 5596 1035 5652 sumtu
1066 5600 1327 5677 fortunam
1367 5596 1626 5656 dominam
1670 5596 1848 5673 εροιῖιι

253 5664 511 5742 elegeris;
530 5682 640 5719 cum
665 5669 884 5742 fortuna
904 5664 1247 5742 teregendum
1274 5673 1490 5738 dederis,
1511 5690 1653 5742 atquo
1681 5664 1849 5727 animo

252 5734 444 5817 (pietas
472 5745 692 5817 oportet,
719 5738 969 5808 quidquid
1002 5734 1137 5817 intra
1181 5742 1400 5809 fortuna:
1423 5734 1588 5796 aream
1625 5745 1812 5814 geritur
1837 5758 1854 5807 ,'

232 5803 483 5858 domina:
511 5803 738 5860 moribus
765 5803 959 5869 oportet
990 5803 1308 5876 obtemperes.

1926 3291 2111 3358 sophia
2142 3300 2359 3358 propter
2386 3287 2541 3355 hujus
2567 3282 2738 3338 ultimi
2765 3283 2864 3336 loci
2893 3281 3319 3358 similitudinem,
3343 3294 3492 3332 mun-

1926 3349 2053 3415 du'm
2076 3349 2217 3413 hu'nc
2237 3349 2505 3425 appellare
2531 3358 2755 3425 fortuna:
2776 3368 2945 3425 aream
2962 3349 3109 3425 quod
3136 3352 3273 3403 sicut
3290 3350 3349 3425 _in
3375 3364 3493 3401 area

1930 3432 2247 3484 frumentum
2270 3417 2538 3487 a'tritore,
2560 3424 2637 3478 sic
2660 3426 2709 3476 in
2742 3423 2940 3475 mundo
2962 3417 3204 3474 homines
3225 3434 3252 3471 a
3286 3417 3493 3471 fortuna

1928 3515 2068 3554 nunc
2124 3499 2229 3552 buc
2282 3513 2421 3552 nunc
2470 3497 2591 3549 illnc
2648 3494 2996 3564 prosperitate
3046 3490 3128 3544 vel
3175 3488 3495 3543 adversitate

1928 3577 2226 3623 versentur.

2026 3642 2047 3672 ³
2080 3637 2334 3692 Volventis
2354 3634 2520 3705 rotas]
2547 3632 2835 3705 Fortunae;
2866 3631 3084 3705 Veteres
3123 3629 3315 3705 quippe
3337 3627 3497 3681 furtu-

1931 3723 2074 3772 nam,
2122 3723 2227 3760 non
2267 3706 2427 3760 modo
2468 3700 2665 3758 caecam
2696 3710 2751 3755 et
2791 3701 2990 3772 furenti
3028 3700 3277 3760 similem.
3310 3712 3496 3772 verum

1932 3766 2089 3832 etiam
2125 3776 2341 3829 volubili
2388 3788 2517 3830 saxo
2563 3773 2878 3839 pendentem
2910 3770 3187 3839 effinxere,
3220 3766 3361 3835 quod
3393 3768 3499 3820 for-

1933 3856 2057 3900 tuna
2099 3846 2285 3899 iisdem
2338 3837 2610 3897 videretur
2636 3842 2812 3895 omnia
2854 3853 2959 3892 non
3008 3837 3179 3891 solum
3210 3845 3408 3889 temere
3447 3842 3501 3889 et

1935 3930 2079 3971 οςυοο
2108 3918 2307 3983 impetu
2350 3913 2725 3983 administrare
2753 3908 3188 3983 bonisadversa,
3213 3904 3387 3983 malis
3407 3903 3501 3956 ho-

1933 3986 2164 4040 minibus
2186 3975 2470 4053 "prospera,
2493 3982 2599 4053 sed,
2619 3984 2783 4053 instar
2820 3977 2963 4047 globi
3006 3975 3502 4053 vaga,_necessitate

1932 4056 2158 4124 quadam
2194 4046 2412 4108 'natu'rte
2467 4052 2651 4124 volvi:
2696 4049 2829 4124 adeo
2868 4058 2925 4100 ut
2974 4062 3077 4124 non
3115 4046 3335 4124 minoris
3360 4052 3502 4095 esset

1933 4116 2195 4193 stultitiae,
2232 4126 2475 4184 fortnam,
2509 4121 2665 4186 qua’m
2688 4192 2694 4193 γ
2720 4118 2952 4193 siderum
2995 4116 3243 4171 reluctari
3277 4126 3502 4168 conver-

1933 4188 2191 4249 sionibus.
2234 4194 2522 4261 Propterea
2552 4192 2782 4257 Baptista
2814 4188 3115 4241 Mantuam:

2084 4286 2251 4336 Fidite
2276 4286 2465 4345 virtuti,
2487 4282 2673 4332 fortuna
2691 4280 2909 4341 fugacior
2927 4277 3070 4327 undis

2085 4348 2190 4395 Non
2214 4354 2396 4394 manet.

2004 4428 2033 4463 ⁸
2057 4428 2207 4494 Quod
2232 4438 2418 4480 vocant
2446 4424 2727 4478 iambic’um
2760 4420 3191 4491 "ypponaclium.
3219 4415 3313 4468 Est
3332 4426 3506 4468 autem

1940 4513 2156 4551 carmen
2194 4508 2443 4551 οοιιδιίιιιε
2486 4511 2550 4548 CX
2591 4510 2695 4546 Ullf)
2734 4506 2931 4561 genere
2971 4501 3255 4561 \'Cl’Slllllll_._
3282 4500 3509 4561 quorum

1870 4574 1921 4633 Ι)
1947 4568 2166 4636 quilibet
2195 4581 2290 4620 sex
2323 4566 2543 4633 pedibus
2572 4555 2854 4636 constans,
2890 4555 3346 4636 paribus_quidetn
3381 4558 3509 4608 iam-

1947 4625 2091 4703 lium,
2125 4625 2414 4705 imparibus
2438 4649 2565 4689 vero
2586 4632 2878 4703 spondeum
2891 4625 3095 4698 'szepius
3118 4625 3297 4680 habet.

2016 4732 2069 4784 1.
2111 4728 2323 4783 Verterit
2350 4724 2522 4796 vices.]
2570 4726 2697 4791 Qum
2736 4723 2973 4796 alternis
2996 4720 3108 4774 fieri
3149 4720 3355 4796 solent.
3401 4715 3512 4796 hate

1946 4800 2273 4867 appellamus
2311 4798 2442 4850 uices
2474 4786 2645 4851 {hinc
2679 4794 2895 4867 vicjssim
2926 4792 3064 4845 idem
3099 4790 3239 4867 quod
3283 4786 3507 4867 alternis.

1946 4858 2179 4923 Fortuna
2209 4878 2388 4921 autem
2422 4874 2637 4934 prepter
2660 4864 2885 4917 nativam
2918 4877 3069 4915 suam
3102 4858 3511 4934 inconstantiam

1947 4941 2124 4992 omnia
2153 4938 2370 4991 alternis
2399 4926 2589 5000 mutat,
2621 4934 2782 4988 modo
2808 4934 3065 5003 pluribus,
3094 4930 3251 4983 modo
3274 4926 3362 4979 uni
3393 4938 3514 5003 pros

1947 5024 2101 5076 spera
2142 5017 2197 5061 et
2234 5007 2461 5059 adversa
2493 5022 2508 5059 :
2539 5005 2679 5066 quod
2719 5002 3174 5076 ita_’frequ_ens_et
3212 5007 3430 5075 notum”
3459 5002 3516 5047 ut

1948 5064 2120 5133 L'atini
2161 5078 2417 5145 fortunam
2458 5064 2724 5143 appellent
2750 5074 2904 5127 uicem
2930 5064 2947 5125 ἓ
2977 5064 3514 5145 itaCiceropassim.

1948 5149 2092 5213 mihi,
2120 5138 2310 5215 inquit,
2341 5138 2542 5199 necesse
2567 5154 2638 5197 est
2668 5155 2711 5197 et
2742 5158 2904 5196 meam
2925 5151 2968 5194 et
2988 5138 3383 5215 aliorum‘vi‘cem
3404 5149 3516 5203 per-

1950 5208 2207 5271 timescere
2226 5232 2243 5268 :
2270 5208 2414 5268 ualde
2438 5226 2483 5268 et
2506 5232 2670 5268 meam
2697 5224 2741 5268 et
2767 5222 2983 5266 vestram
3011 5212 3166 5262 vicem
3198 5208 3361 5258 doleo.

2024 5287 2074 5343 1,
2107 5286 2299 5339 Dextra
2329 5284 2591 5355 superba]
2632 5286 2759 5340 Pars
2793 5298 2887 5355 pro
2918 5291 3066 5335 toto:
3101 5277 3309 5355 fortuna
3338 5279 3515 5355 autem

1950 5357 2168 5411 lloralio
2213 5366 2269 5410 et
2312 5342 2429 5409 aliis
2471 5342 2662 5410 diciiur
2705 5342 2970 5423 superba;
3026 5347 3165 5423 quo_d_
3219 5342 3520 5423 Ιισιιιιῐηίὺιις

1951 5428 2140 5555 ἷῖιῖῗιι,
2169 5426 2357 5551 11οΞοέΞά
2385 5438 2572 5481 nutum
2608 5412 2848 5478 videaiur
2876 5412 3079 5489 regere.
3112 5417 3201 5471 Sic
3228 5414 3431 5467 Seneca
3463 5412 3515 5465 iu

2005 5516 2033 5549 ιε
2074 5537 2112 5555 ..
2144 5512 2195 5550 v.
2301 5498 2333 5552 ὅ
2363 5515 2373 5550 :

1981 5497 2112 5563 led.,
2144 5512 2195 5550 v.
2227 5497 2333 5552 205
2363 5515 2373 5550 :

2080 5589 2300 5650 Sceptris
2322 5587 2557 5650 superbas
2576 5582 2791 5646 quisquis
2809 5579 3018 5629 admovit
3038 5589 3224 5626 manus.

2028 5672 2085 5726 Ξ.
2117 5671 2459 5726 Επωειιιαηιὶδ
2498 5662 2726 5736 Euripi.]
2769 5664 2994 5736 Euripus
3020 5674 3123 5736 vos
3154 5660 3340 5714 Grmca
3361 5657 3523 5736 sigpi-

1966 5746 2128 5796 ficans
2157 5740 2370 5796 fretum.
2406 5729 2640 5807 Duplici‘s'
2667 5729 2750 5789 est
2773 5733 2984 5807 generis
3015 5748 3027 5784 :
3059 5730 3192 5807 alius
3224 5738 3360 5794 arte,
3392 5729 3525 5783 alius

1968 5821 2152 5867 natura
2187 5811 2370 5865 factus.
2407 5810 2466 5861 1ο
2493 5801 2726 5873 Euripus
2754 5801 3095 5870 artificiosus,
3114 5806 3297 5858 alveus
3316 5808 3399 5857 est
3423 5815 3525 5857 mw
