3984 6382
497 339 598 395 667

1708 340 1811 394 ΔΝ.
1855 341 2057 396 MANL.
2100 342 2249 398 SEV.
2293 343 2513 398 BOETII

3644 350 3746 408 666

498 454 629 508 riam
659 461 829 519 putes.
858 450 941 504 An
974 458 1029 503 tu
1076 459 1101 486 ιι
1147 462 1323 505 mores
1366 450 1647 518 ignorabas
1692 453 1875 506 meos?
1915 453 1931 484 ⁸
1967 452 2068 507 Ne-
2093 457 2147 516 Α
2172 470 2202 507 a
2235 462 2287 507 te
2315 470 2419 508 non
2449 463 2554 509 tota
2577 456 2798 511 discessi
2819 456 2842 509 ἲ
2863 457 2999 524 Quid
3029 459 3073 512 si
3103 460 3214 515 haec
3243 462 3354 530 Ipsa
3387 462 3492 516 mei
3521 463 3747 518 mutabi-

497 543 702 598 sciebas
749 541 990 596 Crmsnm
1026 555 1206 610 regem
1253 540 1518 610 Lydorum
1566 541 1706 611 Cyro
1751 542 1907 610 paulo
1946 552 2068 598 ante

497 635 907 699 formidabilem,
934 648 1057 688 mox
1089 633 1282 687 deinde
1303 633 1662 687 miserandum
1691 634 1802 702 rogi
1839 632 2066 688 ﬂammis

496 726 781 787 traditum,
831 725 996 778 misso
1047 725 1258 778 etclitus
1311 724 1481 778 imbre
1532 722 1856 778 defensum?
1909 724 2062 793 103

496 814 518 844 '
562 812 697 866 Num
739 820 790 867 te
831 812 1070 881 praeterit
1107 812 1324 866 Paulum
1367 812 1557 866 Perses
1595 813 1736 880 regis
1783 825 1812 864 a
1838 827 1898 866 se
1922 813 2063 878 capti

495 901 524 941 δ
553 904 944 958 calamitatibus
980 904 1092 971 pias
1140 903 1465 968 impendisse
1507 901 1810 972 lacrymas?
1854 901 1875 931 ³
1923 900 2064 967 Quid

496 992 870 1059 tragoediarum
899 993 1102 1046 clamor
1128 991 1271 1047 aliud
1297 992 1478 1058 deﬂet,
1513 992 1610 1045 nisi
1640 992 1929 1045 indiscreto
1959 991 2068 1044 ictu

493 1084 758 1139 fcrtunain
787 1085 961 1138 felicia
985 1100 1145 1154 regna
1173 1085 1508 1140 vertentem?
1536 1084 1722 1138 Nonne
1749 1082 2065 1137 adolescen-

493 1175 634 1228 tulns
668 1185 690 1213 ο
729 1173 751 1205 ⁸
791 1174 882 1229 δύο
921 1177 1042 1233 τοὺς
1067 1175 1265 1239 πίθους,
1306 1175 1389 1228 τὸν
1422 1176 1511 1243 μὲν
1540 1174 1628 1227 ἕνα
1661 1179 1844 1233 κακῶν,
1886 1174 1972 1226 τὸν
2013 1169 2067 1225 δὲ

491 1263 656 1332 ἕτερον
694 1266 880 1327 καλῶν,
933 1263 984 1315 in
1032 1261 1185 1316 Jovis
1225 1262 1308 1329 (5)
1354 1261 1538 1315 limine
1578 1259 1758 1329 jacere
1799 1258 2067 1312 didicisti?

491 1351 623 1417 Quid
655 1353 700 1406 si
731 1352 945 1406 uberius
969 1351 1036 1406 de
1058 1351 1322 1408 bonorum
1349 1360 1498 1420 parte
1526 1349 1834 1419 sumpsisti?
1857 1349 1992 1414 Quid
2018 1350 2062 1402 si

2178 546 2297 602 litas
2331 548 2472 617 justa
2518 547 2612 602 tibi
2651 563 2808 603 causa
2848 559 2930 604 est
2971 551 3222 619 sperandi
3251 552 3744 609 meliora‘l'Tamen

2175 640 2202 678 ἀ
2232 657 2299 696 ne
2331 641 2508 696 animo
2533 643 2882 696 contabescas
2901 683 2917 708 ,
2943 652 2998 698 et
3038 644 3171 698 intra
3193 659 3476 699 commune
3501 646 3746 702 oumibus

2174 746 2396 800 regnum
2426 732 2652 794 locatus,
2687 731 2904 801 proprio
2923 732 3045 802 jure
3074 734 3255 788 vivere
3277 733 3570 789 desideres.

2723 905 3016 962 METRUM
3053 908 3084 943 δ’
3123 909 3182 964 ll.

2178 1010 2330 1090 105
2349 1014 2931 1090 Ancuusuruu.—_—Quo
2953 1019 3139 1087 major,
3161 1020 3324 1086 inquit
3341 1023 3570 1090 fortuna,
3595 1035 3745 1088 apum

2243 1083 2594 1155 honorumque,
2606 1087 2847 1147 accessio,
2877 1103 2933 1138 eo
2956 1083 3138 1155 magis,
3168 1083 3419 1144 crescente
3455 1083 3744 1145 earumdem

2245 1152 2543 1220 cupiditate,
2575 1154 2724 1208 homo
2757 1157 2949 1208 videtur
2978 1152 3143 1228 egere.

2316 1263 2369 1318 Si
2397 1277 2624 1331 quantas
2654 1267 2851 1334 rapidis
2877 1267 3089 1324 ﬂatibus
3118 1269 3308 1325 incitus

2389 1352 2590 1408 Pontus
2618 1365 2795 1409 versat
2815 1370 3027 1419 arenas,

1818 1502 2416 1572 llNTERPRETATIO.

557 1647 583 1675 ι
617 1637 785 1689 Meam
810 1635 1019 1689 ludendi
1041 1633 1472 1688 consuetudinem.

555 1705 582 1744 δ
615 1707 847 1760 Miserius
873 1707 1066 1774 ﬂevisse
1095 1721 1196 1757 non
1227 1706 1332 1755 sine
1361 1705 1566 1774 pietate.

559 1787 580 1815 ⁸
614 1776 730 1828 Duo
760 1771 920 1840 dolia,
946 1775 1321 1842 unumquidem
1349 1772 1618 1838 malorum,
1651 1771 1868 1825 alterum
1895 1780 2065 1826 autem

488 1846 750 1899 bonorum.

2243 1633 2268 1670 ά
2309 1637 2566 1707 Quidquid
2591 1643 2680 1693 sit.

2251 1707 2491 1768 Quamvis
2512 1713 2733 1762 maxima
2754 1711 2954 1786 ubertas
2977 1715 3161 1782 a/ferat
3187 1725 3292 1769 tam
3317 1719 3504 1772 multas
3524 1719 3748 1786 divitias,

2173 1789 2333 1828 manu
2363 1792 2624 1845 nunquam
2653 1793 2883 1856 cessante
2908 1783 3150 1856 fundere,
3177 1803 3331 1856 quam
3360 1789 3549 1842 multas
3569 1783 3749 1844 arenas

2176 1861 2315 1898 mare
2342 1859 2649 1902 commotum
2676 1853 3044 1908 vehementibus
3072 1853 3229 1910 ventis
3263 1857 3411 1910 volvit
3435 1874 3456 1923 ,°
3482 1869 3572 1911 aut
3597 1871 3772 1929 quam)

2000 1973 2232 2032 NOTA'I.

485 2109 723 2164 favorem
752 2124 768 2163 :
798 2107 892 2163 sed
916 2107 1203 2175 procellam
1228 2121 1332 2160 non
1354 2113 1543 2174 putant
1572 2105 1818 2175 injuriam
1844 2123 1858 2161 :
1889 2122 2058 2176 quare

485 2195 635 2248 ergo,
663 2179 831 2246 inquit
858 2177 1085 2238 fortuna,
1118 2192 1208 2228 nos
1235 2179 1300 2228 ad
1322 2176 1662 2248 constantiam
1687 2178 1874 2248 nostris
1901 2179 2056 2248 mori:

485 2246 575 2301 bus
616 2249 856 2312 alienant,
902 2248 1160 2315 inexpleta
1202 2247 1472 2315 hominum
1492 2246 1744 2310 cupiditas
1773 2246 2056 2315 alligabit?

486 2317 561 2372 De
587 2319 708 2370 ludo
737 2326 791 2371 et
819 2317 884 2369 de
909 2326 1018 2369 rota
1045 2314 1268 2368 fortuna!
1294 2315 1397 2379 jam
1425 2314 1623 2368 dictum
1656 2323 1739 2367 est
1769 2314 1868 2368 hoc
1892 2315 2048 2368 libro.

486 2387 582 2441 llic
609 2395 784 2440 autem
814 2385 1025 2439 fortuna
1047 2385 1240 2437 dicitur
1269 2384 1445 2437 ludum
1466 2384 1640 2436 ludere
1659 2401 1677 2448 ;
1695 2383 1835 2437 sicut
1854 2384 2056 2438 Teren-

485 2458 588 2511 tius
605 2452 751 2509 'dixit
781 2459 999 2524 gaudere
1022 2454 1292 2522 gaudium,
1311 2455 1496 2508 Cicero
1520 2458 1704 2507 servire
1733 2454 2055 2520 servitutem;

485 2527 673 2591 vulgus
701 2527 858 2578 vivere
890 2526 1064 2577 vitam.

582 2589 602 2626 ί
635 2594 904 2650 Nesciebas
931 2590 1198 2664 Crannon]
1226 2589 1455 2664 iCraasus
1485 2591 1698 2646 ultimus
1724 2607 1815 2664 rex
1849 2591 2050 2660 Lydiai,

485 2665 801 2731 ditissimus,
851 2681 879 2718 a
904 2666 1048 2734 Cyro
1077 2662 1504 2734 rcgéPersarum
1534 2665 1703 2715 victus
1747 2662 1870 2725 fuit;
1901 2679 2053 2734 cum-

485 2749 589 2802 que
618 2736 806 2788 iterum
841 2732 1168 2796 rebellasset,
1203 2732 1502 2798 iterumque
1528 2734 1698 2802 victus
1727 2743 1888 2793 esset,
1919 2733 2055 2800 igni-

483 2801 584 2856 bus
631 2803 892 2865 addictus.
945 2803 1014 2856 de
1062 2817 1188 2870 pyra
1237 2803 1509 2863 clamavit,
1558 2817 1590 2852 o
1635 2801 1822 2865 Solon,
1869 2802 2053 2868 Solon,

481 2874 642 2926 Soleo
668 2889 682 2936 ;
714 2875 1072 2941 interrogante
1101 2870 1258 2940 Cyro,
1292 2873 1410 2938 quis
1438 2871 1528 2924 ille
1556 2871 1718 2924 Solon
1747 2881 1890 2926 esset
1918 2913 1932 2935 ,
1982 2873 2050 2925 ait

481 2943 744 2996 Croesus:
782 2943 947 2996 Solon
982 2941 1060 2994 vir
1103 2941 1531 3006 S‘JplCﬂllSSlll‘lllS
1557 2943 1681 2992 olim
1728 2956 1814 2993 me
1856 2942 2059 2994 monuit

483 3011 747 3067 neminem
787 3026 904 3065 esse
936 3013 987 3064 in
1027 3014 1123 3062 bac
1151 3011 1258 3063 vita
1301 3009 1530 3070 felicem,
1560 3010 1700 3078 quod
1733 3026 1872 3064 nunc
1899 3026 2059 3074 expe-

484 3083 610 3134 rior.
635 3081 784 3135 Τιιι.ο
807 3080 975 3148 Cyrus
998 3080 1307 3132 Varietatem
1341 3080 1563 3132 fortuna:
1589 3081 1847 3144 cngilatts,
1878 3082 2057 3145 ignem

485 3165 640 3218 quem
683 3153 739 3218 ju
773 3158 916 3203 serat
957 3149 1243 3214 exstingui,
1273 3148 1406 3202 vidit
1453 3149 1590 3202 coelo
1635 3148 1927 3203 famulante
1975 3166 2059 3203 re-

2160 2123 2275 2165 ram
2301 2113 2353 2166 in
2387 2116 2544 2169 terris
2572 2123 2771 2171 sortem
2802 2116 3062 2174 habitura:
3090 2135 3105 2172 :
3135 2121 3277 2190 quod
3307 2121 3573 2180 Homerus
3593 2125 3746 2181 Iliad.

2161 2222 2202 2254 ω
2235 2200 2311 2254 sic
2336 2206 2601 2272 expressit
2633 2223 2647 2258 :

2281 2290 2528 2362 Praeterea
2553 2297 2773 2362 posuisse
2795 2295 2969 2362 Jovem
2993 2298 3090 2347 duo
3113 2312 3227 2362 vasa
3249 2301 3504 2362 loquuntnt

2281 2351 2411 2417 gnte
2437 2351 2569 2402 fores
2591 2357 2840 2417 primoque
2862 2358 3034 2408 domus
3057 2362 3105 2408 in
3127 2360 3292 2409 limine
3315 2351 3452 2414 caeli;

2285 2413 2404 2484 Qum
2425 2417 2522 2484 sint
2548 2413 2826 2484 muneribus
2850 2419 3021 2484 dandis
3043 2420 3328 2484 mortalibus
3351 2413 3510 2484 tegit?

2282 2472 2452 2540 Plena,
2477 2477 2614 2525 bonis
2633 2478 2777 2540 aliud,
2805 2478 3053 2540 peioribus
3077 2482 3190 2528 illud
3213 2472 3425 2533 abunde?

2280 2535 2537 2606 liquibus,
2561 2545 2613 2586 ut
2633 2539 2776 2606 voluit
2789 2535 2983 2602 ,‘D'eus,
3008 2544 3168 2606 omnia
3187 2546 3400 2606 sortibus
3422 2550 3581 2606 inquis

2281 2596 2538 2665 QIStribuit
2561 2603 2734 2658 generi
2761 2596 2983 2665 humano;
3006 2603 3146 2665 simul
3167 2605 3325 2652 omnia
3347 2596 3577 2665 miscens,

2280 2655 2418 2725 [Suae
2441 2655 2586 2725 bona,
2612 2672 2738 2725 nunc
2759 2661 2908 2720 mala;
2936 2655 3062 2710 nunc
3089 2663 3226 2725 laeva,
3251 2678 3379 2713 nunc
3404 2666 3544 2717 lance
3561 2655 3749 2718 seum-

2392 2718 2512 2792 mala
2537 2717 3002 2792 centigerint,_cnrm
3025 2725 3154 2792 hunc
3178 2717 3379 2792 eiponit
3396 2730 3602 2792 iniqua»,
3635 2717 3750 2792 [dit

2279 2778 2519 2844 Tristibus
2538 2778 2783 2844 aerumnis,
2807 2778 3071 2843 miserique
3098 2778 3346 2834 laboribus
3367 2788 3458 2838 avi
3481 2778 3494 2836 Ξ

2290 2840 2448 2911 104
2486 2848 2629 2902 Vivet
2654 2840 2782 2900 enim
2808 2866 2970 2915 neque
2990 2840 3086 2903 diis
3106 2861 3296 2918 gratus,
3320 2870 3484 2908 neaue
3510 2862 3748 2980 gﬂiltiius

3553 2935 3582 2970 u
3629 2936 3689 2970 is.

3553 2935 3689 2970 “IIIS.

2234 2988 2537 3042 Doctrinam
2582 2992 2718 3044 hanc
2747 2991 2994 3045 didicerat
3026 2994 3242 3049 Boetius
3277 2998 3701 3054 adolescentulus
3729 3017 3747 3054 :

2163 3059 2275 3112 sive
2313 3059 2434 3134 quia
2479 3061 2749 3134 athenis,
2790 3063 3000 3134 ubi_ab_
3035 3065 3396 3120 adolescentia
3437 3069 3744 3134 studuerat,

2164 3143 2289 3203 vasa
2325 3128 2442 3203 haec
2479 3131 2529 3203 in
2567 3130 2763 3203 templo
2794 3131 2940 3203 Jovis
2971 3131 3235 3200 descripta
3265 3128 3744 3203 proponebanturi

486 3199 639 3286 ista;
671 3199 1197 3287 {satiassatias
1228 3199 1615 3290 aestuasse
1639 3199 1776 3272 lib:
1794 3199 1867 3272 de
1882 3199 2061 3274 huc
2090 3214 2136 3275 C
2167 3199 3296 3290 Si‘Eﬁ‘iiﬁ3'39:Plﬁ'ﬂ'iétffulll99¢!“
3328 3199 3522 3260 Nerat-

487 3299 686 3352 septem
721 3304 832 3356 sap.

663 3378 880 3430 Clamore
904 3391 1079 3439 magno
1097 3383 1173 3426 ter
1196 3377 1422 3426 Solonem
1448 3384 1708 3439 nuncupat.

665 3443 767 3497 Qua
795 3454 911 3487 mre
933 3441 1080 3500 (Zyrus
1098 3447 1256 3488 motus
1276 3443 1519 3500 exstingui
1543 3441 1685 3498 jubet

670 3501 847 3563 gyrum
873 3514 959 3563 per
980 3513 1190 3563 omnem.
1217 3507 1268 3548 et
1290 3501 1472 3563 destrui
1497 3501 1752 3563 ardentem
1771 3511 1935 3563 pyram
1959 3515 1972 3550 :

662 3560 723 3608 Et
738 3562 1037 3608 commodum
1063 3560 1284 3621 profusus
1307 3562 1463 3610 imber
1487 3562 1697 3610 nubibus

669 3621 917 3682 Repressit
937 3623 1116 3682 ignem.

553 3705 573 3734 ¹
600 3698 741 3782 Nam
778 3711 825 3752 te
855 3699 1318 3782 p‘rteteritfaulum
1343 3699 1523 3755 Perses
1545 3701 1722 3782 regis.]
1753 3701 1914 3782 Perse
1935 3703 2063 3782 Phi:

489 3769 618 3842 lippi
651 3771 808 3834 illius,
841 3770 1059 3842 ultimus
1083 3771 1426 3842 Macedonum
1444 3787 1572 3842 rex,
1602 3769 1770 3825 victus
1793 3773 1892 3826 fuit
1915 3774 2054 3842 apud

485 3841 863 3894 Samothracas
900 3854 928 3892 a
971 3840 1133 3894 Paulo
1164 3840 1403 3906 Emilio,
1441 3841 1680 3893 Romano
1719 3840 1962 3906 consule,
2007 3851 2062 3897 et

481 3926 598 3962 cum
631 3911 751 3963 llliis
781 3910 832 3963 in
869 3910 1195 3980 triumphum
1225 3912 1417 3964 ductus
1445 3930 1458 3962 :
1494 3911 1630 3964 hunc
1661 3920 1718 3964 ut
1746 3923 1958 3980 captum
1991 3914 2057 3966 ad

481 3994 538 4033 se
566 3980 679 4046 rapi
709 3980 929 4033 vidisset
963 3979 1179 4041 Paulus,
1209 3982 1326 4046 ejus
1356 3981 1619 4033 fortunam
1655 3979 1936 4034 miseratus
1963 3982 2057 4035 ﬂe-

481 4051 574 4109 vit,
601 4059 656 4102 et
687 4049 926 4102 a~sidere
953 4049 1050 4100 sibi
1076 4049 1235 4116 jussit
1292 4053 1604 4102 l’lutarcbus
1633 4050 1682 4102 iu
1716 4051 1817 4103 viia
1849 4051 2056 4106 .Emilii

482 4121 649 4180 addit,
676 4119 875 4170 victum
910 4119 1102 4170 Perseu
1135 4118 1306 4170 inedia
1341 4134 1397 4172 se
1425 4121 1722 4174 confecisse
1747 4163 1762 4188 ,
1795 4132 1884 4174 aut
1909 4130 2056 4176 certe

483 4189 552 4240 ob
577 4196 816 4240 ereptum
849 4202 1092 4239 somnum
1128 4188 1413 4242 interiisse.

444 4306 449 4311 .
551 4255 572 4285 ³
603 4257 738 4318 Quid
771 4257 1130 4328 tragazdiarnnt
1162 4258 1401 4328 clamor.]
1425 4257 1704 4325 Tragmdia
1731 4267 1814 4312 est
1839 4274 2053 4314 carmen

483 4329 870 4392 gravissimum,
898 4342 1001 4392 quo
1030 4327 1324 4394 principum
1359 4329 1587 4380 virorum
1620 4329 1954 4383 calamitates
1983 4331 2056 4383 lu-

484 4404 669 4468 ctuoso
707 4397 1131 4468 quodainhexitit
1161 4399 1457 4450 terminatas
1495 4399 1886 4468 depingtmlur:
1919 4415 2051 4468 qua-

485 4466 721 4536 mobrem
747 4465 1000 4531 tragoedia
1033 4465 1209 4517 diﬂ‘ert
1239 4481 1267 4518 a
1301 4465 1584 4530 coutmdia,
1627 4465 1746 4536 quae
1772 4465 2054 4536 tranquillo

484 4534 710 4602 laetoque
731 4537 874 4588 exitu
897 4536 1196 4588 continetur
1216 4552 1228 4588 :
1248 4535 1386 4588 unde
1409 4537 1591 4589 Horat.
1614 4534 1653 4591 tt
1670 4538 1874 4605 Carm.,
1891 4534 1978 4592 (id.
1999 4540 2049 4593 1:
2080 4568 2134 4627 D

727 4624 926 4688 Paulum
949 4637 1139 4674 severae
1164 4626 1294 4674 Musa
1323 4628 1572 4688 tragcediaa

724 4686 860 4734 Desit
885 4687 1104 4735 theatris.
1255 4696 1257 4698 '

553 4767 685 4821 l-line
713 4770 996 4837 tragmdias
1032 4784 1248 4824 movere
1287 4769 1535 4823 dicuntur
1562 4771 1636 4824 illi
1665 4774 1755 4838 qui
1799 4773 2054 4826 tumultus

478 4840 734 4906 quosdam
765 4841 1001 4892 excitant
1030 4857 1042 4891 :
1089 4841 1170 4892 cui
1207 4840 1344 4893 favet
1375 4843 1606 4894 nominis
1635 4843 2005 4909 interpretatio
2037 4863 2049 4896 :

479 4909 789 4986 aiunteuiin
815 4910 1054 4986 nonnulli
1082 4911 1389 4986 tragoediam
1416 4911 1514 4986 dici
1541 4914 1690 4986 quasi
1712 4912 2052 4986 rpazwdiaua

477 4981 686 5052 τραχὺς
705 4994 868 5052 asper.
891 4979 1027 5046 quod
1055 4989 1177 5052 agat
1189 4983 1265 5052 de
1296 4983 1453 5052 rebus
1479 4979 1625 5033 duris
1649 4979 2060 5049 atqiie'asperis,

485 5049 559 5100 uti
593 5052 659 5100 de
684 5049 918 5101 caedibus
939 5065 1000 5101 ac
1027 5050 1284 5102 mortibus
1318 5050 1559 5103 heroum.
1598 5053 1882 5116 Propterea
1913 5067 2051 5107 nunc

477 5118 890 5190 meritoidicitur
911 5119 1275 5190 tragoediarum
1297 5124 1492 5172 clamor
1523 5123 1650 5173 nihil
1676 5123 1819 5174 aliud
1841 5124 2047 5190 deﬂere,

475 5189 576 5239 nisi
600 5188 874 5240 indiscreta
901 5189 1003 5240 ictu
1031 5190 1288 5257 fort-unam
1310 5190 1484 5261 felicia
1508 5207 1663 5261 regna
1687 5188 1974 5246 vertentem.

546 5259 566 5286 ⁵
599 5261 705 5312 Δύο
755 5261 875 5317 τοὺς
901 5261 1099 5322 πίθους,
1150 5270 1276 5320 ctc.,
1321 5260 1423 5311 duo
1452 5259 1611 5323 dolia,
1653 5279 1805 5314 unum
1846 5264 2048 5326 quidem

475 5327 745 5393 malorum,
777 5330 989 5380 alterum
1017 5340 1182 5381 autem
1206 5328 1471 5381 bonorum.
1504 5332 1760 5384 Nimirum
1788 5332 2044 5386 Platonici

475 5398 720 5452 videntes
748 5399 1019 5453 hominum
1051 5411 1420 5468 mentes,quas
1441 5402 1684 5454 conditas
1703 5403 1855 5469 longe
1879 5403 2041 5469 prius,

473 5483 629 5533 quam
660 5469 974 5536 corporibus
1009 5469 1318 5535 conjunctas
1347 5469 1763 5536 arbitrabantur,
1795 5473 2042 5525 miseram

474 5551 627 5608 unas,
658 5539 789 5608 alias
818 5539 1025 5594 felicem
1054 5540 1212 5592 vitam
1240 5554 1398 5608 agere
1419 5580 1432 5603 ,
1467 5539 1622 5592 linxe:
1641 5549 1755 5603 unt,
1789 5542 1895 5594 duo
1923 5551 2047 5596 ante

474 5605 616 5677 fores
645 5607 791 5662 Jovis
817 5623 935 5663 csse
962 5625 1086 5662 vasa
1117 5605 1297 5677 plena,
1325 5623 1484 5660 unum
1510 5610 1722 5676 quidem
1757 5611 2037 5676 bonorum,

473 5673 696 5728 alterum
727 5678 1007 5748 malorum,
1037 5673 1263 5748 quorum
1296 5673 1553 5732 alterutro
1584 5687 1720 5747 pota:
1751 5689 1957 5734 mentes
1990 5673 2039 5734 iu

473 5754 696 5812 corpora
739 5747 1162 5814 infunderen‘ur,
1213 5747 1419 5804 fe'icl-m
1450 5760 1726 5818 propterea
1759 5758 1849 5804 aut
1879 5751 2036 5806 mise-

2236 3269 2489 3343 Quartum
2543 3283 2698 3343 porro
2729 3270 2855 3324 illud
2893 3282 2973 3326 est
3015 3274 3336 3343 exemplum,
3387 3290 3494 3342 quo
3532 3275 3745 3332 fortuna

2166 3339 2329 3392 utitur
2354 3339 2421 3390 ad
2455 3338 2788 3415 probandum
2816 3354 2877 3395 se
2907 3342 3098 3395 merito
3129 3338 3365 3415 potuisse
3393 3338 3582 3399 Boetio
3613 3362 3745 3415 pro-

2164 3421 2322 3482 spera
2350 3417 2402 3460 et
2428 3407 2648 3482 adversa
2693 3411 2888 3482 inferre
2921 3425 2938 3465 :
2969 3426 3036 3464 ex
3065 3407 3168 3480 quo
3192 3413 3484 3478 concludit,
3520 3430 3582 3468 se
3615 3407 3745 3482 pro-

2167 3487 2281 3552 pter
2311 3477 2468 3552 bona,
2509 3479 2680 3552 gratia
2708 3480 2882 3552 potius
2909 3477 3317 3550 quam'propter
3344 3485 3504 3547 mala,
3528 3477 3747 3552 injuriis

2163 3546 2360 3624 debere
2385 3547 2544 3600 allici.
2573 3547 2879 3624 Praesertim
2899 3546 3022 3624 cum
3056 3546 3271 3624 nullum
3284 3553 3356 3606 sit
3376 3546 3612 3620 tempus:
3642 3571 3746 3624 quo

2165 3615 2374 3669 fortuna
2405 3630 2510 3669 non
2549 3616 2788 3692 videatur
2825 3618 3011 3673 Boetio
3041 3625 3208 3692 magis
3251 3622 3427 3677 lavere
3455 3615 3619 3692 quam
3653 3615 3746 3679 no-

2162 3700 2324 3761 cei-e:
2358 3686 2627 3761 praeterito
2674 3687 2860 3761 enim,
2898 3703 3005 3756 quo
3050 3691 3240 3761 opibus
3285 3701 3340 3746 et
3381 3686 3743 3761 dignitatibus

2162 3756 2389 3828 donatus
2417 3754 2532 3820 fuit,
2575 3756 2848 3828 plusjboni
2888 3754 3273 3827 accepit—quam
3302 3754 3465 3815 mali':
3503 3761 3747 3828 Uberius,

2163 3825 2329 3890 inquit
2354 3825 2588 3885 fortuna,
2612 3827 2675 3878 de
2702 3826 2944 3898 bonorum
2971 3825 3112 3895 parte
3129 3825 3389 3894 sumpsisti
3411 3847 3429 3884 :
3459 3825 3745 3898 praesenti,

2161 3910 2282 3970 quo,
2311 3904 2622 3970 constantes
2660 3897 2848 3970 saltem
2886 3899 3086 3970 amicos
3121 3901 3300 3970 habet,
3341 3901 3502 3954 etiam
3539 3897 3744 3970 aliquid

2163 3965 2283 4017 honi
2313 3965 2552 4034 obtinet:
2583 3965 2627 4016 Λ
2656 3974 2720 4028 te,
2766 3967 2937 4034 inquit
2976 3968 3164 4021 eadem
3208 3967 3442 4032 fortuna,
3484 3986 3589 4022 non
3638 3965 3744 4024 tota

2161 4034 2368 4106 discessi
2395 4049 2413 4086 :
2445 4033 2622 4088 futuro
2650 4033 2898 4104 denique,
2927 4050 3033 4103 quo
3061 4038 3310 4104 pristinas
3337 4050 3462 4093 suas
3491 4054 3630 4106 opes
3662 4041 3744 4094 di-

2159 4104 2492 4171 gnitatesque
2534 4118 2851 4172 recuperare
2895 4115 3104 4172 potest;
3153 4106 3355 4161 felicior
3405 4104 3544 4162 forte
3584 4112 3743 4163 erit:

2162 4172 2289 4225 HtL’C
2327 4173 2436 4239 ipsa
2479 4174 2575 4225 mei
2615 4174 2950 4248 mutabilitas,
3000 4177 3168 4248 inquit
3211 4178 3615 4248 f0rtuna,justa
3657 4179 3779 4232 tibi'

2160 4258 2314 4314 causa
2352 4251 2423 4296 est
2460 4245 2699 4309 sperandi
2747 4246 2976 4298 meliora.
3029 4247 3339 4314 Quanquam
3376 4245 3556 4300 autem
3605 4249 3743 4302 nihil

2161 4311 2347 4364 borum
2408 4321 2554 4366 esset
2605 4314 2901 4366 durandum
2941 4330 2955 4370 :
2993 4311 3243 4383 quaelibet
3282 4317 3424 4370 enim
3459 4322 3744 4371 societatis

2157 4383 2380 4448 alicujus
2407 4396 2529 4449 pars
2567 4385 2940 4437 communibus
2972 4394 3185 4438 tenetur
3213 4400 3322 4438 sua:
3353 4389 3640 4442 societatis
3669 4391 3744 4442 le-

2157 4452 2348 4517 gibus:
2382 4469 2443 4504 ne
2485 4453 2644 4519 igitur
2673 4453 2841 4505 animo
2879 4457 3199 4507 contabescas
3223 4467 3268 4508 et
3297 4456 3432 4508 intra
3469 4473 3745 4510 continuae

2158 4523 2387 4642 amnibus
2417 4537 2626 4590 regnum
2657 4521 2870 4589 locatus,
2901 4525 3104 4593 proprio
3131 4525 3246 4592 iure
3273 4526 3433 4580 vivere
3460 4542 3566 4580 non
3602 4530 3742 4581 desi-

2194 4607 2318 4642 eres.

2194 4607 2318 4644 eres.

2230 4684 2247 4704 ‘
2279 4680 2506 4733 Carmen
2536 4689 2786 4733 constans
2820 4680 3017 4749 duplici
3057 4697 3254 4748 genere
3291 4700 3544 4739 versuum
3578 4687 3743 4739 alter-

2161 4766 2369 4810 norum,
2398 4766 2620 4811 quorum
2648 4767 2715 4822 pr
2730 4766 2792 4802 or
2814 4753 3173 4820 Asclep‘adeus
3211 4755 3472 4820 spondeo,
3521 4755 3743 4822 dactylo

2160 4836 2278 4892 cum
2330 4822 2554 4888 syllaba,
2599 4833 2649 4872 et
2688 4821 2894 4874 duobus
2933 4825 3161 4892 dactylis
3205 4836 3433 4886 constat,
3471 4821 3743 4888 posterior

2162 4889 2516 4942 Pheraei-otius
2539 4892 2799 4957 spondeo,
2831 4889 3073 4959 dactylof
3095 4903 3148 4946 et
3179 4895 3437 4960 spondeo.
3459 4893 3742 4959 Excipitur

2164 4974 2335 5012 tamen
2370 4976 2555 5013 versus
2577 4961 2818 5033 det-imus
2842 4969 3080 5033 octavus,
3105 4962 3257 5030 cujus
3285 4965 3488 5031 primus
3533 4979 3628 5033 pes
3659 4975 3742 5017 est

2160 5041 2458 5096 anaptestns
2485 5045 2506 5102 :7
2539 5033 2654 5102 sitis
2686 5031 2901 5102 ardescit
2945 5029 3198 5095 habendi;
3249 5029 3370 5093 nisi,
3418 5045 3472 5086 ut
3519 5029 3742 5102 coiijicit

2156 5103 2463 5166 Ascensius,
2498 5101 2595 5168 legi
2626 5101 2837 5161 debeat,
2857 5102 2928 5152 vis
2957 5102 3174 5155 ardescit
3205 5102 3444 5156 habendi.

2229 5191 2280 5243 1.
2337 5189 2575 5262 Pontum]
2623 5191 2910 5257 Speciatim
2963 5191 3200 5246 Euxinus
3253 5204 3375 5262 est,
3435 5195 3738 5262 generatim

2154 5276 2322 5324 mare,
2355 5264 2511 5333 ‘qllod
2547 5254 3026 5333 l‘i-cqiioutissimum
3053 5274 3134 5317 est
3169 5264 3306 5333 apud
3351 5254 3573 5333 pomus:
3615 5265 3741 5318 vide

2154 5340 2309 5385 ttielr.
2341 5331 2375 5382 2
2406 5332 2496 5382 lib.
2527 5347 2563 5393 ι,
2603 5345 2652 5382 v.
2694 5330 2773 5382 li.

2219 5403 2274 5453 2.
2305 5401 2546 5470 Arenas.]
2573 5401 2710 5465 Quid
2745 5403 2813 5453 sit
2849 5415 3034 5464 arena,
3079 5417 3234 5456 nemo
3269 5405 3483 5458 nescit:
3516 5403 3612 5455 sed
3647 5403 3740 5456 abii

2151 5487 2381 5535 arenam,
2429 5471 2518 5524 alii
2549 5472 2810 5532 harenam,
2839 5487 2932 5540 pro
2963 5473 3163 5541 duplici
3195 5475 3426 5526 nominis
3458 5473 3618 5537 hujus
3652 5475 3738 5526 iu-

2152 5542 2558 5608 terprctationc,
2590 5541 2829 5594 scribunt
2868 5559 2879 5592 :
2915 5543 2996 5595 vel
3025 5545 3165 5596 enim
3195 5558 3297 5596 vox
3333 5546 3433 5596 ista
3463 5554 3641 5596 oritur
3669 5543 3740 5595 ab

2150 5611 2368 5678 arendo,
2401 5613 2539 5679 quod
2563 5611 2708 5664 arida
2733 5611 3016 5680 bibulaque
3045 5613 3114 5665 sit
3140 5629 3152 5665 :
3179 5613 3315 5666 sicut
3346 5614 3598 5668 Horatius
3621 5629 3740 5666 are-

2152 5697 2244 5733 nas
2275 5681 2470 5751 szepius
2499 5693 2654 5734 vocat
2672 5690 2899 5747 arentes;
2923 5691 3136 5751 tumque
3155 5684 3407 5737 scribitur
3433 5699 3627 5747 arma;
3655 5683 3738 5738 vel

2146 5751 2315 5803 oritur
2344 5750 2408 5804 ab
2438 5749 2700 5814 htrremlo,
2747 5753 2884 5821 quod
2916 5749 3084 5822 aquas
3111 5752 3360 5815 hauriens
3395 5753 3618 5821 hzereat,
3650 5752 3737 5807 fu-
