3984 6382
327 310 417 364 ιω
1230 308 1317 363 DE
1346 305 1861 363 CONSOLATIONE
1904 304 2379 361 PHILOSOPIIIE
2419 306 2543 360 LIB.
2586 306 2649 360 ll.

1913 420 1962 479 Α

458 426 561 479 Aut
591 434 717 493 quot
739 424 1012 479 stellit’eris
1033 422 1174 479 edita
1206 423 1449 477 noctibus

524 516 675 571 leo
702 516 874 570 sidera
906 516 1105 585 fulgent
1129 533 1143 580 ;

323 606 350 660 Β
454 606 651 659 Tantas
686 604 867 658 fundat
887 620 1036 673 opes,
1062 620 1159 659 nec
1190 613 1423 659 retrahat
1452 617 1664 655 manum

524 693 689 747 Pleno
718 695 867 762 copia
898 708 1063 747 cornu
1088 710 1101 748 :

458 783 614 852 106
642 783 941 837 Humanum
971 786 1191 837 miseras
1217 780 1357 835 haud
1388 779 1508 835 ideo
1537 792 1707 848 genus

521 874 709 927 Cesset
738 874 868 929 lli-re
897 880 1161 940 querelas.

454 962 710 1027 Quamvis
735 971 856 1015 vota
887 964 1057 1017 libens
1084 962 1314 1032 excipiat
1343 962 1485 1016 Deus

323 1054 381 1106 l0
527 1052 670 1106 Multi
701 1053 949 1121 prodigus
977 1052 1116 1115 auri,

455 1144 523 1200 Et
548 1144 707 1197 claris
734 1143 919 1197 avidos
943 1152 1099 1197 ornet
1127 1139 1444 1205 honoribus,

526 1233 607 1287 Nil
635 1233 745 1302 jam
777 1245 927 1303 parta
956 1232 1203 1287 videntur
1228 1249 1241 1284 :

455 1322 562 1378 Sed
592 1325 815 1392 quaesita
840 1337 1036 1376 vorans
1062 1335 1200 1375 smva
1230 1320 1492 1389 rapacitas

524 1410 675 1466 Alios
699 1412 883 1480 pandit
915 1412 1107 1465 hiatus.

319 1503 382 1558 l5
456 1502 587 1568 Qua:
613 1503 722 1571 jam
748 1502 1073 1571 praecipitem
1102 1502 1249 1556 frena
1272 1501 1575 1572 cupidinem

537 1590 697 1644 Certo
724 1591 830 1646 line
854 1600 1146 1656 retentent,

460 1681 645 1751 Largis
673 1697 793 1735 cum
824 1684 999 1749 potius
1028 1682 1339 1737 muneribus
1365 1682 1536 1737 ﬂuens

3464 308 3569 362 670

2201 417 2329 473 Sitis
2350 416 2580 471 ardescit
2599 414 2868 470 habendi?

2141 510 2291 578 107
2322 508 2599 577 Nunquam
2631 509 2780 562 dives
2809 512 2918 576 agit
2945 508 3032 579 qui
3065 509 3302 579 trepidus
3339 524 3561 579 gemens

1986 597 2058 653 ΞΟ
2204 602 2336 655 Sese
2364 599 2534 654 credit
2555 608 2818 667 egentem.

2514 709 2670 777 103
2708 708 2925 763 pnoss
2963 708 3051 763 ιιι.

1990 817 2846 888 Ancuuuu'ruu.—Philos0phia,
2896 820 3140 885 quidquid
3185 819 3427 874 hactenus
3467 823 3570 876 sive

2064 893 2255 953 soluta,
2284 892 2387 942 sive
2418 891 2591 941 stricta
2620 890 2845 941 oratione
2873 890 3082 952 dictum,
3118 892 3245 943 illud
3276 893 3377 945 leve
3404 896 3566 957 quod-

2066 962 2187 1013 dam
2230 976 2335 1013 esse
2374 960 2564 1011 doloris
2600 960 2873 1010 remedium
2914 962 3162 1026 confessa,
3195 962 3323 1013 bona
3352 978 3570 1013 comme-

2066 1040 2250 1094 morat,
2288 1044 2423 1095 quaz,
2470 1029 2599 1080 duce
2648 1030 2871 1096 fortuna,
2915 1028 3118 1083 Boetius
3156 1047 3189 1081 α
3228 1032 3566 1093 curatoribus,

2065 1101 2275 1168 populo,
2308 1114 2483 1159 uxore,
2510 1107 2556 1150 et
2588 1099 2777 1160 liberis,
2804 1114 2945 1165 puer,
2976 1100 3294 1163 adolescens,
3326 1111 3559 1165 mantus,

2065 1180 2110 1222 et
2144 1178 2285 1235 pater
2312 1169 2525 1234 accepit,
2548 1183 2753 1234 quisque
2776 1178 2979 1235 propter
3003 1172 3217 1236 fortuna:
3245 1170 3557 1237 varietatem,

2066 1240 2201 1307 quod
2241 1238 2475 1303 abierint,
2513 1239 2726 1290 abitura:
2764 1238 2954 1305 pariter
2980 1238 3132 1307 hujus
3168 1240 3382 1292 miseria:
3412 1257 3566 1311 argu-

2062 1319 2284 1362 mentum
2311 1322 2418 1360 esse
2445 1317 2673 1376 possunt.

2065 1415 2159 1470 llis
2197 1415 2356 1485 igitur
2384 1423 2413 1453 ι
2456 1415 2501 1468 si
2542 1428 2638 1483 pro
2677 1428 2736 1467 se
2768 1420 2943 1468 tecum
2985 1413 3194 1467 fortuna
3245 1413 3569 1482 loqueretur,

1993 1505 2119 1575 quid
2149 1505 2387 1574 proiecto
2413 1512 2600 1559 contra
2632 1505 2646 1535 ⁸
2677 1502 2704 1542 ι’
2729 1503 2964 1557 hisceres
2990 1518 3094 1557 non
3124 1504 3367 1559 haberes.
3397 1508 3503 1558 Aut
3526 1505 3569 1555 si

1995 1597 2123 1666 quid
2153 1605 2256 1662 est,
2302 1612 2409 1665 quo
2449 1596 2723 1664 querelam
2757 1604 2899 1649 tuam
2930 1596 3050 1664 jure
3081 1597 3299 1662 tuearis,
3333 1596 3570 1665 proferas

1996 1697 2206 1758 oportet
2231 1703 2246 1753 ;
2278 1688 2522 1743 dabimus
2550 1686 2762 1742 dicendi
2792 1688 2988 1742 locum.
3018 1688 3152 1742 Tum
3175 1702 3275 1758 ego
3304 1698 3327 1727 ε
3354 1705 3367 1744 ;
3394 1690 3414 1720 ¹
3439 1689 3571 1757 Spe-

1642 1872 1645 1875 .
1666 1818 2247 1875 lNTERPRETATlO.
3002 1870 3009 1875 .

317 1906 476 1958 multa
498 1904 924 1972 astra,producta
943 1907 1172 1961 noctibus
1193 1907 1423 1971 stellatis,
1441 1908 1493 1961 in
1514 1909 1638 1962 caelo
1658 1911 1847 1963 micant
1871 1926 1889 1965 :
1929 1916 1972 1974 Β
2001 1911 2196 1963 (ineant
2250 1910 2419 1963 stabili
2472 1910 2685 1962 termino
2704 1948 2718 1970 ,
2776 1909 3045 1961 avaritiam
3096 1898 3521 1962 meonsiaeiatcim
3552 1928 3565 1962 :

317 1974 571 2047 I_Iontincs
583 1986 791 2047 _tamen‘
811 1992 912 2029 non
953 1988 1219 2047 propterea
1255 1977 1495 2031 desisteut
1525 1979 1665 2047 queri
1692 1981 1889 2033 misere.

318 2044 541 2116 Etiamsi
570 2043 707 2096 Deus
741 2043 975 2111 plurima:
995 2043 1219 2113 pecunia:
1248 2047 1441 2116 largus,
1467 2043 1658 2100 annuat
1688 2051 1897 2102 libenter

316 2114 595 2186 hominum
621 2116 871 2186 precibus,
904 2118 1197 2184 decoretque
1223 2114 1465 2169 homines
1494 2118 1705 2186 cupidos
1732 2120 1897 2171 hono-

1998 1980 2403 2051 quandoquidem
2438 1980 2604 2051 ardor
2621 1979 2838 2051 habendi
2878 1980 3057 2048 amplis
3094 1979 3245 2051 donis
3282 1982 3569 2032 cumulatus

2000 2048 2177 2101 crescit
2199 2050 2361 2117 magis
2388 2065 2448 2100 ac
2472 2048 2651 2116 magis.
2681 2048 2977 2115 Quicunque
3000 2049 3213 2115 pavidus
3237 2057 3291 2101 et
3310 2053 3571 2116 suspirans

1998 2135 2107 2172 sese.
2133 2120 2385 2170 existimat
2412 2133 2683 2185 pauverem
2733 2117 2816 2169 hic
2844 2133 3103 2171 nunquam
3127 2119 3241 2171 vivit
3270 2118 3428 2171 dites.

315 2183 460 2257 ribus
478 2183 794 2257 illustribus;
824 2183 1311 2257 bonarnihilominus
1334 2196 1450 2239 ante
1473 2183 1723 2255 acquisita
1744 2190 1895 2257 ﬂocci
2073 2197 2099 2257 ξι
2136 2187 2339 2241 Verbis.

315 2255 632 2327 penduntur.
678 2255 814 2319 Quin
852 2256 1104 2324 cupiditas
1148 2256 1391 2327 crudelis,
1420 2256 1686 2327 absumens
1725 2255 1892 2327 parta,
2074 2256 2100 2294 δ
2137 2257 2438 2322 lleponeres.

315 2324 480 2390 aperit
509 2326 792 2392 profundas
822 2327 1101 2395 voragines.
1144 2324 1331 2391 Quales
1367 2342 1504 2379 nunc
1530 2324 1734 2380 habente
1762 2342 1885 2380 con-
2077 2336 2099 2364 θ
2135 2328 2369 2381 lloetius.

1839 2455 2062 2513 NOTAL'.

315 2579 444 2638 gnto
467 2567 718 2623 nimirum
748 2568 947 2638 liquido
974 2568 1080 2623 alio
1107 2582 1351 2636 corpore,
1383 2584 1487 2637 quo
1517 2570 1680 2623 insito
1704 2568 1894 2624 molle-

314 2640 542 2694 scebat:
571 2648 624 2692 et
654 2648 779 2692 tunc
805 2640 1051 2693 scribitur
1088 2640 1280 2693 harena
1310 2655 1328 2693 :
1365 2640 1811 2708 quemadmodum
1844 2639 1898 2693 in

320 2710 601 2764 veteribus
624 2708 771 2762 libris
802 2709 1014 2775 legitur.

389 2779 449 2833 5.
484 2778 758 2847 Stelliferis
784 2781 918 2831 edita
947 2777 1219 2848 noctibus.]
1240 2778 1355 2832 Nox
1376 2780 1547 2846 poetis
1567 2788 1735 2833 mater
1760 2776 1899 2834 side-

316 2864 443 2902 rum
470 2849 695 2903 babetur
722 2866 733 2900 :
767 2851 905 2903 sicut
934 2848 1142 2902 Tibullo
1172 2849 1264 2901 lib.
1294 2864 1352 2913 ιι,
1382 2849 1451 2902 el.
1486 2851 1510 2903 1
1540 2864 1555 2905 :

382 2938 561 3002 Ludite
593 2938 724 2998 :jam
749 2951 843 2986 nox
864 2939 1036 3002 jungit“
1049 2950 1222 3002 equos,
1246 2950 1539 3002 currumque
1562 2942 1836 3000 sequuntur

448 2999 619 3048 Matris
643 3001 817 3048 lascivo
835 3001 997 3049 sidera
1017 2999 1141 3048 fulva
1166 3002 1331 3048 choro.

318 3080 617 3147 Propterea
664 3081 840 3151 sidera
885 3095 1025 3134 nunc
1067 3082 1321 3151 dicuntur
1351 3082 1487 3134 edita
1512 3081 1624 3138 sive
1645 3083 1903 3151 producta

316 3150 557 3203 noctibus
586 3150 867 3218 stelliferis,
898 3152 949 3204 id
982 3160 1064 3204 est
1093 3153 1272 3205 stellas
1302 3150 1593 3205 ferentibus
1646 3150 1655 3151 ί
1702 3164 1707 3169 ‘

390 3220 452 3274 6.
471 3218 634 3272 Plena
656 3224 803 3299 capia
824 3218 1024 3290 eorum]
1043 3223 1221 3299 gornu
1248 3222 1419 3299 capiie
1438 3224 1586 3299 ripa;
1614 3223 1901 3299 ἀμαλθείᾳς,

314 3299 403 3344 est
463 3302 669 3342 summa
732 3292 967 3343 ubertas.
1040 3290 1899 3359 Nimirum’Diod'orus'scribit,

314 3360 674 3413 Hammonem
706 3361 1158 3437 perambulantem
1178 3363 1327 3437 juxta
1354 3361 1645 3437 Ceraunios
1686 3373 1895 3437 montes
1923 3374 1969 3437 (ζ

311 3437 662 3499 conspectam
718 3444 746 3481 a
801 3443 859 3482 se
913 3430 1170 3497 virginem
1228 3431 1397 3484 forma
1457 3434 1891 3499 pulcherrimam,

312 3498 657 3553 Amaltheam
696 3500 930 3560 nomine,
975 3501 1273 3565 adamasse,
1315 3498 1582 3566 liliamque
1612 3517 1675 3555 ex
1714 3517 1773 3554 ea
1805 3517 1891 3567 ge-

314 3570 524 3634 nuisse,
570 3566 749 3634 specie
787 3583 851 3621 ac
893 3569 1085 3624 robore
1114 3570 1352 3637 corporis
1392 3570 1689 3638 insignem,
1716 3574 1896 3625 Amal-

313 3638 516 3710 theam
552 3650 681 3690 vero
727 3638 1035 3707 propinqua:
1084 3640 1382 3710 prwfecisse
1426 3656 1555 3703 orte,
1588 3658 1722 3708 quae,
1771 3643 1893 3710 quia

315 3705 592 3761 referebat
644 3705 1028 3772 cornu'bovis,
1081 3709 1357 3761 occiduum
1408 3724 1573 3763 cornu
1609 3705 1893 3765 nominata

315 3778 444 3848 fuit.
485 3777 918 3848 Quoniamvero
954 3780 1098 3845 regio
1126 3779 1210 3832 illa
1242 3780 1411 3831 vineis
1438 3780 1752 3848 cazterisque
1784 3782 1895 3833 fru-

314 3845 855 3919 ctiferis_arb0ribus
898 3850 1091 3902 referta
1134 3856 1268 3915 erat,
1315 3849 1511 3901 factum
1551 3858 1637 3903 e~t
1668 3845 1733 3902 ἰιι
1772 3866 1896 3919 ager

313 3917 500 3970 omnis
545 3916 756 3985 frugum
796 3919 1092 3977 abundans,
1134 3932 1313 3971 mensa
1348 3920 1511 3971 variis
1549 3920 1787 3985 cupediis
1814 3916 1896 3972 in-

313 3994 549 4057 structa,
574 3984 705 4038 liber
729 3987 895 4040 multo
921 3988 1173 4040 doctrina:
1197 4002 1391 4054 genere
1414 3984 1894 4057 refertus,epistola

313 4056 540 4123 plurimi
568 4057 833 4126 commodi
878 4072 1066 4123 parens
1089 4098 1103 4121 ,
1150 4060 1309 4109 homo
1339 4058 1451 4123 ipse
1480 4056 1753 4126 multiplici
1789 4060 1895 4111 vir-

313 4135 441 4199 tute
463 4125 718 4199 przeditus
746 4128 951 4199 dicatur
979 4143 1135 4180 cornu
1167 4128 1343 4196 copiar.
1389 4125 1647 4182 Horatius
1676 4130 1892 4199 passim,

312 4204 375 4249 ut
399 4194 582 4250 Carm.
618 4195 655 4246 l.
686 4209 722 4257 ι,
748 4196 839 4248 od.
873 4199 936 4250 17
964 4212 978 4249 :

502 4274 563 4322 Di
587 4286 666 4322 me
692 4281 891 4323 tuentur
916 4290 926 4324 :
949 4276 1024 4325 dis
1047 4277 1201 4325 oietas
1223 4288 1330 4323 mea

507 4335 723 4399 Et_t_nusa
748 4338 878 4383 cordi
906 4343 1000 4386 est.
1026 4335 1147 4385 Hinc
1170 4339 1255 4385 tibi
1279 4340 1415 4399 copia

568 4395 779 4457 Manabit
800 4399 859 4445 ad
893 4399 1087 4457 plenum
1114 4402 1325 4456 benigno

568 4456 711 4508 Ruris
732 4456 965 4507 bonorum
987 4462 1216 4518 opulenta
1237 4472 1409 4508 cornu.

386 4527 444 4581 8.
477 4526 626 4581 Flere
651 4528 925 4598 querelas.]
956 4528 1106 4582 Nova
1128 4530 1350 4598 phrasis,
1380 4532 1551 4599 inquit
1570 4532 1893 4598 Sitztnanus,

310 4613 469 4665 quam
490 4614 592 4651 non
622 4599 770 4666 facile
794 4602 933 4668 apud
962 4601 1092 4655 alios
1122 4601 1343 4654 invenias
1369 4612 1614 4656 auctores.
1642 4604 1896 4658 Neutrum

310 4668 747 4742 active__pon_itur,
789 4670 965 4742 addito
1004 4673 1204 4723 nomine
1229 4681 1457 4739 cognatm
1485 4673 1892 4742 signiﬁcationis.

311 4738 424 4790 Sed
451 4738 582 4791 nihil
616 4739 701 4813 hic
722 4741 847 4793 novi
873 4758 883 4792 :
914 4752 1147 4813 neutrum
1176 4738 1322 4813 enim;
1348 4738 1561 4813 semper
1587 4738 1775 4813 regere
1802 4760 1895 4811 po-
1922 4739 1973 4799 D

314 4814 425 4882 test
442 4809 785 4882 accusativum
799 4811 1016 4882 nominis
1037 4820 1263 4879 cognata:
1280 4809 1672 4879 signiﬁcationis
1686 4809 1893 4882 :quem-

311 4876 607 4951 admodum
638 4878 849 4951 dicitur,
871 4880 1031 4933 vivere
1053 4876 1227 4942 vitam,
1252 4876 1471 4949 gaudere
1495 4876 1775 4951 gaudium;
1805 4885 1891 4938 lu-

313 4946 441 5019 dere
471 4946 681 5013 ludum;
706 4950 893 5019 servire
920 4952 1207 5003 servitutem
1224 4946 1480 5017 {peccare
1496 4946 1723 5019 peccata.
1753 4954 1888 5019 Quin

312 5015 482 5090 etiam
538 5020 752 5090 nomina
809 5017 921 5072 haec
974 5023 1184 5085 quoties
1242 5015 1679 5090 supprimuntur,
1735 5015 1891 5080 toties

312 5086 703 5157 debentveluti
731 5102 985 5155 expressa
1012 5091 1250 5157 intelligi.

391 5155 479 5208 12.
513 5155 607 5230 lVil
619 5161 736 5226 jam
760 5170 906 5210 oarta
933 5155 1209 5230 videatut]
1248 5161 1447 5215 Tantus
1468 5171 1551 5215 est
1577 5164 1771 5218 mentis
1798 5164 1893 5219 hu-

314 5240 492 5278 mana:
518 5225 570 5301 in
597 5225 1039 5301 Consorscorpus
1064 5225 1237 5296 amor,
1268 5240 1324 5283 ut
1353 5234 1562 5285 divitias
1584 5244 1638 5286 et
1667 5234 1893 5301 dignita-

315 5307 431 5374 tes,
453 5297 645 5363 quibus
663 5299 837 5374 _veluti
870 5300 1086 5374 totidem
1113 5303 1529 5374 propugnaculis
1561 5297 1750 5357 mutua
1772 5319 1891 5357 cor-

316 5367 465 5430 poris
503 5367 811 5439 _mentisque
856 5367 1163 5436 conjunctio
1208 5367 1418 5424 videtur
1459 5374 1662 5425 servari
1711 5389 1887 5439 posse,

315 5449 469 5511 mens
497 5435 610 5511 ipsa
639 5435 816 5511 cupiat
850 5435 968 5490 nun
986 5440 1165 5511 modo,
1199 5441 1292 5493 sed
1317 5443 1491 5495 verbis
1514 5435 1887 5511 cogitationem

314 5506 684 5579 referentibus
703 5506 867 5560 Deum
892 5510 1085 5575 saepius
1115 5521 1265 5575 roget
1294 5528 1305 5561 :
1338 5527 1501 5579 quare
1534 5506 1739 5566 virtutis
1770 5516 1885 5576 luit,

314 5586 374 5651 et
405 5574 765 5651 quidemDeo
793 5574 1134 5651 gratissimis;
1160 5574 1337 5651 Aquod,
1357 5574 1631 5645 Salomon,
1674 5574 1889 5651 optione

313 5646 583 5719 ejusmodi
629 5645 892 5719 bonorum
942 5649 1041 5719 sibi
1070 5645 1284 5719 delata,
1328 5650 1513 5705 iisdem
1565 5645 1885 5719 contemptis

316 5715 637 5784 sapientiam
682 5729 712 5769 a
760 5716 868 5772 Deo
897 5718 1127 5786 petierit,
1177 5718 1236 5773 lll
1279 5720 1407 5790 Reg.
1442 5736 1557 5791 cap.
1608 5738 1683 5788 ut,
1726 5715 1889 5791 quare

2002 2569 2163 2639 etiam
2204 2569 2448 2624 Christus
2496 2570 2751 2625 Dominus
2796 2571 3031 2637 pluribus
3079 2571 3404 2639 argumentis
3444 2571 3574 2629 illud

2002 2638 2324 2711 desiderium
2351 2641 2592 2708 reprimit
2620 2640 2806 2711 blatth.
2840 2655 2912 2693 vr.
2946 2640 3011 2693 In
3040 2638 3151 2693 toto
3174 2641 3471 2711 Evangelia,
3498 2644 3575 2696 in-

2002 2708 2191 2776 quiunt
2219 2710 2560 2777 interpretes,
2606 2709 2780 2762 nullus
2814 2711 2971 2763 animi
2997 2711 3210 2775 a/fectus
3238 2708 3378 2765 tanta
3402 2714 3573 2765 studio

2001 2794 2063 2828 ac
2091 2786 2163 2847 tot
2191 2789 2601 2847 argumentorum
2632 2780 2876 2831 machinis
2903 2796 2934 2831 a
2957 2779 3159 2832 Christo
3181 2787 3508 2847 oppugnatur
3529 2794 3575 2835 et

2002 2846 2265 2900 evellitur.
2284 2851 2350 2901 At
2378 2863 2527 2900 arnor
2555 2848 2660 2909 ille,
2692 2849 2929 2916 adeoque
2956 2849 3090 2901 bona
3122 2846 3442 2903 existimatio
3474 2852 3570 2904 ho-

2009 2917 2168 2970 minis
2197 2918 2247 2969 in
2273 2917 2483 2970 divitias
2504 2926 2556 2971 et
2586 2918 2869 2985 dignitates
2897 2932 3000 2971 non
3030 2928 3271 2971 versatur
3298 2920 3400 2973 nisi
3431 2921 3573 2973 circa

2008 2986 2271 3057 ejusmodi
2313 2987 2469 3057 bona,
2514 3000 2633 3056 qua:
2680 2987 2910 3039 nonduin
2953 2989 3213 3041 habentur
3251 3004 3263 3040 :
3298 2998 3572 3057 postquam

2008 3057 2150 3109 enim
2182 3056 2363 3123 homo,
2397 3056 2538 3109 facto
2560 3057 2948 3124 experimento,
2980 3058 3147 3120 novit,
3172 3058 3285 3111 haec
3317 3056 3450 3111 bona
3482 3074 3575 3111 au.

2006 3140 2133 3193 gere
2173 3128 2367 3194 potius,
2396 3140 2554 3194 quam
2586 3127 2826 3180 minuere
2857 3128 3116 3189 miserias,
3150 3127 3324 3180 habita
3364 3130 3574 3193 temnit,

2006 3204 2313 3264 mutataque
2338 3197 2574 3263 subjecta
2607 3210 2715 3248 suae
2738 3195 3145 3249 existimationis
3166 3197 3351 3264 suique
3380 3200 3575 3250 amoris

2008 3267 2249 3337 materia,
2271 3265 2505 3337 nondum
2532 3264 2719 3337 habita
2734 3265 3182 3337 similiqtlesiderio
3206 3267 3569 3337 prosequitur:

2007 3335 2081 3388 nil
2093 3338 2208 3405 jam
2236 3347 2384 3404 parta
2416 3335 2665 3389 videntur.
2695 3332 2965 3389 Juvenalis
2998 3352 3009 3386 :

2062 3423 2257 3473 Interea
2281 3426 2423 3485 pleno
2444 3424 2557 3472 dum
2583 3428 2753 3473 crescit
2776 3424 2995 3473 sacculus
3014 3437 3139 3485 nare,

2060 3484 2239 3536 Crescit
2263 3484 2394 3534 amor
2418 3489 2621 3546 nummi,
2644 3492 2875 3547 quantum
2900 3489 2997 3546 ipsa
3022 3484 3224 3547 pecunia
3246 3488 3437 3537 crescit.

2071 3568 2355 3636 Propterea
2378 3568 2618 3631 avaritia,
2637 3582 2756 3633 qum
2777 3582 2918 3620 nunc
2934 3567 3126 3619 dicitur
3142 3582 3274 3619 saeva
3299 3567 3574 3633 rapacitas,

2001 3639 2168 3691 instar
2196 3638 2468 3705 cujusdam
2501 3639 2721 3690 monstri
2750 3636 3087 3701 insatiabilis,
3111 3636 3417 3702 perhibetur
3436 3653 3575 3703 qua:-

1997 3708 2096 3760 sita
2124 3724 2300 3760 vorare
2341 3717 2395 3761 et
2425 3709 2552 3759 altos
2596 3708 2763 3758 hiatus
2804 3706 3048 3774 pandere.
3096 3706 3382 3771 Propterea
3410 3708 3571 3760 etiam

1998 3776 2141 3829 nulla
2188 3779 2333 3845 frena
2382 3784 2604 3845 possunt
2650 3776 2961 3845 prwcipitem
3000 3774 3288 3845 cupidinem
3315 3784 3446 3827 certo
3472 3776 3575 3843 [ine

1998 3842 2253 3909 retinere,-
2284 3842 2425 3912 quod
2456 3847 2705 3899 nimirum
2738 3845 2846 3897 sitis
2876 3842 3113 3906 habendi,
3145 3848 3364 3912 acceptis
3393 3842 3571 3898 mune-

1998 3916 2136 3968 ribus
2160 3931 2383 3968 crescens
2414 3916 2662 3967 ardescat.

2069 3986 2156 4038 l9.
2192 3983 2469 4048 Nunquam
2490 3985 2624 4035 dives
2654 3978 2805 4053 agit.]
2836 3980 3066 4036 Fortuna
3096 3996 3163 4053 ex_
3195 3980 3351 4053 dictis
3382 3980 3563 4050 infert,

1999 4068 2113 4118 eos,
2143 4056 2233 4123 qui
2263 4055 2449 4123 haberi
2473 4055 2649 4123 solent
2674 4050 3103 4123 divites,revera
3134 4050 3326 4103 divites
3355 4065 3460 4123 non
3492 4054 3568 4107 vi-

1999 4139 2130 4194 vere
2160 4120 2327 4194 (agere
2369 4122 2511 4177 enim
2545 4122 2650 4194 hic,
2690 4122 2911 4194 utapud
2940 4120 3269 4194 Terentium,
3319 4121 3459 4174 idem
3489 4131 3574 4178 est

1997 4193 2138 4261 quod
2169 4190 2378 4257 virere),
2418 4192 2581 4259 quod,
2623 4192 2811 4260 inquit,
2849 4190 3111 4258 ejusmodi
3155 4190 3323 4261 dives,
3356 4200 3574 4258 printer-

1998 4260 2155 4329 quam
2184 4265 2323 4331 quod
2350 4279 2454 4315 sese
2480 4264 2634 4314 credit
2663 4272 2907 4331 egentem,
2928 4272 2980 4314 et
3003 4261 3153 4329 gemit
3174 4260 3401 4313 amissas
3422 4276 3574 4329 opes,

1998 4344 2053 4385 et
2081 4334 2242 4395 timet,
2284 4348 2351 4385 ne
2382 4342 2675 4399 prmsentes
2705 4332 2908 4383 amittat
2942 4349 2954 4383 :
2984 4331 3212 4396 trepidus
3255 4346 3477 4395 gemens.
3522 4332 3574 4384 Id

2000 4404 2146 4469 prius
2176 4412 2493 4471 exposuerat
2518 4400 2841 4455 Claudianus
2867 4400 3003 4455 libro
3032 4416 3047 4453 ι
3072 4401 3122 4452 in
3152 4399 3319 4464 Rulli,
3343 4416 3395 4453 v.
3425 4401 3528 4456 196
3561 4422 3572 4455 :

2122 4516 2227 4572 Quo
2250 4527 2427 4563 vesane
2448 4514 2581 4562 ruis?
2606 4518 2779 4562 teneas
2798 4520 3061 4573 utrumque
3087 4511 3254 4562 licebit

2124 4578 2384 4636 Oceanum,
2410 4577 2545 4623 laxet
2568 4575 2736 4623 rutilos
2753 4577 2838 4623 tibi
2862 4574 3004 4635 Lydia
3030 4573 3207 4631 fontes,

2121 4638 2395 4698 Jungantur
2412 4636 2585 4684 solium
2614 4636 2769 4685 Croesi
2796 4637 3006 4697 (Tyrique
3029 4636 3149 4683 tiara
3177 4651 3190 4694 ;

2120 4697 2373 4758 Nunquam
2397 4698 2533 4747 dives
2557 4698 2676 4756 eris,
2702 4710 2942 4758 nunquam
2968 4698 3217 4746 satiabere
3236 4700 3452 4759 questu:

2120 4760 2327 4821 Semper
2348 4762 2484 4821 inops
2506 4761 2784 4822 quicunque
2807 4760 2974 4831 cupita
3570 4805 3575 4809 .

2069 4840 2283 4896 Scilicet
2310 4856 2429 4895 cum
2459 4842 2630 4903 dives,
2664 4850 2721 4894 nt
2752 4841 2825 4893 ait
2854 4840 3023 4893 Varro
3055 4855 3107 4894 Iv
3135 4840 3202 4894 de
3233 4841 3271 4895 l.
3303 4840 3367 4903 1.,
3393 4860 3421 4892 ει
3463 4840 3577 4892 divo

1996 4910 2329 4977 dicatur,ille
2358 4921 2567 4965 tantum
2590 4912 2760 4973 dives,
2788 4910 2902 4979 qui,
2926 4918 3175 4980 tanquam
3206 4911 3434 4976 Deus,et
3456 4912 3577 4963 aliis

1997 4991 2051 5036 et
2080 4982 2182 5035 sibi
2215 4981 2343 5034 nihil
2376 4982 2614 5051 ind.gere
2646 4981 2877 5035 videtur.

2067 5073 2083 5104 ¹
2125 5070 2409 5140 Ilisceres.]
2444 5072 2654 5126 Iliscere
2677 5072 2873 5126 dicitur
2902 5072 2968 5126 ab
2992 5071 3135 5123 hiare
3165 5087 3183 5123 :
3210 5072 3374 5137 {hiare
3395 5078 3569 5122 autem

1998 5144 2211 5210 proprie
2237 5154 2315 5196 est
2348 5143 2592 5207 Spiritum
2625 5153 2811 5211 aperto
2838 5157 2931 5195 ore
2960 5143 3203 5195 emittere
3227 5157 3245 5193 :
3277 5154 3441 5211 quare
3472 5140 3575 5211 his-

1995 5208 2111 5264 cere
2142 5212 2185 5265 is
2216 5212 2430 5280 proprie
2474 5208 2685 5275 dicitur,
2721 5214 2809 5278 qui
2841 5212 3089 5280 loquendi
3119 5211 3314 5280 gratia,
3344 5208 3575 5280 diductis

1996 5277 2277 5355 labris,_o_s
2307 5277 2499 5349 aperit.
2531 5284 2665 5335 llinc
2710 5277 2979 5355 Tullius'v
3018 5280 3236 5355 Ph_ilip.,
3276 5277 3575 5355 llesponde-

1994 5368 2112 5404 rene
2137 5352 2204 5403 ad
2234 5346 2456 5405 hwc'aut
2488 5355 2695 5405 omnino
2726 5351 2917 5405 hiscere
2944 5350 3153 5401 audebis
3176 5350 3199 5400 ?
3224 5356 3278 5401 et
3306 5346 3490 5415 Virgil.
3518 5360 3572 5399 ιιι

1996 5421 2151 5485 ίΕιι.,
2178 5436 2229 5473 ν.
2259 5422 2403 5477 5l3:

2116 5510 2565 5571 lmplevitclamore
2590 5511 2775 5565 locum;
2804 5510 2883 5557 vix
2910 5518 3062 5571 pauca
3077 5504 3255 5571 furenti

2118 5567 2348 5635 Subjicio,
2380 5582 2430 5621 et
2453 5575 2576 5620 raris
2598 5574 2815 5620 turbatus
2836 5567 3034 5618 voCibus
3053 5567 3185 5613 hisco

2069 5656 2087 5686 ²
2120 5652 2405 5723 Speciosa.]
2435 5654 2562 5719 Qua:
2587 5652 2791 5723 scilicet
2818 5663 2850 5723 ξι
2872 5648 3079 5700 fortuna
3106 5645 3426 5723 introducta,
3457 5644 3571 5698 sivo

1998 5716 2172 5778 soluta
2201 5725 2310 5777 sive
2328 5716 2510 5777 stiicia
2536 5722 2777 5776 oratione
2802 5718 2940 5773 dicta
2961 5725 3107 5783 sunt,
3126 5716 3239 5772 haec
3257 5717 3299 5772 si
3324 5730 3428 5773 non
3447 5728 3569 5769 vera
