3984 6382
404 246 494 301 671

1635 249 1749 304 ΑΝ.
1791 250 1998 305 MANL.
2040 251 2192 309 SEV.
2235 250 2456 307 BOETli

3564 254 3662 309 672

407 358 552 412 closa
587 354 805 426 quidem
849 354 950 410 ista
991 362 1135 419 sunt,
1164 356 1401 424 inquam,
1435 365 1460 394 ι
1498 357 1769 427 oblitaque
1803 360 1985 414 rheto-
2014 366 2068 425 Α
2091 361 2404 418 affinitatem
2430 360 2727 431 principum
2754 361 3001 427 civitatis,
3030 361 3172 432 quod
3210 361 3654 432 pretiosissimum

416 448 545 504 rice
573 445 652 519 (5)
681 462 744 503 ac
764 445 794 486 δ
822 446 1039 501 musicae
1064 446 1223 501 melle
1251 447 1587 513 dulcedinis;
1616 459 1727 507 tum
1756 459 1985 517 tantum,

408 551 528 593 cum
579 537 900 602 audiuntur,
955 537 1246 593 oblectant.
1297 537 1402 593 Sed
1451 539 1665 593 miseris
1715 541 1983 594 malorum

406 628 565 682 sltior
602 640 794 682 sensus
820 634 923 681 est.
955 625 1137 696 itaque
1162 642 1285 681 cum
1322 627 1438 685 haec
1474 628 1694 683 auribus
1729 629 1982 683 insonare

408 716 687 786 desierint,
720 717 912 771 insitus
932 717 1229 772 animorum
1254 732 1450 773 maeror
1476 729 1793 789 praegravat.
1830 720 1989 789 109

411 808 477 864 Et
506 807 596 862 illa
632 818 680 872 α,
713 808 731 839 ¹
762 807 837 862 ita
864 815 965 875 est,
1002 808 1193 876 inquit.
1225 808 1349 864 Haec
1373 809 1513 863 enim
1542 809 1772 864 nondum
1815 810 1987 864 morai

412 884 488 955 tui
512 898 769 963 remedia,
798 899 892 953 sed
914 898 1089 954 adhuc
1111 902 1447 955 contumacis
1473 900 1734 956 adversus
1759 908 1992 956 curatio-

413 1008 534 1048 nem
560 993 763 1046 doloris
794 992 1023 1046 lamenta
1046 994 1289 1062 quaedam
1312 1001 1459 1047 sunt.
1484 991 1615 1045 Nam
1642 1007 1760 1059 qua:
1788 992 1838 1044 in
1868 1006 1992 1061 pro-

414 1085 635 1140 fundum
691 1099 810 1140 sese
855 1094 1156 1154 penetrent,
1210 1100 1332 1142 cum
1380 1086 1753 1153 tempestivum
1806 1085 1987 1150 fuerit,

414 1175 728 1232 admovebo.
779 1175 1161 1231 Verumtamen
1202 1192 1270 1231 ne
1310 1186 1359 1231 te
1396 1175 1695 1231 existimari
1736 1177 1990 1231 miserum

417 1268 589 1335 velis,
621 1270 642 1300 ⁸
671 1283 737 1322 an
781 1283 1059 1322 numerum
1101 1268 1179 1337 (5)
1218 1268 1539 1336 modumque
1580 1277 1685 1323 tute
1728 1268 1990 1323 felicitatis

417 1360 613 1414 oblitus
636 1360 732 1415 es?
760 1360 940 1414 Taceo
968 1360 1107 1428 quod
1138 1357 1166 1398 ά
1199 1359 1218 1391 ³
1247 1360 1541 1415 desolatnm
1578 1370 1815 1428 parente,
1848 1376 1993 1414 sum-

420 1464 629 1505 morum
668 1459 720 1505 te
752 1451 986 1505 viroru-n
1027 1464 1163 1508 cura.
1194 1452 1460 1520 suscepit;
1499 1450 1521 1481 ⁸
1555 1451 1896 1515 deiectusque
1939 1450 1991 1503 in

2091 451 2505 521 propinquitatis
2530 464 2699 520 genus
2723 460 2825 514 est.
2847 450 2995 518 prius
3016 465 3192 516 carus,
3210 464 3368 520 quam
3395 453 3664 520 proximus

2089 555 2210 596 esse
2244 541 2473 611 coepisti.
2533 540 2691 614 uo
2725 540 2854 606 Quis
2893 555 2994 596 non
3040 549 3093 595 te
3132 540 3505 596 felicissimum
3543 556 3663 597 cum

2090 640 2238 686 tanto
2273 631 2557 701 splendore
2593 646 2927 697 socerorum,
2969 632 2990 664 ⁵
3017 645 3139 688 cum
3165 632 3408 702 conjugis
3436 633 3662 702 pudore,

2096 730 2209 775 tum
2244 722 2266 753 ⁸
2298 722 2546 777 mascula:
2569 736 2780 790 quoque
2808 721 2972 791 prolis
2992 722 3389 791 opportunitate
3413 723 3665 792 prasdica-

2091 812 2198 866 vit?
2258 813 2528 867 Praetereo
2587 812 2746 879 (libet
2800 812 2944 866 enim
2998 813 3274 882 praeterire
3328 812 3664 878 communia)

2092 901 2113 932 "
2143 912 2378 968 sumptas
2400 902 2451 954 in
2475 900 2831 955 adolescentia
2860 912 3079 970 negatas
3097 902 3317 956 senibus
3336 901 3658 972 dignitates:

2093 994 2159 1048 ad
2196 994 2514 1063 singularem
2560 992 2829 1048 felicitatis
2882 1002 2988 1047 tute
3039 992 3313 1048 cumulum
3354 992 3540 1048 venire
3588 992 3665 1063 (5)

2094 1085 2343 1139 delectat.
2394 1084 2451 1138 Si
2500 1083 2620 1153 quis
2669 1098 2848 1138 rerum
2898 1083 3200 1139 mortalium
3253 1084 3458 1137 fructus
3499 1082 3666 1137 ullum

2096 1174 2434 1230 beatitudinis
2460 1174 2667 1243 pondus
2696 1173 2857 1228 habet
2884 1214 2899 1238 ,
2942 1174 3205 1241 poteritne
3233 1173 3376 1227 illius
3410 1173 3667 1228 memoria

2107 1276 2131 1304 ο
2161 1267 2294 1321 lucis
2332 1266 2661 1334 quantalibet
2694 1265 3049 1335 ingruentium
3088 1266 3346 1319 malorum
3391 1264 3533 1319 mole
3573 1264 3669 1318 de-

2099 1357 2237 1411 leri?
2272 1370 2395 1409 cum
2436 1358 2569 1410 duos
2606 1356 2803 1425 pariter
2843 1355 3092 1410 consules
3129 1354 3327 1409 liberos
3357 1363 3477 1409 tuos
3510 1354 3670 1408 domo

2099 1447 2319 1515 provehi
2366 1446 2466 1502 sub
2500 1446 2800 1517 frequentia
2831 1444 2849 1483 ί
2889 1455 3121 1516 patrum,
3152 1448 3252 1501 sub
3285 1446 3456 1517 plebis
3481 1445 3670 1501 alacri-

1757 1537 2328 1596 iNTEiiPRETATiO.

492 1640 521 1668 ⁸
554 1630 618 1684 Et
639 1629 792 1686 illita.

488 1701 517 1741 δ
548 1700 788 1754 Poeseas.

493 1782 516 1809 ·
546 1770 905 1842 PlcilosOpltia.

2023 1660 2072 1719 B

2170 1627 2199 1666 ἀ
2233 1629 2479 1701 Defuncto
2503 1637 2666 1701 patre.

2173 1708 2195 1736 °
2228 1698 2363 1751 Diei.

2175 1767 2195 1806 ί
2231 1768 2558 1823 Senatorum.

1933 1836 2155 1895 ΝΟΤᾸΞ.

422 1941 564 1996 sunt,
593 1933 783 1988 saltem
808 1932 1089 2001 quamdam
1119 1933 1231 1988 veri
1260 1932 1495 2002 speciem
1527 1932 1743 1987 habent.
1770 1932 1861 1987 Sic
1889 1932 1994 1986 ilo-

422 2004 586 2058 t'.ttius
608 2003 676 2057 de
705 2003 832 2056 Arte
857 2019 869 2053 :

543 2092 791 2201 {praealtum
819 2093 1037 2153 speciosa
1061 2091 1195 2151 locis,
1214 2097 1498 2154 morataque
1523 2098 1661 2142 recte

586 2168 610 2200 a
650 2167 677 2200 u
699 2167 744 2201 3.

586 2167 744 2202 auum.

426 2234 493 2290 Et
520 2236 674 2292 Ovid.
701 2252 716 2290 :

670 2305 999 2366 Speciosaqtm
1023 2306 1215 2353 nomina
1237 2304 1392 2366 culpas

553 2364 766 2428 imponis
782 2365 1098 2428 Medea-tute,
1124 2368 1241 2428 quin
1262 2364 1426 2428 aspice
1448 2369 1681 2427 quantum

552 2424 859 2486 Aggrediare
884 2425 1037 2475 nefas.

430 2507 703 2577 .Speciasus
723 2507 865 2563 enim
889 2516 975 2563 est
998 2521 1027 2563 a
1056 2508 1221 2576 specie
1246 2522 1263 2562 :
1293 2508 1483 2577 species
1505 2507 1570 2561 ab
1596 2506 1814 2575 antiquo
1838 2508 2001 2561 verbo

428 2577 595 2645 specio
621 2576 767 2629 video
790 2594 803 2628 :
829 2577 1213 2647 uttde_aspicio,
1240 2578 1472 2647 inspicio,
1500 2586 1626 2638 etc.,
1658 2578 1999 2647 quamobrem

429 2644 904 2715 speciesJLatinis,
953 2644 1154 2701 Graecis
1176 2646 1284 2701 esse
1307 2644 1329 2709 ,'
1352 2647 1485 2700 nihil
1532 2655 1616 2701 est
1656 2645 1795 2700 aliud
1838 2661 1998 2715 quam

433 2718 604 2769 notio.
634 2714 769 2770 Hinc
798 2715 937 2784 quod
968 2717 1193 2771 obscura
1225 2716 1509 2770 confusave
1534 2717 1753 2770 alterius
1783 2714 2000 2769 notione

433 2785 768 2852 proponitur,
812 2785 863 2839 id
901 2785 1074 2840 aliena
1118 2786 1299 2851 specie
1345 2784 1573 2854 proponi
1601 2785 1833 2839 dicitur:
1866 2794 2001 2838 srcut

432 2854 733 2920 philosophi
779 2855 947 2916 aiunt,
991 2854 1188 2908 malum
1233 2855 1412 2922 specie
1455 2856 1578 2909 boni
1622 2856 1793 2908 amari
1824 2872 1835 2906 :
1864 2855 2000 2909 sicut

433 2924 594 2977 etiam
621 2924 763 2978 dicta
787 2924 1011 2978 fortuna:
1039 2940 1177 2979 nunc
1205 2923 1450 2979 dicuntur
1476 2925 1632 2977 oblita
1652 2924 1913 2977 rhetorica:
1938 2941 1999 2976 ac

434 2995 640 3048 musica:
667 2993 816 3047 melle
845 2993 1124 3047 dulcedinis
1153 3008 1172 3045 :
1204 2995 1274 3047 ita
1303 3003 1380 3057 ut,
1410 3001 1468 3047 ut
1494 3002 1617 3062 pote
1644 3006 1796 3057 voce,
1845 3002 1998 3055 nutu.

432 3070 582 3130 gestu
622 3064 936 3130 cmterisque
973 3063 1235 3131 adjunctis
1272 3072 1441 3132 grata,
1486 3074 1595 3115 tum
1639 3070 1856 3127 tantum,
1887 3078 2001 3115 cum
2026 3063 2073 3125 C

433 3132 730 3202 audiuntur,
772 3134 1034 3195 oblectent,
1075 3135 1252 3187 statim
1285 3131 1503 3202 propter
1540 3131 1836 3201 graviorem
1868 3147 2003 3187 mte-

434 3200 572 3255 roris
617 3217 833 3256 sensum
880 3218 911 3257 e
956 3204 1212 3256 memoria
1253 3200 1495 3270 pellenda
1532 3200 1700 3263 :nam
1749 3202 2002 3255 malarum

436 3272 592 3341 altior
620 3288 795 3325 sensus
823 3281 897 3325 est
926 3287 944 3325 :
972 3273 1151 3325 insitus
1176 3273 1459 3325 animorum
1486 3285 1668 3341 maeror
1695 3281 1995 3341 prwgravat.

508 3341 526 3372 ι
558 3339 643 3393 Ita
666 3352 759 3404 est,
802 3341 1006 3412 inquit.]
1038 3342 1077 3396 i.
1123 3342 1457 3409 Philusiiphia
1497 3338 1710 3412 fatetur,
1749 3338 2001 3409 qnidquid

436 3410 693 3464 hactenus
722 3413 831 3466 sive
860 3409 1031 3465 Saluta
1062 3412 1172 3465 sive
1197 3413 1379 3465 stricta
1405 3412 1644 3464 oratione
1672 3409 1867 3463 dictum
1900 3419 2000 3470 est,

435 3479 567 3534 illud
610 3480 835 3542 nullum,
882 3493 967 3533 aut
1001 3481 1115 3534 leve
1152 3480 1417 3545 quoddam
1449 3494 1568 3534 esse
1606 3480 1805 3533 doloris
1835 3494 2005 3533 reme-

436 3549 581 3601 dium
607 3566 620 3602 :
646 3549 910 3611 Nondum,
928 3550 1115 3617 inquit,
1132 3551 1292 3602 morbi
1315 3551 1556 3612 remedia,
1582 3549 1669 3602 sed
1692 3549 1860 3601 adhuc
1885 3565 2005 3601 con-

436 3620 651 3671 tumacis
680 3620 917 3673 adversus
954 3623 1261 3673 curationem
1288 3620 1478 3672 doloris
1506 3620 1747 3685 fomenta.
1788 3618 1906 3682 Ubi,
1952 3620 2003 3672 1⁸

438 3687 736 3759 Remedium
763 3701 843 3742 εει
868 3704 1082 3756 corpus,
1105 3690 1243 3759 quod
1272 3689 1458 3759 morbo
1482 3688 1831 3759 contrarium,
1864 3702 2006 3759 more

439 3758 568 3812 bum
599 3759 819 3823 expellit
848 3775 861 3812 :
893 3758 1171 3827 propterea
1195 3758 1473 3812 remedium
1499 3758 1691 3812 dicitur
1713 3773 1741 3810 a
1772 3774 1826 3810 re
1863 3758 2005 3825 quod

438 3837 519 3882 est
539 3837 715 3881 contra
745 3840 794 3881 et
823 3830 1013 3881 mederi
1041 3844 1059 3882 :
1090 3837 1366 3896 propterea
1396 3830 1553 3881 etiam
1585 3827 1829 3881 Ciceroni
1861 3828 2003 3879 nulla

436 3899 659 3950 remedia
686 3913 799 3966 quae
825 3899 1116 3951 vulneribus
1155 3899 1472 3960 adhibintur,
1504 3908 1604 3948 tam
1643 3897 1835 3965 faciunt
1863 3897 2007 3948 dolo-

436 3982 562 4036 rem,
592 3984 742 4036 quam
766 3983 878 4036 qua:
905 3978 1022 4022 sunt
1050 3968 1316 4019 salutaria.
1348 3966 1414 4019 At
1444 3966 1734 4021 remedium
1756 3982 1783 4018 a
1812 3981 2004 4033 oorpo-

438 4032 949 4090 ribus'trans'fertur
989 4038 1147 4090 etiam
1192 4037 1256 4088 ad
1304 4045 1528 4100 mentes,
1572 4052 1703 4105 quae,
1728 4032 2006 4089 contrariis

438 4120 647 4175 quoque
674 4115 941 4159 sanantur.
955 4106 1011 4158 2°
1031 4110 1319 4159 tiontumaa:
1339 4105 1553 4170 dicitur,
1570 4104 1707 4173 quod
1730 4112 2006 4175 contracto

437 4175 665 4243 quodam
696 4178 807 4229 sive
826 4177 985 4229 animi
1014 4177 1127 4229 sive
1150 4175 1387 4243 corporis
1414 4184 1644 4238 tumore,
1668 4182 1722 4228 et
1742 4174 2006 4227 difficilius

438 4242 718 4312 tlisjicitur,
742 4254 795 4299 et
815 4246 1009 4313 majori
1035 4248 1232 4313 impetu
1248 4242 1478 4297 incurrit
1499 4253 1819 4297 commotum
1839 4262 1849 4295 :
1871 4243 2007 4297 sicut

438 4316 579 4367 enim
608 4315 674 4368 ab
694 4316 1065 4377 audeo.audax
1088 4332 1106 4380 ;
1132 4330 1159 4367 a
1192 4325 1349 4373 teneo,
1376 4323 1552 4377 tenax;
1570 4314 1644 4367 sic
1665 4328 1693 4367 a
1718 4324 2004 4374 contumeo.

440 4394 714 4439 contumax
735 4401 754 4439 :
785 4384 907 4438 hinc
928 4387 1085 4439 etiam
1108 4386 1279 4438 oritur
1300 4386 1619 4448 contumelia,
1644 4384 1782 4451 quod
1808 4385 1918 4437 hmc
1940 4387 2007 4437 sit

439 4452 631 4523 injuria
671 4455 739 4507 ab
774 4457 976 4520 animo,
1015 4456 1102 4523 q'ui
1139 4454 1274 4507 fastu
1314 4462 1514 4507 tumeat
1541 4470 1602 4507 ac
1632 4463 1856 4522 turgcat,
1890 4469 2006 4521 pro-

441 4520 595 4575 fecta.
619 4524 680 4577 5°
705 4528 981 4592 fomentum
1006 4520 1133 4578 illud
1156 4524 1473 4592 appellatur,
1501 4524 1639 4586 quod
1663 4520 1859 4577 doloris
1885 4520 2009 4577 cau-

440 4606 552 4644 sam
595 4592 782 4646 leviter
820 4595 1102 4658 movendo,
1155 4603 1414 4647 tumorem
1467 4592 1673 4645 videtur
1723 4593 1903 4647 fovere
1947 4608 2009 4647 ac

440 4660 673 4716 mollire.
707 4661 802 4716 ilic
831 4673 1008 4716 autem
1040 4659 1374 4731 Philosophia
1406 4662 1561 4715 fidem
1591 4666 1738 4716 'suam
1772 4664 1959 4717 liberat
1994 4681 2004 4714 :

441 4731 761 4798 promiserat
791 4732 933 4786 enim
963 4733 1077 4788 fore
1106 4742 1165 4789 ut
1190 4733 1373 4787 Boetio
1405 4732 1641 4786 curando
1670 4732 1867 4787 leviora
1899 4734 2010 4799 pri-

441 4814 611 4867 mum,
642 4800 833 4872 deinde
862 4804 1101 4870 graviora
1147 4804 1442 4857 adhiberet.
1478 4801 1785 4870 Propterea,
1817 4819 1931 4872 qua:
1958 4804 2010 4855 in

442 4870 753 4942 profundum
799 4887 904 4942 sese
950 4882 1227 4940 penetrent,
1274 4876 1462 4941 inquit,
1510 4888 1626 4925 cum
1669 4870 2012 4942 tempestivum

441 4940 615 5007 fuerit,
640 4941 931 4994 admovebo.

511 5010 640 5084 {An
663 5026 927 5063 numerum
956 5012 1257 5084 modumque
1280 5020 1380 5084 tua:
1410 5011 1709 5084 felicitatis}
1739 5012 1800 5065 li.
1831 5012 2013 5084 Philo-

440 5077 628 5147 sophia
661 5091 938 5134 enumerat
967 5081 1102 5134 bona
1134 5077 1253 5149 quae
1281 5077 1514 5147 Boetius,
1544 5077 1709 5137 veluti
1736 5084 1871 5135 duce
1903 5083 2012 5136 for-

441 5159 587 5213 tuna,
626 5149 839 5204 videtur
863 5152 1132 5218 accepisse
1152 5192 1166 5215 ,
1197 5150 1422 5208 aiierens
1452 5169 1635 5206 eorum
1670 5169 1931 5205 numerum
1961 5162 2014 5205 et

440 5220 645 5291 tripodum
666 5236 683 5283 ;
705 5222 817 5276 sive
838 5230 895 5274 ut
916 5221 1564 5291 loquuntur,quantitatem
1594 5235 1648 5277 et
1674 5223 1967 5289 qualitatem
1993 5237 2011 5272 :

441 5289 687 5359 nimirum
711 5298 857 5359 quot,
891 5300 945 5344 et
972 5292 1141 5359 qualia
1174 5289 1385 5345 fuerint.

508 5357 855 5432 ‘_Desalatum
877 5357 1123 5432 paren'e.]
1156 5362 1389 5415 Primum
1412 5360 1625 5432 quidem
1652 5361 1861 5432 Boetius
1884 5374 2014 5432 puer

442 5428 747 5492 perhibetur
778 5428 899 5483 i'elis
932 5428 1477 5485 fuisse—curatoribus.
1508 5431 1711 5483 Nimiru
1738 5452 1764 5483 ιι
1797 5429 2014 5482 Boetius

445 5496 600 5564 hujus
630 5501 795 5552 nostri
829 5499 995 5555 Boetii
1025 5503 1157 5554 alius
1179 5503 1229 5555 fu
1256 5512 1271 5552 ι
1298 5515 1446 5565 avus,
1478 5501 1613 5553 alius
1644 5510 1812 5566 pater.
1848 5501 2011 5562 Avus,

443 5578 563 5638 cum
610 5569 975 5634 praefecturam
1027 5572 1257 5638 prtetorii
1308 5582 1535 5637 gereret,
1586 5584 1613 5620 a
1644 5568 2016 5622 Valentiniano

445 5634 762 5710 imperatore
782 5654 883 5691 una
904 5634 1199 5710 cum'Aetio
1226 5634 1447 5710 patricio
1466 5641 1718 5710 innocens
1741 5639 1791 5691 in
1819 5638 2017 5710 Palatio

449 5703 757 5761 interfectus
784 5718 863 5763 est
896 5724 1034 5765 anno
1058 5703 1249 5765 Christi
1280 5710 1382 5766 455
1414 5726 1424 5761 :
1457 5710 1530 5763 ait
1566 5709 1706 5763 enim
1736 5706 2017 5761 Cassiodo-

2099 1944 2191 1986 rus
2230 1931 2283 1984 in
2321 1928 2590 1984 Chronico
2619 1945 2632 1983 :
2675 1928 2814 1983 Aetia
2858 1938 2905 1983 et
2939 1930 3122 1984 Studia
3146 1930 3464 1996 consulibus,
3495 1930 3669 1985 Aetius

2105 2000 2349 2069 patricius
2382 2005 2434 2053 in
2463 1999 2663 2069 Palatio
2694 2016 2847 2052 manu
2882 1999 3219 2055 Valentiniani
3244 2002 3563 2067 imperatoris
3588 2018 3670 2054 ex-

2099 2067 2310 2123 stinctus
2328 2079 2404 2122 est
2426 2086 2445 2123 :
2471 2067 2671 2122 Boetius
2690 2085 2805 2122 vero
2820 2071 3087 2140 praefectus
3112 2073 3333 2136 prwtorii
3357 2071 3540 2140 amicis
3560 2074 3671 2140 ejus

2101 2140 2540 2193 circumstantibus
2565 2141 2914 2207 interemptus.
2939 2139 3093 2192 Pater
3115 2153 3241 2193 vero
3270 2139 3457 2193 eodem
3487 2139 3671 2193 Boetio

2104 2224 2289 2278 puero,
2338 2208 2489 2262 obiit.
2538 2207 2673 2261 liinc
2709 2219 2898 2278 noster
2928 2208 3143 2261 Boetius
3184 2208 3381 2261 dicitur
3413 2210 3671 2262 desolatus

2103 2277 2309 2358 parente
2343 2292 2362 2332 :
2391 2286 2445 2331 at
2479 2277 3071 2358 ejttsmodi_ani_icorum
3115 2292 3240 2331 cura
3282 2293 3415 2358 puer
3460 2279 3672 2358 Boetius

2105 2346 2377 2413 educatus,
2393 2356 2447 2402 et
2465 2347 2721 2412 Athenas,
2738 2346 3137 2416 disciplinarum
3158 2346 3395 2402 omnium
3425 2348 3665 2401 natitiam

2103 2418 2412 2483 adepturus,
2444 2418 2636 2471 missus
2662 2427 2762 2470 est.

2174 2485 2198 2517 ’⁵
2226 2486 2459 2540 Defectus
2481 2488 2535 2538 in
2560 2486 2852 2554 aﬂinitatem
2871 2485 3157 2555 principum
3181 2484 3439 2555 civitatis.j
3471 2484 3671 2539 Deinde

2108 2556 2320 2610 Boetius
2340 2557 2531 2608 dicitur
2552 2556 2675 2609 felix
2702 2554 2924 2619 soceris,
2953 2554 3112 2608 Festo
3134 2554 3488 2618 nimirum,’et
3520 2554 3671 2623 Sym-

2108 2628 2317 2686 macho.
2343 2625 2665 2693 principibus
2692 2625 2941 2679 civitatis.
2968 2624 3163 2679 Festus
3177 2624 3412 2691 quidem,
3438 2633 3490 2677 et
3514 2622 3670 2693 Sim-

2102 2696 2322 2765 machus
2350 2694 2574 2765 fuerunt
2624 2694 2889 2765 principes
2926 2694 3155 2765 civitatis
3195 2694 3447 2765 Romana:
3492 2709 3527 2765 εΔ
3550 2709 3669 2746 nam

2101 2763 2316 2818 Patricii
2339 2762 2523 2817 Festus
2548 2773 2595 2817 et
2617 2762 2977 2832 Symmachus,
3006 2764 3185 2832 inquit
3206 2762 3478 2817 Ennodius
3501 2762 3671 2817 Para-

2102 2834 2215 2890 nesi
2259 2833 2610 2896 didascalica,
2660 2833 2888 2885 omnium
2930 2834 3314 2901 disciplinarum
3362 2833 3577 2885 materia
3623 2841 3671 2887 et

2103 2912 2384 2957 constantes
2429 2907 2593 2969 forma
2634 2903 2916 2969 sapientiw,
2937 2903 2998 2954 ab
3034 2902 3157 2955 urbe
3190 2902 3534 2955 sacratissima
3571 2917 3671 2953 non

2102 2974 2359 3027 recedunt.
2407 2971 2474 3025 In
2498 2973 2619 3040 ipsis
2661 2978 2733 3024 est
2762 2971 2943 3024 nobilis
2973 2973 3131 3025 curiee
3169 2972 3503 3039 principatus,
3550 2987 3671 3037 quos

2103 3044 2310 3107 uidisse,
2335 3042 2527 3095 erudiri
2555 3040 2824 3094 est.lidem
2842 3040 3052 3095 fuerunt
3072 3043 3240 3095 soceri
3271 3040 3672 3107 Boetii,quippe

2103 3116 2193 3181 qui
2217 3110 2701 3181 duxerathElpidem
2718 3108 2891 3181 filiam
2915 3109 3080 3176 Festi,
3098 3121 3152 3165 et
3176 3110 3273 3165 hac
3295 3108 3541 3164 defuncta
3567 3110 3672 3181 Bu-

2102 3179 2400 3251 s'ticianam,
2429 3179 2733 3251 Symmachi
2765 3179 2963 3244 filiam;
3000 3194 3218 3251 quarum
3241 3194 3485 3251 uxorum
3527 3179 3671 3246 prior

2102 3250 2294 3305 dicitur
2333 3265 2435 3304 non
2470 3248 2751 3319 probitatis
2778 3248 3031 3319 tantum,
3064 3248 3159 3306 sed
3183 3249 3340 3303 etiam
3374 3248 3667 3319 litterarum

2104 3320 2261 3375 laude
2280 3318 2528 3384 celebris,
2560 3318 2926 3387 imprimisque
2948 3319 3213 3372 Musarum
3252 3332 3467 3387 amans.
3490 3318 3669 3369 Tantis

2103 3390 2317 3445 demum
2343 3392 2542 3444 soceris
2572 3386 2785 3443 Boetius
2806 3386 2903 3441 fuit
2929 3388 3050 3442 felix
3079 3387 3374 3457 :siquidem
3404 3386 3667 3441 felicitatis

2103 3470 2183 3515 est
2215 3460 2459 3513 honorari
2490 3458 2559 3513 ab
2585 3457 3006 3513 honoratissitnis
3036 3458 3201 3512 viris:
3236 3458 3460 3511 maxima
3481 3458 3665 3527 jucun-

2103 3530 2413 3596 dissimaque
2436 3531 2547 3581 laus
2573 3537 2669 3593 est,
2709 3528 2879 3594 inquit
2911 3527 3116 3580 Tullius
3146 3541 3243 3594 pro
3281 3527 3438 3589 Mur.,
3465 3524 3578 3595 quia
3605 3524 3663 3576 ab

2102 3600 2165 3651 iis
2186 3600 2546 3668 proﬁciscitur,
2574 3598 2660 3666 qui
2689 3597 2785 3668 ipsi
2806 3597 2858 3668 in
2881 3596 3031 3649 laude
3053 3599 3310 3668 vixerunt.
3334 3597 3547 3668 Boetius
3576 3609 3664 3668 au-

2105 3665 2209 3721 tem
2240 3684 2304 3722 ex
2334 3682 2399 3722 eo
2438 3665 2726 3721 honoratus
2755 3667 2850 3719 fuit
2878 3668 3169 3733 praesertim
3200 3665 3268 3718 ab
3299 3665 3382 3718 bis
3405 3666 3664 3733 honestis-

2103 3738 2252 3790 simis
2278 3738 2426 3799 viris,
2444 3738 2583 3804 quod
2610 3737 2677 3787 ab
2702 3736 2889 3789 iisdem
2922 3737 3146 3803 primum
3177 3734 3276 3788 fuit
3314 3736 3557 3795 dilectus.
3582 3732 3666 3787 de-

2106 3806 2228 3862 inde
2255 3808 2480 3861 delectus
2504 3807 2557 3859 in
2579 3806 2879 3873 afﬁnitatem
2904 3821 2920 3857 :
2952 3806 3090 3872 prius
3120 3820 3293 3868 carus,
3316 3820 3468 3874 quam
3500 3804 3666 3871 praxi-

2105 3893 2217 3929 mus
2252 3892 2271 3930 :
2300 3878 2415 3945 quis
2442 3891 2570 3944 ergo
2608 3876 2847 3929 Boetium
2886 3890 2991 3928 non
3038 3874 3287 3943 prtedicet
3329 3874 3666 3942 felicissimum

2105 3962 2219 3999 cum
2248 3956 2385 3999 tanto
2414 3946 2684 4016 splendore
2702 3960 3012 3997 socerorum.

2178 4026 2198 4057 ⁵
2224 4023 2614 4095 Cumconjugis
2655 4020 2886 4095 pudore]
2927 4022 3185 4095 Praeterea
3213 4020 3666 4095 _Boeti_us_dicit_ur

2106 4095 2231 4174 felix
2260 4091 2488 4174 conjuge
2507 4091 2692 4174 aquati
2716 4091 2937 4159 utraque
2966 4092 3081 4174 ejﬁus
3104 4091 3501 4174 conj-uit,AElpis
3527 4092 3666 4174 vide-

2107 4166 2250 4226 licet,
2293 4161 2688 4218 et'Rusticiana
2708 4201 2724 4225 ,
2766 4176 2971 4215 summa
3000 4161 3158 4215 fuerit
3186 4164 3377 4214 virtute
3406 4161 3619 4229 praedita
3646 4175 3659 4211 :

2107 4234 2248 4305 quod
2271 4234 2467 4305 pudore
2484 4234 2681 4302 optimc
2701 4231 3060 4305 signiﬁcatur:
3086 4231 3433 4305 pudoreniiu,
3457 4231 3525 4282 ait
3554 4230 3666 4282 Tui.

2108 4299 2210 4358 lius
2236 4299 2280 4358 tt
2304 4305 2370 4357 de
2403 4299 2553 4367 Finf,
2585 4310 2658 4356 est
2686 4304 2972 4354 moderator
2999 4302 3312 4367 cupiditatis.
3343 4299 3475 4353 Cum
3505 4309 3667 4352 autem

2114 4373 2608 4441 Philosophia,qnte
2631 4384 2854 4427 numero
2870 4371 3057 4439 plurali
3077 4372 3668 4441 dixeratsoceras,nunc

2112 4438 2362 4511 singulari
2389 4438 2589 4496 tantum
2612 4442 2756 4495 dicat
2785 4438 3081 4511 conjugem,
3118 4440 3314 4493 idcirco
3339 4438 3667 4511 crediderim.

2112 4508 2222 4569 non
2245 4513 2358 4567 fieri
2391 4512 2475 4567 hic
2504 4514 2850 4576 mentionem,
2874 4508 2975 4563 nisi
2995 4510 3151 4563 unius
3175 4524 3241 4563 ex
3270 4509 3525 4563 uxoribus
3550 4508 3669 4561 Boe-

2113 4585 2193 4647 tii,
2226 4598 2417 4651 nempe
2447 4582 2785 4646 Rusticiante,
2820 4593 2937 4649 quae
2962 4580 3075 4635 sola
3097 4588 3225 4635 tunc
3249 4587 3521 4648 superstes
3546 4586 3669 4631 erat.

2114 4669 2234 4709 cum
2262 4653 2375 4705 haec
2395 4654 2777 4707 scriberentur.

2186 4724 2206 4755 °
2250 4722 2494 4776 Masculus
2540 4723 2698 4791 prolis
2728 4717 3147 4788 apportunitdte.]
3194 4719 3436 4791 insuper_
3466 4716 3670 4791 Boetius

2114 4786 2562 4845 commemoratur
2577 4792 2698 4845 l'elix
2722 4791 2934 4853 liberis;
2956 4786 3181 4843 ntust-uia
3204 4786 3494 4851 praesertim
3518 4786 3669 4856 prole.

2116 4863 2233 4917 Filii
2260 4863 2399 4915 enim
2426 4863 2618 4925 Boetii,
2642 4861 2686 4914 si
2718 4875 2824 4914 non
2856 4860 3024 4914 Patrit
3045 4874 3106 4913 us
3132 4870 3185 4914 et
3207 4860 3670 4928 llypatius,saltem

2116 4933 2469 5004 Symmachus
2494 4944 2547 4987 et
2571 4930 2784 5004 Boetius
2802 4930 3193 5004 consulesl'acti
3215 4938 3339 4983 sunt
3364 4944 3377 4982 :
3405 4937 3670 5004 propterea

2116 4998 2201 5057 hic
2231 5004 2482 5065 consules,
2505 5010 2559 5055 et
2580 5001 2711 5054 inira
2739 5001 3027 5053 consulares
3052 5000 3232 5052 liberos
3260 5006 3414 5052 vocat
3444 4998 3669 5065 Philoso-

2116 5076 2237 5142 phia
2266 5092 2277 5125 :
2312 5064 2591 5141 propterea
2621 5072 2807 5124 eadem
2842 5069 3173 5142 Philosophia
3202 5084 3342 5122 nunc
3367 5067 3534 5142 addit,
3565 5064 3668 5142 lle-

2114 5136 2330 5196 inariani
2368 5136 2519 5205 huius
2562 5142 2680 5203 diei,
2712 5156 2811 5205 quo
2856 5136 3105 5193 nimirum
3146 5139 3357 5192 Boetius
3395 5137 3517 5189 vidit
3555 5136 3668 5205 duos

2116 5220 2307 5280 pariter
2352 5204 2582 5264 consules
2631 5204 2808 5263 liberos
2842 5209 2991 5261 domo
3038 5208 3241 5281 prove/ti
3278 5206 3371 5261 sub
3402 5204 3667 5281 frequentia

2114 5274 2334 5352 patrum,
2378 5282 2469 5333 sub
2502 5280 2659 5345 plebis
2697 5280 2977 5352 alacritate,
3019 5274 3117 5347 quo
3155 5278 3289 5352 idem
3327 5274 3476 5347 regite
3502 5274 3664 5352 laudis

2116 5345 2305 5414 orator,
2321 5352 2508 5420 ingenii
2528 5352 2741 5420 gloriam
2758 5345 3109 5417 facunditeque
3130 5349 3329 5420 meruit,
3353 5345 3450 5420 quo
3470 5345 3661 5420 circum

2117 5426 2244 5489 fuste
2272 5414 2609 5473 multitudinis
2635 5414 3053 5489 exspectationem
3082 5418 3377 5489 triumphali
3416 5414 3661 5489 largitione

2116 5484 2334 5551 satiavit,
2382 5507 2480 5544 non
2526 5506 2671 5560 posse
2711 5484 3019 5558 quantalibet
3057 5488 3395 5558 ingruentium
3435 5484 3657 5535 mulorum

2117 5561 2247 5612 male
2268 5561 2443 5614 deleri.

2192 5639 2211 5668 "
2238 5638 2479 5705 Sumptus
2502 5640 2552 5691 in
2579 5636 2916 5690 adolescentia
2938 5631 3251 5705 dignitates.]
3281 5630 3508 5705 Boetius,
3532 5635 3637 5705 ante

2122 5722 2278 5777 quam
2310 5696 2513 5764 videret
2535 5723 2661 5763 suos
2686 5707 2885 5763 liberos
2906 5696 3170 5768 consulas,
3202 5696 3335 5775 ipse,
3364 5702 3526 5755 adhuc
3551 5696 3653 5749 allo-
