3984 6382
409 306 508 363 575

638 423 884 481 Flammis
911 422 1060 480 stella
1085 417 1479 491 prementibus:

446 514 480 569 5
557 514 711 584 Illi
740 517 873 574 Cum
892 528 1084 573 nemus
1110 511 1237 570 ﬂatu
1260 512 1479 582 aephyri
1505 513 1732 578 tepentis

622 602 810 657 Vernis
834 604 1073 658 inrubuit
1097 604 1259 667 rosis,

553 692 730 760 Spiret
763 694 1006 747 insanum
1028 691 1318 747 nebulosus
1348 700 1552 756 auster,

616 781 734 837 Jam
751 783 917 851 spinis
946 783 1103 837 abeat
1130 782 1332 837 decus:

546 873 697 941 Saepe
719 872 1001 941 tranquillo
1027 871 1199 925 radiat
1228 883 1420 925 serene

409 962 476 1020 10
618 963 854 1018 immotis
877 978 1024 1018 mare
1054 962 1302 1016 ﬂuctibus
1328 977 1342 1025 ;

551 1059 706 1128 115
727 1057 883 1126 Saepe
902 1054 1189 1111 ferventeis
1217 1053 1395 1120 aquilo
1427 1051 1688 1122 procellas

1628 311 1734 365 AN.
1776 309 1981 364 MANL.
2025 307 2174 363 SEV.
2217 304 2433 361 BOLTII

2007 430 2054 482 Α

2304 419 2468 472 Verso
2499 422 2728 469 οοιιίτιιίιι
2756 427 2987 481 requare.

2226 512 2363 565 Rara
2390 510 2433 564 si
2459 517 2669 564 constat
2694 522 2785 561 sua
2817 509 2981 561 forma
3014 504 3233 567 mundo.

2294 601 2348 654 Si
2378 608 2550 653 tantas
2580 599 2749 652 variat
2778 600 2942 664 vices,

2086 695 2152 748 15
2224 693 2393 748 Crede
2422 692 2644 745 fortunis
2675 691 2947 744 hominum
2981 691 3217 756 caducis,

2300 784 2459 838 Bonis
2487 783 2644 837 crede
2671 784 2962 849 fugacibus.

2227 876 2483 938 Constat,
2506 883 2704 927 {eterna
2738 876 3074 942 positumque
3101 876 3214 944 lege
3245 884 3349 941 est,

2298 964 2366 1019 Ut
2389 973 2599 1019 constet
2622 966 2859 1034 genitum
2890 967 3041 1018 nihil.

1743 1161 2292 1218 INTERPRETATIO

406 1298 519 1341 tusa
547 1288 748 1355 ignibus
776 1287 1074 1340 instantibus
1101 1285 1245 1348 solis,
1278 1293 1551 1355 contracto
1574 1281 1795 1355 candore
1815 1323 1829 1343 ,
1861 1284 1975 1348 pal-

405 1357 507 1411 lent
532 1352 680 1412 :"Ubi
710 1359 835 1410 silva
857 1359 1038 1423 spiritu
1065 1356 1268 1424 zephyri
1302 1354 1501 1421 placide
1528 1352 1737 1404 calentis
1766 1368 1966 1419 purpu-

411 1429 540 1480 ravit
567 1429 695 1480 rosis
715 1442 878 1479 verme
906 1429 1260 1493 tempestatis;
1300 1425 1343 1477 si
1367 1434 1536 1476 auster
1549 1424 1859 1489 caliginosus
1884 1424 1971 1489 ﬂet

409 1499 709 1564 petulanter,
741 1498 910 1548 statim
952 1504 1298 1549 ornamentum
1325 1511 1351 1544 a
1383 1494 1590 1545 rosariis
1619 1496 1839 1564 recedat,
1876 1508 1970 1564 ne-

407 1561 557 1619 cesse
589 1561 701 1619 est
730 1565 848 1618 Non
875 1583 989 1618 raro
1012 1566 1218 1634 pelagus
1240 1564 1607 1633 quiescentibus
1634 1561 1783 1634 undis
1805 1562 1969 1627 splen-

406 1637 488 1688 det
513 1638 778 1689 serenitate
803 1631 1392 1704 trauquillafnec'raro
1416 1634 1589 1700 aquilo
1618 1631 1805 1684 excitat
1835 1639 1968 1683 tem-

2080 1293 2297 1346 pestates
2326 1282 2653 1339 vehementes.
2691 1283 2889 1333 turbato
2916 1283 3065 1333 mari.
3099 1279 3159 1334 Si
3187 1295 3314 1348 ergo
3341 1284 3394 1333 in
3419 1280 3639 1333 universo

2079 1361 2329 1404 terrarum
2359 1354 2476 1404 orbe
2496 1353 2669 1404 eadem
2709 1352 2875 1420 forma
2903 1362 2975 1404 est
2998 1354 3308 1420 infrequens,
3357 1352 3399 1404 si
3430 1352 3642 1403 nittndns

2078 1431 2239 1473 mutat
2286 1430 2452 1473 tantas
2483 1422 2873 1477 vicissitudines,
2927 1424 2996 1473 ito
3032 1438 3192 1482 nunc,
3238 1422 3437 1488 conﬁde
3467 1420 3641 1488 divitiis

2077 1491 2348 1561 fragilibus
2387 1492 2718 1561 monilium;
2750 1491 2948 1557 conﬁde
2987 1492 3126 1561 bonis
3162 1487 3342 1558 ﬂuxis.
3397 1487 3641 1561 Statilium

2076 1559 2174 1623 est,
2200 1572 2245 1612 et
2269 1562 2572 1626 sempiterno
2596 1560 2684 1612 llei
2713 1561 2913 1613 decreto
2938 1559 3235 1626 stabilitum,
3262 1569 3316 1613 ut
3346 1560 3493 1622 nihil,
3513 1560 3641 1627 quod

2072 1634 2298 1699 genitum
2327 1629 2505 1695 fuerit,
2532 1639 2842 1685 constanter
2871 1640 3161 1698 perseveret.

1862 1767 2089 1826 ΝΟΤᾹΞ.

405 1878 524 1932 vehi
569 1878 921 1950 quadrijugo,
972 1880 1097 1950 sive
1134 1894 1291 1947 quem
1322 1880 1533 1942 rapiant
1559 1888 1785 1947 quatuor
1804 1882 1923 1950 equi
1952 1898 1964 1934 :
1999 1885 2045 1944 B

404 1964 595 2020 nempe
624 1949 827 2020 Pyrois,
858 1949 1020 2020 Eous,
1063 1949 1265 2003 Ᾱῐιιιοιι
1293 1960 1346 2003 et
1375 1952 1609 2017 Phlegon
1629 1991 1642 2011 ,
1675 1949 1869 2018 quibus
1894 1953 1971 2020 ig-

405 2020 509 2081 nis,
543 2018 654 2082 lux,
682 2018 839 2072 ardor
859 2029 912 2072 et
938 2019 1171 2082 ﬂamma,
1193 2029 1420 2088 quatuor
1453 2023 1714 2088 prtecipua
1746 2023 1875 2075 solis
1900 2018 1974 2075 ef-

404 2088 579 2150 feeta;
616 2102 715 2141 nec
765 2104 868 2141 non
902 2090 1061 2143 etiam
1109 2100 1335 2157 quatuor
1368 2090 1647 2157 principum:
1681 2090 1787 2144 diei
1828 2092 1974 2146 horae

404 2160 785 2229 signilieentur.
818 2159 1038 2212 Ovidius
1070 2174 1105 2212 ιι
1136 2160 1375 2221 Metam,
1409 2174 1457 2213 v.
1491 2160 1595 2213 155
1625 2174 1642 2213 :

527 2247 724 2297 Interea
746 2246 965 2295 volucres
985 2247 1202 2308 Pyroeis,
1224 2248 1368 2306 Eous,
1398 2255 1449 2297 et
1471 2247 1645 2297 tEthon

525 2310 651 2370 Solis
676 2310 810 2370 equi,
838 2316 1138 2369 quartusque
1162 2310 1383 2370 Phlegon
1410 2311 1676 2358 hinnitibus
1698 2321 1840 2358 auras

526 2369 849 2417 Flammiferis
873 2371 1095 2431 implent,
1122 2369 1426 2432 pedibusque
1450 2370 1681 2431 repagula
1710 2370 1913 2430 pulsant.

403 2451 494 2506 Sol
543 2459 718 2504 autem
764 2452 942 2504 oriens
997 2451 1183 2516 majori
1235 2451 1437 2504 lumine
1494 2465 1591 2503 suo
1616 2452 1811 2505 dicitur
1852 2451 1977 2508 hinc

404 2523 544 2576 diem
575 2535 846 2588 spargere,
881 2520 1004 2574 inde
1050 2537 1177 2573 vero
1206 2522 1389 2574 stellas
1436 2520 1690 2584 minores,
1739 2536 1857 2589 qua:
1883 2536 1978 2589 per

406 2598 616 2644 noctem
645 2591 956 2658 regnabant,
988 2590 1170 2658 fugare
1201 2608 1213 2643 :
1266 2601 1542 2657 propterea
1566 2591 1645 2645 sol
1684 2606 1822 2644 nunc
1857 2606 1976 2656 per-

408 2658 806 2731 hibeturlucem
832 2676 1117 2731 spargere;
1148 2669 1202 2713 et
1233 2662 1379 2713 stella
1430 2661 1724 2715 secundum
1756 2662 1976 2714 albentes

405 2736 533 2802 suos
557 2729 724 2783 vultus
762 2728 987 2783 hebetata
1023 2731 1363 2802 prementibus
1394 2731 1523 2783 solis
1558 2731 1725 2798 ipsius
1752 2732 1975 2802 ﬂammis

410 2801 631 2866 pallere:
664 2813 782 2867 qum
808 2809 891 2871 est
934 2801 1240 2856 vicissitudo
1283 2802 1453 2855 noctis
1492 2811 1546 2855 et.
1574 2802 1708 2867 diei;
1762 2804 1830 2856 de
1867 2816 1970 2871 qua

407 2871 495 2925 hic
526 2872 752 2939 primum
784 2869 975 2939 agitur.

477 2885 495 2922 ε
526 2884 811 2950 primnma
854 2884 975 2924 itur.
1181 2940 1193 2951 .
1923 2939 1937 2952 .

477 2941 529 2994 5.
563 2884 847 3010 ἣρω]ηῆ
874 2940 1119 2994 Secunda
1147 2939 1456 2994 vicissitudo
1478 2982 1492 3003 ,
1536 2940 1604 2994 de
1628 2956 1727 3010 qua
1752 2940 1836 2995 hic
1856 2955 1970 3009 agt-

409 3020 512 3073 tur,
544 3022 625 3062 est
646 3022 951 3072 ventorum,
997 3012 1215 3079 zephyri
1242 3012 1491 3062 nimirum
1522 3021 1575 3063 et
1602 3014 1804 3074 austri,
1833 3026 1971 3080 quo-

410 3096 524 3133 tum
550 3081 633 3132 hic
661 3080 810 3131 illum
829 3080 898 3132 ita
929 3081 1142 3147 exeipit.
1170 3090 1225 3132 ut
1246 3080 1386 3147 quod
1413 3081 1603 3149 prioris
1625 3082 1750 3135 llatu
1777 3083 1968 3149 oritur,

409 3152 509 3203 hoc
538 3150 773 3217 Spirante
800 3151 1092 3212 posteriore
1120 3150 1366 3204 intereat.

2411 1883 2558 1946 ortus
2580 1891 2742 1934 tamen
2767 1887 2863 1946 ipsa
2890 1890 3137 1932 memento

2198 1943 2238 1993 Ο
2261 1955 2369 1993 rosa
2394 1945 2587 2007 pulchra
2610 1949 2678 1995 tui
2702 1960 2712 1994 :
2743 1943 2957 1993 in'tormis
2977 1954 3024 1995 te
3046 1949 3181 2007 spina
3204 1946 3408 1995 creavit.

2153 2025 2205 2080 9.
2242 2026 2760 2098 Sa’petranquillo.]
2816 2027 2991 2081 Tertia
3040 2028 3381 2093 vicissitudo,
3426 2042 3541 2095 qua:
3564 2027 3642 2083 hic

2081 2096 2365 2150 adducitur
2395 2098 2447 2150 in
2474 2096 2798 2166 exemplum,
2828 2107 2911 2151 est
2935 2100 3335 2165 tranquillitatis
3367 2104 3641 2166 tempesta!

2086 2166 2256 2232 tisqne
2287 2166 2468 2219 maris.
2500 2164 2731 2221 Primum
2755 2168 2965 2234 quidem
2997 2164 3350 2237 tranquillitas
3373 2164 3532 2222 maris
3559 2170 3642 2223 de-

2086 2237 2360 2289 scribitur.
2426 2236 2475 2288 1°
2502 2239 2769 2290 serenitate
2796 2238 3073 2302 tranquilla
3126 2236 3240 2293 sive
3271 2239 3642 2307 tranquillitate

2091 2319 2279 2359 serena
2328 2307 2685 2375 (tranquillum
2737 2308 2879 2360 enim
2936 2315 2990 2359 et
3018 2323 3249 2360 serenum
3292 2310 3642 2375 grammaticis

2090 2386 2213 2428 stmt
2243 2375 2454 2428 nomina
2478 2377 2809 2442 substantira)
2849 2377 2986 2443 quod
3034 2393 3179 2430 mare
3206 2378 3554 2445 tranquillum
3581 2380 3644 2431 sit

2081 2454 2364 2515 ventorum
2393 2461 2618 2515 expers;
2648 2446 2711 2498 2°
2742 2448 2961 2498 immotis
2981 2448 3261 2514 ﬂuctibus:
3289 2450 3431 2515 quod
3463 2450 3643 2503 absen-

2081 2514 2224 2567 tibus
2255 2516 2430 2569 ventis
2485 2531 2632 2569 mare
2677 2517 2834 2569 solito
2871 2517 3126 2569 duntaxat
3171 2514 3319 2569 motu
3345 2529 3519 2572 actum
3546 2534 3640 2572 non

2079 2585 2360 2650 turbetur;
2392 2588 2448 2639 3°
2478 2587 2655 2647 radiis,
2687 2599 2822 2654 quos
2845 2602 2989 2639 mare
3013 2587 3353 2654 tranquillum
3387 2591 3638 2642 remittat:

2081 2667 2230 2726 mare
2257 2656 2399 2708 enim
2429 2660 2530 2723 pro
2554 2655 2769 2710 diverso
2799 2658 2976 2719 modo,
3013 2672 3118 2726 quo
3139 2659 3314 2709 radios
3345 2661 3641 2723 praesertim

2076 2724 2280 2797 solares
2302 2727 2523 2797 remittit
2543 2764 2557 2785 ,
2585 2740 2726 2779 nunc
2765 2724 3041 2791 luminis,‘
3070 2742 3207 2779 nunc
3235 2728 3433 2783 coloris
3463 2740 3515 2782 et
3537 2729 3641 2797 qui-

2079 2793 2200 2864 dem
2238 2796 2373 2848 varii
2425 2796 2634 2849 videtur
2675 2798 2975 2863 particeps:
3034 2798 3174 2850 unde
3218 2797 3426 2850 Tullius
3458 2793 3639 2864 Acad,

2078 2861 2245 2926 Mare,
2272 2866 2463 2932 inquit,
2482 2865 2617 2917 illud
2643 2868 2775 2932 quod
2800 2861 2932 2920 nunc
2956 2867 3157 2935 favonio
3173 2878 3426 2930 nascente,
3457 2861 3641 2933 purpué

2077 2948 2220 2985 reum
2247 2936 2465 3000 videtur,
2491 2936 2857 3003 nobismetipsis
2885 2939 3155 2989 eteruleum
3181 2938 3476 3002 videbatur,
3508 2955 3642 2992 mane

2077 3004 2267 3075 ﬂavum
2288 3046 2303 3067 ,
2327 3009 2561 3071 quodque
2586 3021 2722 3057 nunc
2746 3045 2761 3069 ,
2810 3007 2929 3075 quia
2958 3024 2986 3058 a
3007 3009 3112 3059 sole
3140 3007 3353 3059 collucet
3385 3049 3399 3071 ,
3429 3010 3642 3074 albescit,

2083 3082 2130 3125 et
2154 3074 2334 3145 vibrat,
2365 3076 2704 3142 dissimileque
2740 3084 2813 3127 est
2856 3078 3087 3145 proximo
3118 3079 3162 3128 ei
3189 3079 3490 3131 continenti.
3547 3080 3642 3132 Ln-

2083 3156 2205 3196 men
2230 3144 2390 3215 igitur
2419 3146 2695 3215 incurrens
2725 3145 2774 3197 in
2807 3144 2997 3201 ﬂuetus
3024 3149 3338 3215 tranquillos
3375 3151 3489 3201 sive
3509 3152 3644 3214 quies

477 3204 753 3288 Zephyrus
775 3204 901 3287 ergo
923 3227 1006 3272 est
1047 3227 1237 3271 ventus
1259 3219 1392 3272 ﬂans
1416 3220 1483 3272 ab
1521 3232 1710 3273 occasu
1739 3220 1976 3287 :equino-
2005 3204 2051 3267 C
2086 3222 2189 3275 tos,
2217 3204 2284 3267 al)
2309 3214 2397 3288 ΔΙὶὶε
2417 3230 2481 3268 80
2506 3214 2618 3288 left?
2646 3216 2836 3288 modo.
2880 3232 2985 3283 quo
3006 3231 3034 3269 ³
3065 3204 3283 3288 speculo
3313 3204 3601 3271 ῐθωίιιίίυῐ·
3628 3234 3643 3272 ἒ

409 3290 552 3344 ctiali
582 3304 596 3341 :
625 3289 768 3358 unde
804 3289 938 3358 lenis
982 3297 1063 3341 est
1100 3298 1153 3342 et
1176 3299 1390 3358 tepens,
1450 3299 1725 3358 terrasque
1762 3301 1977 3357 propte-

409 3375 498 3414 rea
526 3359 720 3433 dicitur
751 3356 1035 3433 fecundare
1074 3376 1113 3433 εΔ
1143 3358 1272 3413 Hinc
1319 3357 1517 3433 Graecis
1540 3356 1732 3433 dicitur
1765 3356 1978 3433 ζέφυρος

410 3432 560 3501 quasi
618 3428 853 3501 ζοηφόρφς
884 3429 1046 3501 vitam
1090 3426 1307 3501 ferens;
1340 3428 1539 3501 Latinis
1563 3445 1690 3501 vero
1712 3426 1977 3494 favonius,

411 3497 579 3569 quasi
603 3497 846 3565 genitalis
864 3498 1048 3569 mundi
1073 3499 1315 3569 Spiritus,
1346 3514 1372 3548 a
1401 3498 1650 3559 fovendo,
1678 3502 1849 3569 inquit
1874 3501 1981 3554 Pli-

412 3571 532 3621 nius
569 3567 605 3619 Ι.
637 3583 742 3628 xw,
784 3583 833 3620 c.
859 3566 949 3619 25.
980 3566 1161 3637 Virgil.
1188 3583 1223 3621 ιι
1246 3566 1470 3638 Georg.,
1495 3585 1546 3621 v.
1587 3571 1692 3624 550
1719 3588 1732 3622 :

535 3659 752 3723 Parturit
776 3659 928 3706 almus
946 3672 1064 3720 ager
1086 3661 1381 3723 zephyrique
1406 3662 1689 3723 tepentibus
1713 3662 1842 3711 auris

533 3721 721 3771 Laxant
745 3734 852 3768 arva
876 3723 1027 3769 sintts.

413 3801 697 3869 Pr0pterea
726 3818 899 3855 nemus
922 3817 1060 3857 nunc
1087 3803 1283 3857 dicitur
1326 3804 1492 3857 vernis
1520 3805 1651 3858 rosis
1683 3805 1983 3871 irrubuisse,

413 3877 541 3942 ﬂatu
565 3874 772 3942 zephyri
803 3876 1033 3940 tepentis.

482 3946 678 3997 Auster
704 3958 830 3997 vero
856 3957 937 3996 est
963 3951 1153 3996 ventus
1176 3958 1203 3996 a
1236 3942 1458 3998 meridie
1492 3944 1625 3999 ﬂans
1650 3962 1663 3999 :
1704 3945 1843 4000 unde
1871 3945 1986 4014 qui-

413 4013 511 4067 bus
534 4014 741 4082 populis
771 4028 919 4067 mare
959 4022 1039 4066 est
1066 4014 1132 4066 ad
1164 4014 1464 4079 meridiem,
1514 4017 1595 4069 his
1615 4026 1799 4069 auster
1831 4013 1989 4069 voca-

412 4091 498 4135 tur
520 4083 933 4137 transmarinus.
989 4083 1085 4135 Hic
1130 4092 1305 4136 autem
1336 4094 1524 4137 ventus
1562 4096 1615 4140 et
1646 4086 1896 4139 humidus
1934 4092 1989 4137 et

413 4152 617 4205 calidus
648 4153 893 4205 habetur.
930 4152 1279 4225 l°_llumidus
1322 4153 1580 4225 habetur,
1615 4158 1753 4225 quod
1797 4160 1986 4208 humo-

412 4236 532 4285 res,
573 4237 705 4286 quos
750 4223 1041 4288 septentrio
1074 4223 1303 4289 disjicit,
1343 4224 1556 4291 colligat
1587 4244 1598 4278 :
1636 4223 1743 4279 ‘Sic
1769 4225 1988 4292 Virgilio

414 4292 688 4356 humidus;
719 4292 934 4345 Horatio
956 4292 1122 4357 udus;
1153 4294 1341 4346 Ovidio
1366 4297 1665 4360 aquaticus;
1695 4294 1989 4349 Claudiano

414 4361 675 4424 madidus;
701 4361 757 4415 S.
794 4363 1086 4429 Augustino
1116 4366 1356 4431 pincerna
1382 4364 1697 4428 pluviarum,
1716 4376 1770 4419 et
1801 4366 1989 4419 Boetio

414 4431 681 4503 nebulosus
708 4440 807 4483 est.
840 4433 1148 4503 20ACalidus
1196 4434 1439 4496 habetur,
1492 4436 1632 4503 quod
1681 4451 1711 4489 a
1766 4435 1989 4496 meridie

414 4501 524 4553 ﬂet.
551 4500 673 4554 Sive
695 4512 869 4554 autem
906 4501 1129 4555 humore
1153 4517 1249 4556 suo
1272 4543 1287 4569 ,
1321 4505 1432 4556 sive
1459 4500 1668 4571 calore,
1702 4506 1815 4560 sive
1841 4512 1989 4559 u'tro-

414 4586 516 4633 que
544 4581 731 4623 ventus
782 4570 867 4624 hic
912 4572 1247 4631 animalibus.
1274 4565 1281 4569 ’
1308 4573 1521 4638 plantis,
1581 4565 1987 4641 priesertimque
2014 4565 2069 4626 D

414 4641 632 4693 ﬂoribus
662 4640 856 4694 dicitur
884 4656 1107 4695 nocere:
1134 4642 1274 4697 unde
1293 4642 1511 4712 Virgil.t
1540 4642 1757 4713 Georg.,
1780 4660 1832 4699 v.
1854 4640 1984 4700 M4:

538 4730 897 4793 Arboribusque
922 4732 1139 4793 satisque
1163 4740 1306 4784 notus
1328 4736 1593 4797 pecorique
1611 4737 1824 4786 sinister.

421 4813 488 4867 Et
508 4813 626 4867 Ecl.
658 4830 717 4880 tt,
747 4830 797 4866 v.
838 4814 905 4869 58
936 4831 951 4866 :

538 4903 673 4965 Eheu
694 4903 805 4964 quid
828 4903 954 4952 volui
977 4905 1154 4955 misero
1174 4906 1316 4965 mihi;
1345 4908 1543 4957 ﬂoribus
1565 4919 1777 4959 austrum

536 4964 764 5014 Perditus
782 4971 833 5014 et
856 4966 1052 5028 liquidis
1075 4970 1245 5017 immisi
1270 4964 1482 5019 fOntibus
1503 4983 1660 5032 apros.

414 5048 716 5173 Priesertim
744 5063 871 5103 vero
901 5049 1038 5106 rosis
1066 5059 1247 5107 auster
1276 5054 1468 5107 noxius
1495 5072 1507 5107 :
1533 5054 1657 5109 hinc
1677 5055 1876 5113 Statius
1905 5072 1987 5125 nt,

416 5135 472 5173 δι’
504 5135 553 5171 ν.
583 5134 616 5171 ο
649 5136 661 5170 ε

416 5134 553 5186 sytv.
583 5134 616 5171 ο
649 5136 661 5170 :

536 5209 887 5273 Pubentesque
903 5224 1025 5261 rosae
1047 5212 1226 5274 primos
1241 5215 1508 5264 moriuntur
1526 5216 1585 5264 ad
1604 5223 1807 5267 austros.

416 5288 701 5365 Propterea
728 5303 905 5365 auster
931 5294 1016 5345 hic
1060 5294 1502 5365 diciturrspirare
1550 5299 1828 5365 insanum,
1886 5300 1989 5355 hoc

415 5370 515 5438 est,
541 5361 726 5438 insano
748 5362 943 5438 modo;
974 5374 1025 5417 et
1059 5364 1157 5438 hoc
1184 5364 1368 5438 eodem
1402 5377 1559 5421 vento
1598 5361 1833 5434 Spirante
1862 5385 1984 5438 per-

418 5430 627 5482 hibetur
657 5433 805 5485 decus
845 5433 983 5485 abire
1000 5435 1162 5499 spinis
1193 5451 1207 5487 :
1236 5436 1335 5489 hoc
1355 5446 1438 5490 est
1463 5453 1583 5491 rosa
1616 5430 1831 5494 interire
1858 5430 1875 5493 :-
1895 5454 1982 5495 ro-

415 5515 471 5576 sa
501 5501 639 5553 enim
668 5539 683 5563 ,
739 5502 923 5556 ﬂorum
956 5506 1132 5570 regina
1155 5546 1168 5569 ,
1200 5506 1468 5572 spinarum
1511 5518 1565 5559 ut
1599 5512 1873 5576 progenies
1903 5512 1982 5564 sic

416 5570 597 5621 det-ns
632 5579 713 5622 est
746 5588 759 5623 :
808 5575 1151 5637 quamobrem
1204 5570 1461 5629 Antonius
1496 5570 1722 5633 llallmus
1780 5589 1980 5633 nostra:

419 5640 776 5693 universitatis
806 5644 1082 5698 Normanu:
1105 5647 1369 5711 quondam
1399 5650 1558 5700 decus
1582 5650 1631 5702 in
1663 5652 1897 5706 carmine
1915 5650 1981 5705 de

419 5723 537 5762 rosa
561 5711 771 5774 cecinit,
804 5721 861 5766 ut
886 5714 1108 5782 solebat,
1133 5715 1525 5785 elegantissime
1558 5737 1569 5769 :

2082 3298 2249 3354 quare
2277 3284 2414 3337 sicut
2443 3286 2737 3351 speculum,
2766 3287 2843 3338 ita
2867 3300 2999 3353 aqua
3024 3287 3226 3351 placida
3253 3296 3431 3354 potest
3453 3298 3505 3341 et
3526 3304 3643 3342 ocu-

2088 3353 2168 3425 los
2194 3355 2549 3421 perstringere
2578 3364 2634 3409 et
2677 3356 2912 3408 adversis
2942 3358 3143 3409 oribus
3168 3353 3265 3409 ora
3307 3359 3514 3411 referre
3561 3373 3644 3425 pro

2083 3423 2292 3476 diversa
2327 3426 2555 3489 ratione,
2586 3438 2688 3493 qua
2717 3426 2893 3479 lumen
2926 3425 3007 3477 h'is
3028 3426 3339 3492 corporibus
3373 3423 3644 3483 remissum

2083 3493 2265 3544 oculos
2281 3494 2441 3547 allicit
2457 3511 2471 3546 ;
2508 3496 2589 3547 hic
2605 3504 2780 3548 autem
2796 3511 2899 3547 non
2920 3499 3091 3562 agitur
3115 3496 3214 3549 nisi
3237 3498 3303 3550 de
3324 3499 3645 3553 radiatione:

2089 3564 2286 3632 quippe
2314 3578 2431 3631 qua:
2454 3564 2678 3632 longius
2716 3580 2871 3631 quam
2902 3568 3036 3619 alter
3060 3565 3284 3618 efl'ectus
3313 3569 3520 3629 speculi
3558 3568 3647 3622 dif-

2087 3630 2233 3703 fundi
2265 3630 2460 3703 potest.
2511 3630 2585 3687 Ita
2606 3630 2925 3703 describitur
2947 3638 3305 3703 tranquillitas
3338 3640 3527 3692 maris.

2160 3701 2243 3753 11.
2277 3701 2426 3771 δωρε
2455 3702 2778 3774 fervenleis.]
2811 3704 3011 3759 Deinde
3036 3701 3274 3771 eiusdem
3314 3711 3480 3759 maris
3520 3716 3648 3761 tem-

2089 3780 2266 3837 pestas
2293 3784 2541 3827 versatnr
2562 3774 2613 3826 in
2644 3776 2951 3827 vehementi
2980 3786 3143 3836 motu,
3172 3790 3277 3843 quo
3299 3791 3450 3831 mare
3478 3792 3506 3829 a
3527 3793 3651 3831 ven-

2090 3845 2178 3904 tis,
2196 3843 2488 3913 praisertitn
2507 3843 2575 3896 ab
2590 3844 2857 3911 aquilone,
2880 3845 3068 3900 cietur.
3092 3846 3284 3913 Aquilo
3302 3856 3503 3909 autem,
3518 3846 3649 3902 ϐιαιο

2087 3913 2162 3964 cis
2195 3912 2414 3983 boreas,
2463 3924 2651 3966 ventus
2677 3923 2761 3967 est
2799 3915 2866 3966 ab
2885 3924 3005 3967 nrtn
3054 3918 3242 3969 mstivo
3289 3917 3522 3983 spirans.
3567 3918 3654 3971 Hic

2087 3991 2278 4055 ventus
2306 3982 2816 4055 vehementiorest:
2856 3984 2990 4039 l'or‘te
3021 3986 3165 4054 quod
3202 3985 3394 4039 eodem
3429 4003 3534 4055 quo
3571 4003 3652 4040 aer

2089 4052 2154 4104 ab
2176 4062 2293 4104 ortu
2325 4052 2375 4104 in
2400 4067 2649 4106 occasum
2678 4051 2805 4106 ferri
2856 4056 2993 4109 solet
3014 4051 3208 4118 {motu
3239 4051 3488 4110 feratur:
3517 4058 3651 4119 hinc,

2089 4132 2308 4197 auctore
2334 4121 2511 4197 Festo,
2544 4122 2737 4197 Aquilo
2760 4136 2997 4197 vocatur,
3021 4127 3162 4197 quod
3192 4128 3355 4179 instar
3373 4129 3561 4197 aquilis
3581 4142 3652 4179 ve-

2090 4191 2464 4245 hementissimo
2490 4193 2664 4245 volatu
2693 4194 2924 4263 feratur:
2956 4191 3079 4249 hinc
3118 4196 3296 4263 judice
3323 4198 3384 4251 S.
3416 4191 3652 4261 Augusti-

2091 4275 2180 4322 no,
2204 4270 2453 4314 terrarum
2477 4278 2627 4329 scopa
2652 4274 2743 4316 est.
2787 4262 2969 4318 Notari
3018 4262 3189 4332 potest
3237 4266 3349 4319 hinc
3379 4267 3651 4320 antithesis

2091 4333 2312 4403 marinae
2343 4335 2740 4399 tranquillitatis
2774 4343 2829 4386 et
2867 4339 3199 4403 tempestatis
3232 4353 3243 4389 :
3293 4336 3485 4390 iterata
3524 4339 3652 4392 enim

2093 4401 2190 4453 hac
2213 4416 2364 4477 voce,
2389 4418 2521 4468 stepe
2541 4405 2712 4466 aquilo
2750 4401 3036 4471 opponitur
3070 4406 3344 4471 tranquillo
3374 4422 3393 4468 ,'
3425 4409 3655 4477 ferventes

2090 4472 2345 4543 procellte,
2377 4488 2587 4535 sereno;
2617 4489 2815 4525 versum
2842 4490 3016 4543 wquor
3036 4517 3049 4539 ,
3082 4478 3304 4529 immotis
3330 4472 3590 4543 ﬂuctibus.

2164 4540 2251 4593 15.
2282 4542 2489 4595 Constat
2514 4543 2760 4613 munda]
2794 4540 3109 4599 Sic'Ptinins
3132 4546 3288 4610 .Inn.,
3311 4540 3524 4601 Constat
3555 4562 3654 4600 ma-

2092 4611 2386 4682 gistratibus
2409 4614 2710 4666 reverentia.
2747 4611 2815 4668 Et
2840 4615 3018 4683 Virgil.
3044 4615 3171 4669 Ain.
3196 4632 3248 4680 v,
3276 4631 3330 4670 v.
3359 4616 3465 4672 748
3491 4636 3504 4670 :

2341 4708 2458 4762 Quae
2483 4717 2608 4753 nunc
2626 4707 2784 4753 animo
2805 4707 3047 4755 sententia
3064 4714 3249 4757 constet

2170 4787 2255 4842 l5.
2278 4785 2447 4859 Crede
2468 4789 2706 4857 fortunis.
2734 4788 2752 4859 ]
2782 4789 2971 4843 Faceta
3002 4801 3055 4845 et
3080 4792 3294 4859 elegans
3326 4792 3651 4846 dissimutan

2099 4858 2190 4934 tia,
2228 4873 2384 4934 quam
2418 4858 2859 4934 Grieciétpansiav
2887 4871 3109 4925 voeant,
3141 4858 3265 4934 qua
3291 4861 3651 4934 Philosophia,

2099 4928 2241 4999 aliud
2283 4944 2439 4995 quam
2467 4928 2669 4981 sentiat
2688 4930 2871 4983 dicens
2891 4972 2905 4994 ,
2964 4946 3027 4984 eo
3051 4928 3216 4999 magis
3239 4932 3303 4985 de
3329 4933 3484 4986 bonis
3511 4928 3651 4987 cadu-

2099 4999 2177 5051 eis
2207 4998 2458 5061 detrahit,
2483 5014 2587 5065 quo
2610 5000 2774 5067 magis
2796 5002 2995 5055 eisdem
3022 4998 3232 5056 videtur
3258 5002 3493 5059 tribuere
3522 5003 3636 5058 lidei

2095 5070 2185 5123 Sic
2212 5067 2415 5122 Seneca
2438 5070 2488 5121 in
2515 5068 2701 5123 Medea
2724 5086 2775 5128 v.
2798 5071 2891 5122 9.2l
2931 5088 2943 5122 :

2219 5157 2411 5222 Qonlide
2431 5160 2615 5218 regnis,
2642 5172 2750 5206 eum
2774 5159 2899 5208 levis
2915 5172 3111 5221 magnas
3133 5172 3254 5222 Opes

2219 5219 2324 5269 Huc
2348 5218 2471 5268 lerat
2492 5231 2542 5268 et
2564 5222 2678 5268 illuc
2694 5234 2852 5270 casus.

2172 5303 2256 5377 17.
2298 5301 2540 5377 Constat,
2568 5315 2756 5377 (eterna
2784 5305 3103 5377 positumque
3130 5306 3238 5375 lege
3262 5314 3357 5360 est.
3385 5304 3404 5377 ]
3455 5306 3558 5360 Lex
3580 5312 3651 5377 est

2097 5374 2344 5444 voluntas
2371 5375 2626 5441 principis
2669 5374 2890 5427 honesta
2916 5374 3231 5441 imperantis
3258 5387 3314 5431 et
3337 5374 3653 5444 prohibentis

2098 5442 2362 5516 contraria
2392 5459 2406 5496 :
2453 5443 2797 5511 quamobrem
2826 5455 2953 5513 quot
2978 5446 3309 5516 voluntatum
3340 5442 3652 5516 principum.

2093 5523 2170 5567 tot
2220 5514 2393 5581 legunt
2437 5529 2625 5579 genera
2666 5529 2784 5568 esse
2827 5525 3067 5581 possunt.
3118 5514 3320 5581 Duplex
3346 5514 3536 5570 autem
3580 5523 3653 5567 est

2088 5583 2355 5650 ejusmodi
2382 5585 2647 5643 voluntas,
2670 5584 2845 5637 divina
2874 5586 3099 5644 scilicet.
3131 5598 3183 5639 et
3207 5586 3432 5640 humana
3462 5602 3475 5648 ;
3501 5598 3653 5651 quare

2089 5655 2250 5707 etiam
2274 5654 2464 5720 duplex
2501 5664 2582 5707 est
2627 5655 2733 5720 lex,
2786 5656 3034 5709 nimirum
3079 5656 3279 5722 divina,
3310 5666 3365 5714 et
3412 5657 3653 5709 humana.

2092 5722 2167 5778 De
2197 5724 2419 5777 humana
2451 5723 2533 5777 hic
2557 5739 2660 5778 non
2693 5725 2887 5794 agitur.
2918 5727 2998 5798 .At
3034 5725 3117 5782 lex
3146 5727 3322 5782 divina
3347 5742 3440 5799 pro
3464 5722 3652 5794 triplici
