3984 6382
423 207 543 287 ετῡ

1684 220 1807 277 ΑΝ.
1847 222 2054 281 ΜΑΝΙ...
2097 222 2251 281 SEV.
2294 221 2523 278 BOETII

3580 225 3705 294 £80

437 349 629 403 curus,
658 330 760 386 ιυίι
810 324 1106 395 ingemisclt
1149 326 1386 395 injuriis.
1642 338 1659 373 ⁸
1703 338 1845 393 Vivit
1890 354 2024 393 uxor

2136 340 2363 404 fortuna,
2393 337 2574 410 1203
2602 353 2700 392 nec
2736 337 2830 391 tibi
2876 337 3097 391 nimium
3145 336 3319 391 valida
3358 335 3381 365 ⁸
3422 344 3708 403 tempestas

441 442 467 468 ι
499 428 712 501 ingenio
745 421 1016 494 modesta,
1039 416 1310 497 pudicitia
1339 428 1542 503 pudore
1583 431 1912 499 prtecellens,
1941 441 2017 498 et,

442 530 502 573 ut
530 536 717 575 omnes
744 525 859 592 ejus
890 524 1044 581 dotes
1070 525 1307 582 breviter
1337 520 1624 585 includam,
1650 516 1678 557 ιι
1708 522 1841 587 patri
1874 521 2023 574 simi-

442 609 529 663 lis.
566 608 721 675 Vivit,
753 613 988 678 inquam,
1021 614 1220 679 tibique
1249 618 1475 672 tantum,
1498 609 1619 662 vitae
1649 608 1807 676 hujus
1831 622 2018 677 exosa,

442 698 687 767 spiritum
716 707 914 763 servat,
945 714 1155 768 quoque
1183 714 1289 753 uno
1318 699 1623 753 felicitatem
1656 700 1820 754 minui
1852 709 2018 764 tuam,

438 789 524 843 Vel
550 791 662 857 ipsa
682 790 1059 856 concesserim,
1083 790 1154 843 tui
1177 789 1445 845 desiderio
1472 790 1721 861 lacrymis
1744 805 1809 845 ac
1834 790 2021 844 dolore

440 878 523 948 (5)
551 878 793 932 tabescit.
821 880 841 909 '
873 879 1009 945 Quid
1030 879 1204 934 dicam
1236 878 1433 934 liberos
1473 889 1495 916 ο
1540 879 1869 943 consulares,
1891 894 2025 948 quo-

438 983 557 1022 rum
602 968 732 1036 jam,
760 978 817 1021 ut
860 970 913 1021 in
963 968 1012 1022 id
1059 969 1229 1023 (etatis
1280 969 1488 1036 pueris,
1523 964 1656 1022 veld
1689 971 1915 1035 paterni,
1941 967 2025 1021 vel

443 1068 467 1095 ⁸
492 1060 617 1112 aviti
664 1060 935 1127 specimen
978 1060 1154 1113 elucet
1190 1060 1421 1129 ingenii?
1452 1060 1471 1089 ³
1498 1060 1627 1113 Cum
1656 1059 1813 1127 igitur
1840 1058 2029 1125 praeci-

438 1162 542 1216 pua
584 1148 654 1201 sit
689 1148 1003 1203 mortalibus
1042 1150 1165 1202 vitae
1205 1165 1332 1203 cura
1375 1148 1691 1213 retinenda,
1722 1163 1754 1201 ο
1788 1156 1839 1201 te
1867 1148 1909 1201 si
1940 1157 2026 1201 tua

438 1235 579 1290 bona
609 1251 921 1305 cognoscas,
951 1238 1185 1301 felicem,
1214 1239 1299 1291 cui
1347 1247 1637 1307 suppetunt
1676 1238 1833 1291 etiam
1884 1252 2023 1291 nunc

438 1344 558 1397 qua:
583 1328 689 1383 vita
721 1345 877 1384 nemo
898 1331 1101 1385 dubitat
1125 1345 1245 1385 esse
1270 1331 1509 1383 cariora?
1534 1332 1710 1396 Quare
1744 1330 1881 1382 sicca
1908 1328 2018 1397 jam

2124 432 2383 493 incubuit,
2412 429 2624 498 quando
2670 439 2882 483 tenaces
2922 428 3129 481 luerent
3174 441 3410 490 ancorzn,
3451 441 3571 495 qua:
3616 443 3708 481 nec

2125 526 2401 596 prasentis
2430 526 2691 588 solamen,
2719 539 2819 578 nec
2858 525 3015 578 futuri
3056 538 3202 592 Spem
3234 522 3494 590 temporis
3522 524 3706 577 abesse

2124 624 2411 697 patiantur.
2438 624 2507 678 Et
2529 625 2787 687 haereant,
2805 625 3016 692 inquam
3046 631 3091 687 ε,
3109 635 3331 689 precor;
3356 622 3462 676 illis
3486 636 3710 691 namque

2125 725 2486 789 manentibus,
2511 734 2794 793 utrumque
2825 740 2914 779 res
2941 740 3000 780 se
3026 725 3277 793 habeant,
3300 720 3329 762 δ
3352 726 3705 779 enatabimus.

2126 821 2233 878 Sed
2264 823 2284 854 ⁸
2314 834 2565 892 quantum
2610 822 2772 877 decus
2818 823 2895 893 (ὅ)
2928 825 3256 878 ornamentis
3302 825 3499 880 nostris
3530 824 3710 880 deces-

2127 921 2280 987 serit,
2310 921 2479 974 vides.
2513 921 2578 974 Et
2598 920 2705 984 illa,
2731 921 2751 951 °
2778 923 3159 989 promovimus,
3183 923 3353 993 inquit
3386 922 3434 990 ί,
3474 926 3712 993 aliquan-

2127 1027 2240 1073 tum
2288 1020 2335 1085 l,
2368 1021 2387 1050 ⁷
2418 1019 2460 1073 si
2494 1032 2543 1076 te
2579 1021 2808 1073 nondum
2848 1022 3008 1075 totius
3047 1031 3150 1075 ture
3198 1024 3360 1075 sortis
3401 1022 3566 1091 piget.
3609 1024 3711 1079 Sed

2129 1116 2153 1151 ⁸
2198 1117 2421 1173 delicias
2448 1116 2473 1155 ¹ι
2506 1128 2621 1172 tuas
2657 1119 2797 1173 ferre
2841 1134 2947 1173 non
2995 1134 3234 1187 possum,
3258 1122 3347 1189 qui
3396 1121 3588 1176 abesse
3616 1124 3711 1177 ali-

2129 1218 2257 1288 qu'd
2304 1226 2407 1271 tuze
2460 1219 2776 1272 beatitudini
2826 1228 2932 1273 tam
2982 1220 3259 1275 luctuosus
3314 1229 3473 1289 atque
3524 1224 3711 1277 anxius

2128 1321 2494 1390 conqueraris.
2536 1320 2668 1387 Quis
2703 1329 2786 1374 est
2820 1320 2961 1375 enim
2994 1330 3100 1374 tam
3136 1319 3151 1359 ι
3189 1324 3502 1392 composita:
3550 1325 3710 1381 felici'

438 1416 719 1490 lacrymas.
752 1420 990 1475 Nondum
1021 1429 1104 1475 est
1132 1420 1244 1490 (l0)
1272 1420 1338 1474 ad
1368 1435 1529 1474 unum
1570 1435 1760 1475 omnes
1792 1417 1811 1456 ί
1847 1434 2016 1474 exosa
2050 1406 2095 1463 Β
2126 1422 2269 1484 tatis,
2295 1428 2356 1475 ut
2382 1433 2487 1473 non
2512 1421 2690 1474 aliuua
2712 1434 2781 1474 ex
2812 1431 2961 1491 parte
2989 1437 3108 1477 cum
3139 1431 3309 1479 status
3339 1425 3419 1480 Sui
3448 1427 3704 1496 qualitate

1781 1572 2355 1630 INTERPRETATIO.

513 1718 541 1747 ι
574 1708 892 1762 Rusticiana.

509 1777 540 1818 δ
568 1778 903 1847 Symmacho.

516 1858 541 1928 ξ
577 1848 675 1928 Qui
698 1851 812 1928 jam
839 1847 1066 1901 consules
1098 1849 1326 1916 fuerunt.

2202 1714 2228 1752 κ
2265 1708 2377 1773 ligo
2408 1706 2651 1761 Boetius.

2203 1775 2239 1844 ιι,
2264 1776 2567 1830 Evademus.

2210 1846 2224 1882 ί
2260 1846 2622 1913 Pliilosotiltia.

514 1915 543 1954 δ
576 1915 759 1989 βοείίἰ.
823 1984 834 1989 _
854 1985 866 1989 Α
1100 1915 1106 1916 ί
1681 1915 1685 1925 ’

2204 1918 2223 1989 _l
2264 1916 2495 1989 Aliquem
2521 1916 2731 1989 fecimus
2753 1932 3102 1989 progressum.

512 1996 537 2025 ⁸
569 1984 888 2054 Symmachi.
2204 1981 2231 2021 ιι
2269 1981 2539 2038 Mollitiem
2570 1988 2645 2039 tui
2674 1981 2853 2040 animi.

523 2055 544 2094 τ
578 2059 840 2111 Ancoras.
1834 2068 1838 2072 '
2212 2054 2229 2091 ι
2262 2055 2529 2125 Ρενίεειω.

1954 2186 2164 2244 NOTAE

445 2303 554 2368 chi,
579 2316 805 2371 quorum
839 2311 1085 2369 stemma,
1117 2302 1161 2355 si
1203 2301 1410 2369 placet,
1440 2301 1618 2370 legere
1644 2301 1842 2365 poteris
1882 2302 2023 2366 apud

443 2374 628 2429 Jacob.
673 2373 1015 2427 Sirmondum
1061 2372 1128 2424 ad
1177 2387 1250 2425 vn
1294 2372 1386 2425 lib.
1416 2374 1572 2440 epiSt.
1624 2371 1869 2425 Ennodii.
1925 2372 2022 2426 llic

444 2454 620 2511 autem
656 2442 828 2511 agitur
853 2444 919 2495 de
942 2442 1265 2511 Symmacho
1306 2441 1393 2509 qui
1423 2442 1604 2495 consul
1636 2440 1735 2493 fuit
1763 2442 1880 2494 sine
1906 2444 2021 2495 col-

439 2510 556 2582 lega
588 2510 960 2566 sub'Odoaere
985 2510 1126 2582 anno
1167 2512 1365 2565 ChriSti
1408 2512 1535 2577 485,
1566 2512 1816 2582 quiqnea
1846 2511 2022 2564 Theo-

443 2581 626 2637 derico
667 2596 793 2651 rege
839 2583 976 2635 inter
1004 2581 1138 2635 alios
1177 2582 1412 2635 delectus
1449 2592 1530 2635 est
1571 2582 1738 2647 judex
1772 2581 1825 2633 in
1859 2596 2022 2637 causa

442 2654 629 2706 Basilii
658 2664 713 2707 et
751 2652 1073 2715 Prmtextati,
1103 2652 1190 2719 qtti
1221 2651 1541 2719 magicorum
1570 2652 1762 2703 artium
1793 2666 2015 2705 accusa-

444 2724 639 2779 bantur
664 2738 680 2779 :
706 2733 761 2775 ttt
786 2724 947 2776 refert
967 2722 1267 2775 Cassiodor.
1300 2722 1335 2774 l.
1360 2737 1431 2785 tv,
1451 2720 1603 2786 Var.,
1625 2736 1712 2788 ep.
1744 2720 1835 2773 ΞΩ.
1861 2722 2024 2789 llujus

444 2794 592 2848 enim
616 2792 923 2862 Symmachi
950 2792 1069 2845 dum
1101 2793 1310 2862 fuerunt
1354 2790 1505 2862 ﬁliae,
1540 2806 1727 2860 nempe
1743 2790 1927 2862 Galla.
1955 2791 2025 2845 de

441 2878 546 2932 qua
588 2860 779 2930 praeter
816 2862 1147 2932 Fulgentinm
1180 2861 1412 2929 loquitur
1450 2860 1675 2929 Gregor.
1708 2861 1927 2929 Magnus
1950 2876 2020 2927 tv,

443 2931 569 2986 dial.
603 2933 687 2995 1'5,
712 2942 764 2985 et
793 2931 1093 2985 Rusticiana
1121 2933 1285 2985 Boetii
1314 2946 1466 2995 uxor,
1488 2946 1551 2984 ex
1583 2947 1684 2998 qua
1708 2933 1841 2984 alter
1867 2932 2025 3001 Sym-

443 3002 669 3055 machus
712 3013 866 3055 natus
895 3010 996 3064 est,
1031 3002 1198 3055 Boetii
1242 3002 1475 3068 parentis
1503 3001 1712 3067 collega
1752 3002 1803 3053 in
1834 3016 2027 3054 consu-

446 3072 577 3137 latu,
600 3080 651 3124 et
684 3072 917 3138 priedicti
964 3071 1269 3139 Symmachi
1301 3087 1486 3139 nepos.
1522 3070 1704 3138 Neque
1736 3085 1863 3123 vero
1891 3086 2026 3138 pne-

441 3144 803 3194 stantissimus
848 3141 937 3193 ille
978 3141 1059 3193 vir
1106 3158 1313 3193 suarum
1352 3142 1659 3210 injuriarum
1702 3154 1908 3193 securus
1953 3142 2020 3192 ita

444 3219 582 3275 erat,
626 3220 682 3264 ut
719 3210 999 3263 videbatur
1045 3211 1230 3264 Boetio
1276 3224 1492 3277 propter
1543 3224 1684 3275 eam,
1730 3226 1831 3276 qua
1885 3211 2023 3276 apud

446 3279 835 3335 Theodericum
882 3280 1058 3335 valere
1100 3282 1397 3341 videbatur,
1425 3280 1649 3347 gratiam
1702 3288 1755 3333 et
1795 3281 2029 3333 auctori-

447 3361 611 3403 tatem
648 3368 660 3403 :
702 3350 1005 3403 inconstans
1057 3351 1197 3403 enim
1244 3350 1331 3400 ille
1381 3365 1473 3402 rex
1519 3350 1695 3415 impiis
1726 3350 2026 3403 delatorum

449 3419 909 3472 criminationibus
940 3420 1207 3481 incitatus,
1241 3418 1618 3488 Symmachum
1648 3434 1889 3471 socerum
1922 3435 2025 3473 una

451 3502 572 3541 cum
616 3488 797 3540 Boetio
826 3503 1025 3557 genero
1070 3489 1241 3543 occidi
1285 3490 1462 3557 jussit,
1503 3500 1721 3542 auctore
1768 3489 2029 3557 l’roeoiiio

456 3560 495 3613 l.
528 3573 567 3621 ι,
602 3558 667 3611 tle
698 3556 843 3611 Bello
866 3556 1024 3613 Gotlt.

522 3628 540 3657 ⁸
582 3626 709 3678 l’ivit
735 3626 905 3697 axon]
938 3628 993 3681 Il.
1019 3628 1357 3695 Philosophia
1386 3628 1561 3681 laudat
1588 3644 1803 3682 uxorem
1836 3628 2025 3697 Boetii,

453 3710 568 3767 eam
598 3697 820 3767 scilicet,
858 3714 975 3763 qua:
1021 3700 1309 3752 VOCﬂbdlur
1358 3698 1680 3763 Rusticiana,
1726 3702 2031 3767 Symmachi

453 3764 582 3817 lilia.
636 3766 759 3818 Duae
810 3769 1004 3835 quippe
1055 3769 1263 3821 fuerunt
1307 3769 1528 3822 alternis
1579 3764 2024 3823 Boetii'umres:

452 3835 619 3903 prima
653 3835 791 3908 Festi
826 3839 950 3908 tilia,
973 3838 1111 3891 dieta
1137 3838 1305 3903 Elpis;
1333 3840 1526 3893 mulier
1550 3838 1882 3901 doctissima,
1907 3856 2027 3908 qna:

452 3908 651 3979 absque
691 3906 870 3979 liberis
922 3908 1152 3962 decessit
1179 3926 1190 3959 :
1216 3910 1377 3962 altera
1420 3909 1526 3962 lilia
1571 3906 2029 3979 Symmachiﬁo-

454 3983 568 4028 cata
620 3976 949 4047 Rusticiana;
998 3980 1197 4043 ingenio
1237 3980 1491 4040 modesta,
1533 3976 1790 4045 pudicitia:
1838 3980 2031 4047 pudore

454 4044 770 4117 prtccellens,
801 4063 900 4117 uno
928 4048 1074 4100 verbo
1114 4049 1243 4114 patri
1273 4044 1578 4117 Symmacho
1607 4050 1810 4102 similis.

545 4114 567 4143 ¹
605 4114 736 4188 Quid
775 4116 943 4188 dicam
991 4116 1231 4188 liberos.]
1284 4114 1366 4171 Ill.
1417 4118 1755 4184 PhilosOphia
1793 4118 2031 4173 celebrat

454 4180 655 4261 liberos
700 4184 896 4251 Boetii,
944 4202 1147 4261 memor
1194 4180 1313 4241 c'um
1352 4180 1662 4261 dignitatis,
1692 4200 1817 4261 tum
1866 4190 2027 4261 etiam

454 4254 685 4331 ingenii,
716 4268 821 4322 quo
853 4257 1055 4331 praediti
1083 4256 1312 4311 fuerunt.
1350 4254 1587 4331 Meminit
1615 4258 1829 4331 quidem
1860 4258 2029 4325 digni-

455 4326 599 4385 tatis,
625 4338 725 4393 qna
758 4326 997 4378 inStrncti
1039 4330 1217 4393 fuere;
1253 4329 1501 4381 nimirum
1531 4329 1841 4381 consulatus
1867 4348 1875 4377 :
1904 4345 2025 4383 nam

456 4392 755 4467 consularis
796 4395 933 4462 apud
985 4392 1435 4450 Latinos'dicitur
1484 4396 1563 4449 vir
1607 4400 1695 4467 qui
1743 4399 2028 4467 aliquando

455 4463 641 4515 consul
687 4463 785 4516 fuit
810 4480 821 4514 :
849 4467 944 4517 hos
972 4474 1147 4520 autem
1194 4467 1359 4520 Boetii
1402 4468 1580 4521 liberos
1606 4463 1745 4522 nunc
1786 4463 2029 4521 Philoso-

2134 2302 2280 2373 omni
2332 2304 2587 2357 virtutum
2634 2318 2830 2373 genere
2883 2306 3327 2373 pnestantissimi.
3382 2305 3715 2371 Crediderim

2130 2371 2245 2443 hinc
2287 2375 2467 2436 verba,
2494 2391 2522 2425 ο
2565 2386 2611 2428 te
2644 2371 2698 2426 ﬁsi
2744 2386 2831 2427 tua
2884 2371 3019 2429 bona
3069 2392 3361 2443 cognoscas,
3393 2396 3497 2433 non
3559 2384 3718 2439 fuis-o

2125 2441 2435 2567 diciasssine
2491 2445 2748 2498 memoria
2800 2446 3025 2499 istorum
3092 2441 3419 2517 Virgilii,"
3474 2451 3717 2519 Aineidw

2126 2526 2181 2566 v.
2337 2529 2353 2567 :

2126 2526 2181 2566 ν.
2211 2526 2353 2567 ϐυτ.)δὲ

2249 2644 2289 2715 (_)
2314 2646 2578 2715 fortunatos
2601 2650 2826 2711 nimium,
2853 2662 2939 2697 sua
2964 2651 3005 2699 si
3032 2651 3158 2701 bona
3181 2654 3365 2715 norint,

2251 2708 2533 2770 Agricolas!

2228 2833 2249 2863 ⁵
2288 2833 2630 2905 Tempestas.]
2657 2835 2922 2901 Allegoria
2954 2836 3053 2902 ipsi
3081 2837 3320 2893 Ciceroni
3352 2842 3720 2897 usitatissima:

2127 2902 2217 2978 ubi
2249 2904 2517 2978 nominata
2547 2902 2839 2978 tempestate
2881 2908 3107 2978 intelligi
3131 2909 3313 2978 debet
3341 2912 3573 2965 lortunaa
3618 2929 3721 2967 ste-

2126 2975 2323 3046 vientis
2368 2973 2627 3042 impetus,
2668 2976 2807 3042 quod
2858 2973 3083 3046 utroqué
3130 2976 3374 3033 homines
3436 2983 3723 3035 videantur

2125 3044 2278 3096 obrui
2308 3061 2321 3097 :
2346 3046 2631 3097 nominatis
2671 3046 2874 3099 ancoris
2920 3044 3217 3113 tenacibus,
3251 3049 3547 3106 familiares
3591 3069 3723 3106 con-

2128 3115 2463 3186 stantissimi,
2507 3115 2662 3186 quod
2693 3116 2930 3184 utrisque
2976 3126 3024 3171 et
3071 3121 3334 3186 praesentis
3380 3122 3653 3185 solamen,
3684 3133 3725 3175 et

2050 3177 2095 3239 C
2128 3182 2286 3251 futuri
2311 3200 2423 3257 spes
2451 3177 2691 3257 temporis
2734 3177 2911 3239 adesse
2954 3177 3132 3257 possit.
3164 3188 3525 3255 Quamobrem
3557 3177 3722 3255 sicut,

2132 3254 2467 3325 manentibus
2510 3256 2739 3321 ancoris,
2770 3254 2961 3309 nautis
2988 3254 3228 3312 remanet
3274 3274 3399 3325 spes
3440 3254 3724 3325 cantandi;

2130 3324 2253 3397 sic,
2291 3325 2688 3378 remanentihus
2745 3326 3016 3393 prtedictis
3070 3324 3452 3397 familiaribus,
3504 3333 3725 3387 Boetius

2131 3394 2409 3447 meliorem
2438 3410 2653 3461 sperare
2687 3406 2861 3463 poteSt
2895 3397 3184 3453 fortunam.

2229 3484 2543 3564 {Quantum
2599 3488 2762 3564 decus
2810 3490 3138 3564 ornamentis
3165 3491 3351 3543 nostris
3398 3492 3725 3564 decesserit]

2131 3555 2357 3609 Amissis
2386 3555 2635 3611 videlicet
2658 3558 2848 3623 opibus
2878 3559 3334 3629 dignitatibusque
3365 3566 3591 3615 nostris.

2231 3645 2251 3676 ⁸
2286 3645 2634 3699 Promorinms
2662 3644 3022 3718 aliquantan
3054 3651 3133 3703 Ali
3158 3664 3293 3703 tuctn
3327 3652 3376 3703 in
3407 3653 3479 3705 tui
3512 3666 3719 3706 conso-

2134 3715 2332 3769 latione
2353 3722 2642 3789 protectum
2660 3715 3446 3789 fecimus,inquitil’hilosophia
3471 3738 3485 3775 :
3514 3739 3729 3788 promo-

2132 3802 2244 3861 uere
2281 3787 2423 3861 enim
2467 3788 2762 3861 aliquando
2786 3790 2953 3861 idem
2986 3787 3125 3856 quod
3171 3791 3419 3858 pro/icere
3446 3807 3465 3844 :
3494 3787 3551 3846 ut
3578 3793 3724 3861 apud

2132 3856 2345 3910 Terent.
2382 3857 2435 3908 in
2467 3856 2681 3926 Ilecyr.,
2710 3857 2856 3911 abibo
2902 3860 3053 3924 hinc;
3097 3856 3317 3929 prtcsens
3346 3863 3555 3930 quando
3601 3856 3729 3931 pro.

2132 3943 2305 3980 moveo
2337 3943 2538 3994 parum.

2226 4016 2245 4033 ”’
2287 4015 2350 4090 Si
2376 4024 2423 4068 te
2448 4016 2673 4090 nondum
2702 4017 2855 4070 totius
2892 4027 2994 4070 tua:
3009 4019 3162 4090 sortis
3190 4018 3368 4090 piget.]
3398 4020 3451 4075 Si
3483 4022 3727 4077 nondum

2134 4094 2184 4139 te
2212 4086 2428 4161 omnino
2474 4086 2736 4161 infelicem
2769 4098 2919 4155 putas
2946 4106 2957 4140 :
2991 4086 3427 4158 dill‘ernnt'pudet
3457 4102 3507 4161 et
3554 4095 3727 4161 piget;

2131 4157 2270 4224 quod
2299 4156 2443 4216 prius
2477 4157 2878 4223 turpitudinem,
2912 4161 3179 4225 posterius
3208 4156 3404 4213 noxam
3436 4160 3514 4213 rei
3543 4156 3726 4217 videa-

2130 4235 2216 4279 tur
2237 4225 2408 4293 potius
2432 4225 2732 4291 significare
2759 4244 2772 4280 :
2799 4228 2941 4281 unde
2971 4225 3159 4282 Cicero
3185 4246 3279 4296 pro
3310 4230 3491 4296 Dom.,
3516 4248 3599 4285 me
3622 4249 3728 4286 non

2129 4296 2292 4349 solum
2322 4296 2453 4364 piget
2479 4296 2706 4350 stultitia:
2728 4313 2871 4360 meat,
2896 4299 2985 4349 sed
3012 4300 3163 4351 etiam
3196 4301 3371 4362 pudet.

2226 4386 2247 4417 ⁸
2281 4384 2540 4455 Delicias.]
2567 4387 2676 4441 lloc
2704 4394 2805 4451 est,
2829 4388 2987 4439 animi
3015 4389 3296 4442 mollitiem.
3328 4390 3546 4444 Delicitr.
3571 4393 3725 4445 enini

2129 4456 2196 4508 ab
2224 4471 2288 4509 eo
2318 4456 2561 4509 videntur
2586 4456 2766 4519 dicta},
2794 4459 2933 4524 quod
2966 4461 3174 4512 animus
3200 4460 3282 4512 his
3314 4462 3604 4523 allii-iatur,
3638 4462 3724 4514 di-

457 4529 766 4608 phi_a_vocat
808 4534 1119 4608 consulares.
1161 4537 1396 4591 Meminit
1433 4539 1593 4591 etiam
1634 4538 1856 4606 ingenii,
1886 4539 2026 4605 quod
2056 4548 2108 4607 ι)
2131 4535 2323 4608 emitur
2350 4527 2494 4608 ριιίηιη
2522 4526 2591 4608 ab,
2612 4528 2759 4608 stest
2790 4529 2961 4608 Maia,
2989 4528 3182 4608 1591's:
3219 4530 3341 4608 inde
3381 4532 3563 4608 ίᾳειςι.
3598 4534 3724 4584 ille-

458 4601 511 4677 in
531 4601 624 4677 _lii_s
651 4604 1037 4677 etiamgpue‘ris,
1066 4617 1265 4677 tantum
1293 4616 1428 4676 erat,
1457 4618 1511 4660 ut
1536 4610 1587 4661 in
1620 4601 1807 4663 his'vel
1830 4601 2029 4677 paterni

457 4669 707 4747 videlicet
734 4669 901 4747 ipsius
930 4674 1116 4747 Boetii,
1147 4676 1221 4729 vel
1265 4678 1385 4729 aviti
1413 4669 1677 4732 'nimirum
1720 4669 2029 4747 Symmachi

457 4745 706 4807 specimen
732 4745 946 4797 eluceret
976 4744 1181 4815 ingenii.
1210 4748 1360 4814 Quod
1390 4748 1603 4801 demum
1645 4744 1858 4813 dicitur,
1889 4749 1942 4801 in
1974 4750 2028 4802 id

457 4814 621 4890 {etatis
648 4815 838 4890 pueris,
864 4814 1069 4890 modus
1096 4825 1175 4869 est
1207 4817 1455 4890 loquendi
1486 4818 1657 4890 Tullio
1687 4820 1847 4890 etiam
1879 4821 2027 4872 fami-

458 4880 606 4956 liaris
627 4880 749 4936 illa
773 4884 1006 4945 viximus,
1036 4885 1205 4955 inquit
1248 4880 1293 4939 l.'
1328 4904 1377 4941 γι
1422 4888 1615 4956 Epist,
1644 4904 1731 4956 ep.
1758 4888 1828 4940 ΞΟ
1847 4928 1861 4950 ,
1889 4898 1936 4941 et
1974 4890 2029 4941 id

457 4953 619 5028 tctatis
656 4956 772 5028 jam
822 4953 1120 5028 Stltit‘ut,_ui_
1149 4959 1313 5010 omnia
1365 4953 1480 5027 qtae
1515 4976 1614 5012 non
1661 4953 1835 5012 nostra
1877 4962 2029 5028 culpa

458 5019 601 5094 nobis
620 5019 883 5094 accidunt,
916 5023 1111 5092 fortiter
1138 5028 1266 5094 ferre
1293 5019 1579 5082 debeamus.

554 5090 731 5172 team
759 5090 934 5172 igitur,
964 5094 1100 5172 e_tc.J
1136 5090 1208 5149 Ex
1237 5098 1499 5172 pra-dictis
1530 5096 1865 5172 Philosophia
1893 5113 2026 5172 con-

457 5158 619 5215 cludit
650 5158 887 5216 Boetium
916 5158 1099 5219 adhuc
1120 5158 1248 5221 esse'
1268 5167 1507 5232 felicem;
1534 5170 1684 5237 quasi
1714 5158 1892 5223 dicat:
1915 5170 2028 5222 cui-

457 5245 664 5306 cunque
706 5242 994 5306 suppetunt
1029 5250 1094 5289 ea
1137 5252 1253 5306 quae
1298 5239 1399 5292 vita
1448 5254 1606 5293 nemo
1653 5239 1859 5292 dubitat
1907 5254 2028 5294 esse

456 5303 833 5377 cariora,_illc
887 5305 1013 5360 felix
1067 5303 1247 5361 haberi
1297 5318 1467 5377 potest
1512 5327 1523 5361 :
1570 5308 1694 5362 felix
1747 5310 1889 5362 enim
1935 5312 2025 5377 qui

458 5384 667 5447 summo
697 5374 886 5447 fruitur
933 5378 1105 5441 bono;
1134 5374 1441 5446 quale'esse
1467 5378 1678 5433 videtur
1722 5378 1849 5433 illud
1879 5374 2020 5447 quod

458 5449 539 5493 est
571 5444 680 5510 ipsa
723 5446 828 5498 vita
873 5444 1409 5516 carius:si'quidem
1458 5451 1580 5502 vitre
1627 5444 1937 5512 retinendte,
1967 5459 2024 5502 ut

460 5520 582 5573 pote
625 5514 1059 5588 priestantissimo
1110 5514 1250 5572 bono
1296 5519 1557 5588 praecipua
1600 5527 1683 5577 est
1712 5519 2025 5573 mortalibus

460 5593 604 5659 cura.
638 5585 792 5649 Atqui
835 5585 953 5659 tibi_
972 5586 1155 5641 Boetio
1182 5585 1472 5657 suppetunt
1495 5602 1560 5643 ea
1588 5602 1706 5656 quae
1733 5590 1840 5641 vita
1866 5602 2023 5659 nemo

457 5647 661 5704 dubitat
697 5647 814 5708 esse
847 5656 1084 5723 cariora;
1114 5647 1580 5724 socer'videlicet,
1606 5647 1740 5713 utor
1778 5669 1831 5713 et
1872 5657 2022 5713 liberi

796 5802 827 5835 κ

2131 4606 2255 4721 ﬁat,
2278 4596 2517 4665 delectat,
2542 4596 2777 4665 oblectat,
2802 4596 2981 4661 allicit,
3007 4597 3180 4663 illicit,
3198 4600 3355 4655 elicit.
3379 4600 3467 4654 Sic
3498 4601 3725 4657 Lucret.

2154 4682 2168 4720 t
2214 4707 2226 4721 .
2260 4682 2321 4721 v:

2154 4682 2226 4721 ll).
2260 4682 2321 4721 γε

2195 4780 2315 4839 Quas
2338 4777 2502 4829 lacere
2530 4782 2579 4828 in
2602 4778 2819 4830 fraudem
2844 4786 3043 4841 possent
3066 4782 3347 4845 vinctosque
3376 4788 3635 4833 tenerent.

2134 4884 2285 4940 Unde
2326 4884 2462 4939 forte
2490 4894 2729 4938 nostrum
2776 4885 3035 4938 Gallicum
3077 4887 3235 4952 lacer,
3274 4902 3341 4938 un
3379 4885 3528 4939 Iacet.
3579 4887 3727 4940 Hinc

2132 4956 2274 5025 quod
2305 4959 2512 5009 animus
2535 4955 2769 5023 qualibet
2802 4956 3222 5021 perturbatione,
3250 4957 3345 5010 sed
3369 4972 3551 5011 amore
3580 4974 3726 5022 pra:-

2131 5026 2315 5079 sertitn
2367 5036 2419 5079 et
2472 5029 2740 5091 voluptate
2792 5026 3073 5088 alliciatnr,
3126 5036 3407 5094 propterea
3468 5028 3727 5095 qualibet

2131 5096 2478 5163 perturbatio,
2511 5097 2602 5150 sed
2635 5110 2786 5148 amor
2830 5099 3124 5159 praisertim
3156 5110 3209 5150 et
3238 5097 3482 5164 voluptas
3509 5098 3727 5151 deliciae

2132 5175 2384 5220 vocantur
2408 5182 2421 5217 :
2445 5182 2550 5234 quo
2583 5168 2640 5218 fit
2670 5177 2724 5219 ut
2753 5165 2959 5219 delicia:
3006 5165 3165 5219 modo
3201 5167 3253 5219 in
3294 5167 3522 5228 bonam,
3556 5167 3725 5219 modo

2132 5236 2182 5289 in
2213 5236 2404 5289 malam
2437 5246 2643 5305 partem
2689 5236 3021 5303 accipiantur
3046 5252 3066 5305 7:
3100 5236 3239 5289 sicut
3284 5251 3414 5304 ergo
3459 5236 3728 5291 mollities

2130 5307 2369 5375 corporis
2412 5304 2461 5359 in
2493 5309 2592 5359 hoc
2620 5316 2884 5370 versatur,
2915 5304 3056 5375 quod
3103 5306 3229 5359 illud
3268 5307 3423 5359 facile
3453 5307 3621 5374 possit
3666 5308 3719 5356 in

2129 5374 2497 5445 quemcunque
2539 5376 2711 5429 locum
2738 5378 2974 5437 versari;
3004 5374 3081 5428 sic
3106 5376 3369 5430 delicatus
3394 5376 3581 5445 dicitur
3631 5375 3727 5428 ille

2129 5444 2368 5507 animus,
2396 5444 2482 5515 qni
2524 5446 2805 5499 centrarice
2850 5446 3115 5497 alfectioni
3164 5445 3429 5499 obnoxius
3472 5444 3719 5515 undique

2132 5524 2306 5580 potest
2342 5513 2498 5570 facile
2527 5516 2669 5570 flecti
2699 5516 2910 5584 :qualis
2940 5515 3302 5582 Philosophiae
3335 5515 3543 5569 videtnr
3576 5513 3619 5565 Β
3662 5530 3722 5567 e-

2132 5588 2254 5650 tius,
2289 5595 2469 5653 utpote
2514 5586 2601 5652 qui
2650 5587 2821 5638 abesse
2864 5587 3058 5654 aliquid
3104 5600 3211 5638 sua:
3257 5584 3555 5639 beatitudini
3607 5593 3722 5636 tam

2131 5658 2391 5709 luctuosus
2420 5665 2565 5726 atque
2592 5658 2775 5710 anxius
2805 5665 3163 5710 conaucratur.
