3984 6382
217 301 313 364 631

1144 306 1232 364 DE
1269 302 1783 363 CONSOLATIONE
1816 296 2278 359 PlllLOSOI’IllE
2323 300 2449 357 LIB.
2502 294 2561 354 ll.
2614 338 2617 341 ν

3381 292 3483 346 (£8!

222 430 239 459 ‘
288 434 314 461 ⁸
344 423 593 480 rlxezur?
629 425 650 455 '
680 422 704 460 ι’
730 422 897 477 Anxia
922 419 1035 491 (Ill)
1063 421 1204 476 enim
1234 436 1317 509 res
1342 430 1425 476 est
1450 420 1801 474 humanorum
1832 418 1880 477 Α
1910 415 2058 484 felix,
2088 415 2252 468 orbus
2294 414 2512 476 liberis,
2543 412 2718 465 alieno
2744 409 2765 447 ί
2798 422 3014 465 censum
3064 404 3222 459 nutrit
3273 404 3488 460 heredi.

222 518 463 573 Conditio
494 516 774 574 bonorum,
804 524 858 569 et
896 530 1017 582 qua:
1052 512 1136 565 vel
1181 527 1450 580 nunquam
1479 520 1585 564 tota
1618 526 1803 579 prove-

222 611 353 670 niat,
388 600 474 660 'vel
502 620 767 673 nunquam
793 612 1041 672 perpetua
1071 602 1346 655 subsistat.
1376 599 1575 671 1213
1621 609 1643 637 ο
1675 598 1805 652 Iluic

218 711 416 751 census
465 697 743 756 exuberat,
788 694 880 748 sed
928 703 1011 747 est
1054 693 1244 762 pudori
1295 690 1527 761 degener
1566 689 1803 758 sanguis.

218 787 242 817 ⁵
284 788 311 823 ἀ
366 788 516 841 llunc
563 787 816 840 nobilitas
863 795 1044 839 notum
1096 784 1253 846 facit,
1312 783 1404 837 sed
1449 782 1689 851 angustia
1731 780 1808 833 rei

218 878 497 933 familiaris
522 878 776 940 inclusus,
801 891 919 930 esse
944 877 1124 929 mallet
1148 875 1375 943 ignotus.
1404 873 1423 904 ⁸
1457 872 1548 926 Ille
1591 880 1615 908 ο
1660 878 1810 923 ttlro-

214 984 327 1038 que
377 968 742 1033 circumﬂuus,
768 969 929 1021 vitam
957 965 1197 1022 caelibem
1230 964 1411 1019 deflet.
1444 962 1464 994 ⁸
1492 962 1583 1016 Ille
1613 960 1811 1031 nuptiis

1915 510 2069 580 122
2091 508 2109 539 ⁷
2142 506 2288 561 Alius
2314 506 2458 571 prole
2483 504 2713 569 Imtatus,
2731 500 2848 565 lilii,
2871 500 3063 553 filiaeve
3087 507 3112 545 ε
3138 496 3496 552 delictismae-

1912 611 2024 654 stus
2054 598 2368 667 illacrymat.
2386 594 2611 661 Idcirco
2637 607 2794 646 nemo
2818 591 2972 645 facile
2985 605 3103 643 cum
3130 589 3352 643 fortuna:
3379 600 3494 641 sum

1912 689 2215 746 conditione
2244 683 2534 739 concordat
2568 683 2710 737 inest
2735 681 2877 737 enim
2908 680 3148 749 singulis,
3169 678 3308 748 quod
3338 677 3492 731 ines-

1916 788 2096 849 pertus
2119 782 2600 847 ignoret,expertus
2620 774 2902 828 exhorreat
2924 789 2939 825 :
2965 771 3113 825 Adde
3133 768 3271 838 quod
3291 767 3492 824 felicis-

1917 870 2041 925 simi
2060 868 2316 937 cujusque
2337 864 2747 919 delicatissimus
2769 875 2957 917 sensus
2985 869 3068 916 est
3087 901 3104 928 ,
3138 868 3211 921 et,
3242 858 3341 914 nisi
3372 856 3395 890 ⁸
3422 855 3489 913 ad

1565 1091 1863 1149 INTERI'R
1874 1086 2149 1143 ETATIO.

288 1218 322 1250 ⁷·
358 1212 629 1276 Disceplet.

292 1282 321 1321 δ
354 1287 567 1339 Acerba.

218 1428 258 1481 Γ
298 1368 321 1392 ε
350 1353 505 1435 'L’nus
534 1354 712 1421 apibus
734 1353 975 1417 abundat,
1006 1350 1092 1404 sed
1118 1365 1234 1404 eum
1262 1349 1414 1419 pudet
1451 1361 1559 1401 sui:
1600 1342 1805 1413 ignobi~

240 1437 407 1479 tlatts.

1979 1196 2005 1233 ἁ
2040 1196 2178 1249 Alter
2210 1192 2396 1245 nobilis
2419 1201 2513 1250 est,
2550 1199 2635 1241 sed
2662 1195 2954 1257 paupertate
2984 1189 3250 1249 premitur.

1986 1278 2009 1303 ο
2042 1267 2242 1318 'I'ertius
2267 1277 2311 1316 et
2336 1264 2472 1314 dices
2516 1273 2562 1313 ct
2590 1261 2725 1313 nobil
2748 1278 2770 1311 s
2801 1275 2853 1311 se
2879 1262 3095 1328 conjuge
3120 1274 3289 1313 carere
3329 1260 3488 1316 dolet.

1992 1336 2009 1374 ί
2051 1338 2183 1401 Opes
2212 1346 2381 1401 pa.at.

1990 1418 2014 1453 κ
2056 1407 2221 1458 l’itiis.

1747 1526 1975 1585 ΝΟΤᾹῙ.

327 1656 344 1686 ⁸
380 1649 637 1721 Rixetur.]
684 1650 954 1725 Disceptet.
986 1650 1140 1725 Bisa,
1166 1650 1234 1703 Iis
1264 1657 1343 1702 cst
1383 1649 1496 1725 sive
1540 1644 1814 1725 contentio

220 1727 368 1780 inter
397 1726 532 1777 duos
583 1719 839 1791 pluresve
875 1723 1136 1781 homines,
1162 1736 1403 1791 quorunr
1431 1719 1566 1791 alter
1610 1719 1811 1791 repetit

1924 1639 2025 1693 huc
2055 1650 2112 1689 se
2142 1641 2327 1707 putant
2359 1632 2594 1707 inlelices
2614 1674 2628 1696 ,
2660 1630 2813 1707 quod
2835 1631 3009 1707 vitam
3028 1632 3223 1707 ducant
3266 1612 3501 1707 conjugif

1920 1701 2192 1775 expertem
2229 1720 2244 1757 :
2268 1704 2420 1755 vitam
2459 1702 2682 1776 ctelibem
2711 1702 2896 1776 deﬂent
2921 1720 2939 1756 :
2960 1703 3067 1776 vita
3098 1706 3239 1758 enim
3266 1701 3500 1776 confugil

214 1773 367 1863 saga
398 1773 537 1846 sua
563 1773 787 1846 sane...
818 1794 987 1844 renuit
1014 1773 1217 1861 adisse
1248 1790 1344 1843 nisi
1392 1789 1480 1842 lux
1512 1773 1691 1839 divina
1725 1783 1808 1835 ar—
1844 1784 1887 1841 Β
1914 1773 2143 1863 exigu-5“
2166 1782 2388 1863 vocatur
2421 1773 2666 1863 ,ειςίθρείξ
2699 1774 2844 1863 [0er
2901 1775 3025 1840 iulia
3054 1777 3257 1863 caelesti
3286 1773 3498 1863 sinjilis.

219 1862 453 1932 fulgeat,
498 1866 549 1915 in
597 1864 739 1913 omni
789 1862 1063 1914 hominum
1114 1876 1311 1927 genere
1363 1866 1633 1926 perpetuas
1682 1866 1809 1907 sunt

220 1938 358 1988 rixa:
381 1950 396 1985 :
421 1932 561 2001 quod
592 1933 754 1985 homo
782 1940 836 1983 et
864 1941 1033 1984 status
1070 1934 1186 1998 ejus
1224 1946 1320 1984 ceu
1357 1933 1600 2001 qutedattt
1634 1934 1811 1990 partes

216 2006 295 2059 ita
326 1998 696 2072 opponantur,
730 2010 785 2054 ut
815 2002 900 2055 ille
932 2004 1091 2053 homo
1116 2002 1357 2067 quaedam
1386 1998 1629 2072 videatur
1658 2010 1684 2044 a
1715 2008 1812 2046 suo

218 2068 379 2129 statn'
402 2083 666 2139 repetere,
697 2088 813 2139 qur
847 2081 1017 2124 status
1047 2072 1132 2125 hic
1162 2072 1336 2126 renuit
1363 2068 1624 2123 reddere:
1655 2078 1813 2117 nemo

223 2146 317 2201 hic
345 2160 412 2197 ex
437 2143 584 2195 omni
617 2153 764 2210 parte
792 2141 995 2196 beatus.

326 2210 351 2246 ⁵
384 2214 554 2266 Anxia
590 2208 684 2285 res
731 2222 802 2285 est
844 2214 1187 2285 humanorum
1230 2211 1457 2285 conditio
1511 2208 1814 2285 bonorum]

224 2285 471 2340 Anxium
501 2283 693 2336 dicitur
730 2282 857 2335 illud
889 2283 1030 2348 quod
1073 2282 1429 2336 sollicitudine
1470 2295 1661 2338 maesta
1694 2282 1814 2351 pre;

221 2358 327 2409 mit
374 2372 386 2407 :
430 2354 645 2423 anxium
684 2353 825 2407 enim
870 2354 1063 2406 dicitur
1102 2356 1170 2407 ab
1212 2370 1342 2423 ango
1379 2368 1398 2405 :
1440 2351 1538 2423 hoc
1569 2356 1816 2423 ali-neco

219 2424 388 2496 ἄγχων
424 2422 620 2488 suﬂ'oca
646 2463 663 2486 ,
717 2424 1028 2496 conslringo,
1062 2422 1291 2489 primum
1339 2422 1553 2496 quidem
1600 2422 1813 2483 fauces.

220 2493 432 2550 deinde
465 2502 693 2547 mentem
718 2510 731 2545 :
759 2493 881 2547 hinc
909 2502 1152 2561 angustus
1181 2503 1235 2547 et
1261 2493 1517 2562 angustia,
1548 2509 1669 2547 cum
1701 2496 1819 2555 quis

222 2566 401 2619 tantis
429 2562 829 2617 difﬁcultatibus
864 2565 1144 2629 premitur,
1172 2572 1228 2617 ut
1251 2578 1357 2631 quo
1398 2578 1455 2615 se
1490 2574 1698 2618 vertere
1725 2566 1820 2617 de.

221 2639 381 2699 beat,
413 2634 641 2699 ignoret.
697 2633 855 2701 Atqui
888 2636 1235 2687 humanorum
1272 2632 1511 2686 conditio
1557 2632 1820 2688 bonorum

220 2705 601 2760 sollicitudine
632 2710 816 2757 mmsta
845 2704 1079 2756 auimum
1112 2704 1343 2770 premit:
1371 2704 1509 2770 quod
1542 2705 1685 2756 enim
1718 2707 1820 2757 hu-

224 2791 396 2829 mana
425 2774 543 2827 haac
566 2773 799 2827 conditio
827 2786 917 2827 aut
947 2789 1215 2843 nunquam
1248 2775 1489 2827 absoluta
1524 2772 1701 2837 fuerit,
1730 2782 1823 2829 aut

220 2859 511 2913 tniuquam
556 2844 824 2912 perennis,
858 2859 1070 2909 semper
1116 2845 1288 2897 locum
1321 2844 1571 2911 relinquit
1602 2856 1693 2897 aut
1728 2861 1823 2909 ap-

220 2916 487 2984 petenda!
514 2914 811 2968 absentium
836 2914 1091 2967 [tonorum
1120 2914 1439 2982 adeptioais,
1460 2925 1548 2966 aut
1572 2916 1822 2968 timenda:

225 2984 588 3055 praesentium
618 2985 837 3055 jactura:
862 3002 873 3034 :
897 2985 1035 3037 unde
1060 2984 1220 3037 animi
1250 2984 1537 3055 anxietas:
1566 2997 1621 3055 nt
1652 2986 1820 3053 pluri-

229 3053 337 3110 bus
367 3055 632 3121 exemplis
673 3053 924 3119 deinceps
953 3054 1286 3107 conﬁrmabit
1316 3054 1676 3122 Philosophia.

325 3126 350 3157 ³
388 3124 528 3177 Huic
568 3140 744 3177 census
790 3123 1073 3194 exuberanj
1126 3125 1357 3177 Primum
1403 3126 1711 3193 exetnplum
1743 3134 1823 3178 est

222 3197 298 3251 de
360 3196 642 3259 divitibus,
693 3195 757 3248 iis
814 3196 1037 3258 scilicet,
1082 3197 1293 3261 quibus,
1334 3196 1472 3263 quod
1524 3194 1581 3249 hi
1634 3197 1825 3264 Opibus

221 3266 547 3327 abundent,
578 3280 757 3318 census
803 3265 995 3318 dicitur
1038 3268 1330 3318 exuberare.
1384 3264 1575 3318 Census
1616 3266 1758 3320 enim
1797 3283 1825 3319 a

221 3337 496 3389 censendo
556 3335 733 3388 dictus
796 3350 926 3402 Opes
988 3336 1256 3404 significat
1300 3339 1487 3393 :unde
1542 3337 1828 3397 Claudian.

221 3422 410 3461 carm.
440 3407 527 3468 l7,
557 3422 611 3458 v.
642 3406 742 3459 25I
771 3422 780 3457 :

362 3496 679 3559 Addictoque
702 3498 945 3546 hominum
972 3498 1222 3549 cumulent
1239 3502 1393 3550 araria
1414 3513 1566 3551 censu

226 3582 547 3635 Exubersre
597 3590 773 3633 autem
820 3581 1080 3635 abundare
1123 3595 1240 3646 ψει,
1272 3587 1422 3650 quasi
1470 3596 1620 3642 ostra
1671 3586 1832 3643 ubera

227 3653 541 3723 profluere.
570 3652 656 3703 Sic
694 3652 873 3720 Virgil.
902 3667 918 3704 ι
944 3653 1167 3721 Georg,
1199 3669 1249 3706 v.
1278 3655 1373 3708 191
1408 3671 1418 3706 :

370 3743 437 3792 At
456 3744 498 3791 si
524 3742 714 3791 luxnria
739 3741 955 3791 foliorum
979 3746 1223 3796 exuberat
1249 3747 1451 3795 umbras.

227 3828 303 3884 Et
318 3826 539 3895 Georg.
568 3836 631 3889 ιι,
660 3840 713 3878 v.
748 3822 883 3879 5l6:

372 3917 485 3984 ISec
506 3918 705 3984 requiei
727 3919 845 3981 quin
869 3925 950 3971 aut
975 3922 1125 3983 pomis
1145 3922 1393 3972 exuberet
1417 3935 1590 3984 annus,

374 3982 481 4029 Aut
502 3978 604 4028 fetu
630 3978 877 4042 pecorum.

226 4066 415 4135 Atqui
449 4063 714 4131 ejusmodi
743 4064 935 4118 divites
964 4065 1013 4118 in
1048 4066 1146 4119 hoc
1175 4066 1276 4118 sibi
1308 4068 1552 4121 videntur
1576 4068 1838 4132 infelices,

222 4135 398 4205 quod
430 4136 628 4203 quibus
650 4137 907 4199 sanguine
941 4135 1208 4203 conjunCti
1240 4147 1382 4201 sunt,
1415 4138 1467 4191 hi
1500 4138 1706 4193 nobiles
1736 4155 1839 4192 non

226 4216 378 4263 Sunt
406 4206 537 4275 {sed
566 4217 637 4257 est
663 4206 845 4275 pudori
869 4206 1082 4273 degener
1106 4207 1337 4275 sanguis.

339 4276 367 4307 ⁵
401 4273 577 4348 Hunc
607 4273 841 4348 nobilitas
880 4286 1053 4327 natum
1099 4273 1267 4348 facit]
1312 4276 1611 4331 Secundum
1661 4292 1845 4332 exem-

228 4348 403 4416 plum
433 4354 521 4398 est
548 4345 615 4398 de
646 4346 910 4416 nolulibus
951 4348 1077 4399 viris
1113 4364 1126 4395 :
1162 4345 1461 4401 hic'autem
1502 4348 1839 4415 Philosophia

226 4415 472 4471 videtur
499 4416 602 4467 vim
636 4415 809 4469 facere
836 4418 887 4469 in
919 4418 1109 4479 verbo,
1140 4417 1264 4469 dmn
1292 4417 1439 4480 dicit,
1474 4420 1708 4471 nobilitas
1749 4436 1845 4472 no-

225 4503 356 4541 tum
390 4486 550 4555 facit;
579 4486 763 4537 nobilis
786 4490 927 4538 enim
959 4500 987 4537 a
1011 4498 1215 4551 nolunt,
1243 4487 1381 4540 sicut
1409 4503 1437 4539 a
1470 4500 1659 4542 motum
1685 4492 1840 4543 mobi-

2016 1848 2036 1879 ⁸
2071 1844 2171 1899 Ille
2198 1845 2389 1906 nuptiis
2417 1841 2584 1913 [elisa]
2614 1842 2870 1908 Quartum
2900 1846 3200 1913 exemplum
3233 1857 3309 1899 eSI
3343 1847 3411 1900 de
3438 1864 3505 1901 eu

1917 1918 2007 1985 qui
2041 1930 2207 1969 uxore
2259 1915 2384 1968 felix
2422 1914 2711 1987 est;quod
2754 1913 3023 1987 prmdictis
3070 1916 3257 1984 nuptiis
3301 1919 3506 1987 optime

1918 1984 2247 2055 signiﬁcatur
2284 2002 2297 2055 ς
2334 1984 2576 2055 quamvis
2628 1985 2770 2036 enim
2824 1986 3017 2050 nuptiae
3068 2002 3170 2037 non
3226 1984 3351 2040 sint'
3388 1988 3507 2041 sine

1918 2054 2146 2125 utroque
2184 2054 2430 2124 conjuge,
2458 2054 2647 2125 melius
2694 2063 2871 2125 tamen
2914 2056 3107 2120 nupliw
3140 2056 3391 2110 dicuntur
3437 2060 3507 2111 de

1918 2124 2086 2182 uxore
2108 2141 2264 2195 quam
2290 2126 2355 2178 de
2385 2124 2578 2195 maritd
2604 2141 2617 2174 :
2645 2124 2784 2195 quod
2826 2138 2948 2177 cum
2985 2125 3069 2176 illa
3102 2140 3299 2193 sponsa
3329 2127 3503 2182 dedu-

1916 2192 2140 2253 ceretur—
2159 2196 2222 2248 ad
2254 2196 2526 2257 maritum,
2557 2192 2747 2247 faciem
2790 2196 2981 2247 llameo
3008 2192 3233 2249 nuberet
3261 2196 3375 2251 sive
3406 2214 3501 2248 ve-

1920 2271 2093 2322 laret:
2128 2269 2253 2319 hinc
2301 2276 2503 2335 nup'a,
2538 2265 2879 2324 connubium.
2938 2273 3043 2319 etc.
3096 2267 3279 2335 Magna
3336 2282 3500 2333 porro

1922 2340 2150 2393 felicitas
2199 2337 2397 2392 mariti.
2423 2334 2576 2401 eujus
2613 2345 2694 2387 est
2724 2337 2922 2395 optima
2972 2351 3106 2389 uxor
3132 2352 3145 2389 :
3170 2341 3366 2391 donum
3393 2353 3506 2393 caeo

1919 2412 2052 2464 leste
2102 2415 2204 2461 est.
2247 2406 2505 2460 Proverb.
2554 2421 2637 2458 snt
2667 2421 2681 2457 :
2710 2404 2906 2457 Dormis
2946 2415 2991 2457 et
3028 2408 3214 2461 divitiis
3250 2408 3437 2461 dantur
3474 2425 3510 2462 a

1923 2479 2233 2545 parentibus,
2258 2494 2289 2528 a
2323 2476 2539 2528 Domino
2571 2485 2737 2527 autem
2767 2477 2971 2542 proprie
2999 2493 3130 2529 uxor
3160 2480 3398 2543 prudens.
3434 2480 3506 2533 At

1922 2551 2147 2604 felicitas
2176 2549 2288 2600 hzec
2314 2548 2511 2613 saepius
2540 2547 2767 2598 orbitate
2806 2546 3051 2599 tut-batur
3084 2565 3097 2601 :
3128 2549 3278 2601 orbus
3306 2550 3499 2611 liberis,

1920 2622 2338 2745 aliaingo‘scensum
2391 2616 2548 2670 nutrit
2597 2614 2771 2669 heredi
2804 2616 3051 2671 :Seneca
3096 2620 3149 2672 in
3199 2620 3504 2690 Hippolyto,

1921 2707 1978 2745 ν.
2162 2704 2175 2741 :

1921 2707 1978 2745 ν.
2010 2704 2175 2745 12462

2046 2781 2085 2829 ὓ
2104 2780 2243 2830 triste
2260 2776 2424 2827 fractis
2444 2776 2628 2825 orbitas
2653 2777 2791 2825 annis
2813 2776 3023 2827 malum!

1922 2864 2091 2921 Heres
2121 2865 2186 2919 ab
2216 2866 2336 2918 hero
2367 2865 2559 2925 dictus,
2592 2863 2739 2917 quasi
2775 2865 2819 2916 is
2843 2865 2910 2919 sit
2942 2865 3201 2920 bonorum
3232 2866 3499 2925 dominus,

1926 2937 2064 3001 apud
2107 2936 2450 3004 jurisperitos
2479 2933 2703 2998 duplicis
2733 2944 2815 2988 est
2860 2952 3012 2995 ncne:
3030 2938 3071 2989 is
3102 2954 3115 2991 :
3146 2954 3337 3005 nempe
3382 2954 3510 2993 suus

1924 3017 1976 3060 et
2004 3018 2281 3061 externus.
2318 3006 2416 3060 Sui
2455 3007 2692 3065 heredes,
2735 3014 2791 3057 ut
2822 3006 3015 3060 dicitur
3059 3006 3229 3062 lllalll.
3264 3012 3299 3063 Ι.
3329 3024 3388 3074 ll,
3414 3010 3501 3064 tit.

1928 3079 2015 3141 I9,
2051 3078 2078 3145 ᾗ
2108 3078 2166 3143 2,
2198 3078 2312 3130 ideo
2341 3075 2665 3146 appellantur
2693 3076 2811 3144 quia
2851 3078 3109 3130 domestici
3148 3080 3355 3134 heredes
3393 3089 3514 3134 sunt

1850 3155 1895 3217 (ζ
1925 3158 1973 3202 et
2003 3149 2111 3202 vivo
2139 3164 2338 3217 quoque
2358 3145 2499 3217 patre
2519 3145 2889 3213 quodammodo
2915 3148 3109 3201 domini
3129 3152 3506 3211 existimantur,

1932 3219 2084 3273 veluti
2130 3218 2292 3287 ﬁlius,
2324 3218 2453 3284 lilia,
2484 3232 2659 3287 nepos,
2684 3220 2904 3284 neptisve
2931 3234 2995 3269 ex
3018 3219 3155 3285 ﬁlo,
3182 3230 3232 3272 et
3276 3222 3513 3286 deinceps

1934 3290 2102 3344 caueri
2131 3286 2321 3348 liberi.
2364 3286 2613 3340 Extranei
2648 3302 2793 3357 vero,
2827 3289 2913 3357 qui
2948 3289 3033 3341 hic
3073 3301 3331 3344 vocantur
3359 3294 3515 3345 alieni

1935 3361 2161 3414 heredes
2186 3361 2429 3411 dicuntur
2454 3358 2644 3419 sceleri,
2677 3356 2749 3409 ait
2785 3356 3025 3424 Vinnius,
3056 3362 3143 3424 qui
3172 3378 3273 3413 non
3298 3371 3415 3415 sunt
3435 3364 3518 3416 sui

1934 3440 1981 3485 et
2024 3431 2307 3484 domestici.
2353 3432 2421 3483 At
2463 3437 2716 3495 quantum
2766 3428 2925 3481 homo
2954 3444 3013 3482 se
3056 3446 3289 3499 suosque
3329 3448 3518 3485 amans

1934 3502 2041 3556 suis
2072 3500 2355 3555 heredibus
2402 3500 2627 3560 lxtatur,
2662 3499 2989 3552 tantumdem
3033 3500 3099 3552 de
3128 3504 3377 3556 extraneis
3403 3503 3517 3555 sive

1935 3573 2117 3627 alienis
2141 3571 2448 3624 afﬂictatur.
2500 3568 2830 3641 Beelesiasta'
2864 3586 2913 3621 iv
2941 3589 2952 3622 :
2984 3570 3325 3625 Considerata
3350 3576 3516 3641 reperi

1937 3655 1981 3697 et
2009 3644 2165 3695 aliaat
2190 3642 2460 3693 vanitatem
2490 3640 2580 3692 sub
2607 3638 2731 3689 sole.
2769 3639 2912 3693 Unus
2939 3650 3012 3693 est
3042 3654 3088 3693 et
3110 3644 3387 3695 secundum
3407 3638 3511 3695 non

1938 3714 2109 3773 habet,
2143 3729 2244 3765 non
2271 3710 2459 3779 ﬁlium,
2488 3725 2589 3761 non
2622 3710 2853 3775 fratrem,
2882 3720 2931 3763 et
2960 3719 3125 3763 tamen
3157 3714 3388 3765 laborare
3416 3730 3517 3765 non

1939 3792 2121 3847 cessat,
2153 3798 2245 3834 nec
2272 3781 2523 3852 satiantur
2568 3779 2698 3852 oculi
2719 3849 2726 3852 _
2747 3781 3115 3852 ejns‘divitiis,
3144 3798 3233 3834 nec
3274 3784 3517 3852 recogitet

1939 3854 2109 3905 dicens
2135 3853 2251 3905 :cui
2279 3851 2451 3902 laboro
2487 3857 2532 3901 et
2575 3849 2760 3917 fraudo
2799 3850 3021 3902 animam
3064 3868 3227 3903 meam
3256 3849 3406 3905 bonis
3423 3868 3444 3906 .'
3464 3855 3519 3907 in

1940 3924 2034 3977 hoc
2059 3938 2252 3989 quoque
2278 3922 2471 3973 vanitas
2493 3929 2565 3973 est
2590 3928 2637 3970 et
2662 3920 2862 3989 afflictio
2887 3921 3121 3987 pessima.

2039 3987 2231 4045 "Alius
2259 3991 2398 4061 prole
2430 3987 2681 4059 la’lalus.]
2720 3991 2971 4061 Quintum
3008 3991 3310 4059 exemplum
3340 4000 3425 4046 est
3451 3992 3531 4048 de-

1940 4076 2009 4118 eo
2038 4064 2124 4130 qui
2157 4060 2304 4129 prole
2342 4070 2463 4113 nata
2505 4062 2732 4113 Iasiamr.
2776 4060 2923 4128 Quod
2965 4061 3123 4115 homo
3153 4065 3216 4113 ad
3254 4063 3346 4116 Dei
3388 4065 3523 4117 ima-

1942 4138 2118 4200 ginem
2150 4132 2396 4185 comlitns
2425 4131 2787 4202 sterilitatem
2812 4142 3048 4199 appetat,
3092 4134 3341 4202 quodque
3382 4134 3523 4187 hanc.

1945 4208 1995 4256 in
2024 4204 2182 4257 terris
2205 4203 2415 4268 assequi
2437 4216 2539 4273 non
2567 4202 2759 4266 valeat,
2780 4200 2899 4255 hinc
2924 4204 2979 4255 lit
3003 4214 3061 4256 ut
3087 4200 3279 4271 parens
3298 4214 3525 4273 uterque

1943 4284 2056 4327 orta
2082 4274 2253 4340 prole,
2287 4272 2448 4325 veluti
2490 4286 2677 4337 magna
2708 4275 2786 4323 sui
2823 4284 2970 4337 parte
3008 4274 3109 4327 sibi
3140 4275 3266 4327 olim
3305 4272 3523 4330 succes-

1945 4359 2066 4397 sura
2088 4346 2295 4397 lietetur
2320 4359 2332 4393 :
2357 4342 2511 4395 Joan.
2540 4358 2623 4394 xvi
2650 4358 2662 4393 :
2692 4341 2877 4395 Mulier
2905 4360 3005 4395 non
3026 4346 3253 4397 meminit
3278 4362 3529 4411 pressula:

1946 4424 2150 4483 propter
2175 4412 2443 4482 gaudium,
2474 4413 2595 4481 quia
2623 4422 2771 4465 natus
2801 4423 2871 4465 est
2902 4417 3053 4466 homo
3080 4419 3131 4466 in
3161 4417 3429 4469 mundum.
3461 4419 3531 4471 At

1947 4482 2137 4551 quanta
2190 4483 2371 4537 lartitia
2428 4492 2675 4550 [lat-entes
2724 4482 3112 4547 perfunduntur
3162 4488 3299 4539 uatis
3345 4485 3531 4540 liberis

224 4534 556 4612 iii—dicina:
578 4534 1380 4623 siiisiis;aususausus;
1399 4534 1837 4615 ausisausis}.
1867 4534 1918 4593 ι)
1949 4534 2247 4622 animo
2279 4534 2873 4617 virtut'emicolent'ibus,
2910 4534 3050 4606 nisi.
3074 4534 3529 4610 *isias'sri'c‘ia};

228 4627 417 4692 Atqui
469 4633 533 4698 _et
582 4626 665 4678 his
710 4626 975 4698 nubilibus
1020 4642 1114 4679 sua
1163 4644 1281 4680 esse
1333 4639 1506 4695 p0test
1556 4642 1839 4698 paupertas

221 4695 579 4767 Sttpplicium
607 4714 619 4747 :
645 4697 881 4767 angustia
908 4697 979 4748 rei
1012 4698 1283 4763 [anciliaris
1310 4695 1567 4765 inclusus,
1586 4695 1692 4753 esse
1718 4703 1843 4754 mal-

224 4764 553 4823 let'nnbilis
578 4766 790 4839 quidam
828 4767 1031 4839 ignotus
1055 4783 1073 4820 :
1095 4769 1295 4832 optime
1332 4781 1510 4822 autem
1545 4764 1840 4839 paupertas

223 4846 479 4892 vocatur
509 4837 746 4903 angustia
772 4838 844 4887 rei
886 4838 1159 4903 [antiliaris
1184 4854 1204 4891 :
1229 4838 1358 4892 Nam
1388 4841 1527 4893 sicut
1555 4837 1705 4895 dives
1728 4844 1840 4895 suis

222 4907 494 4978 palatiis,
539 4908 702 4978 agris,
748 4905 967 4967 vitibus,
1014 4909 1264 4974 nummis,
1298 4910 1556 4965 armentis
1602 4910 1836 4966 homini-

228 4976 468 5048 basque
514 4976 761 5048 subditis,
808 4979 1004 5042 quibus
1050 4979 1212 5031 veluti
1259 4979 1720 5048 circumfunditur,
1771 4998 1837 5037 eo

224 5046 600 5102 auctoritatis
653 5049 1037 5114 potestatisque
1093 5050 1300 5103 videtur
1367 5050 1637 5115 dilatalns,
1688 5046 1744 5106 ut
1784 5067 1845 5106 se

224 5115 654 5187 facilegcredat
696 5118 1178 5187 inexpugnabilem,
1210 5120 1353 5187 juxta
1406 5121 1532 5174 illud
1584 5121 1841 5176 Proverb.

222 5205 339 5243 vm
374 5202 391 5239 :
421 5184 724 5261 substantia
761 5184 929 5261 diuitis
958 5184 1310 5261 urbsgroboris
1349 5192 1494 5261 ejus;
1524 5194 1601 5245 sic
1648 5208 1848 5261 pauper

160 5310 167 5317 ,
218 5274 344 5314 sua
407 5256 651 5329 taberna,
689 5258 898 5326 agello,
928 5259 1177 5323 vincula,
1205 5268 1258 5312 et
1304 5256 1591 5329 puerorum
1638 5256 1846 5319 sarcina

217 5327 423 5385 veluti
464 5328 691 5380 obrutus
741 5338 1121 5395 coangustatur
1155 5348 1166 5381 :
1204 5327 1327 5384 hinc
1376 5333 1626 5387 Horatius
1678 5349 1847 5389 carm.

217 5402 266 5456 ι.
309 5414 411 5462 ιιι,
440 5398 531 5450 od.
564 5398 622 5461 ‘2,
653 5400 955 5465 pauperiem
983 5409 1135 5451 vocat
1161 5412 1470 5470 angustam:

445 5489 735 5556 fangustam,
760 5491 1231 5556 amici,pauperiem
1257 5497 1353 5556 pati

446 5550 695 5615 {tabustus
716 5554 816 5599 arri
841 5553 1009 5601 militia
1038 5550 1159 5615 puer

445 5611 717 5661 Condiscat.
872 5668 881 5677 κ

346 5697 385 5775 ξ’.
415 5692 515 5747 Ille
532 5704 749 5775 utroque
774 5696 1148 5775 circum/tuum]
1172 5699 1408 5775 Tertium
1432 5702 1734 5775 exemplum
1752 5712 1850 5775 est

220 5770 307 5826 de
339 5768 423 5822 iis
456 5768 544 5835 qui
584 5768 786 5833 pariter
813 5768 1003 5821 divites
1033 5768 1156 5823 sunt
1184 5782 1237 5823 ct
1269 5772 1512 5835 nobiles;
1546 5772 1639 5826 sed
1673 5772 1763 5840 qui
1794 5773 1844 5825 in

512 5860 783 5919 PATROL.
834 5861 1054 5920 LXIII.

1950 4637 2034 4679 tur
2062 4625 2303 4682 tristitia,
2336 4627 2377 4675 si
2416 4624 2510 4676 hos
2542 4623 2737 4677 liberos
2767 4625 2994 4677 viderint
3022 4625 3166 4678 vitiis
3208 4626 3488 4694 indulgere
3515 4644 3550 4685 ε,

1948 4710 2141 4763 parcns
2166 4696 2258 4759 lilsi
2285 4694 2465 4760 ﬁliceve
2488 4694 2686 4763 delictis
2718 4707 2920 4747 ntazstus
2946 4695 3237 4763 illarrymat
3261 4712 3278 4749 :
3302 4707 3361 4750 ut
3390 4712 3532 4751 nunc

1946 4762 2175 4819 dicitur:
2205 4765 2351 4816 Prov.
2375 4767 2455 4816 rb.
2485 4780 2512 4817 κ
2536 4782 2548 4814 :
2573 4762 2740 4817 Filius
2775 4766 2980 4831 sapiens
3019 4762 3247 4830 lwl’iﬁcat
3292 4777 3484 4832 patrem
3515 4783 3532 4819 :

1948 4838 2085 4902 ﬁlius
2125 4850 2244 4887 vero
2275 4837 2459 4887 stultus
2494 4835 2733 4887 maestitia
2765 4844 2838 4887 est
2882 4838 3057 4890 matris
3090 4854 3219 4893 suat.
3266 4838 3529 4893 Nimirum

1947 4906 2088 4974 quod
2117 4905 2267 4958 liberi
2301 4904 2585 4957 videantur
2622 4908 2803 4957 sanior
2834 4907 3222 4976 perenniOrque
3251 4918 3531 4976 parentum

1949 4992 2091 5046 pars,
2126 4976 2224 5028 bos
2254 4982 2510 5044 parentes
2537 4984 2724 5042 optant
2748 4978 3048 5044 semetipsis
3079 4980 3354 5034 meliores.

2046 5071 2068 5101 “
2096 5068 2175 5123 Ad
2205 5066 2427 5139 nutum.]
2463 5068 2543 5120 Ad
2570 5069 2898 5123 voluntatem.
2932 5070 3100 5124 Nutus
3127 5086 3155 5123 a
3187 5072 3391 5125 nuendo
3422 5071 3533 5125 sivo

1949 5140 2196 5193 movendo
2244 5139 2419 5192 dictus
2457 5141 2671 5209 proprie
2714 5150 2912 5193 motum
2945 5142 3186 5209 corporis
3226 5140 3531 5209 significat:

1950 5211 2030 5264 sic
2057 5210 2325 5264 movendo
2359 5218 2519 5277 eaput
2548 5211 2805 5265 oculosve
2846 5210 3075 5264 dicimur
3104 5227 3329 5263 annuere
3355 5221 3409 5265 et
3444 5216 3533 5262 ar-

1954 5297 2107 5335 nuere
2146 5282 2230 5333 vel
2264 5296 2494 5333 renuere.
2528 5280 2786 5344 Quoniam
2816 5296 2946 5334 vero
2975 5281 3064 5335 ille
3094 5280 3335 5348 corporis
3364 5283 3533 5334 nostri

1957 5361 2132 5405 mutus
2166 5358 2402 5403 nostram
2433 5350 2761 5403 voluntatem
2792 5352 3074 5405 consuevit
3110 5352 3378 5415 indicare;
3411 5348 3535 5405 hinc

1956 5422 2152 5476 factum
2178 5429 2276 5475 est.
2309 5430 2385 5481 ut,
2411 5420 2562 5481 signo
2585 5436 2683 5489 pro
2705 5436 2764 5474 re
2790 5421 3086 5490 significata
3114 5429 3536 5490 accepto,rnutus

1959 5508 2062 5546 non
2103 5492 2263 5544 modo
2290 5490 2598 5550 humanam,
2630 5490 2725 5545 sed
2770 5489 3003 5543 divinam
3034 5506 3244 5557 quoque
3290 5489 3536 5545 volunta-

1958 5571 2063 5616 tem
2113 5561 2616 5628 siguilicaveritzex
2661 5576 2765 5628 quo
2820 5562 2980 5613 etiam
3012 5576 3197 5613 numen
3241 5560 3412 5630 ipsam
3445 5562 3537 5621 Dei

1957 5634 2286 5688 voluntatem
2315 5638 2489 5694 notat,
2519 5640 2574 5682 ut
2604 5632 2741 5696 apud
2779 5630 2918 5697 Virg.
2953 5646 3006 5684 st
3030 5630 3185 5697 Am,
3215 5645 3269 5685 v.
3301 5632 3442 5688 356:

2511 5718 2721 5766 Numine
2742 5719 2904 5767 divum

2050 5781 2105 5830 In
2140 5782 2351 5831 flammas
2381 5787 2429 5831 ct
2464 5782 2510 5829 in
2546 5792 2675 5827 arma
2707 5782 2854 5830 feror.

2945 5865 3024 5928 22
