3984 6382
224 392 321 453 685

1143 392 1229 446 os
1266 387 1781 445 CUNSULA'I‘IONE
1823 354 2291 442 ptumsormaa
2336 390 2459 443 Lm.
2504 391 2568 443 ιι.

3382 372 3487 440 ,πο

224 508 349 563 ιιιιί
393 519 616 575 compos
676 504 859 571 fueris,
908 504 924 533 ¹
970 501 1267 572 possidebis
1312 504 1333 532 '
1395 501 1534 572 quod
1588 513 1686 555 nec
1734 508 1792 553 ιιι
1821 502 1872 559 Α
1899 505 1955 549 tu
1986 496 2124 550 idem
2155 510 2233 560 es,
2265 498 2350 550 cui
2382 512 2690 566 persuasum
2722 504 2879 567 atque
2930 494 3143 549 insitum
3194 496 3475 560 permultis

223 598 461 652 amittere
493 608 724 664 unquam
772 594 927 658 velis,
961 592 1113 663 125
1169 592 1190 623 ³
1221 608 1320 647 nec
1364 591 1576 646 fortuna
1625 590 1793 658 possit

224 686 447 740 auferre.
480 684 502 714 ⁸
529 684 703 753 Atque
760 691 815 737 ut
855 697 1115 751 agnoscas
1161 681 1213 736 in
1257 682 1339 735 bis
1376 681 1609 735 fortuitis
1636 680 1797 734 rebus

224 774 605 830 beatitudinem
654 784 899 829 constare
947 788 1052 827 non
1086 788 1273 841 posse,
1321 773 1399 827 sic
1439 771 1713 840 colligez‘
1742 770 1797 825 Si

226 870 495 924 beatitudo
539 875 621 921 est
664 882 931 921 summum
980 874 1183 919 natura:
1234 868 1430 919 bonum
1462 863 1489 903 δ
1520 880 1548 917 a
1589 864 1797 918 ratione

225 959 485 1027 degentis,
516 972 614 1010 nec
644 956 776 1009 illud
807 964 889 1010 est
917 970 1181 1011 summum
1232 956 1427 1010 bonum
1450 998 1464 1020 ,
1492 956 1633 1025 quod
1664 955 1799 1023 eripi

228 1049 335 1101 ullo
356 1046 518 1101 modo
548 1056 754 1115 potest;
783 1046 1031 1113 quooiam
1073 1047 1325 1114 pr.ecellit
1352 1045 1403 1098 id
1435 1046 1573 1115 quod
1599 1045 1679 1114 (ὅ)
1710 1059 1803 1098 ne-

228 1147 387 1206 queat
416 1136 611 1191 auferri
644 1152 659 1190 :
690 1135 1026 1189 manifestum
1072 1145 1156 1190 est
1190 1136 1331 1205 quod
1365 1147 1387 1173 ο
1419 1136 1484 1189 ad
1514 1135 1800 1189 beatitudi-

228 1245 345 1283 nem
379 1227 775 1297 percipiendam
813 1227 1039 1281 fortuna:
1068 1225 1389 1279 instabilitas
1429 1226 1665 1293 aspirare
1694 1240 1800 1279 non

230 1320 413 1387 possit.
448 1317 469 1347 '
499 1314 527 1354 (ι
553 1317 632 1371 Ad
670 1317 807 1383 btec,
856 1325 879 1352 °
907 1331 1063 1385 quem
1091 1316 1293 1369 caduca
1336 1318 1434 1370 ista
1463 1316 1688 1370 felicitas
1714 1332 1805 1370 ve-

231 1411 329 1474 hit,
360 1410 445 1463 vel
489 1410 591 1462 scit
638 1423 788 1473 eam,
822 1407 905 1461 vel
964 1408 1131 1462 nescit
1188 1421 1310 1462 esse
1362 1408 1693 1461 mutabilem.
1748 1408 1806 1463 Si

226 1501 417 1562 nescit.
449 1514 694 1568 quaenam
738 1499 892 1553 beata
939 1513 1058 1553 sors
1105 1513 1226 1553 esse
1272 1506 1449 1567 potest
1496 1499 1807 1567 ignorantia:

224 1590 504 1644 caecitate?
524 1589 580 1644 Si
611 1590 733 1657 scit,
758 1598 963 1644 metuat
988 1603 1205 1643 necesse
1224 1602 1326 1652 est,
1349 1604 1414 1643 ne
1436 1590 1643 1643 amiitat
1665 1590 1805 1658 quod

223 1680 393 1733 amitti
426 1694 582 1745 posse
606 1695 710 1733 non
744 1680 985 1733 dubitat:
1009 1694 1176 1748 quare
1197 1681 1483 1732 continuus
1509 1681 1622 1750 (10)
1648 1681 1806 1734 timor

223 1787 327 1826 non
366 1771 497 1825 sinit
534 1786 653 1825 esse
694 1770 924 1825 felicem.
975 1772 1056 1823 Au
1088 1766 1108 1807 ι
1143 1770 1223 1824 vel
1265 1768 1312 1823 si
1347 1771 1606 1833 amiserit.
1642 1771 1809 1840 negli-

1897 585 2442 640 demonstrationibus
2466 588 2597 651 scio,
2625 597 2831 642 mentes
2852 586 3124 639 hominum
3150 583 3293 637 nullo
3314 585 3476 635 modo

1898 691 2018 730 esse
2064 677 2316 730 mortales
2342 695 2353 729 :
2378 693 2607 746 cumque
2639 680 2841 731 clarum
2872 677 2961 742 sit,
2996 674 3270 729 fortuitam
3300 673 3475 728 felici-

1902 776 2062 822 tatem
2094 770 2335 835 corporis
2379 780 2551 823 morte
2593 769 2730 823 finiri
2757 788 2769 823 :
2795 768 3020 825 dubitari
3051 770 3255 837 nequit,
3287 768 3330 820 si
3364 766 3478 819 haec

1904 869 1928 906 ε
1955 862 2164 914 auferre
2190 860 2573 915 beatitudinem
2599 871 2795 931 potest,
2828 864 2955 929 quin
2987 876 3145 914 omne
3173 859 3480 914 mortalium

1903 952 1979 1019 (5)
2013 966 2179 1019 genus
2211 952 2260 1004 iu
2294 952 2582 1016 miseriam,
2617 954 2805 1006 mortis
2832 952 2957 1016 fine,
2986 952 3215 1005 labatur.
3249 950 3399 1017 Quod
3438 951 3483 1001 si

1903 1043 2099 1095 multos
2120 1042 2314 1096 scimus
2334 1043 2679 1097 beatitudinis
2704 1044 2930 1097 fructum
2959 1058 3061 1096 non
3086 1053 3256 1095 morte
3277 1042 3451 1094 solum
3467 1079 3481 1101 ,

1903 1148 2087 1186 verum
2120 1134 2279 1186 etiam
2312 1133 2586 1187 doloribus
2616 1134 2997 1203 suppliciisque
3038 1134 3318 1201 quaesisse,
3350 1144 3483 1198 quo-

1906 1239 2027 1276 nam
2067 1224 2227 1277 modo
2266 1240 2501 1295 prazsens
2542 1226 2646 1279 vita
2689 1225 2864 1279 facere
2908 1224 3092 1279 beatos
3131 1232 3330 1292 potest,
3362 1237 3481 1291 qua:

1909 1319 2134 1373 miseros
2166 1328 2425 1373 transacta
2454 1335 2559 1372 non
2586 1318 2784 1372 cftlcit?

2375 1453 2525 1523 127
2558 1451 2898 1506 Μετιιιῑιι*
2946 1448 3023 1502 tv.

1910 1564 2299 1619 ABGUUENIUM.
2332 1595 2398 1601 —
2436 1563 2791 1631 Philosophia,
2842 1565 3069 1628 exemplo
3114 1561 3327 1619 a'dium,
3377 1573 3491 1625 qua:

1986 1651 2225 1703 perennes
2252 1651 2349 1685 non
2374 1647 2508 1698 sunt,
2540 1634 2581 1685 si
2620 1644 2707 1685 aut
2754 1633 3093 1691 sublimiores,
3117 1633 3278 1681 ventis
3308 1646 3491 1703 percu-

1982 1700 2197 1769 tiuntur,
2232 1714 2316 1755 aut
2344 1705 2703 1774 depressiores,
2734 1705 2905 1755 arenis
2932 1704 3319 1774 immergantur,
3346 1700 3489 1774 tlorct

1984 1775 2098 1841 pari
2127 1768 2474 1841 prudentia'et
2502 1791 2723 1827 summas
2751 1784 2798 1826 et
2828 1774 3034 1837 inﬁmas
3058 1772 3367 1823 condtiones
3394 1768 3490 1818 lto-

223 1864 453 1932 gendum
488 1864 668 1932 putat?
696 1864 773 1916 sic
797 1876 1011 1933 quoque
1037 1862 1275 1931 peteme
1304 1862 1501 1915 bonum
1530 1874 1633 1925 est,
1662 1863 1803 1931 quod
1836 1876 1881 1936 Β
1983 1846 2109 1897 mini
2130 1861 2236 1897 esse
2263 1847 2547 1913 fugiendas,
2587 1853 2640 1895 ut
2669 1844 2866 1912 quietus
2888 1853 3121 1907 tutusque
3153 1842 3298 1892 rivat.

223 1968 379 2023 aequo
409 1954 590 2007 animo
637 1956 837 2009 feratur
873 1953 1151 2009 amissum.
1202 1952 1359 2023 126
1398 1953 1417 1983 ⁷
1458 1953 1525 2007 Et
1551 1955 1801 2022 quoniam

2048 1961 2301 2029 Quisquis
2330 1961 2471 2015 volet
2498 1973 2787 2029 perennem

1584 2044 2161 2105 INTERPRETATIO.

293 2148 322 2173 ι
359 2136 482 2188 Tute
509 2136 711 2188 mentis.

291 2208 323 2245 δ
360 2206 549 2259 Mentis
578 2208 777 2259 ratione
805 2206 1056 2274 pred'tte.

296 2289 321 2346 ς
361 2275 595 2346 lj'ortuna
622 2278 911 2330 inconstans
939 2292 1045 2328 esse
1070 2292 1172 2327 non
1199 2275 1358 2346 possit
1391 2275 1665 2329 beatitudo.

290 2345 321 2383 ἀ
358 2345 617 2398 Praeterea

295 2426 323 2454 ο
361 2415 465 2481 Qui
494 2418 588 2468 hac
614 2414 855 2485 felicitate
880 2414 1082 2468 mortali
1107 2415 1340 2483 afﬁcitur,
1360 2414 1461 2467 hic.

2001 2140 2020 2179 ί
2056 2141 2299 2195 Etiamsi.

1993 2222 2016 2259 ε
2055 2210 2212 2264 Mors.

2001 2285 2297 2347 Quicunque
2344 2289 2485 2350 optat
2533 2290 2667 2333 tutus
2709 2280 2873 2331 locare
2915 2278 3123 2350 (fontum
3165 2286 3492 2350 perpetuam,

1918 2355 2103 2423 quique
2130 2352 2296 2405 studet
2332 2348 2589 2412 cunstans,
2620 2360 2667 2404 et
2696 2366 2797 2403 non
2827 2348 3000 2419 disjici
3027 2348 3322 2416 ﬂaminibus
3361 2357 3491 2400 stre-

1762 2520 1771 2551 ι
1798 2503 2025 2559 NOTAE.

222 2596 484 2649 habueris
521 2602 574 2647 et
614 2605 884 2648 noztonem
924 2600 979 2645 et
1013 2600 1352 2660 potestatem,
1384 2602 1441 2646 ut
1468 2593 1556 2645 illa
1588 2596 1807 2649 notione

220 2668 421 2718 ductus
450 2665 547 2717 hac
569 2672 829 2731 potestate
851 2678 1118 2731 nunquam
1140 2664 1377 2717 abutaris
1402 2678 1416 2714 :
1441 2680 1643 2730 compos
1663 2664 1806 2717 enim

220 2746 277 2790 et
299 2737 476 2799 impos
498 2734 743 2787 dicuntur
769 2747 799 2783 a
832 2734 961 2799 potis
984 2748 1004 2786 :
1028 2734 1166 2786 unde
1196 2733 1421 2786 dicimus
1449 2743 1725 2796 compotem
1756 2743 1811 2787 et

220 2807 477 2872 impotem
498 2819 517 2855 :
540 2803 675 2857 sicut
709 2804 1055 2857 ratiocinatur
1087 2803 1253 2855 Varro
1278 2823 1292 2856 ι
1317 2805 1446 2869 potis
1472 2814 1647 2857 autem
1681 2804 1814 2857 dici-

222 2886 313 2928 tur
346 2877 432 2928 vel
461 2888 490 2925 a
525 2884 671 2940 pateo
698 2877 836 2937 quod
886 2882 1058 2939 pateat
1088 2872 1163 2925 illi
1196 2872 1449 2941 quidquid
1485 2875 1635 2935 velit,
1668 2876 1749 2927 vel
1780 2890 1809 2926 a

224 2944 428 2998 Dorica
459 2943 833 3012 praepositione
858 2946 995 3004 ποτὶ,
1029 2944 1196 3007 iuxta,
1228 2942 1368 3009 quod
1390 2959 1505 3011 qua:
1531 2942 1677 3012 juxta
1712 2960 1813 2999 nos

222 3022 381 3078 sunt,
410 3015 463 3066 in
495 3024 671 3065 nostra
699 3022 983 3066 censentur
1006 3022 1287 3080 potestate,
1310 3025 1367 3065 ut
1393 3016 1558 3079 placet
1593 3013 1810 3068 Vossio:

224 3100 381 3149 nam,
407 3083 579 3151 inquit
601 3084 815 3138 Servius
840 3084 905 3135 ad
933 3084 1034 3136 ecl.
1059 3083 1093 3137 9
1128 3082 1293 3147 Virg.,
1320 3084 1582 3147 Quomodo
1605 3084 1813 3137 victores

224 3156 457 3232 dicimus
501 3154 600 3205 eoi
648 3162 919 3232 compotes,
958 3154 1045 3220 qui
1079 3153 1227 3232 quod
1265 3156 1437 3232 volunt
1484 3153 1711 3220 faciunt;
1740 3156 1812 3207 sic

1909 2596 1975 2649 de
2007 2597 2190 2662 priori.
2246 2595 2336 2649 sed
2390 2604 2591 2649 tantmn
2625 2594 2692 2653 do
2737 2595 3014 2661 posteriori
3055 2610 3263 2647 sumina
3334 2598 3492 2658 tono,

1912 2668 2108 2734 quippe
2137 2668 2279 2733 quod
2323 2668 2515 2719 dicitur
2541 2674 2737 2717 natum
2767 2666 2960 2717 ratione
2985 2666 3228 2734 degentis,
3267 2666 3363 2717 hm:
3418 2680 3497 2723 est

1915 2736 2107 2789 mentis
2139 2736 2381 2788 humana:
2408 2736 2613 2788 modus.

2018 2808 2039 2837 ⁸
2070 2807 2131 2858 Si
2172 2808 2448 2866 beatitudo,
2476 2808 2606 2875 etc.]

1916 2884 2090 2942 potest
2124 2876 2201 2929 sic
2252 2875 2495 2943 proponi.
2546 2874 2696 2938 Quod
2749 2876 2947 2927 bonum
2986 2876 3118 2941 eripi
3167 2874 3497 2943 potest,‘boc

1910 2957 2012 3007 est,
2037 2946 2200 3000 invito
2229 2962 2293 2999 eo
2318 2946 2465 3012 cujus
2489 2945 2798 3007 est,amitti.
2826 2944 2951 2997 illud
2983 2957 3086 2996 non
3112 2959 3194 2998 est
3224 2962 3494 3002 summum

1917 3016 2139 3080 bonum;
2176 3032 2240 3069 ne
2279 3018 2488 3084 quidem
2534 3016 2585 3068 in
2617 3029 2809 3075 genere
2851 3012 3030 3067 modi:
3061 3016 3493 3084 quandoquidem

1918 3085 1969 3139 iu
2004 3090 2103 3139 hoc
2133 3088 2247 3154 ipso
2282 3083 2477 3153 genere
2514 3086 2705 3138 melius
2754 3094 2837 3138 est
2878 3083 3008 3137 illud
3052 3087 3193 3153 quod
3227 3083 3358 3153 eripi
3393 3104 3498 3143 non

1926 3164 2120 3225 potest.
2169 3158 2328 3224 Atqui
2375 3170 2534 3209 omne
2584 3156 2810 3209 fortuna:
2859 3156 3052 3225 bonum
3106 3156 3238 3225 eripi
3285 3168 3498 3224 potest:

2653 2805 2886 2876 Primum
2935 2816 3326 2871 argumentum,
3355 2812 3496 2876 quod

224 3226 388 3277 victas
428 3239 456 3275 e
491 3218 767 3275 contrario
794 3218 1031 3276 vocamus
1072 3218 1305 3289 impotes,
1342 3224 1429 3293 qui
1465 3218 1566 3276 non
1610 3236 1819 3291 possunt
1849 3218 1892 3278 C
1926 3218 2207 3294 propterea
2255 3218 2395 3278 enim
2446 3227 2652 3278 fortuna
2696 3224 2959 3277 instabilis
3001 3235 3103 3277 est.
3145 3218 3340 3279 Contra
3375 3244 3501 3281 vero

223 3293 779 3364 facerequodvotunt,

327 3364 351 3395 ⁸
386 3362 727 3431 Possidebis.]
760 3362 815 3416 ιη
850 3371 934 3415 tua
965 3370 1225 3429 potestate
1248 3363 1370 3416 erit.

326 3435 352 3464 ³
390 3432 543 3497 Quod
586 3448 675 3484 nec
718 3430 772 3485 tu
801 3434 1031 3485 amittere
1067 3449 1291 3500 unquam
1324 3430 1487 3503 velim]
1535 3435 1820 3490 Crescente

220 3504 380 3559 enim
437 3512 542 3555 tua:
596 3506 788 3556 mentis
835 3504 1075 3571 adeoque
1127 3514 1230 3556 tute
1291 3502 1514 3569 originis
1562 3506 1816 3569 notione,

221 3582 451 3629 crescet
479 3581 534 3625 et
574 3582 694 3625 tuus
726 3577 773 3625 in
808 3582 947 3625 tuam
996 3581 1226 3626 mentem
1270 3582 1520 3640 tuamque
1557 3576 1817 3642 originem

222 3659 389 3697 amor
415 3659 432 3694 :
459 3657 579 3695 cum
627 3645 893 3696 exteriora
938 3642 1074 3695 bona
1122 3652 1268 3697 tanto
1314 3645 1489 3699 minus
1529 3656 1776 3699 amentur
1804 3687 1816 3709 ,

220 3723 441 3784 quanto
475 3712 643 3778 magis
670 3722 1086 3784 cognoscuntur.

324 3786 351 3815 ³
387 3782 501 3835 Nec
520 3784 725 3852 fortuna
742 3783 894 3851 possit
916 3779 1163 3852 auferre.]
1186 3782 1333 3836 Mens
1352 3781 1493 3836 enim
1518 3792 1604 3837 tua
1628 3794 1820 3851 tuaque

220 3854 469 3934 proinde
516 3853 765 3934 cogitatio
795 3855 863 3905 ita
904 3862 1040 3934 sunt
1076 3855 1147 3934 tui
1184 3852 1339 3934 juris,
1369 3852 1599 3934 nibilgut
1647 3856 1820 3908 ineas

218 3922 551 3979 inconstans
570 3922 774 3974 fortuna
801 3924 982 3987 possit.
1007 3923 1413 3991 Potestquidem
1434 3922 1641 3976 fortuna
1661 3940 1816 3991 quam

217 3995 399 4062 jactat
425 4008 577 4047 suam
603 3994 904 4046 felicitatem
931 3992 1023 4045 tibi
1051 3994 1337 4059 optandam
1363 4007 1659 4059 pr0ponere
1685 4011 1699 4047 :
1724 3994 1816 4048 sed

220 4064 611 4130 persuadendo
634 4072 685 4115 te
709 4063 891 4116 fallere
916 4077 1019 4115 non
1055 4071 1229 4130 potest
1251 4063 1350 4115 nisi
1381 4064 1645 4117 volentem
1674 4082 1684 4115 :
1714 4080 1816 4117 non

216 4136 382 4201 prius
411 4143 591 4186 autem
623 4134 671 4185 id
703 4132 955 4195 volueris,
986 4146 1143 4199 quam
1176 4133 1454 4185 immemor
1482 4142 1584 4187 tuae
1625 4135 1819 4187 mentis

217 4204 465 4271 ejusque
504 4202 745 4269 originis,
777 4204 956 4271 specie
996 4204 1314 4256 caducorum
1355 4205 1616 4257 bonorum
1658 4205 1817 4258 veluti

215 4275 448 4328 obcama
482 4287 541 4324 us
571 4273 753 4328 fueris.

318 4344 344 4374 ⁸
385 4345 555 4410 Atque
600 4352 654 4394 ut
698 4358 977 4412 agnoscas,
1007 4340 1137 4412 etc.]
1197 4341 1538 4409 Philosophia
1582 4343 1816 4410 tandem,

218 4415 511 4479 proposita
542 4420 721 4466 tuente
764 4414 989 4465 humana
1022 4412 1279 4480 bonisque
1310 4414 1565 4477 externis,
1598 4414 1820 4481 quibus-

212 4484 353 4536 dam
404 4487 735 4549 argumentis
780 4483 967 4550 probat
1005 4498 1181 4534 veram
1214 4482 1518 4535 felicitatem
1546 4484 1597 4536 in
1640 4491 1817 4537 mente

1923 3296 2121 3351 bonum
2151 3298 2341 3349 mentis
2364 3296 2658 3367 cujusmodi
2688 3304 2768 3347 est
2794 3296 2979 3359 virtus,
3008 3310 3110 3347 non
3144 3306 3313 3365 potest
3338 3301 3498 3367 eripi,

1923 3370 2024 3420 hoc
2058 3376 2159 3432 est,
2190 3369 2354 3419 invito
2383 3381 2447 3418 eo
2476 3366 2627 3432 cujus
2657 3374 2758 3429 est,
2791 3368 2979 3417 amitti.

2017 3438 2037 3467 °
2066 3438 2143 3488 Ad
2173 3434 2323 3506 Iura]
2366 3436 2668 3506 Secundum
2716 3446 3106 3506 argumentum,
3146 3436 3285 3506 quod
3330 3448 3502 3501 pottst

1920 3507 1997 3561 sic
2030 3508 2250 3561 institui.
2285 3504 2613 3574 Quicunque,
2643 3505 2851 3558 fortuna
2882 3504 3062 3571 dante,
3085 3505 3216 3574 l'elix
3250 3507 3497 3572 habetur,

1922 3578 2007 3631 hic
2033 3579 2112 3629 νιιι
2142 3582 2241 3631 scit
2270 3578 2349 3631 vel
2379 3573 2568 3643 nescit,
2604 3591 2661 3629 se
2692 3575 2875 3636 invito,
2909 3574 3044 3628 hanc
3075 3573 3300 3629 fortunm
3331 3577 3501 3632 felici-

1924 3657 2084 3701 tatem
2114 3662 2235 3701 esse
2278 3647 2616 3709 mutabilem;
2647 3647 2739 3699 sed
2786 3646 2975 3715 quovis
3013 3646 3170 3715 modo
3197 3662 3253 3699 se
3286 3647 3499 3710 habeat.

1921 3733 2103 3771 revera
2134 3718 2259 3770 felix
2297 3731 2399 3769 non
2442 3718 2542 3769 erit
2567 3733 2580 3768 :
2605 3716 2648 3768 si
2695 3714 2837 3768 enim
2886 3716 3072 3779 nescit,
3111 3714 3246 3769 hanc
3278 3716 3501 3771 fortuna:

1923 3788 2225 3842 felicitatem
2278 3788 2355 3839 sic
2398 3801 2518 3839 esse
2573 3786 2905 3847 mutabilem,
2960 3784 3043 3837 hic
3093 3788 3391 3840 versabitur
3446 3790 3498 3841 in

1922 3858 2223 3927 ignorantia:
2248 3856 2491 3920 siccitate,
2522 3870 2620 3923 qua
2654 3865 2827 3927 stante
2868 3854 3027 3927 nulla
3052 3855 3195 3927 beata
3231 3872 3339 3927 sors
3378 3872 3500 3911 esse

1926 3923 2117 3995 potest.
2162 3930 2229 3980 At
2254 3927 2296 3979 si
2328 3929 2460 3989 scit,
2496 3927 2647 3995 hanc
2676 3924 2897 3977 fortuna:
2945 3923 3243 3995 felicitatem
3273 3926 3349 3979 sic
3379 3941 3499 3981 esse

1924 3993 2255 4060 mutabilem,
2289 3996 2425 4049 idem
2462 3998 2595 4048 banc
2628 3993 2931 4048 felicitatem
2972 4004 3057 4046 aut
3091 3994 3295 4047 timebit
3336 3998 3493 4049 amit-

1925 4068 2159 4129 tendam,
2190 4076 2282 4119 aut
2329 4065 2557 4129 dolebit,
2590 4074 2679 4117 aut
2719 4065 2903 4117 saltem
2956 4063 3183 4131 negligt-t
3221 4066 3494 4129 amissam,

1922 4138 2011 4190 sed
2046 4146 2101 4190 ut
2132 4138 2309 4198 timor,
2342 4136 2419 4190 sic
2459 4136 2612 4188 dolor
2653 4150 2757 4187 non
2802 4134 2928 4187 sinit
2970 4148 3089 4186 esse
3134 4133 3362 4198 felicem,
3397 4151 3495 4189 nec

1921 4209 2094 4272 magni
2120 4205 2588 4272 laciendum,quod
2609 4220 2753 4271 (equo
2784 4205 2956 4257 animo
2990 4208 3183 4273 feratur
3224 4208 3491 4259 amissum.

2017 4279 2036 4308 "
2070 4275 2135 4329 Et
2184 4278 2444 4343 quoniam,
2474 4273 2602 4345 etc.]
2652 4276 2903 4345 Tertium
2939 4282 3305 4341 argumentum
3353 4286 3494 4341 quott

1920 4347 2000 4402 sic
2030 4349 2233 4414 disponi
2270 4354 2460 4414 potest.
2511 4343 2850 4413 Quieconque
2884 4343 3108 4397 felicitas
3140 4357 3311 4398 morte
3356 4346 3492 4399 liuiri

1922 4427 2117 4486 potest,
2149 4418 2259 4470 huic
2291 4432 2394 4469 non
2426 4416 2524 4469 nisi
2577 4417 2791 4468 nomine
2835 4426 2987 4467 tenus
3031 4414 3255 4467 felicitas
3285 4426 3367 4469 est
3389 4432 3403 4473 ;
3427 4418 3496 4469 si-

1920 4489 2129 4555 quidem
2180 4487 2403 4540 felicitas
2449 4501 2594 4549 vera,
2624 4501 2727 4539 nou
2758 4499 2913 4537 secus
2952 4498 3013 4535 ac
3059 4486 3170 4552 ipsa
3202 4499 3351 4555 meus
3396 4487 3495 4539 bu-

214 4556 410 4619 potius
457 4566 615 4619 quam
660 4552 713 4605 iu
756 4553 965 4631 caneris
996 4552 1149 4603 bonis
1188 4553 1570 4633 versariuma:
1600 4552 1811 4633 quidem
1840 4573 1891 4633 ι)
1923 4552 2112 4620 mana,
2162 4558 2470 4633 cujus__est,
2524 4569 2787 4623 quamque
2835 4564 2890 4606 ut
2943 4556 3023 4633 ius
3046 4562 3151 4604 tum
3194 4554 3272 4633 sic
3316 4556 3492 4633 multis

216 4631 548 4691 argumenta
591 4631 647 4675 ut
690 4623 1063 4690 percipiantur.
1098 4624 1383 4675 notandum
1413 4624 1549 4689 apud
1580 4624 1813 4689 philoso-

217 4694 368 4757 phos
400 4693 637 4745 morales
676 4708 936 4744 summum
961 4692 1155 4745 bonum
1184 4691 1408 4755 duplicis
1434 4706 1553 4746 esse
1571 4693 1804 4759 geueris:

212 4764 373 4815 aliud
415 4761 634 4828 quidem
676 4760 728 4814 in
764 4776 959 4831 genere
999 4761 1074 4814 rei
1108 4761 1285 4815 :aliud
1330 4763 1379 4813 iu
1419 4778 1612 4829 genere
1647 4763 1809 4815 modi.

219 4833 389 4886 Prius
437 4840 523 4883 est
560 4846 643 4883 res
680 4847 889 4885 sumine
937 4832 1166 4898 perfecta
1195 4848 1207 4884 :
1234 4831 1375 4884 unde
1405 4833 1535 4884 nihil
1564 4841 1645 4886 est
1670 4832 1812 4885 aliud

223 4917 387 4970 quam
420 4901 563 4954 Deus
588 4919 598 4951 :
624 4916 787 4968 quare
827 4901 1081 4969 propheta
1115 4918 1204 4953 rex
1235 4902 1367 4966 psal.
1393 4917 1549 4955 cum
1581 4904 1814 4970 descrip-

226 4978 373 5025 tione
413 4971 551 5022 facta
597 4981 893 5039 potentum.
924 4986 1151 5038 quorum
1192 4972 1306 5033 lilii,
1340 4972 1528 5038 inquit,
1559 4976 1687 5023 sicut
1718 4988 1812 5024 no-

226 5042 371 5094 tefla:
418 5040 763 5108 plantationes
801 5042 855 5093 in
884 5043 1145 5111 juventute
1188 5056 1311 5101 sua,
1340 5042 1463 5107 lilia:
1498 5044 1806 5108 compositae,

216 5115 625 5167 :ircumornatte
668 5114 795 5163 sicut
852 5112 1133 5163 similitudo
1196 5113 1419 5177 templi:
1463 5114 1809 5180 promptuaria

208 5184 378 5249 plena
396 5182 681 5233 eructantia
704 5198 767 5235 ea:
787 5180 881 5233 hoc
902 5182 953 5232 in
976 5180 1140 5243 illud;
1168 5196 1282 5234 oves
1304 5182 1475 5250 fetoste
1494 5182 1809 5235 abundantes

205 5258 263 5303 in
294 5251 591 5319 egressibus
615 5253 758 5315 suis;
780 5250 923 5303 boves
948 5267 1163 5315 crasste;
1194 5253 1246 5303 in
1268 5267 1481 5317 quorum
1504 5252 1683 5320 plateis
1705 5267 1807 5303 non

211 5331 285 5377 est
316 5323 482 5373 ruina
512 5324 765 5385 maceriis,
788 5335 945 5384 neque
967 5323 1210 5374 transitus
1240 5336 1401 5389 neque
1421 5323 1643 5385 clamor;
1675 5335 1808 5387 quos

214 5391 462 5457 ienique
491 5390 658 5461 beatos
698 5393 955 5456 dixerunt,
986 5392 1166 5444 addit:
1192 5390 1376 5443 Beatus
1412 5395 1627 5457 populus
1656 5393 1807 5461 cujus

212 5460 639 5531 Dominusbcus
667 5464 797 5531 ejus.
826 5461 1097 5515 Posterius
1124 5476 1269 5525 vero,
1301 5461 1442 5528 quod
1468 5462 1623 5514 aliter
1651 5460 1809 5514 voca-

206 5540 301 5584 tur
352 5530 576 5599 frtilitas
613 5530 727 5588 sive
771 5532 1043 5596 beatitudo,
1073 5532 1227 5584 nobis
1253 5531 1459 5584 videtur
1486 5546 1643 5598 posse
1674 5531 1807 5583 deli-

202 5604 319 5654 niri
378 5603 629 5667 cogitatio
674 5602 868 5658 mentis
933 5600 1041 5653 Deo
1089 5610 1395 5654 constanter
1447 5601 1803 5653 adhaerentis:

201 5671 366 5739 quod
404 5670 527 5722 huic
553 5673 726 5723 solum
756 5670 1060 5737 cogitationi
1099 5672 1385 5724 convenire
1432 5674 1617 5738 possit,
1648 5672 1805 5737 quid-

202 5743 344 5807 quid
387 5740 613 5799 naturali
639 5741 838 5793 lumine
862 5741 1197 5807 cognoscitur
1223 5743 1507 5794 convenire
1530 5740 1800 5793 felicitati:

201 5812 360 5866 sicut
398 5810 565 5865 fusius
601 5810 725 5873 alibi
766 5809 1123 5879 probavimus.
1164 5810 1263 5865 Hic
1292 5820 1471 5865 autem
1497 5825 1605 5865 non
1634 5810 1807 5878 agitur

1916 4627 2423 4681 demonstrationibus
2453 4641 2748 4696 persuasum
2763 4634 2839 4696 est
2873 4632 2977 4675 es'se
3007 4625 3363 4696 immortalem,
3395 4626 3493 4679 im-

1915 4700 2157 4751 mortalis
2186 4712 2303 4751 esse
2333 4692 2511 4750 debet.
2561 4696 2714 4763 Atqui
2750 4695 2972 4748 felicitas
3004 4692 3248 4758 fortunas,
3282 4706 3339 4747 ιιι
3369 4710 3492 4763 pom

1914 4768 2314 4839 quzecorporis
2360 4774 2463 4839 est,
2506 4777 2675 4839 morte
2717 4766 2854 4818 liniri
2900 4766 3266 4839 potestzunde
3310 4768 3491 4839 plures

1914 4838 2135 4891 alterius
2167 4835 2491 4890 beatitudinis
2520 4836 2760 4905 fructum,
2790 4851 2890 4887 non
2922 4844 3079 4885 morte
3100 4835 3288 4897 solum,
3319 4835 3490 4888 verum

1914 4910 2065 4960 etiam
2111 4907 2371 4960 doloribus
2420 4906 2787 4975 suppliciisque
2845 4905 3179 4975 quaesierunt;
3230 4906 3387 4971 idque
3426 4922 3491 4959 eo

1918 4979 2093 5045 potius
2136 4978 2275 5045 quod
2326 4979 2427 5030 vita
2477 4973 2589 5029 [nec
2633 4976 3117 5045 temerecretlatnr
3158 4973 3489 5029 felicntas:si

1916 5044 2057 5101 enim
2109 5051 2212 5100 vita
2258 5046 2371 5101 haec
2418 5046 2637 5103 felicitas
2667 5060 2792 5099 vera
2840 5044 3015 5098 fuerit.
3046 5060 3265 5099 necesse
3304 5056 3407 5108 est,
3436 5056 3493 5098 ut

1916 5131 2084 5242 anrs,
2108 5132 2227 5184 qua:
2250 5127 2332 5171 est
2355 5116 2512 5185 hujus
2532 5116 2703 5171 felicis
2722 5117 2841 5170 vita:
2864 5115 3108 5185 privatio,
3129 5130 3250 5169 vera
3275 5117 3487 5169 miseria

1954 5202 1983 5240 a
2023 5196 2172 5241 eatur

1954 5196 2172 5241 abeatur

1985 5298 2016 5332 "
2037 5296 2263 5352 Carmen
2303 5304 2557 5350 constans
2585 5294 2779 5363 duplici
2810 5311 3005 5364 genere
3037 5308 3285 5348 versuum
3325 5297 3485 5346 altat»

1917 5382 2130 5432 norum,
2162 5381 2387 5433 quorum
2422 5366 2564 5433 prior
2597 5368 2961 5418 Anacreontius
2983 5376 3101 5431 post
3124 5368 3351 5430 primum
3387 5379 3481 5433 pes»

1913 5437 2058 5501 dem,
2098 5429 2192 5504 qui
2220 5446 2393 5503 potest
2422 5429 2540 5489 esse
2572 5438 2653 5489 vel
2699 5436 2924 5497 iambus,
2960 5429 3040 5485 vel
3079 5429 3368 5504 spandeus,
3393 5429 3485 5491 vo}.

1910 5510 2069 5560 etiam
2099 5515 2417 5573 anaptestus,
2450 5505 2584 5559 duos
2617 5507 2821 5558 iambos
2846 5505 3001 5556 habet
3031 5518 3148 5554 cum
3174 5503 3373 5571 syllaba
3395 5516 3489 5557 διιπ

1911 5576 2170 5645 perstite;
2216 5577 2480 5642 posterior
2531 5574 2888 5627 Plterecratius
2925 5573 3245 5639 Spondeum,
3294 5574 3477 5641 dactyc

1909 5650 2042 5710 lum,
2075 5657 2129 5700 et
2154 5646 2447 5714 spondeum
2483 5663 2494 5696 :
2527 5645 2789 5709 excipitur
2815 5653 2989 5694 tamen
3019 5654 3207 5695 versus
3237 5656 3477 5711 octavus,

1913 5718 2064 5786 cujus
2097 5719 2297 5783 primus
2328 5730 2420 5783 pes
2449 5724 2531 5768 est
2559 5722 2879 5780 anapaestus.

1980 5809 2033 5862 1.
2063 5806 2344 5862 Perennem
2367 5802 2580 5873 sedem.]
2615 5804 2832 5859 Domum
2867 5817 2955 5871 per
2995 5819 3156 5858 annos
3186 5804 3356 5876 plures
3382 5807 3481 5860 diu
