3984 6382
459 353 566 414 687

674 468 873 524 Cautus
901 479 1101 536 ponere
1120 464 1332 528 sedem,

614 562 769 631 128
794 558 1136 627 Stabilisque,
1166 570 1264 610 nec
1290 554 1470 609 sonori

674 651 852 707 Sterni
880 648 1093 703 ﬂatibus
1119 647 1259 711 euri,

501 746 537 803 ὃ
609 745 671 799 Et
699 743 945 798 ﬂuctibus
974 741 1264 795 minantem

676 836 841 890 Curat
865 846 1122 903 spernere
1151 839 1369 901 pontum
1394 847 1408 894 ;

606 930 799 984 Montis
826 941 1083 982 cacumen
1111 924 1231 987 alti,

677 1020 889 1074 Bibulas
911 1019 1041 1072 vitet
1062 1031 1272 1071 arenas.

607 1111 738 1167 Illud
772 1120 1055 1179 protervus
1083 1118 1263 1161 auster

1662 345 1773 401 AN.
1816 341 2023 399 MANL.
2063 340 2217 399 δεῖν.
2259 338 2484 396 ΒΟΕἸῚΙ

2065 456 2211 519 AlO

3618 328 3813 413 688‘

2354 452 2502 508 Totis
2526 450 2725 507 viribus
2751 457 2939 518 urget;

2293 545 2459 616 .129
2487 543 2579 598 lla:
2610 541 2895 610 pendulum
2927 540 3115 594 solntte

2365 627 2580 689 Pnndus
2608 633 2750 687 ferre
2778 643 3048 687 recusant.

2278 726 2523 796 Fugiens
2546 724 2901 794 periculosam

2364 821 2577 876 Sortem
2607 816 2751 873 sedis
2773 830 3023 878 amoenae,

2153 915 2222 967 15
2295 911 2492 967 llumili
2521 910 2737 965 domum
2769 915 3037 962 memento

2364 1004 2555 1059 Certus
2579 1001 2739 1070 ligere
2761 1013 2914 1053 saxo.

2275 1095 2542 1162 .Quatuvis
2569 1100 2718 1147 tonet
2747 1090 2918 1145 ruinis

1831 1248 2403 1308 INTERPRETATIO.

467 1378 630 1456 penus
649 1369 853 1456 euriret
882 1382 1269 1456 tentnere_ntare
1288 1372 1563 1456 exundans
1580 1369 1743 1451 veluti
1773 1369 2033 1421 intentans

467 1441 667 1510 ruinam
692 1441 801 1507 suis
831 1450 1053 1511 testibus,
1088 1449 1175 1502 ille
1206 1446 1401 1514 pariter
1429 1444 1589 1513 fugiat
1620 1441 1853 1493 verticem
1887 1453 2036 1514 mon-

469 1528 534 1581 tis
554 1524 695 1589 elati,
724 1532 780 1577 et
808 1537 988 1574 arenas
1015 1511 1231 1571 bibacesi.
1265 1511 1445 1589 Auster
1470 1511 1777 1581 iinpctuasus
1797 1511 1933 1589 omni
1955 1522 2041 1559 ca-

470 1580 595 1651 natu
614 1580 759 1650 uerat
788 1591 937 1645 illum
980 1590 1235 1645 verticem
1262 1603 1274 1641 :
1300 1586 1380 1640 hie
1400 1599 1528 1640 vero
1559 1599 1736 1637 arena:
1773 1580 2045 1649 disjuncta:

2143 1370 2367 1416 renuunt
2406 1366 2611 1427 portare
2653 1371 2782 1427 onus
2827 1368 3149 1427 suspensum.
3180 1351 3271 1410 Sic
3310 1359 3367 1409 tu
3396 1353 3565 1407 vitans
3585 1369 3728 1427 eaea-

2149 1444 2252 1486 tum
2279 1425 2521 1483 incertum
2557 1426 2889 1490 conditionis,
2918 1432 2979 1479 ut
3006 1425 3236 1489 videtur,
3294 1433 3488 1495 gratae,
3507 1425 3729 1494 recOgita

2150 1502 2346 1557 stabilis
2380 1498 2603 1567 fundare
2645 1498 2806 1551 eadem
2836 1506 2979 1563 petra
3017 1495 3279 1567 depressa.
3298 1493 3589 1567 ‘Tu_m_licet
3617 1493 3731 1567 uen-

2155 1583 2233 1627 tus
2266 1564 2455 1638 rebaet,
2492 1568 2699 1623 turbans
2725 1568 2891 1621 maria
2914 1566 3226 1637 naufragiis,
3254 1574 3309 1618 tu
3339 1564 3546 1618 abditus
3566 1564 3732 1617 murti-

2024 1710 2255 1767 NOTAE.

471 1880 697 1924 raturam
722 1885 740 1922 :
769 1869 909 1921 sedes
938 1868 1078 1922 enim
1109 1866 1246 1932 apud
1279 1863 1495 1916 Latinos
1517 1869 1782 1920 auctores,
1813 1870 2040 1932 przeser-
2067 1855 2117 1915 Β
2145 1844 2601 1932 quodlibet'aliud
2632 1856 2827 1932 corpus
2854 1842 2995 1932 quod
3022 1854 3181 1923 aquae
3214 1838 3576 1923 subeuntium-
3606 1847 3729 1906 pote

475 1941 567 1993 tim
600 1950 803 2011 poetas,
840 1938 1103 2006 significat
1138 1927 1391 2011 domuan
1424 1944 1789 2011 perenneyero
1817 1944 1847 1980 a
1877 1927 2042 1995 pluri-

472 2012 574 2066 bus
600 2002 793 2071 'annis,
826 2002 920 2077 per
958 2022 1092 2076 quos
1119 2006 1294 2064 durat,
1324 2004 1534 2077 dicitur
1566 2018 1580 2053 :
1614 2002 1736 2077 Ιιίρο
1767 2012 2044 2076 perennare

474 2081 613 2135 idem
645 2067 791 2151 quod.
814 2067 899 2132 diu
936 2067 1295 2151 perseverare:
1323 2075 1445 2126 hinc
1485 2075 1634 2126 Anna
1671 2071 1931 2127 Perenna,
1958 2067 2042 2118 cui

475 2149 685 2206 veteres
704 2160 824 2204 vota
850 2149 1131 2209 iaciebant,
1166 2156 1220 2198 ut
1243 2158 1443 2197 annare
1476 2154 1879 2209 perennarcqne
1899 2152 2047 2192 com-

477 2221 636 2276 mode
664 2222 869 2279 liceret,
901 2228 1117 2271 auctore
1146 2216 1334 2270 Ovidio
1363 2229 1415 2267 ιιι
1448 2212 1592 2265 Fast.

546 2292 601 2347 2.
635 2289 873 2347 Cautus.]
906 2287 1232 2341 Tutus:nam
1262 2294 1440 2337 cautus
1468 2299 1495 2335 a
1528 2294 1923 2334 cavere:cavere
1946 2292 2046 2330 au-

479 2373 583 2416 tem
604 2361 805 2431 judicio
837 2349 1090 2431 Varronis
1112 2372 1155 2409 a'
1175 2372 1329 2431 cavo;
1374 2353 1515 2422 quod
1540 2349 2048 2431 Apris_ci'illi,rinquit

483 2422 777 2497 l’onlanus,
818 2432 903 2499 qui
929 2428 1132 2499 Latium
1173 2429 1321 2499 etiam
1365 2434 1480 2477 ante
1518 2422 2048 2499 Aborigines_tenuere

481 2503 706 2571 plerique
742 2491 799 2554 in
830 2491 1070 2553 'cavernis
1111 2497 1423 2556 habitabant,
1448 2509 1618 2571 quaen
1638 2491 1865 2571 cavanda
1888 2500 2048 2542 essent

476 2561 658 2639 dictae;
698 2573 758 2625 iis
785 2582 953 2624 autem
980 2577 1025 2621 et
1046 2580 1198 2621 cestus
1220 2568 1453 2620 cauebant
1488 2573 1535 2618 et
1565 2565 1778 2634 frigora,
1811 2561 2051 2639 pleraque

476 2647 627 2698 etiam
640 2632 759 2696 'alia
782 2642 1127 2701 incommoda,
1160 2642 1211 2691 in
1239 2639 1437 2701 illisque
1467 2652 1520 2689 se
1550 2632 1595 2687 et
1620 2632 1713 2687 sua
1743 2632 1939 2685 cautius
1971 2642 2051 2683 tu-

476 2714 754 2769 tabantur:
784 2712 907 2765 hinc
935 2726 1127 2770 cavere,
1165 2709 1356 2765 cautio.
1400 2717 1573 2759 cantor
1601 2720 1629 2757 a
1659 2701 2051 2773 iurisconsultis

477 2786 723 2839 dicuntur
750 2783 818 2837 de
848 2784 933 2844 iis,
973 2781 1167 2849 quibus
1193 2780 1393 2832 divitia!
1424 2787 1551 2829 tuta:
1583 2776 1713 2849 fiunt
1742 2783 1795 2827 et
1820 2786 2051 2849 secura}.

478 2854 737 2921 Quoniam
758 2868 894 2907 vero
919 2842 1007 2904 ivir
1030 2853 1283 2916 prudens,
1310 2846 1722 2921 cogitationibus
1752 2845 1863 2896 suis
1890 2842 2053 2896 veluti

480 2919 834 2993 prospiciens,
865 2937 923 2976 se
962 2936 1163 2988 suaque
1185 2929 1383 2993 tuetur,
1416 2919 1617 2972 idcirco
1647 2924 1848 2981 cautus,
1879 2922 2055 2967 catus-

478 3014 573 3067 que
602 2991 776 3050 vocari
806 2994 961 3049 solet.
995 2993 1179 3047 Horat.
1205 2991 1271 3045 de
1297 2993 1423 3044 Arte
1448 3009 1461 3042 :

602 3148 802 3197 visuros
823 3152 1021 3207 peccata
1044 3152 1362 3207 putemgmea,
1385 3082 1758 3207 tiﬁgsoglnepsstra

603 3210 753 3273 Spem
773 3201 930 3258 veniae
952 3201 1153 3257 cautus?
1191 3205 1343 3254 Vitari
1369 3202 1584 3265 denique
1604 3201 1813 3264 culpam.

486 3314 554 3371 Et
582 3315 675 3369 lib.
712 3329 728 3367 ι
760 3327 951 3372 carm.,
985 3310 1073 3364 od.
1112 3310 1219 3363 10:

670 3402 882 3451 Mercuri
912 3400 1117 3449 facunde
1144 3411 1297 3459 nepos
1318 3398 1542 3453 Atlantis,

662 3464 768 3522 Qui
791 3463 923 3511 feros
946 3462 1101 3510 cultus
1124 3462 1369 3508 hominum
1397 3466 1653 3507 recentum

668 3525 805 3574 Voce
829 3523 1042 3571 formasti
1067 3530 1221 3581 catus,
1250 3531 1301 3569 et
1323 3523 1516 3570 decorae

920 3585 1053 3633 More
1075 3584 1309 3645 palaestrae

559 3673 613 3727 3.
651 3663 1001 3740 Stabilisque.]
1036 3668 1285 3721 lmmotus
1305 3678 1352 3721 et
1375 3679 1634 3740 constans,
1665 3664 1778 3740 suis
1796 3662 2065 3740 videlicet,

491 3742 729 3797 sedibus.
770 3735 906 3795 Cum
949 3735 1127 3794 autem
1158 3753 1354 3805 corpus
1394 3738 1574 3807 quiete
1613 3735 1782 3789 semel
1812 3735 2067 3807 donatum

491 3822 753 3868 aeternum
785 3812 1049 3880 quiescat,
1090 3804 1269 3864 donec
1310 3809 1378 3861 ab
1413 3804 1523 3879 alio
1564 3806 1756 3880 desua
1785 3804 1970 3880 quiete
1988 3806 2070 3856 di-

491 3875 943 3946 moveaturﬁdeo
980 3881 1188 3934 duobus
1218 3876 1685 3932 duntaxat'modis
1716 3877 1907 3930 domus
1949 3875 2069 3946 tun;

487 3955 615 4009 data
673 3944 848 4024 potest
900 3968 1057 4006 ruere
1088 3967 1112 4024 ⁸ε
1149 3951 1376 4020 primum
1425 3949 1651 4024 quidem
1684 3958 1829 4024 r_no_tu
1881 3944 2068 4024 sensili

491 4016 777 4093 corporum
810 4016 1193 4093 incurrentium
1230 4036 1281 4072 v.
1310 4035 1369 4093 g.‘
1399 4028 1558 4093 vento
1585 4036 1596 4071 :
1622 4017 1816 4093 deinde
1852 4016 2070 4093 proprio

493 4085 753 4165 pan-dere,
786 4093 1069 4165 liuentibus
1096 4085 1403 4165 scilicet—iis
1430 4090 1620 4165 quibus
1650 4089 1840 4165 domus
1870 4088 1962 4138 niti
1992 4085 2072 4138 vi-

493 4158 746 4226 debatur,
782 4162 1139 4216 fundatneutis
1174 4179 1188 4213 :
1217 4161 1349 4214 llinc
1390 4176 1528 4214 nunc
1571 4160 1630 4212 lit
1657 4158 1859 4212 mentio
1888 4164 2069 4226 vento-

494 4250 631 4299 rum,
660 4224 906 4305 [luctuum
938 4232 1272 4298 marinorum,
1302 4232 1584 4285 cacuminis
1621 4229 1827 4290 montis,
1854 4235 1900 4279 et
1927 4224 2072 4279 bibu-

495 4308 663 4359 larum
692 4320 983 4357 arenarum.

567 4375 623 4429 4.
651 4373 889 4429 Flatibus
918 4370 1072 4443 euri.]
1114 4372 1313 4443 Eurus,
1357 4371 1531 4439 inquit
1579 4368 1833 4443 Agellius.
1880 4375 2072 4443 ventus

494 4455 579 4502 est
607 4446 673 4499 ab
700 4447 907 4499 oriente
926 4438 1114 4510 verno,
1137 4442 1189 4495 id
1212 4454 1288 4497 εει
1316 4438 1673 4511 a'quinoctiali
1699 4438 1941 4511 veniens.
1969 4438 2068 4491 La-

494 4517 622 4571 tinis
651 4516 845 4570 dicitur
871 4508 1211 4567 subsolanus.
1244 4513 1340 4567 llic
1363 4508 1467 4565 non
1489 4510 1585 4564 abs
1610 4526 1668 4564 re
1691 4508 1887 4563 dicitur
1914 4525 2063 4561 sana-

495 4603 583 4640 rus
607 4602 627 4641 :
656 4585 797 4655 quod
842 4586 981 4638 enim
1014 4582 1403 4655 vehementiori
1432 4586 1626 4655 impetu
1670 4578 1891 4642 feratur,
1935 4579 2065 4632 soli-

496 4668 608 4711 tum
632 4653 774 4711 aeris
800 4655 867 4709 ab
896 4663 1013 4707 ortu
1054 4653 1120 4705 ad
1151 4668 1397 4707 occasum
1442 4653 1653 4704 liuentis
1677 4665 1890 4704 cursum
1918 4664 2073 4702 secu-

496 4736 926 4851 gts,rpropte2tiil
953 4739 1143 4779 sonum
1175 4725 1441 4793 ingentem
1467 4722 1599 4777 edit.
1630 4718 1783 4776 Unde
1816 4719 2003 4789 Virgil.
2035 4736 2070 4773 ιι

544 4813 609 4851 eo
678 4834 719 4851 ..
784 4835 799 4850 .
962 4810 979 4849 :

544 4812 719 4866 eorg.,
744 4811 799 4850 v.
825 4810 926 4849 au
962 4810 979 4849 :

590 4891 722 4948 Quos
742 4887 938 4936 animosi
965 4888 1070 4935 euri
1094 4884 1287 4935 assidue
1313 4882 1641 4945 franguntque
1662 4881 1941 4943 feruntque.

568 4966 957 5044 6.A|Pontum.}r
990 4969 1199 5044 Pontus_
1233 4966 1528 5044 generatim
1576 4964 1846 5034 quodlibet
1886 4977 2066 5044 _mare,

494 5033 770 5111 speciatim
822 5033 1141 5111 Euiinum;
1168 5033 1311 5111 forte
1357 5037 1495 5106 quia.
1528 5033 1808 5111 utrumque
1850 5033 2065 5111 plenum

498 5103 732 5169 laboris:
763 5112 913 5171 πόνος
934 5111 1075 5165 enim
1106 5109 1247 5163 labor
1274 5103 1444 5177 potuit
1474 5121 1593 5161 esse
1636 5105 1785 5173 origo
1817 5110 1907 5158 τοῦ
1935 5103 2066 5159 πόν-

500 5203 585 5240 seu
611 5200 627 5237 :
649 5182 902 5251 quidquid
927 5182 1017 5235 sit.
1181 5249 1188 5251 Α
1218 5249 1225 5251 _
1253 5244 1272 5251 _
1312 5247 1341 5251 _
1593 5183 1596 5185 Δ

563 5255 619 5309 7.
650 5244 845 5310 Montis
872 5267 1109 5304 cacumen
1139 5244 1273 5317 alti.]
1302 5247 1594 5310 Cacumen,
1624 5253 1805 5317 vertex
1834 5254 1916 5317 est
1945 5259 2067 5298 cum

492 5327 745 5382 arborum
773 5331 884 5377 tum
930 5322 1190 5375 montium
1218 5335 1231 5372 :
1260 5316 1401 5386 quod
1436 5317 1613 5386 plures
1657 5316 1917 5382 ejusmodi
1948 5330 2069 5370 Cur-

493 5410 684 5465 porum
706 5402 883 5465 partes
904 5388 1245 5465 surgendoin
1275 5402 1435 5442 unum
1462 5397 1908 5465 acumencoeant
1936 5402 1949 5438 :
1979 5401 2069 5439 ca-

491 5456 908 5522 cumen'autem
957 5456 1097 5516 nunc
1143 5459 1339 5513 dicitur
1388 5458 1571 5511 mantis
1612 5456 1702 5509 alti
1735 5461 1904 5523 :qnia
1953 5470 2061 5524 quo

498 5552 650 5591 mons
672 5534 831 5590 altior
858 5542 960 5597 est,
992 5548 1058 5586 eo
1087 5529 1352 5600 praedictis
1382 5538 1661 5600 ventorum
1703 5526 1917 5600 ﬂatibus
1950 5541 2063 5600 ma-

491 5607 574 5669 gis
617 5606 929 5669 impellitur,
979 5597 1218 5671 adeoque
1259 5599 1450 5654 domus
1497 5597 1583 5651 hic
1630 5597 1844 5649 fundata
1898 5597 2063 5651 ruinte

496 5677 663 5741 magis
685 5677 817 5728 foret
844 5673 1096 5726 obnoxia.

565 5736 850 5820 8'._Bibulas
877 5738 1236 5820 uitet_arenas.]
1271 5740 1399 5820 Qua:
1424 5736 1652 5820 videlicet
1681 5752 1841 5819 aquas
1866 5736 2064 5820 sorbere

499 5817 688 5885 possint
714 5829 731 5866 :
753 5812 892 5883 quod
931 5814 1072 5867 enim
1107 5814 1189 5866 liis
1219 5808 1407 5865 'areuis
1453 5808 1818 5877 intercipiatur
1863 5822 1955 5862 aer
1982 5808 2062 5863 vel

2149 1909 2401 1987 graviori,
2432 1916 2605 1987 locum
2631 1909 2804 1987 cedat,
2837 1909 3113 1987 propterea
3140 1911 3183 1965 si
3216 1912 3395 1987 arenis
3417 1909 3538 1964 istis
3565 1910 3734 1987 impo-

2152 1981 2348 2043 nantur
2397 1986 2620 2039 tedilicia
2662 1985 2791 2053 ipsis
2835 1985 2986 2053 aquis
3029 1983 3185 2050 longe
3226 1982 3491 2053 graviora,
3542 1981 3733 2034 eadem

2152 2058 2371 2112 a-diticia
2414 2050 2783 2110 fatiscentibus
2829 2050 3190 2107 fundamentis
3230 2050 3411 2106 statim
3453 2058 3730 2105 corruent.

2152 2130 2452 2191 Lucretius,
2483 2127 2521 2180 1.
2548 2141 2606 2192 ιι,
2636 2140 2847 2178 arenam
2866 2123 3003 2178 dixit
3032 2122 3270 2185 bibulam,

2277 2219 2478 2267 Litteris
2499 2217 2684 2265 incurvi
2703 2214 2915 2264 bibulam
2939 2213 3053 2262 lavit
3078 2229 3101 2259 ει
3120 2224 3243 2273 quor
3266 2223 3483 2260 arenam.

2224 2303 2276 2356 υ.
2309 2301 2328 2353 l
2339 2302 2447 2353 llud
2481 2309 2737 2367 protervus
2769 2307 2938 2350 auster
2971 2292 3162 2364 urget.]
3194 2292 3337 2347 Illud
3363 2293 3552 2367 montis
3581 2308 3732 2367 cacuA-A

2152 2389 2268 2425 men
2300 2365 2727 2433 auster'impetit.
2759 2372 2952 2421 Auster
2989 2378 3073 2420 est
3095 2376 3285 2419 ventus
3304 2379 3378 2419 ex
3421 2365 3577 2432 plaga
3617 2365 3735 2419 etnli

2156 2442 2447 2496 meridiana
2475 2441 2628 2492 llans.
2660 2438 2812 2505 Quod
2844 2446 3020 2489 autem
3050 2444 3233 2489 auster
3268 2450 3336 2488 ex
3364 2435 3519 2487 terris
3554 2436 3607 2486 in
3652 2449 3735 2487 su-

2155 2513 2319 2566 blime
2349 2512 2543 2580 saepius
2571 2510 2682 2570 flet,
2714 2507 3161 2580 quemadmodum
3184 2507 3378 2580 boreas
3402 2507 3687 2571 oppositus
3708 2519 3738 2559 e

2155 2576 2517 2635 ctmtrario'ex
2549 2578 2762 2634 sublimi
2789 2580 2840 2631 in
2871 2588 3069 2639 terras;
3097 2576 3293 2629 idcirco
3315 2585 3497 2628 auster
3530 2589 3738 2627 rectum

2158 2654 2282 2717 iter,
2309 2655 2480 2722 quoad
2504 2660 2700 2720 potest,
2724 2649 2974 2722 insistens
3003 2648 3053 2700 in
3071 2659 3308 2699 summos
3335 2647 3595 2699 montium
3626 2660 3741 2698 ver-

2162 2727 2296 2777 tices
2329 2719 2536 2791 saepius
2582 2722 2791 2773 videtur
2831 2719 3103 2771 incurrere
3130 2732 3149 2791 Δε
3176 2726 3231 2769 et
3273 2726 3553 2791 propterea
3601 2729 3742 2768 nunc

2163 2785 2459 2861 appellatur
2505 2801 2765 2859 protervus
2801 2804 2829 2841 a
2874 2787 3355 2861 praterendo,i_quia
3388 2785 3581 2861 altiora
3625 2800 3743 2838 cor-

2166 2857 2425 2989 porgosibi
2461 2857 2670 2932 objecta
2713 2862 2849 2913 solet
2876 2869 3174 2929 proterere.
3208 2857 3412 2912 Seneca
3441 2857 3497 2909 in
3527 2858 3741 2925 Agam.,

2166 2952 2217 2989 v.
2348 2952 2361 2988 :

2164 2952 2217 2989 v.
2255 2936 2361 2990 90:

2596 3020 2815 3069 Nubibus
2840 3021 2957 3079 ipsls

2351 3083 2541 3133 Inserta
2565 3092 2707 3143 caput
2728 3085 2873 3131 turris
2896 3081 3057 3141 pluvio

2354 3146 2558 3205 Vapulat
2590 3154 2751 3193 austro
2776 3160 2787 3193 :
2814 3147 3090 3204 densasque
3110 3152 3282 3191 nemus

2353 3208 3015 3271 Spargensumbrasannosa
3039 3206 3167 3254 videt

2601 3267 2788 3315 lloliora
2812 3267 2985 3329 frangi.

2246 3352 2329 3407 ll.
2380 3350 2476 3405 "re
2526 3351 2801 3417 pendulum
2840 3352 3019 3403 soluta:
3057 3348 3255 3417 pondus
3286 3348 3419 3417 ferre
3458 3348 3745 3418 recusant.]

2173 3424 2273 3477 ﬂae
2313 3438 2480 3476 arente
2517 3439 2548 3473 a
2596 3438 2648 3473 se
2676 3422 2885 3473 invicem
2925 3421 3193 3491 disjunctw
3219 3419 3513 3491 impositum
3544 3427 3747 3487 pondus

2171 3510 2273 3548 non
2295 3503 2504 3565 possunt
2527 3493 2791 3565 sustinere.
2814 3489 3076 3565 Nimirum
3112 3490 3249 3565 sicut
3272 3489 3440 3551 librae,
3470 3489 3597 3565 dum
3618 3500 3745 3542 sunt

2173 3558 2353 3618 lances
2376 3564 2594 3616 alternis
2620 3563 2697 3615 sic
2719 3562 2965 3625 mobiles,
2995 3569 3049 3613 ut
3084 3560 3126 3611 si
3149 3559 3313 3613 altera
3339 3558 3579 3627 graviori
3610 3574 3745 3625 pon-

2172 3639 2300 3689 dere
2335 3643 2525 3687 onusta
2555 3634 2804 3686 deorsum
2836 3631 3189 3698 deprimatur:
3223 3630 3387 3681 altera
3415 3636 3634 3683 slvrsuni
3665 3638 3744 3681 at-

2172 3707 2388 3760 tollatur
2412 3719 2630 3757 necesse
2664 3703 2731 3755 sit
2757 3720 2769 3755 :
2794 3703 2861 3753 ita
2895 3705 2946 3753 in
2975 3712 3135 3764 terra,
3174 3715 3306 3766 aqua
3335 3710 3386 3751 et
3416 3714 3542 3752 aere
3589 3713 3750 3767 quem

2172 3777 2456 3842 Spiramus,
2493 3788 2713 3841 corpora
2744 3773 2877 3826 adeo
2899 3786 3016 3824 sese
3047 3770 3316 3842 sustinent
3344 3772 3579 3842 aequatis
3616 3784 3750 3835 pon-

2172 3840 2408 3907 deribus,
2430 3854 2499 3897 ut
2527 3845 2570 3897 si
2596 3840 2824 3896 alterum
2858 3841 3014 3894 fuerit
3040 3841 3270 3908 gravius,
3304 3840 3352 3891 id
3385 3841 3749 3905 propendeat,

2171 3919 2342 3970 altero
2363 3918 2619 3979 depresso
2650 3930 2661 3963 :
2689 3914 2827 3964 sicut
2854 3912 3072 3964 inlinitis
3098 3910 3354 3975 exemplis
3382 3909 3751 3962 demonstrari

2173 3996 2373 4055 posset.
2408 3986 2570 4040 Aﬁdes
2599 3996 2773 4036 autem
2797 3983 2973 4035 arenis
3000 3982 3261 4047 imposita:
3287 3980 3441 4045 longe
3468 3981 3753 4045 graviores

2172 4052 2295 4111 sunt
2326 4070 2391 4109 eo
2436 4056 2662 4120 liquore,
2695 4068 2800 4121 quo
2830 4054 3142 4117 interposito
3180 4065 3356 4121 arente
3399 4052 3745 4121 mollescunt.

2249 4127 2360 4179 lloc
2397 4119 2586 4179 eodem
2626 4119 2871 4190 exémplo
2916 4138 3042 4175 usus
3087 4129 3169 4190 est
3205 4119 3447 4190 Christus
3488 4119 3753 4172 Dominus

2174 4196 2362 4251 Matth.
2397 4210 2467 4248 vn
2502 4211 2517 4249 :
2554 4195 2751 4257 Omnis,
2788 4188 2976 4260 inquit,
3008 4188 3097 4258 qui
3134 4192 3277 4242 audit
3314 4189 3461 4243 verba
3502 4206 3617 4241 mea
3647 4192 3754 4260 hinc

2173 4276 2223 4320 et
2253 4283 2352 4319 non
2383 4265 2503 4333 facit
2540 4281 2621 4328 ea,
2651 4263 2832 4315 similis
2864 4259 2958 4313 erit
3002 4262 3333 4333 uiro‘stulto,»
3353 4260 3440 4333 qui
3472 4259 3756 4333 (adiﬁcavit

2173 4330 2549 4389 domum-suam
2575 4352 2727 4402 super
2756 4347 2962 4383 arenam
2988 4347 3007 4385 :
3028 4341 3073 4384 et
3098 4330 3353 4402 descendit
3384 4331 3555 4392 pluuia
3581 4339 3629 4382 et
3656 4347 3743 4381 ve-

2174 4418 2356 4460 nerunt
2377 4407 2618 4473 flumina,
2640 4401 2688 4457 et
2718 4405 2964 4473 [laverunt
3000 4403 3149 4463 renti,
3189 4401 3526 4473 etpirruerunt
3568 4401 3623 4451 in
3654 4401 3757 4450 do-

2175 4494 2315 4530 mum
2350 4470 2517 4540 illam,
2543 4487 2589 4527 et
2614 4475 2812 4534 cecidit,
2848 4482 2892 4524 et
2924 4472 3019 4540 fuit
3048 4473 3197 4523 ruina
3223 4470 3365 4522 illius
3393 4485 3607 4540 mugitu.

2244 4548 2329 4601 15.
2356 4527 2578 4616 Fugieus
2601 4527 2934 4614 periculosam
2951 4550 3136 4616 sortem
3156 4540 3287 4592 sedis
3305 4527 3563 4607 amicali]
3598 4538 3644 4589 Η
3651 4539 3755 4588 and

2177 4620 2326 4670 aliter
2371 4609 2461 4682 qui
2490 4609 2648 4668 vitare
2686 4616 2825 4680 cupit
2856 4624 3080 4665 eventum
3119 4612 3364 4682 incertum
3414 4609 3757 4682 cgnditionis,

2179 4704 2291 4757 qme
2316 4680 2512 4740 videtur
2533 4686 2767 4756 jucunda
2791 4700 2808 4735 :
2832 4683 2957 4737 Sors
2984 4684 3197 4757 quippe,
3228 4681 3399 4757 inquit
3423 4680 3638 4757 Tullius
3662 4680 3698 4757 ΙΣ
3720 4693 3753 4728 ιι

2179 4749 2247 4811 de
2279 4758 2475 4820 Dl\iﬂ.,
2505 4749 2637 4809 idem
2655 4757 3023 4824 propemodum
3052 4753 3185 4818 quod
3207 4753 3412 4824 micare,
3440 4750 3586 4815 quod
3620 4749 3755 4799 (alas

2171 4830 2365 4899 jacere,
2410 4827 2546 4894 quod
2593 4820 2803 4899 tesseras
2830 4839 2847 4876 :
2874 4826 2936 4899 in_
2967 4824 3144 4899 quibus
3186 4820 3444 4899 temeritas
3490 4829 3541 4899 et
3577 4834 3755 4899 casus,

2178 4888 2279 4951 non
2308 4888 2440 4950 ratio
2478 4906 2524 4949 et
2554 4897 2821 4949 comitium
2856 4893 3005 4945 valet.
3050 4893 3182 4946 Hinc
3210 4890 3446 4956 sortilegi
3492 4888 3755 4941 diceban-

2178 4976 2286 5032 tur,
2317 4969 2405 5038 qui
2431 4967 2627 5038 ductis,
2659 4968 2807 5033 pueri
2832 4963 3095 5038 manibus,
3132 4961 3363 5038 sortibus
3395 4958 3759 5038 praedicerent

2174 5030 2371 5091 futura.
2402 5037 2531 5091 llinc
2559 5030 2715 5089 etiam
2738 5034 2879 5105 quod
2910 5035 2961 5085 in
2991 5046 3149 5105 unam
3182 5030 3264 5084 vel
3292 5030 3592 5105 oppositam
3632 5043 3762 5105 par-

2176 5117 2280 5161 tem
2314 5108 2451 5161 llecti
2482 5115 2653 5174 potest
2684 5100 2962 5167 incertum,
2994 5101 3121 5155 illud
3147 5114 3263 5154 sors
3293 5101 3396 5153 dici
3424 5100 3716 5174 consuevit
3741 5113 3754 5144 :

2176 5168 2493 5245 hujusmodi'
2526 5186 2702 5230 autem
2744 5182 2827 5229 est
2872 5174 3027 5227 sedes
3070 5184 3297 5236 amoena,
3344 5184 3503 5238 quam
3550 5168 3761 5222 idcirco

2176 5248 2519 5315 Philosophia
2545 5247 2630 5299 hic
2662 5253 2817 5300 vocat
2846 5245 3203 5311 periculosam.

2245 5321 2334 5375 15.
2385 5302 2587 5370 Ηιιιηὶιὶ
2633 5302 3124 5369 ἀοιηιιπιήιεηιεηιο
3165 5319 3329 5366 certus
3371 5309 3527 5378 figere
3570 5302 3759 5374 saxa]

2173 5389 2314 5445 Loca
2343 5390 2558 5443 domum
2590 5388 2641 5440 in
2662 5401 2788 5440 saxo
2808 5384 2986 5437 humili
3006 5399 3024 5435 :
3042 5384 3093 5436 in
3117 5397 3243 5434 saxo
3260 5380 3497 5448 quidem,
3525 5388 3585 5431 ut
3606 5378 3767 5431 firmo

2172 5460 2363 5513 domus
2407 5460 2607 5513 nitatur
2649 5456 2993 5509 fundamento
3019 5470 3032 5505 :
3060 5453 3238 5505 humili
3270 5465 3415 5514 vero,
3455 5458 3513 5502 ut
3541 5456 3763 5515 tempe-

2178 5532 2407 5585 ﬂatibus
2432 5529 2608 5582 minus
2636 5530 2704 5580 sit
2733 5524 2989 5579 obnoxia.

2248 5601 2332 5652 t7.
2377 5581 2620 5664 Quamuis
2655 5606 2789 5649 tonet
2834 5595 3000 5648 ruinis
3050 5607 3264 5664 miscens
3297 5604 3502 5655 aequora
3530 5581 3769 5664 ventus.)

2183 5668 2371 5723 Ventus
2397 5660 2557 5730 lauat,
2603 5682 2722 5721 cum
2757 5668 2989 5720 tonitrua
3035 5662 3226 5716 similis
3272 5672 3519 5728 magnum
3560 5660 3771 5730 e_xcitat

2170 5742 2425 5794 sonitum.
2456 5726 2638 5793 Miscet
2667 5746 2843 5791 autem
2876 5732 3294 5805 wquoraruinis,
3318 5726 3442 5805 cum
3472 5726 3770 5805 naufragus

2175 5824 2337 5866 naves
2374 5819 2669 5874 caelat-aque
2714 5797 2944 5873 corpora
2970 5804 3104 5860 mari
3142 5800 3388 5869 imposita
3433 5797 3768 5869 prosternit.
