3984 6382
504 296 599 352 (591

1724 293 1835 348 ΑΝ.
1878 292 2085 347 MANL.
2123 291 2272 347 SEV.
2317 293 2537 349 BOETII

3655 301 3751 358 693

505 414 668 484 Igitur
690 416 965 479 angustas,
996 407 1289 478 inopesque
1313 404 1548 472 divitias,
1576 420 1707 475 quas
1732 422 1830 461 nec
1874 406 2073 462 habere
2100 409 2151 467 Α
2179 406 2409 471 fortuna,
2446 424 2563 474 quae
2600 424 2628 462 a
2666 417 2716 464 te
2762 408 2879 481 (15)
2918 419 3109 467 natura
3156 427 3337 470 rerum
3387 415 3518 472 fecit
3560 418 3750 474 arma,

504 513 644 560 totas
674 501 915 572 pluribus
937 500 1081 564 licet,
1113 508 1167 554 et
1194 498 1262 552 ad
1285 498 1581 568 quemlibet
1609 501 1728 553 sine
1756 509 2073 552 ceterorum

502 606 815 668 paupertate
842 611 945 649 non
975 594 1227 649 veniunt!
1277 594 1429 664 133
1456 594 1471 624 ¹
1502 593 1582 650 An
1614 609 1943 663 gemmarum
1977 593 2077 646 ful-

500 706 599 759 gor
628 691 813 743 oculos
845 687 1046 743 trahit?
1075 686 1178 743 Sed
1208 687 1255 742 si
1281 687 1405 757 quid
1437 697 1520 741 est
1566 688 1617 741 in
1662 686 1761 741 hoc
1791 687 2076 755 splendore

500 782 779 851 prmeipui,
824 794 1155 850 gemmarum
1197 787 1280 833 est
1328 779 1420 832 lux
1466 779 1574 843 illa,
1619 794 1724 832 non
1758 778 2072 832 hominum:

499 887 632 939 quas
660 872 872 940 quidem
905 870 1090 926 mirari
1139 869 1382 924 homines
1423 868 1770 923 vehementer
1815 867 2073 922 admiror.

498 965 633 1031 Quid
667 974 749 1017 est
776 963 916 1017 enim
959 977 1150 1017 carens
1179 962 1372 1015 animae
1408 969 1554 1014 motu
1602 970 1759 1026 atque
1803 957 2075 1012 membro-

497 1071 612 1109 rum
641 1068 917 1123 compage,
961 1053 1101 1121 quod
1152 1051 1400 1106 animata:
1440 1050 1844 1118 rationabilique
1868 1048 1948 1118 (5)
1981 1064 2077 1102 na-

497 1159 631 1199 tura:
656 1144 937 1213 pulchrum
962 1157 1083 1198 esse
1108 1143 1225 1211 jure
1254 1141 1534 1195 videatur?
1560 1156 1679 1209 quae
1710 1140 1921 1193 tametsi
1946 1154 2076 1193 con-

497 1237 688 1290 ditoris
718 1251 906 1306 opera,
936 1235 1127 1303 suique
1168 1233 1512 1287 distinctione
1546 1243 1831 1301 postrema:
1874 1233 2075 1301 aliquid

499 1328 910 1396 pulchritudinis
931 1327 1169 1389 trahunt,
1200 1324 1332 1379 infra
1355 1335 1585 1378 vestram
1612 1332 1787 1377 tamen
1812 1324 2080 1378 excellen-

499 1421 622 1473 tiam
649 1420 944 1482 collocatae,
980 1418 1392 1472 admirationem
1436 1425 1667 1470 vestram
1716 1416 1865 1469 nullo
1916 1414 2077 1469 modo

497 1511 861 1565 merebantur.
893 1512 913 1541 ²
939 1513 1019 1563 An
1050 1524 1146 1563 vos
1172 1523 1420 1577 agrorum
1451 1507 1791 1576 pulchritudo
1811 1506 2078 1561 delectat?

498 1604 635 1670 Quid
667 1603 720 1657 ui
747 1602 815 1655 εἳ
850 1602 946 1656 Est
967 1603 1107 1657 enim
1129 1602 1475 1670 pulcherrimi
1506 1602 1681 1669 operis
1715 1600 1933 1669 pulchra
1963 1616 2079 1669 por-

497 1694 590 1746 tio.
624 1692 713 1748 Sic
739 1694 1005 1762 qnondam
1037 1695 1217 1747 sereni
1250 1696 1409 1747 maris
1434 1693 1563 1745 facie
1597 1694 1711 1763 (l0)
1738 1694 2032 1761 gaudemus
2062 1712 2073 1746 :

2180 498 2464 553 Terrarum
2496 499 2709 568 quidem
2752 502 2977 565 fructus,
3007 504 3359 560 animantium
3385 509 3753 577 proculdubio

2179 591 2441 646 debentur
2472 593 2758 647 alimentis.
2790 592 2895 648 Sed
2926 594 2994 661 si,
3043 596 3185 663 quod
3226 606 3429 652 natura:
3477 599 3612 652 satis
3652 610 3754 661 est.

2180 681 2388 749 replere
2419 682 2762 749 indigentiam
2790 683 2945 751 velis,
2981 685 3111 739 nihil
3134 695 3217 740 est
3245 687 3387 755 quod
3421 686 3656 741 fortuna:
3683 688 3757 742 af-

2179 772 2450 825 fluentiam
2473 773 2625 839 petis.
2653 773 2842 827 Paucis
2874 775 3019 829 enim
3053 777 3395 847 minimisque
3418 790 3607 832 natura
3632 794 3757 832 con-

2181 872 2322 917 tenta
2352 873 2433 916 est
2457 879 2472 915 :
2503 862 2653 931 cujus
2677 864 2976 921 satietatem
3000 868 3043 921 si
3070 870 3356 937 superﬂuis
3378 885 3571 938 urgere
3602 871 3754 937 velis,

2178 966 2270 1008 aut
2317 954 2687 1024 injucundum,
2742 958 2883 1025 quod
2923 958 3201 1026 infuderis,
3250 962 3361 1029 fiet,
3393 972 3485 1016 aut
3514 964 3753 1017 noxium.

2185 1049 2341 1121 134.
2389 1051 2507 1106 Jam
2555 1066 2685 1105 vero
2718 1051 2738 1081 ⁸
2771 1051 3049 1120 pulchrum
3088 1055 3249 1107 variis
3293 1054 3496 1123 fulgere
3525 1055 3758 1110 vestibus

2180 1142 2371 1210 putas?
2394 1158 2617 1212 quarum
2640 1144 2688 1198 si
2712 1153 2860 1212 grata
2885 1145 3075 1199 intuitu
3110 1156 3132 1184 ο
3164 1148 3371 1214 species
3401 1156 3504 1214 est,
3536 1153 3631 1201 aut
3653 1164 3758 1200 ma-

2181 1234 2329 1287 teria:
2358 1242 2629 1299 naturam,
2659 1242 2751 1287 aut
2790 1233 3061 1303 ingenium
3102 1236 3337 1291 mirabor
3372 1237 3615 1291 artificis.
3639 1237 3661 1267 ⁵
3681 1241 3756 1291 An

2182 1340 2309 1378 vero
2338 1334 2389 1378 te
2416 1324 2605 1394 longus
2637 1326 2771 1379 ordo
2820 1327 3137 1380 famulorum
3188 1326 3313 1381 facit
3354 1343 3475 1383 esse
3514 1328 3759 1383 felicem?

2178 1417 2279 1482 Qui
2306 1419 2352 1471 si
2376 1420 2551 1473 vitiosi
2583 1419 2820 1474 moribus
2840 1427 2984 1484 sunt,
3024 1420 3319 1487 perniciosa
3362 1420 3558 1474 domus
3586 1417 3613 1455 ά
3644 1434 3759 1473 sar-

2179 1510 2325 1574 cina,
2368 1519 2423 1564 et
2472 1510 2573 1579 ipsi
2618 1508 2835 1564 domino
2886 1510 3237 1564 vehementer
3264 1510 3341 1579 (5)
3390 1512 3648 1566 inimica:
3680 1512 3758 1566 sin

2180 1618 2310 1657 vero
2340 1602 2513 1671 probi,
2546 1616 2778 1670 quonam
2809 1601 2967 1656 modo
2996 1602 3046 1655 in
3081 1604 3185 1655 tuis
3212 1603 3405 1669 opibus
3434 1603 3611 1656 aliena
3636 1618 3759 1671 pro-

2182 1694 2321 1749 bitas
2342 1693 2747 1748 numerabitur?
2771 1693 2849 1746 Ex
2882 1694 3075 1761 quibus
3103 1694 3351 1749 omnibus
3381 1695 3512 1747 nihil
3544 1695 3757 1763 horum,

497 1785 576 1837 sic
605 1785 817 1846 caelum,
852 1783 1048 1851 sidera,
1080 1786 1270 1849 sulem,
1306 1785 1590 1852 lunamque
1624 1785 1910 1838 miramur.
1938 1785 2071 1838 Num
2108 1766 2153 1825 Β
2181 1801 2301 1855 quae
2331 1786 2383 1840 in
2422 1784 2525 1837 tuis
2555 1793 2831 1852 computas
2862 1783 3036 1847 bonis,
3082 1791 3232 1837 tuum
3282 1800 3401 1839 esse
3444 1784 3647 1839 bonum
3700 1786 3761 1839 li-

498 1882 553 1927 te
583 1872 771 1926 horum
795 1872 993 1941 aliquid
1024 1873 1235 1941 attingit
1265 1871 1332 1925 Μ
1363 1889 1488 1927 num
1538 1873 1707 1927 audes
1730 1874 1959 1943 alicujus
1994 1886 2073 1929 ta-

496 1964 628 2019 lium
669 1965 956 2032 splendore
986 1965 1244 2034 gloriari?
1274 1966 1354 2019 An
1382 1967 1561 2020 vernis
1585 1965 1805 2021 ﬂoribus
1832 1968 1943 2036 ipse
1968 1970 2075 2023 dis-

498 2056 784 2122 tiugueris!
810 2066 900 2109 aut
928 2065 1015 2108 tua
1040 2056 1090 2108 in
1120 2057 1331 2111 aestivos
1354 2057 1556 2111 fructus
1584 2059 1887 2115 intumescit
1920 2062 2077 2115 uber-

498 2148 610 2199 tas?
648 2146 785 2212 Quid
838 2146 1084 2200 inauibus
1131 2148 1337 2215 gaudiis
1382 2149 1626 2216 raperis?
1675 2151 1802 2219 quid
1857 2160 2075 2205 externa

497 2238 634 2291 bona
667 2252 762 2303 pro
790 2236 863 2290 tui
891 2237 1244 2303 amplexaris?
1286 2237 1563 2308 Nunquam
1618 2248 1704 2293 tua
1756 2240 1909 2295 faciet
1950 2236 2099 2296 esse

2181 1875 2341 1944 quidu
2367 1882 2716 1928 monstratur.
2747 1873 2950 1939 Quibus
2990 1872 3032 1926 si
3086 1873 3218 1926 nihil
3258 1874 3398 1928 inest
3446 1874 3761 1943 appetenda:

2183 1966 2621 2037 pulchritudinis,
2651 1966 2776 2032 quid
2803 1975 2908 2035 est,
2928 1965 3069 2036 quod
3100 1967 3182 2020 vel
3209 1967 3420 2019 amissis
3440 1967 3647 2029 doleas,
3675 1967 3759 2020 vel

2181 2061 2381 2116 lmteris
2426 2059 2693 2114 retentis?
2722 2059 2875 2125 Quod
2904 2060 2949 2113 si
2980 2069 3166 2113 natura
3191 2060 3411 2128 pulchra
3452 2069 3601 2125 sunt,
3633 2060 3757 2126 quid

2181 2154 2231 2208 id
2267 2162 2350 2206 tua
2384 2152 2547 2207 refert
2588 2152 2741 2222 (ιον
2771 2150 2899 2205 Nam
2946 2152 3060 2205 haec
3104 2166 3199 2220 per
3229 2165 3286 2205 se
3326 2166 3354 2203 a
3395 2151 3500 2205 tuis
3548 2165 3761 2220 quoque

1848 2373 2408 2430 lNTliBPRETATIO.

570 2491 592 2516 ⁸
624 2480 758 2534 Dicit
790 2480 1023 2533 Boetms.

574 2553 596 2587 ι’
626 2554 713 2607 Ait
744 2552 1111 2623 Philosophia.

2259 2495 2279 2522 ε
2312 2483 2522 2537 Forma.

2259 2552 2283 2591 ἀ
2317 2555 2487 2608 Onus.

2044 2684 2267 2740 ΝΟΤᾹΞ.

490 2807 609 2858 dctn
640 2818 761 2864 vox,
794 2808 993 2867 utpote
1019 2810 1203 2864 sonus,
1233 2806 1479 2851 versatur
1500 2797 1552 2850 in
1575 2797 1803 2863 quodam
1830 2805 2065 2855 tremore

493 2877 655 2937 aeris,
688 2873 775 2941 qui
800 2871 938 2937 quod
969 2870 1201 2936 liquidus
1234 2871 1321 2929 sil,
1349 2868 1415 2921 ab
1447 2883 1550 2941 uni»
1578 2868 1793 2923 homine
1820 2872 2069 2938 loquente

488 2938 721 3014 undique
750 2941 1077 3014 commoveri
1112 2946 1323 3014 potest;
1349 2938 1574 3007 pecunia
1605 2950 1779 2991 autem
1811 2950 1892 2993 est
1914 2956 2067 2993 num-

488 3032 606 3070 mus
635 3010 701 3069 ex
732 3029 837 3065 mre
860 3012 1111 3079 primum,
1146 3010 1341 3063 deinde
1372 3026 1439 3062 ex
1468 3024 1599 3062 auro
1621 3019 1909 3076 argentove
1937 3027 2065 3064 con-

490 3090 684 3147 fectus,
716 3097 820 3151 quo
852 3082 1062 3135 statutis
1088 3080 1292 3144 legibus
1324 3091 1661 3151 resgprupter
1688 3079 1893 3133 facilius
1922 3096 2071 3135 com-

2175 2795 2436 2867 siquidem
2459 2811 2635 2848 mare:
2659 2794 2798 2867 quod
2822 2794 3168 2849 nihilominus
3195 2805 3343 2850 tanto
3372 2796 3422 2849 iu
3452 2798 3629 2866 pretio
3655 2814 3755 2854 non

2175 2866 2278 2932 est,
2303 2866 2823 2938 dumﬂtranquillum
2875 2876 2957 2919 est
2994 2876 3047 2920 et
3076 2882 3329 2931 serenum,
3376 2869 3531 2936 aquis
3562 2871 3755 2938 :cqnali

2174 2937 2412 3006 pondere
2442 2936 2667 2999 libratis,
2704 2950 2808 2989 non
2848 2938 3018 2989 solum
3056 2951 3202 3001 agro,
3253 2937 3345 2991 sed
3369 2936 3758 3004 quolibet‘alio

2175 3022 2401 3072 corpore
2427 3008 2582 3071 plano
2612 3008 2817 3073 planius
2846 3015 2928 3059 est
2954 3024 2965 3057 :
2994 3007 3113 3075 quid
3136 3010 3267 3059 enim
3296 3017 3399 3060 tam
3436 3010 3655 3075 planum
3684 3010 3758 3062 vi-

2180 3081 2342 3140 detur,
2375 3078 2448 3129 ait
2477 3076 2679 3130 Tullius
2710 3092 2744 3129 ιι
2786 3077 2975 3136 Acad.,
3008 3094 3160 3145 quum
3190 3080 3366 3131 mare?
3393 3094 3455 3132 ea:
3482 3094 3584 3146 quo
3611 3079 3758 3133 etiam

488 3146 746 3211 ntercinm
779 3152 1068 3218 permutari
1102 3162 1323 3219 possunt
1351 3167 1364 3204 :
1398 3149 1521 3203 licet
1548 3146 1723 3202 autem
1769 3152 1916 3217 plura
1948 3168 2067 3205 cor-
2095 3152 2139 3215 C
2171 3163 2341 3219 tequor
2367 3146 2495 3219 illud
2518 3158 2675 3219 poetw
2702 3157 2898 3199 vocant.
2928 3146 3041 3200 Non
3071 3148 3299 3216 denique
3321 3163 3418 3202 suo
3445 3160 3618 3219 motu,
3648 3149 3760 3204 sive

488 3243 614 3294 pora
645 3225 801 3280 simul
833 3223 1033 3276 moveri
1067 3221 1289 3294 possint,
1340 3222 1476 3294 idem
1522 3229 1695 3273 tamen
1738 3236 1931 3290 corpus
1958 3238 2063 3276 non

488 3291 664 3367 potest
697 3294 933 3359 pluribus
965 3292 1129 3367 simul
1155 3292 1285 3344 locis
1315 3291 1702 3367 circumscribi.

558 3370 574 3399 ¹
616 3368 693 3419 An
719 3379 1029 3433 gemmarum
1051 3362 1221 3431 fulgor
1248 3360 1424 3414 oculos
1450 3362 1601 3413 Ira/iit
1631 3358 1673 3429 ΡΙ
1708 3360 1793 3414 ΙΙΙ.
1827 3360 2066 3417 Philoso-

486 3440 612 3504 phia
656 3432 895 3505 geimnas
934 3434 1065 3487 dicit
1097 3434 1258 3486 menti
1309 3433 1553 3484 humana:
1584 3448 1699 3505 non
1722 3432 1917 3505 debere
1947 3448 2066 3487 esse

490 3502 771 3574 pretiosas,
800 3505 939 3572 quod
971 3504 1171 3574 lumen,
1204 3519 1311 3571 quo
1337 3517 1578 3574 gemma:
1623 3502 1922 3574 Splendent,
1960 3518 2063 3558 non

486 3571 559 3633 sit
589 3578 887 3637 hominum,
919 3574 1011 3628 sed
1060 3573 1271 3627 illorum
1317 3572 1573 3625 duntaxat
1620 3571 1830 3626 affectio
1873 3588 2065 3639 corpo-

489 3666 629 3709 rum,
658 3663 776 3715 quae
805 3661 922 3700 cum
957 3646 1237 3697 inanimato
1269 3644 1396 3707 sint,
1438 3644 1517 3696 sic
1555 3641 1692 3696 infra
1738 3644 1930 3715 utentis
1962 3647 2063 3697 bu.

488 3713 1035 3773 uianmexcelleutium
1079 3715 1327 3766 collocata
1372 3722 1509 3775 sunt,
1545 3722 1601 3767 ut
1631 3713 1862 3767 hominis
1891 3716 2063 3767 admi-

462 3792 732 3843 ‘rationem
755 3790 899 3841 nullo
941 3788 1091 3838 modo
1121 3793 1424 3837 mereantur.
1461 3785 1717 3837 Nimirum
1745 3800 1952 3852 gemma
1980 3796 2065 3839 est

483 3861 620 3929 lapis
642 3860 751 3929 qui,
779 3862 947 3914 instar
974 3858 1093 3909 vitri
1115 3854 1407 3929 pelluccns,
1434 3855 1612 3908 lumen
1645 3854 2064 3929 ideotransmit-

481 3925 563 3994 tit,
616 3925 757 3999 quod
805 3940 931 3999 ante
970 3928 1199 3999 liquatus
1249 3925 1428 3999 fuerit,
1477 3939 1632 3993 quam
1690 3925 2058 3999 lapidesceret.

483 3996 700 4055 lliue'si
742 3998 938 4069 aliquid
992 3996 1211 4057 metalli,
1248 3997 1553 4069 alteriusve
1600 3996 1841 4060 corporis
1886 3997 2060 4069 opaci,

478 4087 706 4135 gemmae
733 4065 907 4123 adhuc
944 4066 1260 4135 liquescenti
1291 4065 1617 4128 infundatur,
1651 4081 1857 4134 gemma
1887 4066 2060 4134 pellu-

479 4157 604 4196 cere
636 4142 808 4194 minus
837 4149 956 4204 apta
989 4139 1257 4192 coloratur
1284 4152 1297 4187 :
1326 4136 1447 4189 hinc
1470 4151 1597 4189 suus
1626 4145 1710 4189 est
1729 4150 2060 4203 gemmarum

479 4214 593 4264 sive
620 4211 1022 4280 pellucentium,
1048 4209 1161 4261 sive
1184 4207 1535 4280 relucentium
1568 4207 1762 4280 fulgor,
1790 4222 1896 4275 quo
1918 4208 2059 4260 oculi

480 4285 550 4335 ita
576 4278 872 4344 moventur,
910 4290 967 4335 ut
994 4292 1145 4333 mens
1174 4281 1287 4345 ipsa
1316 4278 1381 4332 ad
1408 4291 1648 4345 gemmas
1678 4278 1903 4344 primum
1933 4292 2060 4343 spe-

476 4356 730 4416 ctandas,
782 4352 980 4406 deinde
1036 4347 1410 4411 admirandas,
1461 4355 1517 4401 et
1563 4348 1850 4413 aliquando
1897 4351 2057 4401 etiam

477 4425 734 4477 amandas
775 4424 1059 4483 excitetur,
1102 4419 1273 4472 donec
1315 4427 1479 4472 exuta
1531 4421 1675 4471 omni
1724 4418 2056 4485 praeiudicio,

474 4494 718 4548 advertat
750 4494 835 4548 hic
865 4494 999 4547 nihil
1024 4490 1166 4544 aliud
1197 4503 1488 4557 essequam
1515 4500 1736 4551 motum,
1756 4503 1859 4542 non
1884 4488 2054 4542 solum

479 4570 589 4629 ipsa
636 4573 833 4626 mente,
869 4580 896 4616 a
940 4578 1042 4631 qua
1082 4561 1363 4626 cogitatur,
1417 4558 1903 4631 inferiorem;_sed
1959 4559 2056 4625 ipsi

474 4636 636 4689 etiam
669 4629 1125 4700 corporum’vitze,
1162 4645 1280 4698 quae
1313 4632 1363 4683 in
1396 4629 1620 4698 perenni
1646 4629 2058 4698 continuataque

474 4706 712 4758 motione
739 4718 997 4765 versmnr,
1034 4702 1186 4769 longe
1214 4701 1666 4767 postponendum.

544 4776 564 4806 ³
607 4776 686 4828 Au
711 4789 797 4827 vos
843 4789 1081 4844 agrorum
1108 4766 1432 4844 pulchritudo
1451 4768 1728 4844 delectat?]
1760 4766 1848 4821 IV.
1880 4767 2059 4844 Philo-

472 4846 659 4907 sophia
691 4845 857 4907 addit,
879 4840 1059 4911 heque
1085 4843 1243 4894 etiam
1269 4856 1426 4908 agros
1456 4841 1725 4911 praedictae
1748 4840 1915 4892 menti
1941 4854 2059 4895 esse

471 4916 671 4970 debere
702 4910 999 4981 pretiosos:
1034 4914 1152 4979 quia
1174 4926 1295 4964 cum
1318 4926 1445 4978 ager
1469 4910 1676 4965 dicatur
1706 4911 2056 4974 territorium,

470 4987 611 5052 quod
641 4985 951 5052 diligentius
979 4984 1178 5036 cultum
1208 4982 1383 5048 fruges
1416 4982 1593 5047 affert,
1626 4997 1753 5049 ager
1786 4982 2051 5047 pretiosus

471 5058 635 5110 menti
677 5055 860 5108 haberi
895 5054 1096 5123 nequit,
1132 5052 1229 5123 nisi
1256 5062 1340 5103 aut
1375 5066 1469 5123 sua
1505 5052 1887 5119 magnitudine,
1916 5067 2049 5119 qua-

471 5139 625 5181 tenus
702 5125 945 5180 terminis
981 5121 1337 5190 longissimis
1407 5121 1904 5185 circnmscribitur;
1959 5130 2051 5174 aut

466 5213 561 5250 sua
605 5200 793 5263 figura,
826 5207 1091 5265 quatenus
1138 5195 1362 5245 tumoris
1408 5206 1625 5258 expers,
1668 5209 1764 5248 ceu
1803 5192 2049 5265 cylindro

467 5262 706 5332 :equatits
752 5262 940 5327 fuerit;
978 5275 1067 5317 aut
1115 5278 1212 5315 suo
1242 5269 1405 5332 motu,
1441 5270 1704 5327 quatenus
1734 5277 1837 5316 non
1890 5262 2050 5314 modo

468 5330 677 5399 fertilis,
705 5337 797 5391 sed
829 5338 988 5391 etiam
1021 5335 1322 5389 fruetuosus
1356 5330 1547 5385 fuerit:
1578 5336 1715 5403 Agre
1741 5333 1863 5385 bene
1889 5333 2044 5397 culto,

464 5410 635 5479 inquit
664 5408 889 5469 Tulfius,
916 5407 995 5479 nii
1017 5412 1177 5479 potest
1203 5418 1314 5479 esse
1336 5418 1424 5479 uec
1446 5418 1552 5479 usti
1570 5405 1793 5465 uberius,
1827 5419 2053 5479 nec‘spe-

465 5472 814 5532 cie'oruatius.
842 5478 999 5545 Atqui
1020 5472 1177 5529 nullo
1204 5488 1266 5526 ex
1303 5472 1389 5545 his
1413 5473 1584 5525 modis
1606 5489 1734 5541 ager
1762 5475 1931 5545 menti
1952 5473 2051 5524 htt-

466 5565 639 5601 manae
669 5542 1086 5617 pretiosns'esse
1112 5552 1305 5617 potest.
1349 5543 1461 5595 Non
1505 5558 1599 5596 sua
1643 5542 2046 5617 magnitudine;

466 5633 585 5670 nam
613 5611 759 5684 luna,
789 5621 886 5679 sol,
927 5611 1124 5680 sidera,
1166 5613 1367 5677 cretum,
1400 5628 1517 5684 qua:
1547 5623 1721 5667 tamen
1752 5614 1856 5684 ipsi
1882 5611 2047 5665 menti

468 5692 697 5753 pretiosa
729 5683 830 5743 non
857 5690 1119 5749 videntur,
1166 5683 1496 5752 pulcherrimi
1526 5684 1693 5748 operis
1725 5683 1897 5753 portio,
1922 5690 2047 5733 sunt

466 5752 705 5823 Quolibet
729 5774 855 5828 agro
886 5759 1073 5826 major.
1126 5755 1242 5809 Non
1292 5754 1450 5807 etiam
1495 5767 1589 5806 sua
1644 5758 1807 5825 llgura
1851 5752 2043 5820 plana:

2085 4524 2139 4586 D

2170 3218 2257 3285 μον
2274 3234 2386 3285 ens,
2410 3218 2521 3270 sive
2536 3218 2691 3271 etiam
2710 3219 3000 3284 fructuosus
3023 3233 3041 3270 :
3064 3221 3313 3285 quoniam
3338 3219 3503 3273 ﬂores
3527 3217 3757 3273 fructus~

2170 3303 2274 3358 que
2312 3303 2559 3358 agrorum
2603 3297 2753 3341 extra
2799 3288 3066 3358 hominem
3116 3297 3268 3352 sunt;
3321 3300 3412 3342 aut
3466 3290 3511 3341 si
3563 3290 3757 3342 horum

2171 3357 2294 3426 pars
2333 3357 2577 3426 quaedam
2622 3358 2792 3428 ipsum
2835 3357 3063 3410 hominis
3087 3372 3280 3426 corpus
3316 3360 3483 3413 instar
3515 3360 3759 3413 alimenti

2169 3432 2379 3492 subeat,
2413 3429 2527 3482 lucc
2554 3438 2659 3481 tam
2691 3443 2851 3497 parva
2876 3443 2996 3483 esse
3022 3428 3200 3490 debet,
3235 3437 3291 3481 ut
3315 3431 3357 3480 si
3383 3440 3585 3483 natura:
3606 3430 3759 3481 satie-

2171 3509 2323 3551 tatmt
2345 3501 2619 3568 superﬂuis
2648 3515 2827 3567 urgere
2854 3499 2993 3569 velis,
3021 3507 3107 3550 aut
3129 3499 3488 3568 injucundum,
3515 3500 3653 3569 quod
3678 3501 3760 3552 iri-

2171 3570 2388 3638 fuderis,
2411 3567 2522 3636 ﬁat,
2546 3578 2633 3621 aut
2653 3571 2881 3622 noxium.
2917 3567 3196 3621 Lucretius
3227 3569 3262 3620 Ι.
3296 3583 3357 3623 v:

2293 3658 2429 3713 Quod
2450 3660 2488 3705 si
2511 3663 2620 3719 quis
2644 3672 2761 3706 vera
2783 3661 2923 3706 vitam
2949 3660 3140 3706 ratione
3164 3658 3415 3717 gubernet
3450 3702 3453 3705 .

2294 3719 2488 3781 Divitiae
2513 3720 2724 3781 grandes
2749 3721 2929 3768 homini
2949 3728 3078 3776 sunt,
3105 3721 3275 3767 vivere
3303 3732 3469 3779 parce,

2292 3780 2448 3842 Aiquo
2470 3780 2631 3829 animo
2658 3797 2669 3832 :
2693 3794 2855 3843 neque
2882 3782 3010 3829 enim
3038 3787 3114 3828 est
3139 3793 3344 3842 unquam
3371 3782 3578 3841 penuria
3600 3782 3759 3844 parvi.

2238 3864 2258 3894 ⁸
2305 3864 2582 3918 Pulchrum
2613 3866 2762 3918 variis
2792 3866 2984 3935 fulgere
3010 3862 3274 3934 vestibus.]
3317 3862 3381 3917 ν.
3401 3862 3759 3933 Philosophia

2167 3935 2380 4002 probat,
2414 3951 2583 4004 neque
2629 3936 2788 3988 etiam
2832 3945 3009 3989 vestes
3047 3936 3207 3987 menti
3246 3942 3441 3987 nostra:
3482 3935 3762 3988 habendas

2168 4019 2286 4057 esse
2315 4007 2603 4072 pretiosas;
2637 4007 2775 4074 quod
2803 4022 2920 4074 qua:
2944 4008 3153 4058 vestium
3180 4015 3323 4072 grata
3348 4004 3539 4057 intuitu
3561 4007 3761 4073 species

2167 4085 2260 4139 est,
2300 4076 2413 4129 haec
2445 4090 2547 4129 non
2580 4077 2643 4128 ad
2675 4084 2906 4129 nostram
2939 4088 3192 4134 mentem,
3226 4075 3318 4126 sed
3358 4085 3449 4127 aut
3492 4077 3557 4127 ad
3593 4086 3761 4128 ntale-

2166 4145 2255 4196 rire
2301 4157 2560 4207 naturam,
2592 4155 2685 4198 aut
2720 4146 2787 4198 ad
2830 4146 3089 4215 ingenium
3128 4154 3334 4215 spectat
3372 4146 3608 4208 artiﬁcis.
3644 4146 3762 4198 Imo

2169 4215 2525 4280 pulcherrima
2555 4222 2717 4268 vestis
2740 4231 2807 4269 ne
2836 4233 2863 4268 a
2887 4213 3114 4268 minima
3159 4213 3371 4281 quidem
3406 4215 3553 4269 febre
3579 4224 3633 4268 te
3665 4230 3761 4285 po-

2171 4284 2295 4339 terit
2323 4286 2569 4340 liberare.
2604 4286 2882 4339 Lucretius
2908 4288 2944 4338 l.
2972 4300 3041 4337 u:

2290 4378 2394 4427 Nec
2416 4377 2582 4426 calidae
2605 4380 2750 4426 citius
2774 4379 3017 4426 decedunt
3044 4389 3248 4437 corpore
3274 4377 3460 4437 febres,

2291 4438 2567 4488 Textilibus
2585 4441 2626 4487 si
2646 4444 2692 4486 in
2718 4442 2937 4500 picturis,
2960 4446 3188 4496 ostroque
3213 4439 3406 4485 rubenti

2290 4500 2514 4558 Jaclaris,
2540 4515 2680 4562 quam
2700 4506 2739 4548 si
2759 4499 2952 4561 plebeia
2978 4501 3023 4547 in
3051 4510 3189 4548 teste
3213 4500 3484 4548 cubandum
3510 4505 3603 4547 est.

2236 4582 2258 4614 ⁸
2296 4584 2373 4636 Αη
2412 4591 2465 4636 te
2498 4584 2676 4651 longus
2729 4582 2855 4633 ordo
2888 4578 3244 4650 famulorum]
3279 4578 3369 4651 γι.
3399 4578 3757 4651 Philosophia

2167 4653 2365 4723 pariter
2440 4649 2799 4723 demonstrat
2835 4649 3151 4723 famulorum
3212 4649 3432 4723 turbam
3477 4650 3761 4723 praedictas

2167 4719 2332 4778 inenti
2361 4739 2463 4777 non
2507 4738 2627 4776 esse
2668 4721 2954 4789 pretiosam
2994 4738 3006 4772 :
3041 4721 3163 4790 quia
3209 4720 3388 4771 famuli
3421 4720 3504 4771 isti
3529 4721 3615 4770 vel
3648 4719 3758 4790 im-

2168 4794 2318 4862 probi
2348 4802 2490 4857 snnt,
2526 4794 2607 4848 vel
2633 4793 2806 4862 probi.
2827 4789 3151 4862 Siimprubi,
3172 4799 3374 4862 tantum
3400 4790 3547 4842 abest
3574 4799 3637 4839 ut
3658 4789 3761 4841 d0-

2166 4860 2313 4919 iniuo
2340 4864 2562 4933 pretiosi
2589 4860 2969 4932 sint,[utpotius
3001 4862 3283 4933 perniciosa
3312 4860 3493 4933 domus
3515 4862 3756 4933 sarciua,

2163 4946 2210 4987 et
2235 4929 2439 4987 domino
2485 4929 2797 4987 vehementer
2828 4933 3055 4991 inimica,
3080 4931 3275 4996 quippe
3302 4931 3390 4995 qui
3421 4930 3533 4995 lege
3561 4929 3756 4979 divina

2158 5012 2373 5058 tenetur
2398 5004 2651 5057 famulum
2681 5012 2733 5056 et
2760 5018 2786 5053 a
2821 5002 2952 5053 vitio
2995 5001 3267 5053 retrahere
3300 5009 3353 5051 et
3383 4998 3447 5050 ad
3489 5000 3757 5050 virtutem

2159 5074 2679 5143 promovereJiebr.
2722 5088 2843 5125 xm:
2880 5069 2986 5139 Ipsi
3031 5070 3377 5143 eniutdomini
3418 5067 3757 5143 pervigilem,

2155 5137 2301 5213 quasi
2326 5148 2570 5197 rationem
2595 5159 2687 5209 pro
2711 5137 2974 5213 animabus
2998 5140 3264 5213 reddituri.
3304 5138 3359 5213 Si
3390 5152 3510 5209 vcrp
3537 5137 3755 5213 probi:

2162 5206 2397 5280 Quonam
2439 5206 2665 5266 modoin
2687 5216 2787 5265 tuis
2815 5212 2993 5280 opibus
3015 5210 3181 5262 aliena
3212 5209 3434 5280 probitas
3454 5206 3757 5280 numer-ubi.

2156 5277 2280 5348 tur?
2302 5286 2475 5349 Quare
2499 5277 3061 5355 Philosophiameritu
3096 5281 3367 5355 concludit
3392 5279 3605 5354 beacinrn
3656 5277 3761 5355 ho.-

2160 5348 2357 5407 minem
2392 5369 2493 5405 non
2514 5368 2655 5419 esse,
2690 5352 2828 5421 qnud
2862 5348 3384 5421 pecunia,igemmis,
3410 5348 3759 5421 agris,vesti-

2162 5423 2260 5477 bus
2282 5433 2335 5478 et
2365 5423 2572 5476 famulis
2592 5416 3062 5475 abundetIHui-at.
3089 5416 3266 5471 carm.
3292 5434 3363 5483 tv,
3394 5418 3477 5469 od.
3511 5416 3547 5467 9
3580 5431 3597 5464 :

2348 5513 2451 5561 Non
2480 5512 2809 5573 possidentem
2830 5511 2977 5558 multa
3002 5511 3251 5557 vocaveris

2352 5575 2501 5622 [tecte
2527 5576 2723 5622 beatum
2750 5586 2760 5618 :
2797 5573 2980 5618 rectius
3003 5578 3206 5631 occupat

2406 5634 2591 5684 Nomen
2617 5635 2765 5691 beati,
2791 5634 2871 5693 qui
2896 5633 3098 5679 deorutn

2470 5696 2754 5744 Muneribus
2776 5692 3025 5753 sapienter
3050 5692 3140 5749 uti,

2348 5758 2623 5818 Duramque
2650 5756 2790 5805 callet
2817 5752 3099 5816 pauperiem
3134 5752 3228 5813 pati
