3984 6382
280 291 367 348 693
1148 274 1235 330 [ΥΕ
1274 272 1791 329 CONSOLATIONE

1928 269 2306 328 ILOSOPIIIE
2346 271 2473 325 LIB.
2516 270 2580 325 ll.

3385 266 3489 321 69d

278 400 447 472 opibus
499 397 515 427 ⁸
545 401 570 431 ι
595 395 920 461 sequestrata
962 386 1305 457 placuissent.
1337 384 1519 455 Neque
1556 386 1698 440 enim
1730 384 1810 439 id-

1928 393 2017 446 :st,
2046 394 2103 439 ut
2148 385 2169 417 ⁷
2211 385 2449 439 divinum
2470 381 2499 422 ἀ
2522 386 2713 438 merito
2733 381 2950 437 rationis
2971 381 3189 438 animal.
3212 397 3318 437 nou
3337 381 3490 438 aliter

278 493 405 546 circo
444 491 563 541 sunt
605 479 852 551 pretiosa,
894 476 1036 544 quod
1075 476 1128 531 in
1169 485 1287 529 tuas
1326 489 1525 529 venere
1556 474 1811 529 divitias:

277 580 356 636 sed
378 576 615 647 quoniam
644 570 871 641 pretiosa
894 566 1231 631 videbantur,
1259 565 1364 620 tuis
1392 580 1456 620 ea
1485 564 1685 619 divitiis
1716 578 1810 618 an-

278 680 535 722 numerare
551 660 798 717 maluisti.
829 657 983 730 135
1008 656 1143 724 Quid
1166 666 1344 711 autem
1370 654 1399 693 ι’
1427 663 1572 710 tanto
1597 656 1821 710 fortuna:

279 759 483 827 strepitu
511 751 854 809 desideratis?
894 751 915 782 ³
964 749 1191 818 Fugare,
1239 746 1422 811 credo,
1474 746 1822 817 indigentiam

279 851 413 919 copia
432 845 683 916 qureritis.
713 842 874 912 Atqui
902 841 1002 895 hoc
1032 840 1184 895 vobis
1214 840 1265 893 in
1296 839 1629 894 contrarium
1653 835 1817 892 cedit.

280 943 299 974 ³
341 940 570 995 Pluribus
596 936 791 1005 quippe
818 934 1156 987 adminiculis
1191 947 1325 1001 opus
1356 939 1439 986 est
1476 931 1542 985 ad
1567 930 1819 985 tuendam

241 1053 249 1064 -
280 1030 502 1102 pretiosae
546 1025 568 1057 ⁸
604 1024 945 1094 supellectilis
973 1023 1283 1077 varietatem
1321 1038 1334 1075 :
1364 1035 1662 1090 verumque
1688 1019 1827 1074 illud

278 1132 368 1186 est,
406 1118 670 1189 permunitis
696 1131 789 1171 eos
817 1115 1078 1185 indigere,
1107 1114 1197 1183 qui
1234 1112 1314 1183 (5)
1352 1112 1614 1183 permulta
1646 1110 1821 1181 possi-

279 1214 449 1275 deant;
479 1216 763 1277 contraque
796 1208 1018 1262 minimo
1055 1218 1103 1273 ε,
1134 1206 1224 1274 qui
1253 1205 1630 1260 abundantiam
1673 1218 1823 1257 suam

278 1316 462 1361 naturae
490 1304 825 1365 necessitate,
876 1300 897 1331 '
944 1314 1049 1353 non
1075 1299 1306 1353 ambitus
1332 1295 1698 1365 superfluitate
1719 1310 1825 1349 me-

279 1400 472 1452 tiantur.
493 1395 634 1448 Itane
655 1402 830 1447 autem
858 1392 1060 1446 nullum
1077 1400 1160 1446 est
1183 1390 1458 1459 proprium
1476 1388 1647 1453 vobis,
1666 1398 1827 1457 atque

279 1488 472 1543 insitum
517 1486 733 1553 bonum,
766 1493 825 1538 ut
863 1484 915 1537 in
956 1482 1215 1547 externis,
1274 1496 1335 1537 ac
1385 1481 1637 1550 sepositis
1666 1480 1827 1536 rebus

278 1580 401 1634 bona
440 1586 609 1633 veStra
639 1575 923 1647 quaratis?
963 1575 984 1605 ⁸
1032 1573 1123 1629 Sic
1166 1587 1343 1629 rerum
1392 1587 1547 1627 versa
1591 1571 1830 1627 conditio

1920 476 2019 530 sibi
2048 475 2332 545 Splendere
2363 477 2501 547 (‘10),
2531 475 2631 530 nisi
2664 476 2961 529 inanimatae
2991 474 3343 543 supellectilis
3366 486 3487 543 pos-

1921 568 2161 622 sessione
2187 567 2474 621 videaturi
2507 567 2663 639 136
2701 566 2767 621 Et
2795 570 2817 600 '
2845 566 2951 621 alia
2979 564 3190 636 quidem
3218 567 3329 621 suis
3350 580 3485 621 con-

1925 665 2065 712 tenta
2096 667 2257 711 sunt:
2293 671 2386 711 vos
2414 668 2587 711 autem
2623 666 2645 693 ε
2677 657 2786 711 Deo
2825 666 3002 711 mente
3040 656 3369 724 consimiles,
3422 658 3489 710 ab

1924 748 2087 803 rebus
2116 746 2315 802 inlimis
2334 747 2646 801 excellentis
2671 757 2872 803 natura:
2898 754 3209 801 ornamenta
3236 747 3490 815 captatis;

1930 856 2028 896 nec
2050 841 2364 911 intelligitis,
2396 849 2649 909 quantum
2687 840 2948 895 conditori
2977 850 3152 896 vestro
3176 840 3382 895 faciatis
3406 841 3491 895 in-

1919 932 2137 1001 juriam.
2185 934 2206 966 ⁹
2252 932 2342 986 Ille
2388 946 2558 1002 genus
2603 931 2888 986 humanum
2944 932 3171 987 terrenis
3246 932 3497 988 omnibus

1927 1034 2182 1091 praestare
2221 1024 2427 1078 voluit:
2457 1038 2554 1077 vos
2599 1023 2911 1090 dignitatem
2954 1032 3187 1077 vestram
3231 1024 3309 1093 (5)
3359 1023 3495 1079 infra

1924 1115 2103 1169 intima
2130 1128 2358 1185 qumque
2380 1113 2679 1168 detruditis.
2708 1111 2839 1166 Nam
2870 1113 2912 1165 si
2941 1127 3099 1168 omne
3124 1112 3382 1181 cujusque
3405 1114 3498 1166 bo-

1927 1222 2073 1273 num,
2097 1220 2164 1260 eo
2194 1204 2345 1275 cujus
2367 1214 2471 1272 est,
2500 1213 2713 1258 constat
2735 1218 2857 1258 esse
2882 1203 3187 1269 pretiosius,
3212 1219 3330 1256 cum
3354 1203 3496 1257 vilis-

1929 1298 2062 1350 sima
2092 1311 2269 1351 rerum
2299 1306 2477 1350 vestra
2505 1294 2641 1349 bona
2683 1308 2804 1349 esse
2839 1293 3111 1364 judicatis,
3144 1294 3341 1349 eisdem
3377 1309 3497 1348 vos-

1930 1390 2185 1457 metipsos
2232 1396 2406 1442 vestra
2458 1386 2856 1441 existimatione
2902 1386 3211 1441 submittitis
3265 1386 3308 1417 “
3358 1385 3497 1455 quod

1929 1478 2144 1547 quidem
2188 1476 2331 1531 haud
2372 1477 2640 1530 immerito
2669 1473 2689 1513 τ
2723 1475 2885 1530 cadit.
2923 1475 2965 1507 “
3002 1474 3255 1529 Humana:
3305 1474 3500 1545 quippe

1934 1579 2142 1625 natura:
2186 1569 2284 1623 ista
2314 1566 2550 1623 conditio
2584 1574 2686 1632 est,
2720 1576 2777 1621 ut
2807 1576 2916 1621 tum
2948 1573 3151 1622 tantum
3177 1565 3386 1621 czeteris
3416 1580 3500 1620 re-

1589 1681 2163 1739 INTERPRETATIO.

339 1821 360 1846 ι
390 1817 646 1862 δρὶυησια.

339 1821 360 1846 ,
462 1817 473 1828 .

339 1883 362 1919 δ
390 1813 672 1934 ﬁgitﬁgit?!
707 1890 844 1934 tuam
874 1885 1160 1950 frequenter
1207 1877 1536 1947 appellando,
1579 1882 1819 1941 tantoque

279 1968 500 2007 concursu
529 1954 822 2020 quaerendo.

344 2033 362 2059 '
393 2023 626 2091 Indigere
653 2036 767 2074 eos.

1851 1808 1899 1867 B

1996 1797 2021 1836 δ
2054 1800 2249 1854 Titulo.

2004 1879 2027 1906 θ
2061 1870 2333 1923 Homines.

2009 1938 2028 1976 ί
2057 1939 2333 2010 Contingit.

1771 2095 1997 2154 NOTAE.

440 2222 680 2284 Pejusque
704 2221 803 2270 leto
829 2220 1061 2284 flagitium
1087 2221 1246 2278 timet,

496 2285 596 2333 Non
621 2284 705 2331 ille
728 2296 811 2341 pro
836 2283 960 2328 caris
984 2294 1145 2327 amicts

561 2348 658 2393 Aut
685 2345 837 2405 patria
865 2343 1059 2390 timidus
1085 2343 1268 2401 perire.

360 2418 373 2448 ¹
415 2404 786 2485 Sequcstrata.]
837 2412 1103 2483 Sejuncta.
1137 2411 1488 2485 Sequestralus
1530 2416 1713 2485 autem
1742 2404 1825 2459 di-

277 2489 397 2542 citur
420 2503 447 2539 a
468 2478 745 2554 sequestro,
769 2478 880 2535 'hoc
900 2478 928 2534 Et
953 2478 1225 2549 sequester,
1246 2481 1334 2547 qui
1356 2488 1439 2554 est
1469 2478 1667 2554 arbiter
1692 2479 1829 2554 inter

279 2547 543 2621 utramque
567 2566 771 2622 partem
802 2553 879 2606 sic
907 2547 1135 2609 medius,
1171 2560 1232 2622 u_t_
1252 2551 1492 2603 neuti-ius
1519 2547 1829 2622 pra'judieio

276 2639 409 2681 actus
432 2619 628 2691 iudicet
652 2643 667 2678 :
694 2622 1138 2691 quemadmodum
1171 2619 1291 2673 Ain.
1323 2635 1397 2685 XI,
1428 2636 1481 2672 v.
1518 2619 1655 2671 155:

409 2705 489 2753 Bis
510 2717 660 2753 senos
681 2706 920 2764 pepigere
941 2700 1049 2749 dies
1071 2707 1123 2748 et
1148 2698 1272 2761 paée
1297 2705 1571 2760 sequestra.

337 2776 434 2831 Sed
457 2776 693 2835 voxista,
723 2780 1077 2840 δαίνυσαι-ωηο,
1109 2785 1209 2839 qua
1242 2769 1529 2833 Arnobius,
1563 2767 1600 2820 l.
1631 2783 1659 2818 ν
1688 2765 1825 2840 Adv.

274 2856 423 2914 θείη..
454 2856 505 2898 et
523 2837 890 2914 Cassiodorus,
915 2842 948 2893 l.
973 2837 1151 2905 Nam,
1174 2854 1292 2908 cap.
1316 2840 1371 2904 3,
1392 2848 1630 2904 utuntur,
1652 2837 1829 2907 puriu-

276 2916 339 2970 ris
364 2914 653 2969 Latinitatis
687 2928 787 2964 non
814 2913 1040 2965 videlur.

361 2987 379 3016 ³
439 2984 643 3053 Fugare
686 2982 1018 3053 indigentiam
1058 2979 1206 3053 copia
1250 2975 1516 3053 quwritis.]
1562 2977 1614 3030 ld
1662 2992 1825 3031 unum

277 3048 551 3122 praetexunt
580 3048 884 3122 quicunque
907 3050 1296 3122 vehementiori
1321 3048 1694 3122 pra-dicturum
1718 3056 1825 3100 stu-

276 3118 354 3177 dio
380 3118 699 3177 afﬁciuntur.
747 3118 960 3175 Scilicet
1001 3120 1361 3188 unusquisque
1392 3118 1550 3169 homo
1596 3132 1705 3170 sua:
1751 3128 1828 3170 te-

277 3195 473 3246 nuitatis
518 3194 792 3255 conscius,
824 3189 1067 3257 pecunia,
1100 3190 1345 3258 gemmis,
1376 3189 1536 3255 agris,
1591 3188 1827 3240 vestibus

276 3272 324 3316 et
359 3263 580 3326 famulis,
614 3262 780 3315 veluti
811 3260 1033 3313 totidem
1080 3260 1397 3311 satellitibus
1443 3258 1824 3324 circumdatus,

278 3333 349 3386 bis
376 3342 514 3397 putat
538 3349 596 3387 se
619 3348 781 3401 posse
813 3330 881 3384 ab
908 3329 1052 3383 onmi
1084 3328 1311 3383 hostium
1344 3328 1531 3396 injuria
1570 3328 1779 3381 liberari
1814 3344 1824 3379 ε

276 3403 356 3457 sed
381 3403 604 3457 fallitur:

359 3473 377 3501 ³
414 3472 658 3525 Pluribus
680 3471 866 3539 quippe
910 3469 1232 3522 adminiculis
1256 3484 1381 3537 apus
1398 3465 1517 3538 εει]
1538 3466 1830 3520 Admiuicu-

276 3542 370 3594 lum
397 3552 477 3596 est
506 3544 789 3602 auxilium,
812 3542 951 3608 quod
983 3540 1046 3590 ad
1080 3554 1315 3601 manum,
1346 3541 1457 3593 sive
1485 3548 1678 3606 prtesto
1707 3549 1787 3589 est
1812 3555 1825 3591 :

276 3613 399 3678 quod
426 3622 599 3667 autem
632 3611 884 3679 praedicta
914 3612 1049 3663 bona
1082 3617 1346 3676 perpetua:
1368 3610 1473 3662 sint
1502 3608 1825 3679 corruptioni

276 3677 506 3744 Obnoxia,
534 3677 657 3735 ideo
688 3696 791 3749 quo
814 3682 962 3747 plura
994 3680 1346 3744 possidemus,
1390 3695 1454 3732 eo
1485 3677 1659 3749 adilla
1692 3693 1825 3730 c0n-

276 3753 518 3806 servauda
569 3748 723 3821 plura
762 3751 917 3803 nobis
959 3749 1024 3802 ad
1064 3764 1275 3801 manum
1322 3764 1442 3803 esse
1487 3748 1685 3802 debent
1733 3758 1828 3800 au-

275 3822 404 3873 xilia.

360 3890 380 3920 ‘
418 3887 801 3959 Supellectilis.]
840 3889 1087 3955 Supellex
1107 3888 1317 3955 proprie
1346 3898 1427 3942 est
1453 3898 1823 3941 ornamentum

275 3960 417 4025 aulai,
464 3962 763 4027 cujusmodi
804 3970 929 4011 sunt
968 3960 1156 4023 aulaea,
1195 3960 1402 4022 sedilia,
1449 3960 1631 4020 lintea,
1677 3973 1820 4022 vasa,

275 4040 551 4098 caule-raque
580 4032 773 4084 domus
802 4031 1066 4091 utensilia,
1099 4029 1235 4097 quod
1264 4031 1510 4081 nimirum
1542 4030 1654 4080 lucc
1677 4029 1826 4096 pelli-

277 4099 363 4151 bus
392 4100 641 4161 invnluta,
679 4114 707 4151 a
746 4100 999 4152 militibus
1047 4108 1098 4150 et
1130 4098 1265 4150 forte
1299 4102 1459 4151 etiam
1483 4113 1511 4150 a
1547 4100 1729 4165 legatis
1758 4098 1822 4151 ad

274 4181 384 4220 suos
405 4184 528 4223 usus
557 4179 897 4238 portarentur
924 4187 936 4221 :
968 4168 1052 4220 hic
1080 4177 1255 4219 autem
1288 4169 1632 4235 supellectilis
1654 4169 1823 4221 varie-

278 4247 346 4288 tas
375 4249 449 4291 est
476 4240 848 4307 praedictorum
868 4239 1126 4291 bonorum
1153 4247 1494 4292 externorum
1518 4239 1819 4303 multitudo,

276 4309 472 4361 nomine
502 4311 667 4375 partis
698 4308 762 4361 ad
793 4317 960 4361 tomm
989 4308 1261 4359 translato.

359 4378 377 4408 ⁸
436 4377 553 4431 Non
584 4378 803 4429 ambitus
826 4375 1218 4447 superfluit/tta]
1249 4376 1361 4447 Non
1388 4379 1558 4431 so‘um
1590 4380 1820 4443 pra'sidii

1936 2205 2172 2261 Primum
2204 2205 2416 2274 quidem
2450 2205 2607 2261 homo
2627 2213 2728 2262 est.

2031 2277 2050 2307 "
2092 2272 2332 2329 Divinum
2376 2277 2557 2329 merito
2585 2277 2797 2329 rationis
2818 2272 3053 2346 auimal.]
3083 2274 3253 2330 Homo
3279 2273 3420 2330 enlm
3444 2284 3498 2331 ut

1935 2360 2093 2400 nemo
2117 2348 2308 2413 nescit,
2363 2355 2574 2401 constat
2621 2363 2683 2400 cx
2735 2355 2911 2400 mente
2947 2354 3002 2400 et
3047 2361 3274 2413 corpore
3317 2352 3499 2401 mutuo

1935 2414 2267 2483 conjunctis:
2304 2432 2453 2470 mens
2474 2417 2638 2481 ratio;
2682 2432 2874 2484 corpus
2901 2418 3090 2470 animal
3120 2432 3223 2471 non
3257 2430 3377 2471 raro
3406 2430 3501 2484 ap-

1939 2487 2165 2554 pellatur
2191 2503 2207 2543 ;
2235 2488 2328 2540 sed
2361 2497 2543 2540 mente
2564 2487 2722 2540 homo
2751 2486 2938 2540 similis
2964 2498 3045 2540 est
3074 2488 3181 2540 Deo
3202 2504 3214 2538 :
3239 2489 3375 2539 sicut
3394 2495 3500 2539 sta-

1936 2556 2102 2609 tuitur
2124 2556 2317 2611 Genes.
2349 2573 2387 2615 l,
2422 2556 2717 2619 Faciamus,
2744 2556 2915 2624 inquit
2960 2557 3119 2619 Deus,
3153 2556 3402 2609 hominem
3433 2558 3500 2607 ad

1932 2627 2205 2696 imaginem
2223 2637 2268 2679 et
2284 2628 2663 2680 similitudinem
2681 2636 2903 2680 nostram
2926 2643 2943 2680 :
2968 2635 3227 2695 quatenus
3254 2627 3499 2681 videlicet

1934 2711 2085 2750 mens
2110 2708 2285 2751 no~tra
2320 2712 2404 2751 tes
2435 2707 2538 2759 est,
2572 2698 2739 2749 instar
2772 2697 2884 2759 Dei,
2928 2701 3200 2763 cOgitans:
3234 2698 3373 2750 unde
3400 2700 3498 2749 ho-

1933 2766 2126 2834 mines,
2169 2766 2207 2820 ll
2258 2766 2395 2820 Petri
2427 2782 2467 2833 ι,
2498 2767 2682 2819 divina:
2708 2775 2962 2821 consortes
2991 2777 3188 2820 natum
3217 2766 3498 2821 dicuntur:

1935 2846 2212 2902 prepterea
2247 2853 2383 2889 nunc
2423 2837 2582 2891 homo
2615 2847 2832 2889 vocatur
2861 2838 3051 2889 animal
3078 2838 3254 2888 merito
3287 2837 3403 2891 sive
3431 2838 3499 2890 ti-

1935 2907 2045 2975 tulo
2065 2908 2278 2959 rationis
2300 2908 2543 2961 divinum.
2572 2906 2837 2967 Homines,
2870 2907 3040 2975 inquit
3068 2907 3272 2959 Tullius
3294 2908 3359 2958 de
3382 2924 3497 2972 ειη..

1934 2974 2155 3028 Deorum
2182 2978 2537 3030 immortalium
2560 2978 2702 3045 quasi
2718 2978 2926 3045 gentiles
2944 2974 3081 3038 sunt,
3106 2986 3149 3029 et
3176 2978 3333 3029 divini
3353 2992 3499 3046 gene-

1930 3046 2001 3097 ris
2028 3047 2372 3115 appellantur,
2411 3056 2459 3100 ct
2488 3049 2714 3100 omnium
2745 3048 3081 3099 animantium
3114 3056 3280 3099 tenent
3317 3048 3499 3114 princi-

1935 3125 2130 3180 patum.
2167 3117 2361 3170 Deinde
2395 3118 2531 3170 idem
2585 3120 2742 3170 homo
2773 3128 2855 3170 est
2886 3118 3094 3171 cmteris
3123 3122 3279 3171 rebus
3303 3118 3499 3172 creatis

1936 3186 2306 3245 iu-ipicntior:
2340 3187 2772 3256 quandoquidem

2031 3256 2206 3328 l’_Alia
2251 3258 2454 3325 quidem
2492 3260 2597 3311 suis
2639 3266 2870 3310 contenta
2918 3256 3080 3328 sun!.]
3114 3258 3239 3311 Nam
3273 3272 3497 3326 corpora

1934 3323 2492 3393 inaniuiata,'planta:,
2518 3330 2699 3381 bestia:
2739 3332 2866 3396 ipsa:
2898 3323 3089 3381 finibus
3121 3329 3218 3381 sibi
3250 3323 3499 3381 divinitus

1934 3398 2259 3461 prmeriptis
2306 3399 2374 3450 ita
2418 3399 2791 3458 continentur,
2848 3410 2901 3451 ut
2953 3414 3051 3452 nec
3096 3401 3355 3468 pecunim,
3403 3417 3499 3452 nec

1931 3479 2284 3532 gemmarum,
2321 3482 2416 3521 nec
2444 3484 2715 3536 agrnrum,
2754 3484 2851 3521 nec.
2876 3472 3123 3530 vestium,
3155 3484 3255 3523 nec
3280 3470 3498 3523 famulo-

1932 3551 2049 3610 rum
2077 3538 2349 3610 desiderio,
2370 3548 2667 3592 teneantur.
2700 3538 2967 3595 Pra'terea
2999 3540 3139 3595 idem
3174 3541 3332 3594 homo
3358 3540 3497 3610 inju-

1931 3605 2063 3658 riam
2090 3607 2301 3660 videtur
2328 3607 2501 3661 facere
2535 3610 2639 3662 Deo
2670 3626 2681 3660 :

2023 3686 2044 3717 ⁹
2084 3682 2184 3758 Ille
2232 3702 2388 3755 genus
2429 3688 2725 3758 humanum,
2755 3686 2881 3758 etc.]
2913 3686 3043 3741 Cum
3073 3688 3213 3741 enim
3248 3689 3407 3754 Deus,
3442 3700 3494 3745 ut

1933 3763 2055 3827 pote
2083 3755 2529 3827 cujus_sapientia
2574 3757 2795 3810 inlinitii
2846 3755 2948 3821 est,
3000 3759 3237 3827 quolibet
3277 3761 3495 3816 homine

1929 3826 2087 3896 etiam
2118 3824 2541 3896 sapientissimo
2586 3826 2656 3879 sit
2706 3824 3029 3893 sapientior,
3074 3840 3353 3896 propterea
3408 3832 3496 3884 illa

1930 3893 2361 3965 homoinjuriam
2394 3898 2511 3949 facit
2553 3897 2681 3959 Deo,
2726 3913 2813 3961 qm
2850 3912 3009 3951 ausus
3038 3893 3191 3951 suum
3238 3900 3493 3965 judicium

1928 3963 2110 4015 divino
2139 3976 2489 4032 anteponere,
2523 3982 2679 4035 quam
2725 3968 3033 4034 dignitatem
3085 3963 3495 4023 llens'terrcuis

1928 4036 2175 4109 onmibus
2202 4049 2457 4109 pransitare
2483 4037 2670 4098 valuit,
2710 4037 2847 4109 hanc
2893 4038 3027 4109 infra
3058 4038 3235 4091 infima
3268 4054 3493 4109 quaeque

1927 4104 2182 4175 detrudit.
2204 4104 2396 4175 ’Atqui
2428 4108 2585 4161 homo
2615 4108 2879 4174 prtrdimis
2913 4108 3062 4161 bonis
3094 4104 3303 4162 inhians
3334 4104 3492 4164 ita'ste

1928 4173 2107 4226 habet.
2160 4173 2361 4229 Bonum
2401 4180 2541 4230 enim
2592 4173 2660 4229 ita
2703 4180 2754 4231 in
2788 4181 3108 4243 perieuliune
3140 4189 3402 4244 Versatur,
3436 4193 3493 4235 ut

1926 4246 2067 4314 quod
2096 4246 2286 4314 cuique
2307 4247 2525 4311 bonum,
2552 4248 2678 4301 illud
2702 4250 2901 4312 eidem,
2930 4253 3220 4313 semetipso
3248 4251 3493 4304 videatur

1926 4313 2233 4386 perfectius,
2255 4326 2307 4367 ut
2340 4328 2459 4382 pote
2478 4334 2506 4369 a
2530 4332 2633 4386 quo
2663 4320 2839 4383 perlici
2863 4319 3062 4385 possit:
3098 4336 3266 4386 neque
3289 4322 3486 4376 ett-nim

1929 4384 2112 4457 peilici
2160 4396 2354 4452 potest,
2386 4387 2486 4441 nisi
2518 4384 2898 4457 aiperl‘eetiori.
2959 4384 3323 4453 Quamobrem
3369 4407 3488 4447 cum

274 4459 435 4531 causa,
462 4448 741 4531 ut_dictum
774 4458 876 4510 est,
910 4449 1000 4499 sed
1028 4447 1227 4531 ambitu
1257 4446 1417 4531 etiam
1446 4448 1716 4528 prmdictis
1738 4450 1819 4502 di-
1850 4452 1899 4511 D
1926 4446 2238 4531 pretiosum,
2266 4463 2324 4508 ut
2344 4446 2505 4531 supra
2533 4446 2728 4531 dictum
2760 4470 2861 4525 est,
2887 4446 3029 4531 illud
3050 4459 3324 4523 habeatur,
3349 4464 3487 4531 quod

277 4518 401 4568 vitiis
430 4517 706 4571 studemus
752 4517 1142 4584 comparandis.
1192 4516 1289 4569 rati
1333 4518 1578 4570 nimirum
1622 4534 1718 4570 nos
1757 4535 1821 4573 en

274 4586 507 4651 majorem
537 4589 605 4641 de
636 4587 786 4640 nobis
821 4588 1265 4639 existimationem
1302 4586 1353 4638 in
1384 4598 1561 4641 mente
1602 4598 1823 4642 caetero-

274 4668 376 4705 l'lllll
407 4657 678 4709 hominum
703 4657 1050 4718 excitaturos,
1101 4670 1207 4723 quo
1238 4656 1473 4722 pluribus
1502 4657 1821 4725 majoribus-

272 4740 361 4787 que
388 4727 652 4789 ejusmodi
676 4727 829 4779 bonis
859 4726 1133 4779 fruemur:
1158 4734 1317 4793 atque
1342 4726 1390 4779 id
1423 4741 1485 4779 ex
1509 4741 1574 4780 eo
1604 4730 1822 4781 evidens

272 4804 360 4865 est,
390 4797 549 4865 quod,
592 4797 634 4848 si
664 4796 1042 4849 arbitraremur
1073 4797 1182 4849 fore
1232 4804 1288 4847 ut
1324 4810 1351 4845 a
1395 4798 1540 4848 nullo
1589 4812 1817 4865 utiquam

273 4862 470 4918 homine
498 4864 825 4925 videremur,
859 4880 957 4918 nec
981 4866 1227 4932 gemmis,
1274 4879 1373 4918 nec
1418 4862 1689 4929 vestibus,
1724 4885 1820 4922 nec

269 4932 378 4983 ullis
403 4934 665 4997 ejusmodi
695 4936 844 4987 bonis
877 4936 945 4987 ita
979 4936 1324 4987 inbiaremns.

353 5002 372 5031 ‘
411 5005 499 5055 Sic
524 5020 694 5057 rerum
721 5019 863 5057 versa
906 5003 1330 5073 conditio.].\lens
1352 5004 1544 5071 quippe
1575 5021 1689 5058 mea
1715 5010 1815 5061 mei

270 5076 489 5136 corporis
516 5074 685 5126 forma
708 5083 808 5139 est,
832 5074 925 5127 sed
947 5090 974 5126 a
1001 5074 1109 5127 Deo
1134 5086 1188 5127 et
1211 5087 1427 5142 propter
1455 5076 1623 5141 ipsum
1650 5077 1811 5131 Deum

270 5151 462 5194 creata:
495 5143 842 5209 quamobrem
875 5144 1035 5197 veluti
1061 5145 1232 5197 tnedta
1264 5145 1399 5196 inter
1427 5143 1590 5197 Deum
1622 5148 1809 5200 condi-

272 5215 443 5273 lnrem,
475 5227 775 5281 corpusque
804 5228 1051 5276 consms,
1082 5214 1150 5269 ab
1178 5222 1404 5282 utroque
1434 5217 1510 5267 sic
1553 5216 1808 5269 informa-

271 5285 344 5329 tur
372 5282 695 5348 notionibus,
721 5283 859 5336 utab
878 5292 1100 5349 utroque
1118 5284 1171 5335 in
1186 5299 1309 5335 suas
1332 5284 1570 5337 trahatur
1592 5294 1767 5351 partes
1789 5306 1800 5339 :

270 5350 516 5423 sedbenl
546 5368 665 5405 cum
710 5352 818 5405 Deo
848 5355 1000 5406 unice
1031 5354 1299 5420 diligendo
1338 5368 1529 5406 vacare
1564 5350 1804 5421 deberet,

269 5416 451 5471 infelici
480 5436 601 5473 cum
622 5424 848 5489 proprias
880 5416 1221 5481 infirmitatis,
1255 5433 1363 5475 tum
1396 5416 1809 5489 perturbationis

270 5490 484 5565 pontii-re
515 5492 581 5565 ad
610 5507 801 5565 corpus
831 5494 1078 5565 primum,
1126 5492 1319 5565 deinde
1358 5494 1425 5565 ad
1471 5506 1662 5548 etetera
1693 5512 1810 5549 cor-

271 5559 370 5635 pfui
398 5559 696 5635 famulantia
748 5563 994 5635 truditur,
1027 5563 1368 5635 quajquidem
1414 5563 1575 5635 inAre
1626 5566 1804 5632 homo,

268 5625 475 5704 divinum
505 5632 924 5704 meritoratiouis
950 5625 1399 5704 aniinalfcaateris
1429 5632 1586 5704 rebus
1615 5625 1808 5688 creatis

269 5698 605 5763 nsipientior,
635 5702 881 5767 injuriam
916 5705 1091 5756 facere
1120 5702 1327 5755 videtur
1370 5711 1421 5755 et
1467 5702 1574 5756 Deo
1604 5713 1657 5757 et
1680 5705 1800 5759 sibi.

1928 4522 1979 4575 in
2006 4533 2290 4597 nostraest
2314 4522 2725 4593 existimatione,
2762 4522 2990 4597 cumque
3018 4529 3131 4582 hinc
3169 4522 3490 4587 existimatio

1925 4607 2054 4655 non,
2091 4594 2200 4667 nisi
2244 4608 2523 4667 crescente
2562 4598 2636 4651 rei
2668 4594 2921 4665 snbjeetai
2965 4600 3311 4667 perfectione.
3342 4618 3491 4657 cres-

1925 4676 2052 4742 cere
2073 4662 2280 4742 debeat,
2314 4666 2523 4742 idcirco
2553 4662 2807 4742 quidquid
2839 4662 2997 4723 alicui
3029 4670 3223 4723 bonum
3254 4672 3485 4734 videtur,

1926 4732 2053 4812 illud
2097 4734 2271 4788 eidem
2308 4732 2594 4812 pretiosius
2632 4732 2889 4812 videatur,
2930 4754 3147 4795 necesse
3174 4751 3292 4796 est:
3324 4732 3489 4812 quate

1928 4801 2087 4855 homo
2130 4801 2339 4857 summu
2364 4809 2709 4881 famulorum,
2744 4810 2989 4875 vestium,
3039 4828 3307 4877 agrorum,
3340 4801 3488 4881 'gem-

1928 4886 2154 4952 marum,
2188 4875 2425 4952 pecunia;
2454 4887 2862 4952 eteaeterarum
2892 4875 3155 4947 ejusmodi
3187 4875 3367 4937 reruni
3394 4887 3488 4938 ab-

1924 4948 2336 5021 jectissimarnm
2388 4948 2654 5021 desiderio
2710 4961 3017 5016 occupatus,
3080 4967 3165 5005 res
3221 4954 3349 5006 istas
3388 4969 3484 5007 sua

1925 5019 2082 5089 etiam
2115 5026 2294 5089 mente
2327 5019 2690 5089 pretimiores,
2722 5022 3175 5089 perfectioresque
3199 5038 3319 5077 esse
3338 5026 3483 5078 exis-

1925 5085 2095 5159 timat,
2136 5085 2374 5159 adeoque
2406 5102 2503 5141 suo
2538 5085 2800 5143 conditori
2830 5091 2952 5144 facit
2984 5085 3228 5159 injuriam
3264 5110 3362 5147 suo
3390 5094 3485 5148 illo

1920 5150 2053 5203 falso
2077 5150 2298 5217 judicio;

1992 5221 2033 5250 ¹⁰
2076 5221 2454 5302 Ωιςοιζῃιιὶάεηι
2470 5226 2608 5302 haud
2631 5229 2877 5302 immerito
2894 5228 3074 5300 cadit.]
3096 5230 3243 5296 Quod
3266 5232 3478 5300 quidem

1916 5288 2104 5369 falsum
2133 5288 2390 5369 judicium
2424 5312 2521 5369 nec
2559 5300 2673 5369 sine
2709 5300 2879 5366 aliqua
2909 5288 3074 5353 causa)
3103 5288 3204 5366 est,
3242 5288 3338 5356 nec
3365 5303 3482 5356 sine

1916 5360 2091 5439 aliquo
2121 5361 2310 5439 etTectu
2335 5380 2360 5439 εΔ
2382 5366 2556 5420 oritur
2580 5367 2777 5436 quippe
2798 5360 3202 5439 esvoluntaria
3229 5374 3480 5428 humanae

1916 5436 2110 5511 mentis
2142 5436 2490 5511 ignoratione,
2520 5436 2948 5511 qttaeniguoratio,
2981 5451 3257 5496 crescente
3286 5443 3377 5495 illo
3394 5443 3477 5511 ju-

1914 5501 2559 5582 dicio,crescentibusque
2579 5501 2841 5575 adjunctis
2867 5506 2937 5561 illi
2971 5501 3454 5576 perturbationibus

1913 5580 2121 5624 crescit.

1990 5639 2031 5729 ‘f
2080 5640 2333 5729 Humana;
2370 5646 2552 5725 quippe
2579 5654 2789 5729 natura,
2814 5647 3147 5729 etc.l_llomo
3167 5650 3218 5729 in
3253 5653 3351 5709 hnc
3378 5655 3479 5709 dif-

1922 5706 2025 5762 fert
2052 5726 2081 5766 a
2110 5706 2718 5781 exteris"animantibus,
2751 5706 2889 5786 quod
2920 5706 3008 5775 ille
3051 5724 3239 5791 possit,
3269 5706 3479 5781 cetera:
