3984 6382
464 257 569 312 695
636 300 637 303 η

1688 264 1778 319 ΛΝ
1820 266 2035 322 MANL.
2068 265 2221 322 SEV.
2264 268 2488 323 ΒΟΕΤΙῙ

3627 278 3718 335 6‘36

464 368 586 432 bus,
615 382 739 425 cum
771 370 1148 449 secognoscit,
1196 372 1468 429 excellat:
1505 375 1689 431 eadem
1722 378 1835 449 (l0)
1871 389 2049 435 tamen
2079 383 2131 439 Α
2162 390 2330 447 putat.
2376 382 2455 436 Tu
2502 382 2678 452 igitur,
2722 384 2753 415 τ
2796 386 2883 456 qui
2914 401 3054 441 nunc
3085 395 3109 423 α
3139 397 3351 444 contum
3381 392 3719 465 gladiumque

463 458 601 513 intra
628 460 827 516 bestias
850 461 1141 531 redigatur,
1168 464 1214 518 si
1245 480 1304 519 se
1333 480 1494 521 nosse
1516 467 1753 522 desierit.
1786 468 1918 523 Nam
1942 487 2043 524 ca:-

463 553 593 605 teris
621 552 983 610 animantibus
1013 569 1134 609 sese
1177 557 1445 625 ignorare,
1500 568 1685 614 natura
1717 572 1833 616 est:
1865 565 2041 619 homi-

460 640 616 697 nibus
637 657 786 708 vero,
809 644 942 699 vitio
971 645 1136 701 venit.
1172 649 1323 719 137
1366 650 1381 680 ι
1424 650 1592 717 Quam
1613 666 1737 707 vero
1764 654 1869 708 late
1898 664 2043 723 patet

460 742 639 785 vester
668 733 754 787 hic
776 749 950 803 error,
984 738 1071 806 qui
1103 741 1282 793 ornari
1311 755 1467 808 posse
1489 742 1685 813 aliquid
1712 748 2041 801 ornamentis

461 827 785 883 existimatis
816 830 1031 886 alienis.
1075 832 1145 886 At
1186 834 1235 886 id
1270 835 1381 888 lieri
1414 838 1615 907 nequit.
1646 838 1779 892 Nam
1820 839 1864 893 si
1910 840 2034 908 quid

458 934 522 970 ex
552 921 809 987 appositis
833 922 1025 985 luceat,
1065 924 1178 993 ipsa
1204 926 1443 994 quidem,
1478 945 1596 996 qua:
1617 940 1741 985 sunt
1770 933 2036 1003 apposita,

460 1008 747 1062 laudantur
775 1028 786 1062 :
827 1012 957 1065 illud
990 1028 1118 1067 vero
1149 1016 1231 1069 his
1262 1025 1481 1083 tectum,
1513 1032 1672 1086 atque
1719 1022 1948 1075 velatum
1982 1024 2035 1077 in

458 1114 551 1153 sua
595 1103 945 1159 nihilominus
976 1106 1213 1162 lceditate
1258 1110 1508 1176 perdurat
1560 1112 1657 1182 (ες).
1711 1115 1730 1144 ²
1767 1114 1880 1184 Ego
1911 1132 2038 1170 vero

460 1206 596 1260 nego
628 1192 755 1247 illud
787 1210 908 1249 esse
948 1197 1167 1261 bonum,
1210 1200 1352 1269 quod
1394 1212 1586 1259 noceat
1628 1204 1865 1260 habenti.
1897 1207 2033 1261 Num

457 1281 512 1357 id
544 1271 1083 1349 mentior'liMinime,
1130 1288 1361 1358 inquies.
1412 1294 1573 1360 Atqui
1622 1295 1819 1352 divitia:
1860 1299 2034 1365 possi-

459 1372 710 1429 dentibus
742 1391 982 1444 perszrpe
1016 1392 1330 1444 nocuerunt,
1363 1396 1482 1435 cum
1523 1386 1783 1451 pessimus
1813 1389 2039 1457 quisque

458 1478 629 1532 eoque
678 1466 839 1520 alieni
885 1466 1055 1535 magis
1093 1468 1300 1534 avidus,
1345 1471 1597 1539 quidquid
1642 1475 1756 1528 auri
1789 1491 2034 1545 usquam,

458 1570 890 1626 gemmarumque
910 1567 1011 1620 est,
1035 1573 1095 1612 se
1117 1560 1309 1625 Solum,
1326 1561 1413 1629 qui
1434 1561 1651 1629 habeat,
1668 1563 2035 1634 digni~simum

2152 469 2411 525 sollicitus
2454 476 2793 541 pertimescis
2834 476 2980 545 (10),
3024 478 3068 531 si
3119 480 3246 535 vitae
3287 481 3442 549 hujus
3473 481 3501 520 ι)
3533 485 3715 538 callem

2150 575 2348 617 vacuus
2375 565 2549 618 viator
2586 565 2861 629 intrasses,
2909 582 3087 621 curam
3136 569 3342 625 latrone
3384 581 3652 627 cantares.
3679 576 3718 624 0

2150 652 2406 718 praeclara
2457 669 2616 721 opum
2667 655 2970 709 mortalium
3031 656 3335 724 beatitudo,
3390 676 3555 731 quam
3604 677 3717 716 cum

2148 739 2371 809 adeptus
2401 742 2593 807 lueris,
2615 757 2836 797 securus
2865 758 2985 797 esse
3013 745 3261 800 desistis!

2629 833 2785 904 133
2814 833 3102 889 memon
3133 840 3151 859 ·
3181 834 3249 890 v.

2144 920 2530 976 Aacuuesruu.
2556 949 2627 960 -—-
2654 920 2985 988 Philosophia
3005 963 3021 987 ,
3062 924 3226 992 posito
3268 925 3562 978 discrimine
3598 925 3722 978 inter

2222 1003 2385 1044 vetera
2418 1007 2639 1056 noxaque
2676 1002 2927 1058 tempora,
2977 995 3071 1057 ait,
3103 995 3292 1046 idcirco
3316 1006 3515 1047 atatem
3562 997 3721 1061 majo-

2216 1080 2328 1115 rum
2353 1072 2523 1113 nostra
2557 1064 2713 1124 [uisse
2744 1064 3040 1129 feliciorem,
3062 1066 3199 1133 quod
3225 1065 3302 1116 illi
3327 1066 3531 1127 minari,
3565 1081 3713 1130 quam

2218 1150 2327 1194 nos,
2356 1133 2533 1194 victus,
2576 1134 2803 1197 vestitus,
2852 1135 2967 1187 auri
3005 1144 3052 1188 et
3089 1136 3232 1204 regni
3276 1135 3557 1204 cupiditate
3585 1145 3717 1187 tene-

2217 1215 2415 1256 rentur.

2290 1294 2435 1349 Felix
2471 1296 2692 1349 nimium
2718 1294 2864 1363 prior
2892 1302 3036 1367 aetas,

2288 1385 2547 1439 Contenta
2583 1386 2824 1438 lidelibus
2852 1386 3014 1453 arvis,

2297 1477 2453 1546 139
2483 1477 2587 1530 Nec
2612 1468 2765 1531 inerti
2798 1476 3001 1544 perdita
3034 1476 3187 1541 luxu;

2289 1550 2452 1621 Facili
2474 1583 2590 1637 quze
2617 1582 2737 1621 sera
2767 1568 2973 1622 solebat

1780 1697 2355 1754 INTERPRETATIO.

536 1815 561 1875 9
585 1805 813 1875 Longum
841 1813 1042 1875 fustem.

537 1874 563 1912 δ
596 1874 839 1928 Sentium:

531 1945 685 1999 /E1as
726 1948 893 2014 prima
919 1947 1192 2004 hominum
1221 1949 1516 2019 priscorum
1541 1963 1657 2007 erat
1684 1954 1833 2008 nimis
1856 1956 2024 2023 beata,

2070 1822 2127 1883 ﬁ
2146 1825 2386 1891 contenta
2413 1816 2521 1868 suis
2549 1817 2682 1868 arris
2704 1816 2973 1878 fertilibus,
3006 1835 3165 1883 neque
3197 1819 3449 1873 dissoluta
3476 1820 3720 1891 intempe-

2144 1888 2441 1953 rieigaara,
2469 1904 2582 1950 qtae
2622 1899 2965 1959 consueverat,
3010 1900 3120 1955 post
3159 1891 3310 1957 longa
3336 1891 3554 1959 iejunia.
3584 1888 3722 1959 pasci

2140 1959 2326 2025 glande
2344 1958 2600 2027 expedita.
2627 1958 2688 2012 Hi
2712 1959 2992 2013 nesciebant
3020 1960 3159 2025 uina,
3185 1960 3361 2014 Liberi
3382 1958 3503 2017 Sive
3530 1958 3721 2016 Bacchi

1984 2087 2217 2146 NOTE.

460 2210 586 2250 vero
615 2197 914 2271 animantes
943 2211 1045 2251 non
1097 2199 1301 2267 possint
1346 2201 1627 2269 cogitare:
1678 2218 1842 2271 quare
1887 2204 2029 2270 quod

459 2274 667 2320 cauterio
694 2269 993 2340 animantes
1032 2285 1138 2322 sese
1181 2273 1431 2340 ignorent,
1463 2275 1562 2325 hoc
1590 2269 1800 2327 illarum
1848 2269 2032 2329 natura

459 2345 576 2389 ‹ε›ι;
604 2338 745 2406 quod
791 2354 916 2411 vero
949 2342 1108 2393 homo
1140 2338 1213 2411 se
1244 2342 1459 2411 ignoret,
1496 2343 1543 2395 id
1572 2344 1689 2409 ejus
1718 2346 1893 2396 t-itium
1925 2356 2027 2411 est,

459 2419 714 2476 quatenus
749 2409 1152 2475 prreeipitatioui
1179 2419 1233 2463 et
1265 2409 1589 2478 praeiudicio
1617 2414 1926 2479 obsecutus,
1961 2409 2028 2469 ad

461 2493 606 2554 suam
641 2489 869 2554 utentettt
903 2480 1080 2554 animo
1112 2496 1214 2554 non
1240 2483 1349 2554 vult
1374 2485 1650 2537 attendere
1676 2500 1688 2536 :
1716 2486 1857 2541 unde
1882 2485 2030 2554 justo

466 2547 555 2622 Dei
581 2547 785 2622 judicio
811 2552 877 2622 lit
906 2560 963 2622 ut
988 2550 1123 2618 infra
1154 2552 1333 2605 bestias
1367 2555 1625 2622 redigatur
1645 2570 1667 2607 :
1698 2547 2028 2622 Nolite'ﬁeri,

462 2618 631 2686 inquit
860 2620 988 2685 p-al.
1028 2637 1187 2707 XX‘XI‘
1206 2624 1337 2703 sicut
1364 2618 1602 2705 equus}:
1629 2625 1820 2689 mulus,
1847 2618 2031 2707 quibus

463 2704 561 2761 non
584 2699 675 2761 est
694 2690 977 2761 intellectus
1004 2708 1019 2743 :
1053 2701 1109 2744 ut
1140 2692 1383 2749 nimirum
1404 2690 1494 2746 'sui
1523 2694 1826 2761 immernor,
1859 2690 2028 2752 instar

464 2759 666 2832 bestiae,
699 2760 800 2813 huc
830 2760 964 2832 lerat
987 2778 1050 2820 ιε’.
1077 2778 1184 2828 quo
1212 2779 1404 2831 corpus
1427 2764 1583 2832 rapit.

558 2829 573 2859 ¹
621 2829 786 2906 Quam
824 2829 939 2906 late»
986 2842 1119 2906 patet
1147 2829 1414 2906 vester/tie
1451 2829 1640 2906 errata]
1679 2835 1774 2890 Est
1809 2837 2025 2904 quidem

463 2900 546 2951 hic
568 2915 712 2951 error
741 2903 852 2954 sive
877 2904 1062 2955 falsum
1088 2903 1369 2972 judicium,
1400 2900 1659 2973 quatenus
1691 2900 1849 2959 homo
1877 2907 2023 2961 arbi-

464 2978 669 3043 tratur,
697 2984 926 3043 utentem
960 2990 1107 3025 snam
1140 2976 1315 3026 ornari
1347 2989 1502 3043 posse
1540 2976 1863 3031 ornamentis
1889 2978 2023 3030 alie-

460 3040 562 3105 ni.,
588 3040 831 3095 videl'cet
858 3046 1099 3115 pecunia,
1126 3044 1290 3109 agris,
1323 3040 1568 3112 geminis,
1597 3057 1724 3112 elc.,
1758 3048 1868 3115 ipsa
1891 3048 2023 3101 enim

457 3127 569 3174 qua:
602 3122 718 3184 sunt
745 3119 992 3178 apposita,
1022 3114 1294 3184 laudantur
1322 3124 1451 3184 quod
1480 3132 1596 3169 vero
1621 3119 1699 3170 Itis
1730 3127 1915 3170 tectum
1944 3129 2024 3170 at-

457 3182 782 3246 quevelatunt
811 3184 862 3234 in
889 3201 981 3257 sua
1012 3182 1340 3257 nihilominus
1373 3188 1597 3255 {militare
1624 3188 1905 3257 perdurat:
1934 3204 2027 3242 ca—

458 3254 652 3326 davera
702 3263 854 3326 putes
897 3255 1134 3321 pulchris
1177 3254 1387 3309 coinlita
1439 3254 1746 3326 sepulcris:
1789 3271 2026 3313 Stercora

459 3322 670 3376 nivibus
698 3323 805 3375 obd
828 3335 946 3377 tela.
994 3328 1062 3377 At
1101 3326 1187 3378 ille
1224 3340 1365 3379 error
1396 3322 1684 3393 lute'patet,
1720 3343 1820 3380 non
1852 3329 2025 3383 solum

458 3394 970 3466 rationemulturum
1004 3394 1300 3460 hominum,
1336 3397 1423 3466 qui
1457 3398 1545 3451 illo
1576 3398 1901 3465 iuliciuntur,
1934 3415 2026 3452 ve-

456 3477 573 3514 rum
603 3463 763 3516 etiam
796 3465 1000 3518 ratione
1038 3463 1375 3519 diversorum
1419 3479 1657 3522 motuum
1698 3484 1817 3522 cum
1859 3463 2027 3523 animi

456 3541 567 3585 tum
599 3540 858 3610 corporis,
889 3552 1111 3610 quorum
1136 3552 1288 3589 error
1318 3539 1405 3590 ille
1423 3548 1504 3590 est
1531 3554 1689 3591 causa
1716 3556 1729 3589 :
1763 3540 2025 3610 quamob-

456 3616 565 3679 rem
609 3602 768 3657 h0mo
805 3602 917 3679 hoe
945 3607 1059 3674 ipso
1081 3622 1269 3679 errore
1312 3622 1414 3679 non
1449 3612 1606 3663 modo
1636 3611 1742 3664 Deo
1773 3602 1793 3675 ξ
1821 3620 1877 3663 ιιι
1900 3624 2023 3679 pro-

452 3673 758 3744 hatuuLest,
793 3678 883 3729 Sed
914 3673 973 3731 et
994 3678 1094 3731 sibi
1117 3678 1213 3739 ipsi
1242 3679 1363 3730 facit
1393 3678 1662 3744 injuriam.

547 3744 583 3817 '_
607 3742 717 3817 βας)
763 3762 878 3798 vero
919 3765 1044 3815 nego
1082 3748 1211 3799 illud
1227 3764 1333 3802 esss
1354 3742 1558 3817 bonum,
1583 3752 1717 3817 quod
1737 3761 1911 3805 noceat
1930 3752 2020 3805 Ita-

450 3813 627 3889 benti:]
657 3813 797 3889 :lla'e
834 3813 1188 3889 Philosophi-.1:
1218 3813 1554 3873 ratiocinatio
1580 3813 2019 3889 interpretatione

449 3900 551 3957 non
578 3884 803 3957 indiget.
847 3888 1019 3953 Quod,
1050 3884 1251 3957 inquit,
1296 3899 1449 3941 nocet
1480 3884 1734 3955 habenti;
1761 3893 1885 3945 illud
1915 3892 2014 3944 ha-

447 3955 480 4029 b
504 3955 619 4029 illis
650 3956 843 4009 bonum
877 3974 997 4012 esse
1019 3973 1122 4011 non
1138 3955 1358 4025 potest:
1397 3960 1591 4012 bonum
1623 3966 1813 4029 quippe
1839 3964 2017 4017 favere

444 4026 623 4088 debet,
660 4043 762 4080 non
812 4044 1025 4083 nocere.
1062 4029 1218 4094 Atqui
1258 4033 1529 4097 prtedictze
1576 4026 1775 4085 divitia:
1822 4043 2015 4086 uocent

447 4097 785 4169 habentibus,
819 4114 939 4151 Cum
970 4102 1023 4153 in
1043 4100 1181 4164 aliis,
1204 4108 1313 4151 tum
1339 4100 1391 4152 in
1417 4101 1515 4153 hoc
1543 4103 2012 4169 pr:i-scrtim,quod

445 4168 687 4243 pessimus
712 4172 1103 4236 quisque'eoque
1141 4170 1295 4222 alieni
1344 4174 1506 4239 magis
1542 4172 1741 4237 avidus,
1764 4174 2013 4243 quidquid

442 4236 561 4311 altri
577 4253 790 4311 usquam
815 4255 1227 4309 gemmarumque
1268 4252 1361 4304 est,
1390 4236 1445 4294 se
1472 4244 1654 4303 solum,
1694 4236 1787 4311 qui
1808 4236 2009 4309 hab-eat,

445 4306 800 4383 dignissimum
817 4306 981 4383 ’μυῖαι
1005 4326 1024 4363 :
1049 4306 1151 4383 sua
1173 4311 1418 4365 videlicet
1450 4306 1843 4378 perturbatione
1872 4306 2010 4383 pne;

444 4375 733 4445 serlimque
766 4375 985 4432 avaritia
1008 4382 1344 4435 obcaacatus:
1380 4375 1517 4436 unde
1555 4398 1648 4445 per
1674 4383 1750 4438 las
1780 4395 1833 4438 et
1861 4375 2009 4439 nefas
2098 4436 2107 4439 _

448 4445 639 4509 opibus
674 4450 851 4535 studet
895 4452 1255 4520 acquirendis.
1287 4452 1507 4508 Plautus
1543 4454 1597 4507 in
1640 4452 1882 4525 Captiv.,
1913 4466 2019 4513 act.
2049 4474 2104 4535 Ι)

443 4528 501 4579 It,
530 4531 674 4570 scen.
703 4518 772 4571 ἐς

567 4605 657 4656 Odi
684 4623 776 4670 ego
793 4622 963 4660 aurum
986 4626 997 4661 :
1024 4613 1172 4663 multa
1196 4614 1359 4663 multis
1384 4614 1530 4664 suasit
1558 4628 1836 4677 perperam.

536 4690 556 4721 ⁸
599 4691 695 4755 Qui
732 4709 867 4765 nunc
907 4705 1135 4760 contum,
1167 4694 1297 4765 etc.]
1342 4698 1681 4761 Ριιιιοεοιιιιίιι
1725 4699 1913 4753 alludit
1951 4701 2017 4753 ad

444 4762 542 4814 hos
570 4776 763 4815 versus
790 4763 1033 4819 Juvenal.
1061 4779 1164 4821 sat.
1197 4762 1296 4831 18,-
1319 4767 1355 4820 Ι.
1390 4781 1463 4829 ιν,
1488 4782 1535 4819 v.
1574 4768 1642 4823 19
1667 4782 1680 4821 :

567 4853 724 4917 Pauca
756 4854 871 4903 licet
894 4862 1059 4916 portes
1081 4859 1272 4915 argenti
1295 4857 1487 4904 vascula
1516 4860 1621 4917 puri

562 4914 718 4981 ἔσθιε
742 4918 835 4964 iter
858 4914 1125 4981 ingressus,
1142 4914 1359 4981 ’gladinm
1384 4914 1679 4980 coetumque
1701 4918 1914 4981 timebis,

560 4977 621 5027 Et
642 4986 786 5026 tnotte
811 4978 869 5024 ad
893 4977 1050 5025 lunam
1077 4979 1339 5038 trepidabis
1362 4977 1611 5029 arundinis
1634 4982 1871 5031 umbram.

560 5038 789 5089 Cantabit
814 5053 993 5088 vacuus
1008 5052 1167 5088 coram
1188 5039 1377 5089 latrone
1408 5045 1575 5092 viator.

440 5122 599 5177 Latro
648 5134 850 5193 autem,
878 5136 1018 5176 nunc
1064 5123 1154 5175 ille
1201 5123 1394 5175 dicitur
1439 5126 1549 5193 qui,
1597 5125 1711 5180 vias
1739 5125 2012 5191 obsidens,

437 5193 729 5249 viatoribus
758 5192 931 5247 aufert
961 5208 1110 5259 Opes,
1142 5208 1284 5258 smpe
1324 5192 1483 5248 etiam
1528 5198 1709 5249 vitam.
1740 5196 2013 5263 lNimirum

438 5267 573 5319 latro
597 5265 726 5318 olim
757 5276 873 5317 erat
916 5265 1068 5318 miles
1095 5265 1394 5320 conductus
1423 5266 1537 5320 sive
1565 5268 1803 5330 satelles,
1832 5270 1911 5319 sic
1934 5267 2014 5318 di»-

434 5350 552 5389 ctns
582 5335 735 5404 quasi
764 5336 943 5397 latera,
974 5335 1116 5403 quod
1165 5337 1391 5406 sliparet
1429 5337 1682 5405 principis
1728 5340 1807 5390 sui
1853 5338 2010 5390 latus.

433 5408 694 5468 Quoniam
721 5422 847 5460 vero
872 5406 1131 5466 eiusmodi
1164 5406 1407 5459 homines
1431 5423 1525 5458 sua
1549 5408 1683 5470 apud
1710 5422 1864 5475 reges
1891 5422 2013 5460 aue-

437 5478 651 5529 toritate
672 5478 845 5541 abusi,
878 5478 1109 5529 viatores
1133 5477 1350 5546 aggredi
1386 5477 1770 5543 pecuniamque
1804 5480 2014 5531 auferre

438 5560 540 5598 non
572 5546 905 5604 dubitabant.
933 5550 1125 5600 factum
1155 5557 1256 5604 est,
1289 5557 1343 5596 ut
1363 5548 1665 5615 quicunque
1698 5548 1899 5599 tiarum
1920 5549 2015 5599 ob-

436 5628 700 5680 sessores,
727 5617 855 5675 dicti
881 5618 1082 5671 fuerint
1115 5618 1373 5669 latrones.

509 5709 531 5728 θ
566 5704 795 5766 Carmen
835 5724 861 5760 ιε
884 5720 1082 5768 utstans
1115 5724 1215 5761 uno
1247 5722 1444 5777 genere
1481 5722 1753 5772 versuum,
1786 5720 2012 5776 quorum

2052 3096 2099 3157 C

2139 2205 2365 2282 quilibet
2391 2206 2560 2282 tribus
2597 2220 2809 2265 constat
2851 2212 3074 2277 pedibus
3116 2228 3237 2267 eum
3281 2189 3482 2282 syllaba
3531 2228 3721 2280 super-

2136 2280 2301 2351 stite:
2333 2280 2518 2351 tertius
2546 2294 2639 2346 pes
2669 2295 2883 2346 semper
2929 2294 3233 2351 anapaestus
3269 2302 3281 2335 :
3314 2280 3526 2351 primus
3555 2293 3613 2338 et
3638 2299 3719 2338 se-

2133 2347 2342 2401 cundus
2366 2349 2828 2404 indiseriminatim
2860 2347 3149 2421 spondeus,
3189 2363 3280 2407 aut
3316 2347 3649 2421 anno-rsum.

2206 2437 2258 2489 l.
2300 2435 2454 2489 Prior
2481 2436 2653 2507 αξιοι]
2683 2440 2735 2493 1.
2763 2440 3100 2509 Philosophia
3136 2442 3283 2508 ponit
3312 2442 3604 2497 discrimen
3635 2444 3713 2497 ind

2135 2513 2217 2559 ter
2244 2517 2521 2581 veteract
2557 2525 2690 2561 nova
2734 2522 2995 2578 tempora.
3028 2512 3204 2567 Poetis
3235 2512 3434 2580 quipzie
3477 2523 3712 2581 quatuor

2133 2588 2256 2650 sunt
2280 2579 2460 2630 mundi
2494 2589 2699 2645 aetates,
2730 2594 2922 2649 nempe
2952 2599 3134 2645 aurea,
3168 2579 3439 2650 argentea,
3470 2579 3615 2636 terea
3663 2592 3719 2636 et

2133 2646 2328 2709 ferrea,
2370 2650 2509 2717 quod
2558 2646 3004 2717 quemadmmlutn
3050 2646 3249 2706 lerruni
3274 2654 3341 2705 ab
3384 2668 3512 2715 tere,
3544 2656 3718 2715 :es,ab

2132 2730 2375 2788 argento,
2426 2730 2700 2788 argentum
2747 2722 2813 2774 ab
2857 2737 3009 2785 auro,
3056 2737 3134 2774 s-c
3179 2732 3398 2788 nepotes
3448 2738 3475 2775 a
3521 2722 3717 2777 virtute

2130 2787 2393 2912 Lndijtgum
2446 2787 2772 2859 degenerant
2813 2808 2825 2843 :
2878 2794 3019 2846 umle
3074 2787 3258 2846 Horat.
3304 2794 3341 2845 l.
3389 2793 3443 2846 ui
3492 2792 3711 2856 Carm.,

2256 2990 2492 3053 Qamnom
2514 2993 2631 3053 quid
2655 3006 2747 3040 non
2768 2996 3010 3043 imminuit
3032 2994 3173 3045 dies?

2256 3050 2390 3117 ditas
2416 3050 2668 3113 parentum
2693 3057 2829 3117 pejor
2850 3059 2951 3104 aris
2978 3058 3086 3107 tulit

2316 3113 2415 3161 Nos
2439 3113 2703 3175 nequiores
2726 3113 2831 3163 mox
2860 3118 3059 3167 daturos

2382 3175 2678 3237 Progeniem
2704 3180 3017 3228 vitiosiorem.

2131 3280 2228 3335 llic
2254 3290 2430 3336 autem
2458 3280 2631 3350 agitor
2647 3282 2714 3335 de
2741 3293 2897 3337 :etate
2918 3298 3101 3347 aurea,
3122 3298 3240 3352 qua:
3261 3282 3462 3337 ideirco
3483 3292 3713 3337 vocatur

2130 3353 2271 3419 prior
2291 3369 2311 3407 :
2342 3354 2408 3406 de
2446 3361 2546 3420 q'ua
2577 3362 2735 3406 aetate
2764 3370 2881 3422 que
2913 3369 3054 3406 nunc
3093 3354 3360 3416 dicuntur,
3395 3354 3511 3407 haec
3542 3356 3714 3408 niaxi-

2130 3438 2268 3491 mam
2310 3433 2514 3490 pirteni
2548 3423 2686 3477 dicta
2720 3423 2933 3477 luerunt
2962 3440 2991 3476 a
3027 3422 3209 3491 Virgil.
3248 3438 3264 3476 ι
3294 3433 3347 3476 et
3388 3440 3442 3477 nt
3482 3424 3708 3490 ϐᾶθι-ε..

2126 3490 2340 3546 Tibullo
2378 3494 2411 3545 l.
2448 3509 2485 3557 ι,
2518 3494 2587 3546 el.
2615 3494 2670 3555 5,
2703 3493 2950 3548 Lucretio
2990 3496 3024 3546 Ι.
3058 3490 3135 3558 ν(
3161 3494 3377 3547 Horatio
3408 3494 3585 3562 Epod.
3618 3494 3711 3549 od.

2127 3563 2219 3617 16.
2248 3563 2402 3616 Ovid.
2438 3563 2719 3627 tMetam.,
2751 3563 2993 3617 Juvenali
3019 3575 3121 3616 sat.
3147 3565 3199 3626 6,
3230 3573 3334 3617 etc.

2196 3632 2250 3686 2.
2293 3632 2539 3686 Contenta
2560 3634 2797 3701 ﬁdelibus
2817 3632 2998 3703 arms]
3030 3634 3093 3687 ll.
3125 3632 3470 3697 Philosophia
3505 3642 3713 3687 tracta-

2123 3707 2241 3755 tura
2264 3702 2331 3756 de
2359 3704 2520 3771 victu,
2542 3704 2791 3757 nimirum
2816 3705 2936 3757 cibo
2961 3702 3189 3772 poloque
3210 3719 3387 3757 aurea:
3418 3703 3566 3755 illius
3591 3704 3713 3756 sive

2122 3774 2317 3839 prioris
2342 3777 2534 3838 aetatis,
2566 3775 2746 3839 incipit
2773 3776 2839 3827 ab
2868 3778 2976 3843 ipsa
3007 3774 3267 3842 ejusmodi
3305 3774 3481 3825 victus
3510 3787 3704 3826 causa.

2122 3857 2313 3909 nempe
2336 3844 2403 3895 ah
2438 3846 2571 3896 aruis
2601 3846 2853 3909 ﬁdelibus,
2888 3846 3078 3911 quibus
3120 3855 3332 3897 veteres
3357 3844 3428 3895 illi
3459 3844 3709 3896 contenti

2119 3924 2292 3966 eruit.
2322 3915 2510 3967 Arvum
2536 3926 2745 3979 autem,
2777 3917 2949 3981 inquit
2988 3914 3198 3976 Festus,
3239 3930 3360 3978 ager
3388 3923 3460 3965 est
3488 3915 3712 3965 necdum

2118 3991 2262 4035 satus
2290 3999 2307 4035 :
2339 3985 2492 4037 lidele
2524 4000 2652 4037 vero
2684 3986 2731 4038 id
2762 3986 2977 4050 dicitur,
3009 3985 3147 4052 quod
3180 3984 3314 4035 votis
3344 3983 3711 4063 respondens,

2117 4056 2576 4119 exspectationem
2602 4058 2925 4122 pOSsessoris
2954 4071 3057 4108 non
3091 4061 3408 4106 lruslratur:
3438 4056 3586 4120 atqui
3615 4068 3713 4103 an-

2117 4136 2206 4173 rc-a
2244 4124 2330 4175 illa
2362 4135 2516 4175 aetate
2548 4126 2659 4188 agri
2684 4142 2781 4180 nec
2809 4127 2942 4179 arati
2975 4140 3074 4178 nec
3104 4126 3202 4178 sati
3227 4123 3455 4193 idipsum
3484 4132 3713 4191 praesta.

2114 4190 2261 4243 bant.
2285 4192 2375 4243 Lui
2397 4204 2495 4243 ret.
2524 4195 2560 4243 l.
2587 4208 2652 4243 v:

2151 4201 2261 4246 aut.
2285 4192 2375 4246 Lut
2397 4204 2495 4247 ret.
2524 4195 2561 4249 l.
2587 4208 2652 4247 νε

2237 4305 2340 4355 Nec
2364 4308 2593 4356 robustus
2614 4315 2720 4357 erat
2744 4309 2880 4356 curvi
2905 4307 3188 4358 moderator
3204 4311 3351 4355 aratri

2240 4372 2501 4438 Quisquam
2529 4385 2541 4438 :_
2566 4384 2658 4438 uec
2676 4371 2829 4438 scibat
2849 4370 2981 4418 ferro
3002 4371 3361 4438 molirierarra,
3530 4428 3556 4438 ’Δ
3572 4429 3583 4438 .

2250 4430 2353 4477 Nec
2377 4444 2493 4477 nova
2512 4430 2747 4481 defodere
2774 4435 2821 4479 in
2846 4442 3025 4480 terram
3053 4430 3278 4489 virgulta,
3309 4441 3474 4490 neque
3498 4428 3618 4478 altis

2249 4494 2519 4540 ArbOribus
2541 4500 2735 4541 veteres
2751 4494 2982 4541 decidere
3008 4492 3362 4541 falcibu‘ramos
3383 4504 3395 4538 :

2252 4555 2387 4611 Quod
2412 4557 2479 4601 sol
2501 4563 2647 4615 atque
2676 4556 2857 4601 imbres
2885 4554 3142 4610 dederant,
3173 4558 3298 4611 quod
3334 4559 3465 4599 terra
3491 4554 3691 4600 crearat

2249 4617 2433 4677 Sponte
2457 4630 2564 4678 sua,
2588 4617 2705 4665 satis
2724 4616 2768 4663 id
2793 4615 3009 4677 placabat
3036 4623 3231 4677 pectora
3252 4615 3452 4662 donum.

2124 4724 2277 4779 Ovid.
2310 4741 2321 4777 I
2352 4723 2591 4785 Melana,
2626 4736 2679 4775 v.
2713 4722 2852 4777 109:

2247 4836 2357 4886 Mox
2380 4836 2526 4883 etiam
2551 4833 2717 4892 fruges
2742 4831 2891 4881 tellus
2913 4834 3095 4882 inarata
3117 4831 3326 4882 ferebat.

2194 4942 2247 4993 5.
2293 4937 2403 4990 Nec
2431 4937 2579 4989 inerti
2626 4937 2825 5004 perdita
2872 4935 3042 5005 quta]
3073 4936 3252 4990 Luxus
3295 4937 3380 4987 hic
3407 4935 3595 4987 vitium
3625 4943 3709 4988 est

2124 5009 2364 5063 dissoluti
2394 5011 2579 5071 animi,
2612 5008 2751 5074 quod
2794 5009 2879 5060 hic
2921 5009 3079 5059 variis
3122 5008 3234 5059 suis
3260 5006 3553 5073 cogitationi
3582 5008 3705 5065 lius,

2126 5082 2178 5132 in
2209 5078 2507 5133 contrarias
2538 5078 2699 5131 veluti
2724 5088 2903 5143 partes
2933 5077 3234 5140 distractus,
3282 5077 3451 5129 instar
3480 5075 3709 5141 liquoris

2125 5160 2269 5202 motu
2296 5149 2664 5202 evanescentis
2691 5148 2817 5199 dilui
2849 5146 3088 5197 videatur
3113 5163 3125 5198 :
3161 5156 3218 5197 ut
3261 5147 3407 5198 enim
3431 5160 3459 5198 a
3484 5148 3595 5214 [tuo
3624 5153 3709 5195 est

2124 5223 2327 5287 ﬂuxus;
2356 5221 2433 5271 sic
2461 5233 2488 5269 ει
2516 5219 2601 5270 luo
2628 5227 2709 5269 est
2753 5217 2907 5268 luxus
2930 5230 2949 5268 :
2979 5215 3120 5268 unde
3164 5216 3392 5269 luxuries
3417 5231 3438 5269 :
3468 5217 3545 5268 sic
3590 5214 3707 5287 Te-

2128 5285 2299 5343 rentio
2327 5291 2619 5341 adolescens
2648 5287 2843 5339 dicitur
2880 5286 3003 5338 luxu
3026 5288 3271 5351 perditus.
3302 5287 3394 5340 Ille
3418 5298 3599 5339 autem
3624 5285 3708 5336 lu-

2120 5377 2217 5413 xus
2249 5376 2352 5411 non
2383 5360 2478 5412 abs
2512 5375 2569 5411 re
2609 5368 2829 5409 vocatur
2857 5357 2990 5408 iners
3014 5372 3032 5409 :
3065 5372 3185 5407 nam
3217 5358 3353 5409 iners
3399 5357 3547 5424 quasi
3584 5355 3707 5406 sine

2121 5441 2235 5482 arte
2257 5430 2546 5497 generatim
2578 5428 2842 5497 signiﬁcat
2873 5440 2981 5478 tein
3014 5441 3226 5477 onmem
3254 5442 3373 5489 «tua:
3413 5436 3492 5479 est
3522 5435 3705 5497 motus

2120 5495 2311 5562 enters
2338 5516 2347 5550 :
2382 5501 2519 5552 sicut
2544 5495 2752 5561 Ovidio,
2786 5512 2876 5548 nec
2904 5496 3305 5565 quidqnatnnisi
3324 5498 3523 5565 pondus
3538 5496 3700 5544 iners.

2122 5570 2280 5636 Atqui
2312 5571 2399 5623 ille
2430 5569 2589 5622 animi
2633 5570 2787 5642 luxus
2820 5566 3045 5642 primum
3066 5564 3288 5642 quidem
3320 5564 3699 5642 cogitationes,

2120 5639 2317 5693 deinde
2360 5641 2601 5709 corporis
2648 5637 2815 5708 ipsius
2862 5636 3077 5690 humani
3131 5647 3310 5689 nutus
3361 5646 3530 5689 rectos
3596 5636 3701 5687 int-

2123 5710 2288 5778 pedit.
2980 5734 2985 5739 ο
