3984 6382
499 277 605 337 699
1710 280 1749 335 Α
1764 279 1823 334 Ν.
1868 278 2069 333 MANL.

2204 276 2261 329 V.
2308 277 2525 332 BOETli

505 395 572 448 15
642 395 787 451 Nova
816 396 993 451 littora
1022 392 1233 449 viderat
1262 392 1474 461 hospes.
2104 399 2149 450 Α
2335 390 2444 444 Nec
2474 388 2689 458 prrrmia
2711 387 2980 457 sanguinis
3007 388 3143 443 ulla?

644 486 791 538 Tunc
811 486 1033 539 classica
1060 497 1200 537 sa-va
1224 481 1502 544 tacebant,

648 573 803 644 142
823 574 968 627 Odiis
991 587 1165 640 neque
1196 571 1343 626 fusus
1368 571 1577 627 acerbis

645 665 816 718 Cru‘br
840 664 1051 718 horrida
1082 665 1312 718 tinxerat
1332 678 1498 717 arma.

644 757 778 823 Quid
807 757 948 810 enim
982 757 1128 811 furor
1159 756 1392 811 hosticus
1424 757 1527 811 ulla

505 846 574 903 9.0
650 847 821 901 Vellet
845 847 990 916 prior
1018 862 1163 901 arma
1196 862 1434 913 movere,

648 937 779 991 Cum
812 938 1029 993 vulnera
1060 952 1201 992 smva
1232 936 1499 1005 viderent,

2341 479 2555 533 Utinam
2585 480 2742 533 modo
2774 488 2952 533 nostra
2980 480 3215 535 redirent

2330 565 2389 620 lu
2421 581 2603 620 mores
2634 576 2869 635 tempora
2904 569 3138 635 priscos!

2183 658 2256 713 25
2330 658 2435 713 Sed
2466 658 2658 714 saevior
2688 659 2897 729 ignibus
2923 658 3099 714 Eluas

2324 748 2562 803 Ferreus
2595 764 2744 804 amor
2773 750 2925 802 ardet
2946 750 3194 805 habendi.

2334 840 2488 913 153
2521 841 2657 907 Heu,
2688 843 2895 910 primus
2920 843 3039 912 quis
3069 844 3165 898 fuit
3189 842 3298 915 ille,

2325 932 2452 989 Auri
2484 931 2577 1002 qui
2608 933 2843 1004 pondera
2872 935 2997 989 tecti

1850 1067 2422 1137 INTERPRETATIO.

508 1180 655 1234 rum?
696 1180 1099 1248 quandoquidem
1140 1181 1295 1249 primi
1329 1180 1404 1234 illi
1433 1181 1675 1237 homines
1703 1184 2077 1242 animadverte-

510 1249 628 1323 bant
658 1249 769 1323 fore
809 1261 864 1303 ut
891 1252 1247 1323 inﬂigerentur
1256 1250 1429 1323 plaga:
1456 1254 1707 1317 crudeles,
1738 1255 1923 1323 absque
1948 1273 2080 1311 mer-

510 1320 631 1372 cede
650 1322 751 1373 ulla
785 1323 980 1373 cruoris
1019 1320 1187 1385 effusi.
1224 1319 1430 1373 Utinam
1467 1334 1641 1375 nostra
1686 1335 1809 1377 wtas
1841 1319 1972 1378 nunc
1998 1343 2080 1378 re-

510 1399 732 1457 vertatur
770 1392 837 1441 ad
883 1392 1148 1457 antiquum
1186 1391 1332 1443 illum
1372 1394 1578 1444 modum
1614 1392 1845 1447 vivendi.
1887 1395 2074 1449 Verum

2188 1204 2408 1272 (estanus
2433 1196 2592 1272 libido
2633 1197 2880 1272 bonorum
2921 1201 3256 1272 caducorum,
3288 1203 3521 1272 asperior
3546 1204 3763 1270 ﬂamini.

2190 1262 2415 1344 «Elnwis
2440 1271 2598 1347 fervet
2628 1270 2766 1347 apud
2797 1284 2913 1347 nos.
2950 1271 3091 1347 Heu,
3128 1262 3365 1347 quisnam
3391 1274 3479 1347 ille
3516 1262 3623 1347 fuit
3654 1290 3763 1347 om-

2184 1338 2327 1387 nium
2373 1338 2588 1404 primus,
2629 1338 2719 1409 qui
2766 1342 2897 1392 eruit
2946 1338 3171 1410 pondera
3215 1344 3330 1395 auri
3369 1338 3686 1410 absconditi,
3720 1354 3760 1397 et

2026 1509 2253 1567 NOTAE.

636 1620 856 1670 Nondum
877 1619 1111 1670 caeruleas
1132 1620 1275 1680 pinus
1296 1624 1657 1679 contempserat
1674 1618 1829 1666 undas

708 1682 916 1730 Effusum
942 1682 1101 1729 ventis
1124 1683 1500 1743 przebueratque
1521 1683 1695 1729 sinum.

639 1743 741 1792 Nec
764 1756 913 1803 vagus
931 1743 1114 1803 ignotis
1138 1751 1372 1803 repetens
1390 1744 1671 1803 euinpendia
1693 1743 1840 1792 terris

701 1805 953 1853 Presserat
978 1814 1183 1852 externa
1211 1806 1367 1853 navita
1387 1815 1553 1852 merce
1577 1810 1749 1853 ratem.

517 1889 606 1943 Sic
627 1888 846 1942 Ovidius
875 1903 889 1940 1
915 1887 1128 1940 Metam.
1160 1904 1170 1914 ·

643 1978 863 2027 Nondum
882 1991 1005 2025 caesa
1039 1979 1139 2024 suis
1165 1988 1479 2036 peregrinum
1506 1983 1558 2025 ut
1591 1979 1775 2026 viseret
1808 1978 1977 2025 orbem

646 2040 888 2087 Montibus
908 2041 953 2085 in
980 2039 1185 2096 liquidas
1218 2039 1357 2097 pinus
1378 2039 1707 2086 descenderat
1742 2039 1895 2087 undas
1922 2052 1937 2087 :

642 2100 885 2159 Nullaque
909 2102 1137 2147 mortales
1164 2107 1341 2159 praeter
1359 2112 1443 2146 sua
1466 2097 1623 2146 littora
1648 2107 1833 2147 norant.

520 2182 642 2238 Tria
669 2189 955 2247 supersunt
980 2178 1063 2232 hic
1096 2179 1325 2232 notanda
1359 2179 1635 2242 vocabula,
1685 2180 1937 2233 videlicet
1962 2181 2093 2244 allo,

524 2251 795 2314 nurribus,
828 2260 872 2301 et
900 2252 1101 2313 hospes.
1129 2248 1245 2300 Alta
1277 2250 1429 2300 maris
1468 2250 1767 2313 signiﬁvant
1791 2266 1936 2305 mare
1966 2265 2094 2315 pro—

531 2322 749 2375 fundum
806 2331 859 2373 et
900 2336 929 2371 ει
982 2320 1139 2372 terris
1184 2322 1462 2371 remotius.
1523 2319 1613 2375 Sic
1654 2316 1837 2390 Virgil.
1883 2336 1898 2373 ι
1942 2319 2090 2383 Abh,

526 2394 723 2446 v.58:

650 2481 742 2527 Vix
772 2490 801 2527 e
816 2485 1077 2539 conspectu
1100 2477 1276 2527 Siculae
1302 2476 1493 2527 telluris
1512 2478 1560 2527 in
1582 2479 1731 2529 altum

644 2541 765 2590 Vela
786 2541 965 2589 dabant
987 2540 1099 2590 laeti.

530 2624 599 2678 Et
628 2621 755 2676 Ᾰίιι.
786 2638 844 2689 ιι,
876 2639 928 2675 v.
955 2622 1097 2677 203:

650 2714 775 2763 Ecce
802 2720 963 2761 autem
981 2714 1163 2773 gemini
1186 2725 1214 2761 a
1237 2711 1440 2763 Tenedo
1464 2712 1723 2777 tranquilla
1745 2728 1835 2777 per
1857 2718 1969 2765 alta.

529 2799 677 2851 Merx
688 2798 817 2856 sive,
831 2806 887 2848 ut
907 2796 1104 2863 antiqui
1122 2795 1675 2862 loquebantur,mercis
1689 2811 1717 2849 a
1730 2797 2002 2849 mercando
2019 2797 2098 2850 di-

527 2870 700 2922 citur:
726 2866 863 2919 unde
878 2882 987 2919 rem
1013 2866 1252 2919 venalem
1278 2868 1536 2932 signiﬁcat
1558 2881 1782 2932 eamque
1803 2868 2095 2932 priesertim

534 2953 693 3006 quam
717 2938 881 2989 nostri
904 2936 1155 2993 mobilem.
1181 2935 1250 3006 du
1279 2936 1490 2998 meuble,
1514 2949 1723 2998 vocant,
1752 2938 1923 3003 qualis
1943 2939 2097 2990 vendi

528 3005 739 3074 e’mique
764 3006 964 3059 solctin
986 3005 1234 3057 nundinis
1267 3005 1388 3057 hinc
1411 3006 1602 3072 etjinde
1637 3006 1790 3058 lecta.
1815 3006 2095 3074 Propterea

532 3093 749 3139 numen,
781 3076 920 3144 quod
959 3075 1123 3128 veteri
1166 3076 1545 3144 superstitione
1592 3077 1911 3128 credebatur
1950 3077 2098 3130 lucro

530 3143 810 3214 rebusque
828 3147 943 3197 istis
971 3144 1209 3196 emendis
1233 3143 1636 3214 vendendisque
1677 3159 1926 3210 prices~e,
1959 3148 2093 3201 dice-

533 3217 686 3269 batur
714 3212 1029 3274 Mercurius,
1054 3227 1150 3265 nec
1176 3212 1332 3264 aliam
1368 3214 1505 3267 forte
1532 3215 1599 3266 ob
1616 3229 1828 3266 causam
1862 3217 1945 3268 hic
1978 3217 2099 3282 pin-

530 3287 755 3353 gebatur
770 3283 980 3336 sinistra
1002 3282 1280 3349 virgulam,
1302 3282 1482 3353 dextra
1506 3286 1774 3336 sacculum
1800 3289 2097 3341 numarium

532 3351 743 3417 teiieus,
773 3354 872 3404 nisi
910 3353 1047 3418 quod
1083 3362 1404 3405 mercatores
1434 3351 1516 3404 his
1545 3353 1804 3416 instructi,
1836 3357 2095 3421 proﬁcisci

535 3428 728 3478 solent.
783 3421 983 3488 Hospes
1015 3422 1243 3489 denique
1268 3423 1379 3475 sive
1412 3432 1467 3474 ιιι
1496 3423 1649 3490 primi
1682 3422 1979 3477 Latinitatis
2006 3441 2099 3478 au-

532 3504 709 3552 ctores
729 3491 994 3563 dicebant,
1022 3492 1177 3563 hostis
1207 3492 1251 3543 is
1280 3500 1362 3546 est
1391 3508 1546 3561 quem
1576 3507 1717 3546 nunc
1753 3496 2094 3563 peregrinum

531 3564 566 3618 d
592 3564 781 3622 cimus,
812 3560 1010 3615 Gallice
1036 3577 1103 3612 un
1130 3562 1267 3613 hc‘ts.

605 3633 692 3687 16.
732 3630 876 3683 Tunc
905 3632 1114 3703 classica
1141 3647 1272 3703 steva
1303 3631 1577 3703 tacebant.]
1609 3631 1717 3687 VII.
1757 3633 2095 3702 Philosophia

532 3704 642 3771 agit
670 3703 737 3756 de
762 3716 944 3768 regno,
980 3700 1130 3769 cujus
1152 3702 1424 3755 obtinendi
1452 3704 1535 3755 vel
1558 3700 1910 3768 ampliﬁcandi
1941 3700 2099 3757 causa

535 3770 769 3826 buccinae
797 3770 1082 3842 inflantur,
1111 3785 1257 3842 arma
1289 3782 1593 3836 sumuntur,
1624 3775 1929 3842 multusque
1972 3790 2098 3826 san-

532 3844 650 3912 guis
680 3840 937 3895 funditur.
971 3840 1192 3912 Classica
1222 3842 1379 3911 igitur
1400 3843 1551 3911 quasi
1591 3840 1852 3897 colossica‘
1871 3844 1938 3896 ab
1957 3845 2099 3897 anti-

530 3928 636 3980 quo
680 3913 810 3975 calo,
851 3926 993 3975 voco,
1051 3911 1221 3978 inquit
1262 3912 1494 3966 Isidorus
1540 3915 1574 3964 Ι.
1622 3929 1767 3976 xviii,
1808 3929 1857 3967 c.
1888 3917 1943 3975 4,
1976 3926 2101 3966 sunt

531 3998 730 4035 cornua
761 3996 878 4050 qum
915 3982 1241 4034 convocandi
1274 3998 1429 4035 causa
1459 3996 1608 4036 erant
1642 3984 1779 4035 facta
1804 4002 1815 4035 :
1844 3987 2098 4051 quemad-

533 4054 747 4105 modum
782 4051 958 4122 classis
981 4051 1056 4122 ab
1074 4051 1275 4122 origine
1296 4056 1479 4105 eadem
1510 4055 1674 4120 dicta,
1695 4069 1810 4105 eam
1839 4056 2101 4122 signiﬁcat

532 4123 808 4174 hominum
842 4121 1254 4188 multitudinem,
1288 4138 1405 4190 qua:
1434 4125 1544 4177 sive
1591 4125 1743 4189 mari,
1792 4121 1905 4177 sive
1938 4136 2096 4183 terra.

536 4191 648 4244 sive
672 4191 838 4256 domi,
870 4190 982 4242 sive
1010 4190 1212 4260 militia:
1241 4193 1393 4260 signo
1422 4193 1597 4258 aliquo
1619 4190 1753 4246 sniet
1779 4195 2058 4248 convocari
2087 4212 2097 4244 :

536 4262 612 4313 sic
650 4272 845 4314 nnsxrae
874 4260 1032 4312 etiam
1065 4259 1281 4323 scholae,
1312 4262 1455 4328 quod
1486 4264 1592 4314 sint
1622 4274 1792 4316 castus
1818 4264 2105 4329 discipulo-

536 4346 652 4383 rum
683 4330 981 4391 convocati,
1017 4329 1172 4397 vulgo
1197 4332 1382 4383 classes
1412 4334 1763 4398 appellantur.
1800 4334 1896 4386 llic
1924 4346 2100 4387 autem

535 4401 748 4523 τιαὲεέἓα
778 4408 901 4453 sunt
931 4401 1077 4468 signa
1102 4402 1325 4465 militia’,
1361 4412 1418 4455 ut
1440 4402 1579 4470 apud
1609 4402 1796 4471 Virgil.
1822 4418 1855 4456 ιι
1882 4404 2101 4472 Georg,

535 4485 583 4521 ν.
654 4505 664 4520 .
746 4487 759 4521 :

534 4485 583 4521 ν.
617 4485 720 4521 ῡῦδ
746 4487 759 4521 ε

660 4561 853 4607 Aureus
871 4562 994 4609 hanc
1019 4562 1160 4608 vitam
1190 4563 1236 4607 in
1263 4564 1408 4609 terris
1438 4562 1673 4609 Saturnus
1695 4562 1888 4622 agebat,

660 4622 876 4669 Necdum
905 4624 1050 4668 etiam
1081 4624 1329 4671 audierant
1356 4624 1509 4669 inllari
1535 4623 1752 4676 classica,
1782 4624 1991 4671 necdum

657 4683 912 4742 lmpositos
933 4685 1065 4730 duris
1083 4684 1327 4742 crepitare
1355 4684 1613 4732 incudibus
1635 4696 1799 4731 emes.

530 4766 703 4818 Cruor
732 4782 858 4819 vero
888 4768 1103 4835 sanguis
1132 4778 1210 4820 est
1244 4783 1347 4819 non
1379 4769 1548 4818 solum
1579 4767 1665 4833 qui
1695 4767 1856 4819 Corde
1885 4768 2009 4829 ruit,
2036 4769 2107 4820 si-

534 4846 623 4888 cut
646 4836 960 4904 quibusdam
997 4838 1169 4903 placet
1202 4837 1653 4906 (quandoquidem
1685 4839 1901 4897 sanguis
1929 4840 2105 4892 omnis

534 4926 563 4955 te
592 4910 754 4959 corde
779 4921 1024 4973 egresSIis
1057 4906 1202 4973 ruit),
1233 4907 1325 4960 sed
1348 4910 1433 4975 qui
1461 4918 1609 4959 extra
1641 4923 1802 4957 venas
1829 4907 2029 4961 eil‘usus
2050 4919 2106 4961 ut

535 4977 757 5040 quiescit
788 4990 865 5049 sic
888 4976 1041 5042 friget
1068 4993 1080 5027 :
1113 4993 1266 5029 cruor
1304 4980 1501 5044 quippe
1532 4978 1731 5049 dicitur
1753 4992 1781 5028 a
1807 4977 1979 5049 κρύος,
2014 4982 2105 5045 fri-

535 5062 670 5115 gus:
704 5046 843 5121 unde
874 5048 1103 5121 κρυερὸς,
1130 5048 1366 5121 frigidus.
1395 5048 1544 5112 Quod
1575 5061 1693 5097 cum
1725 5046 1996 5121 horrorem
2028 5051 2107 5099 in-

536 5127 719 5169 cutere
760 5117 947 5175 soleat.
988 5117 1205 5183 sanguis
1238 5127 1518 5184 pmpterea
1550 5128 1599 5167 ct
1625 5118 1819 5169 acerbis
1852 5117 2108 5169 duntaxnt

537 5186 664 5238 odiis
708 5187 876 5256 fundi,
920 5197 965 5238 et
1008 5189 1151 5254 {usus
1209 5203 1350 5237 arma
1378 5202 1489 5253 qua:
1524 5188 1688 5256 tingit,
1714 5189 1877 5254 facere
1903 5186 2110 5240 horrida

539 5272 678 5326 nunc
727 5258 1035 5319 perhibetur
1071 5275 1083 5308 :
1124 5267 1402 5324 propterea
1430 5258 1591 5308 etiam
1623 5272 1800 5319 nemo,
1834 5260 2108 5326 sanguinis

537 5325 790 5379 ftindendi
839 5330 1029 5389 gratia,
1074 5342 1218 5377 arma
1249 5327 1468 5391 primum
1503 5328 1710 5378 uoluerit
1758 5343 1977 5393 nwvere,
2010 5328 2107 5379 llisi

536 5397 745 5463 aliquod
801 5396 1040 5448 videatur
1083 5396 1358 5464 sanguinis
1407 5395 1659 5465 l'undendi
1706 5399 2004 5465 praemium;
2055 5407 2112 5448 ut

536 5480 676 5517 nunc
704 5466 919 5528 dicitur,
951 5480 1055 5518 non
1088 5466 1249 5519 fuisse
1296 5466 1348 5519 in
1390 5464 1477 5517 illa
1511 5465 1671 5533 priori
1708 5464 1881 5520 a‘tate
1926 5482 2108 5519 aurea.

537 5535 690 5588 Ovid.
727 5551 740 5587 t
774 5538 981 5589 Metam.
1012 5553 1022 5586 :

660 5626 763 5674 Non
789 5626 963 5685 gelare,
996 5640 1084 5674 mn
1111 5628 1239 5674 ensis
1263 5635 1407 5687 erat:
1434 5629 1540 5674 sine
1560 5627 1722 5674 militis
1745 5640 1831 5673 usu

666 5687 823 5736 Mollia
856 5701 1042 5736 secum
1068 5690 1367 5750 peragebant
1392 5693 1487 5739 otia
1510 5700 1705 5749 gentes.

2117 1864 2165 1923 Β

2134 4463 2183 4520 1)

2191 1622 2412 1679 Scilicet
2440 1633 2497 1679 ut
2522 1628 2665 1681 canit
2685 1628 2962 1685 Lucretius
2991 1630 3027 1683 l.
3062 1646 3110 1683 νς

2313 1713 2396 1783 §ic
2419 1713 2522 1783 a_i_ia_
2539 1731 2601 1783 ei:
2622 1717 2715 1765 alio
2740 1721 2937 1783 peperit
2954 1721 3190 1769 discordia
3211 1723 3378 1783 tristis,

2310 1775 2558 1842 ilorribile
2580 1775 2940 1842 humanis'quod
2961 1783 3195 1842 gentibus
3218 1775 3425 1831 essetin
3450 1784 3603 1832 armis
3626 1796 3639 1831 :

2315 1836 2469 1898 inque
2487 1840 2596 1888 dies
2615 1839 2730 1888 belli
2758 1836 3028 1891 terroribus
3048 1844 3233 1893 addidit
3254 1856 3482 1904 augmen.

2261 1918 2351 1972 23.
2400 1918 2608 1993 Utinam
2639 1932 2815 1993 nostra
2838 1926 3077 1986 redirent,
3104 1924 3235 1993 etc.]
3270 1925 3341 1978 Ita
3376 1925 3593 1993 quidem
3627 1927 3765 1991 prior

2193 1996 2324 2042 tetas
2352 1988 2622 2043 moderata
2646 1992 2745 2045 fuit
2771 1993 2907 2046 circa
2934 1995 3150 2057 victum,
3182 1988 3451 2057 Vesulum,
3486 1988 3678 2049 auruin
3718 2007 3765 2050 et

2195 2072 2447 2131 regnum,
2480 2060 2573 2113 sed
2596 2071 2774 2115 nostra
2798 2064 2849 2117 iu
2885 2064 2966 2117 bis
2988 2065 3233 2117 omuilms
3259 2065 3539 2131 cupieudis
3566 2066 3764 2118 nullum

2194 2127 2405 2181 videtur
2434 2130 2648 2183 modum
2699 2142 2925 2186 tenere:
2962 2134 3083 2187 hinc
3133 2127 3560 2187 minus'tclicem
3607 2135 3766 2188 vitam

2198 2198 2464 2262 duciinus,
2492 2199 2952 2272 justissimumqne
2985 2214 3067 2257 est
3110 2204 3237 2257 illud
3286 2204 3647 2272 Philosophia:
3678 2221 3768 2260 vo-

2198 2275 2331 2320 tum.

2274 2340 2364 2391 25.
2408 2337 2617 2415 saevior
2647 2340 2847 2410 ignibus
2893 2340 3073 2415 zEtua:
3123 2359 3265 2395 amor
3310 2344 3456 2396 ardet
3503 2343 3767 2415 habendi.)

2208 2407 2354 2462 Mens
2382 2410 2579 2481 quippe
2608 2407 2856 2473 luiiiiana,
2908 2414 3031 2466 hinc
3071 2414 3151 2467 sui
3180 2428 3396 2481 suaeque
3427 2407 3768 2477 perfectionis

2205 2492 2421 2540 amans;
2458 2478 2580 2533 inde
2610 2495 2740 2533 vero
2768 2496 2877 2533 suae
2905 2483 3173 2537 tenuitatis
3197 2478 3409 2537 conseia
3432 2484 3765 2548 naturaliter,

2206 2561 2311 2600 non
2363 2551 2524 2601 modo
2569 2565 2721 2603 suum
2780 2566 2993 2618 corpus,
3044 2554 3141 2606 sed
3186 2564 3435 2606 externas
3474 2558 3638 2606 etiam
3689 2569 3768 2608 res

2207 2631 2391 2691 amore
2419 2621 2779 2691 prosequitur,
2813 2622 2945 2676 ade»
2995 2634 3050 2673 ut
3088 2639 3153 2675 ex
3196 2638 3253 2673 se
3283 2624 3603 2688 catterisque
3632 2623 3768 2691 ejus-

2207 2687 2351 2760 modi
2377 2687 2534 2760 rebus
2555 2691 2793 2755 quaadam
2823 2692 2923 2744 sibi
2947 2693 3190 2745 videatur
3212 2694 3325 2746 ﬁeri
3355 2687 3767 2760 societas,cujus

2208 2755 2318 2818 ips:i
2372 2758 2440 2809 sit
2491 2773 2610 2825 pars
2660 2776 2761 2812 non
2796 2760 2998 2813 ultima.
3043 2763 3174 2815 Hinc
3200 2764 3408 2815 exteris
3437 2755 3767 2816 hiscerebus

2206 2825 2385 2899 studet
2412 2836 2503 2879 aut
2528 2832 2927 2895 conservandis,
2955 2834 2995 2884 si
3016 2831 3232 2895 habeat;
3261 2843 3350 2885 aut
3375 2832 3763 2899 comparandis,

2206 2895 2253 2969 si
2291 2896 2477 2969 iisdem
2516 2910 2715 2963 careat,
2766 2901 2834 2952 ita
2881 2912 2936 2953 ut
2980 2902 3025 2953 si
3070 2905 3358 2969 contingat.
3411 2895 3551 2955 hanc
3598 2895 3765 2967 aliqua

2205 2964 2467 3039 ejusmodi
2498 2981 2672 3021 rerum
2696 2982 2783 3021 aut
2812 2972 3148 3035 possessione
3175 2964 3387 3039 aut'Spe
3416 2972 3658 3038 spoliari,
3684 2964 3767 3025 ve-

2206 3033 2300 3086 luti
2330 3034 2395 3110 de
2426 3046 2574 3103 parte
2619 3054 2729 3091 suae
2770 3033 3038 3093 societatis
3076 3033 3554 3103 detracta'doleat,
3604 3033 3767 3110 magis

2206 3113 2297 3178 aut
2328 3106 2520 3178 minus,
2557 3116 2713 3173 prout
2739 3123 2859 3174 pars
2896 3113 2979 3163 illa
3022 3112 3191 3178 pluris
3223 3121 3313 3163 aut
3358 3111 3584 3165 minoris
3612 3106 3767 3165 habe-

2125 3167 2171 3228 C
2206 3176 2377 3251 batur.
2411 3167 2528 3251 Nec:
2546 3167 2810 3231 immerito
2836 3195 2988 3251 amur
3015 3167 3104 3234 ille
3150 3195 3291 3234 nunc
3340 3181 3534 3234 dicitur
3576 3180 3767 3251 ignith

2210 3241 2388 3318 @tnaz
2414 3248 2590 3299 saevior
2612 3263 2629 3298 :
2661 3263 2781 3300 nam
2810 3249 2966 3303 Aitna
3004 3266 3157 3305 mons
3194 3251 3410 3309 Siciliae.
3448 3241 3616 3318 vulgo'
3636 3259 3765 3302 mont

2210 3311 2355 3365 Gibel
2385 3326 2642 3394 perpetuo
2683 3323 2859 3372 clarus
2899 3320 3165 3400 incendio,
3195 3311 3567 3443 irequentiqzué
3596 3331 3765 3388 strage

2210 3398 2237 3434 a
2263 3393 2432 3443 poetis
2461 3387 2779 3442 celebratus.
2818 3389 3000 3443 Virail.
3037 3408 3048 3442 I
3076 3392 3294 3443 Georta.
3327 3407 3378 3443 ν.
3411 3390 3477 3442 47
3540 3407 3552 3443 τ

2209 3398 2237 3434 a
2262 3387 2432 3450 poetis
2461 3387 2779 3442 celebratus.
2818 3389 3000 3458 Virgil.
3037 3408 3048 3442 I
3076 3387 3305 3457 Georg",
3327 3407 3378 3443 ν.
3411 3387 3552 3443 4ης

2332 3471 2549 3538 Vidimus
2573 3476 2833 3524 undantem
2855 3481 3009 3538 ruptis
3034 3479 3306 3527 fornacibus
3327 3477 3537 3538 Etnam,

2330 3531 2749 3598 Flammarumque
2770 3531 2940 3597 globos
2964 3541 3318 3602 liquefactaque
3342 3531 3544 3588 volvere
3573 3550 3704 3587 saxa.

2206 3613 2294 3666 Ilia
2320 3626 2493 3689 autem
2524 3621 2872 3689 perturbatio,
2904 3637 3021 3689 qua:
3052 3638 3157 3675 non
3185 3622 3358 3676 minus
3381 3620 3627 3688 perennis
3658 3627 3761 3684 est,

2202 3698 2361 3760 quam
2396 3686 2824 3760 ignisEtnmus,
2861 3686 3017 3760 longe
3064 3693 3243 3760 plures
3288 3686 3663 3760 gravioresque
3688 3688 3765 3743 in-

2202 3755 2350 3806 ducit
2374 3756 2724 3811 calamitates.
2763 3755 3253 3827 Virgil.'vttt'1Eii.,
3280 3755 3336 3814 ἦ.
3367 3758 3511 3816 524ε

2330 3844 2610 3907 Aureaque,
2634 3855 2685 3895 ut
2706 3849 2984 3955 perhibent,
3015 3849 3096 3897 illo
3123 3851 3213 3898 sub
3236 3862 3361 3913 rege
3384 3848 3529 3898 fuere

2332 3906 2517 3953 Saecula
2548 3921 2557 3953 ξ
2583 3910 2651 3954 sic
2676 3924 2706 3955 n
2726 3910 2857 3955 acida
2885 3916 3084 3955 nonulos
3107 3914 3154 3955 in
3174 3923 3293 3955 pace
3315 3912 3525 3955 retrahat

2332 3906 2519 3973 §iecula
2548 3921 2557 3953 :
2583 3910 2651 3973 sic
2676 3906 2870 3973 placida»
2885 3906 3084 3970 populos
3107 3914 3154 3961 in
3174 3906 3525 3973 pace'regebat
3548 3924 3561 3961 :

2330 3966 2560 4031 peterior
2584 3966 2741 4017 donec
2762 3966 2991 4031 paulatim
3011 3986 3065 4019 ac
3088 3966 3285 4020 dec'olor
3307 3966 3429 4019 aetas

2328 4026 2381 4075 Et
2409 4029 2527 4075 belli
2555 4031 2738 4091 raLies,
2763 4026 2815 4078 et
2838 4044 2969 4081 amor
2993 4033 3228 4084 successit
3254 4033 3484 4082 habendi.

2210 4109 2361 4166 Ovid.
2393 4126 2409 4163 ι
2438 4113 2674 4179 Metam,
2708 4131 2759 4167 v.
2786 4116 2886 4168 128
2915 4133 2930 4167 :

2268 4222 2277 4225 ν
2334 4201 2565 4250 Protinus
2588 4204 2749 4267 erupit
2776 4217 2912 4251 venae
2935 4206 3114 4267 pejoris
3137 4208 3182 4252 in
3208 4218 3363 4254 aevum

2333 4268 2487 4329 pmne
2515 4265 2650 4312 nefas
2675 4278 2688 4311 :
2716 4263 2889 4329 fugere
2916 4263 3089 4329 pudor,
3116 4280 3410 4329 verumque,
3438 4265 3646 4329 ﬁdeSque

2336 4324 2352 4389 l
2362 4341 2387 4370 u
2411 4338 2615 4389 quorum
2643 4305 2845 4374 subigre
2864 4305 3028 4375 iocum
3047 4305 3570 4389 iiauvtigSttt‘iedeii‘t-l‘li;

2334 4386 2627 4446 Insidiaeque
2656 4396 2707 4435 et
2728 4389 2798 4436 vis
2823 4396 2877 4436 et
2901 4401 3034 4436 amor
3054 4388 3328 4438 sceleratus
3349 4386 3577 4438 habendi.

2266 4471 2370 4523 9.7.
2414 4469 2620 4523 Primus
2647 4472 2758 4539 quis
2782 4472 2881 4542 fuit
2904 4470 3036 4542 ille.]
3067 4472 3293 4542 Elegans
3313 4472 3509 4542 locutio
3526 4468 3754 4542 ad‘signi-

2212 4540 2614 4663 lilcantllaniiovum
2649 4538 2915 4608 {medietas
2946 4538 3382 4610 perturbationis.
3425 4541 3517 4595 Sic
3542 4538 3759 4593 Tibullul

2236 4650 2247 4662 .
2282 4626 2317 4673 ι,
2348 4628 2376 4663 e
2406 4649 2417 4661 .
2540 4628 2552 4661 :

2335 4705 2450 4762 Quis
2476 4704 2565 4751 fuit
2593 4710 2859 4753 uorrendos
2882 4705 3069 4766 primus
3092 4706 3175 4767 qui
3214 4704 3415 4766 protulit
3438 4701 3616 4753 enses?

2209 4806 2297 4859 Sic
2326 4804 2578 4857 Horatius
2599 4804 2636 4856 i.
2670 4804 2916 4869 ICarm.,
2947 4805 3036 4858 od.
3066 4805 3135 4859 ’ὃς

2334 4918 2404 4966 liii
2428 4919 2576 4965 robur
2601 4927 2649 4965 et
2674 4930 2743 4965 ass
2765 4919 2940 4979 triplex

2397 4981 2528 5030 Circa
2556 4984 2726 5041 pectus
2745 4990 2870 5041 erat,
2896 4982 2979 5040 qui
3002 4979 3226 5041 fragilem
3246 4987 3369 5029 truci

2335 5042 2580 5091 Commisit
2604 5040 2783 5101 pelago
2806 5051 2958 5088 ratem

2402 5104 2590 5150 Primus
2615 5115 2709 5148 nec
2735 5102 2891 5164 timuit
2926 5104 3227 5164 praecipitem
3251 5101 3463 5151 Africum

2342 5167 2690 5215 ll-u'ertantein
2718 5162 3042 5225 aquilonibus,

2403 5225 2505 5273 Nec
2531 5226 2698 5272 tristes
2725 5223 2933 5286 Hyadas,
2959 5223 3050 5273 nec
3074 5224 3261 5272 rabiem
3287 5225 3389 5272 noti

2289 5330 2378 5382 ‘18.
2420 5328 2544 5381 Auri
2565 5327 2650 5396 qui
2680 5326 2905 5396 pondera
2926 5326 3083 5395 tecti]
3112 5326 3277 5379 Recte
3304 5339 3491 5377 aurum
3514 5337 3604 5376 suo
3629 5326 3755 5396 nata-

2220 5412 2304 5454 tur
2334 5386 2587 5464 pondere;
2623 5386 2727 5449 non
2764 5397 2933 5449 solum
2969 5386 3089 5462 quia
3123 5411 3309 5449 aurum
3333 5396 3565 5466 omnium
3596 5386 3754 5466 metal-

2220 5472 2391 5524 lorum
2423 5476 2504 5520 est
2523 5466 2906 5534 gravissimum
2935 5482 2947 5517 :
2980 5467 3070 5518 sed
3105 5466 3264 5518 etiam
3290 5464 3409 5529 quia
3442 5477 3517 5516 esr
3548 5464 3749 5513 omnium

2222 5538 2739 5610 prmstaritissimuin,
2756 5545 2901 5610 recte
2927 5552 3137 5603 quoque
3157 5551 3341 5587 aurum
3354 5534 3560 5610 dicitur
3575 5539 3747 5610 lectulo.

2221 5596 2514 5677 prmsvrtim
2547 5606 2835 5669 inventori,
2869 5596 3064 5674 de'quo
3095 5621 3233 5677 nunc
3286 5604 3455 5677 agitur
3482 5621 3495 5659 ;
3524 5596 3747 5668 siquidem

2221 5674 2408 5733 aurum
2439 5679 2576 5731 intra
2603 5676 2806 5730 viscera
2832 5685 2989 5731 terra:
3022 5676 3287 5730 inclusum
3319 5674 3583 5728 formatur.
