3984 6382
529 242 634 298 705

1747 236 1858 292 ΑΝ.
1901 234 2109 292 MANL.
2154 232 2307 290 SEV.
2348 233 2574 289 BOETII

3689 235 3786 290 704

524 366 653 409 vero
692 359 775 409 est
818 351 917 406 ista
950 359 1129 408 vestra
1157 358 1184 388 ⁸
1214 348 1513 420 expetibilis
1543 362 1604 401 ac
1635 351 1889 416 prarclara
1921 358 2101 415 poten-
2133 354 2186 410 Α
2214 359 2314 399 nus
2352 343 2631 398 materiam
2671 342 3003 398 crudelitatis
3032 341 3133 413 (5),
3164 342 3246 397 vir
3270 344 3485 414 sapiens
3519 342 3648 399 fecit
3673 360 3787 401 esse

524 441 631 495 tia?
657 442 843 497 Nonne
870 456 905 494 o
932 438 960 479 δ
992 450 1203 495 terrena
1230 438 1476 493 animalia
1505 436 1879 502 consideratis,
1908 435 2099 505 quibus

518 530 611 599 qui
642 530 929 599 praesidere
951 529 1271 583 videamini?
1293 527 1424 582 Nam
1448 528 1493 582 si
1522 526 1659 581 inter
1683 540 1863 580 mures
1889 525 2103 579 videres

519 640 682 679 unum
729 622 959 691 aliquem
1003 623 1091 690 jus
1132 620 1233 675 sibi
1270 633 1332 673 ac
1377 627 1694 687 potestatem
1740 630 1850 685 prae
1887 616 2101 670 caneris

518 714 899 776 vindicantem,
938 720 963 751 α
1009 718 1207 779 quanto
1248 709 1540 765 movereris
1581 706 1868 761 cachinno!
1910 707 1926 738 ¹
1963 706 2097 772 Quid

520 818 649 858 vero
671 804 717 858 si
745 803 826 872 (5)
857 817 1053 871 corpus
1087 810 1317 871 spectes,
1355 798 1673 854 imbecillius
1696 797 1913 852 homine
1939 810 2098 865 repe-

514 892 624 946 rire
673 907 859 962 queas,
908 907 1044 962 quos
1090 907 1235 962 stepe
1278 888 1305 929 ά
1355 891 1717 945 muscularum
1757 902 1968 957 quoque
2011 886 2099 940 vel

518 997 750 1047 morsus,
780 983 865 1037 vel
899 983 949 1036 in
979 993 1184 1038 secreta
1215 997 1439 1052 quaeque
1472 982 1791 1051 reptantium
1825 989 1978 1035 necat
2018 979 2103 1033 in-

516 1070 741 1126 troitus?
782 1073 901 1137 Quo
950 1086 1083 1125 vero
1126 1072 1408 1140 quisquam
1447 1070 1534 1140 jus
1578 1071 1793 1139 aliquod
1826 1071 1879 1123 in
1913 1084 2100 1139 quent-

517 1160 681 1227 piam,
709 1161 810 1214 nisi
840 1162 890 1213 in
923 1162 1097 1215 solum
1119 1174 1332 1227 corpus,
1361 1170 1415 1215 et
1443 1160 1583 1229 quod
1612 1160 1745 1213 infra
1773 1174 1969 1228 corpus
1993 1173 2098 1223 eSt,

513 1248 780 1304 fortunam
822 1252 1029 1320 loquor,
1072 1252 1241 1319 possit
1287 1250 1580 1304 exercere?
1628 1250 1760 1303 Num
1809 1250 2097 1319 quidquam

514 1354 748 1408 unquam
778 1340 944 1395 libero
969 1339 1259 1409 imperabis
1295 1341 1510 1395 animo?
1540 1339 1675 1393 Num
1712 1339 1827 1411 (10)
1863 1349 2099 1395 mentem

514 1432 667 1485 firma
696 1432 795 1486 sibi
821 1432 1026 1485 ratione
1046 1430 1409 1485 cohaerentem
1438 1430 1505 1484 de
1533 1438 1674 1484 statu
1695 1429 1925 1499 pr0prite
1950 1429 2099 1498 quie-

515 1524 586 1579 tis
621 1523 932 1578 amovebis?
967 1524 1124 1594 148
1151 1525 1173 1555 ³
1210 1522 1341 1577 Cum
1385 1522 1613 1577 liberum
1641 1520 1924 1590 quemdam
1966 1531 1991 1558 ο
2024 1521 2099 1575 vi-

517 1630 637 1670 rum
684 1615 963 1684 suppliciis
1010 1630 1069 1669 se
1111 1624 1369 1685 tyrannus
1414 1614 1724 1668 adacturum
1767 1622 1999 1682 putaret,
2040 1620 2137 1673 ut,

514 1707 795 1761 adversum
839 1721 898 1762 se
937 1704 1092 1761 factze
1131 1705 1516 1774 coniurationis
1547 1704 1793 1758 conscios
1823 1704 2095 1771 proderet,

509 1795 741 1865 linguam
764 1795 853 1851 ille
884 1794 1346 1864 momorditatque
1368 1795 1613 1860 abscidit,
1640 1806 1693 1847 et
1718 1794 1770 1846 in
1800 1808 1860 1846 os
1888 1791 2099 1864 tyranni

509 1885 778 1943 ttevientis
803 1885 1001 1957 abjecit
1029 1901 1045 1943 :
1077 1885 1150 1942 ita
1180 1886 1468 1953 cruciatus,
1499 1901 1634 1956 quos
1664 1884 1884 1955 putabat
1914 1895 2098 1955 tyranv

2209 436 2442 490 virtutis.
2474 434 2494 467 ⁸
2522 434 2662 503 Quid
2689 444 2866 488 autem
2894 444 2993 498 est,
3017 434 3161 501 quod
3191 434 3244 488 in
3265 436 3428 491 alium
3448 434 3626 491 facere
3646 437 3789 506 quis-

2208 544 2366 598 quam
2400 536 2594 595 potest,
2618 526 2760 596 quod
2790 527 3058 582 sustinere
3087 527 3156 581 ab
3181 527 3289 582 alio
3316 527 3428 596 ipse
3451 544 3558 582 non
3589 529 3788 597 possit?

2209 617 2506 672 Busiridem
2552 618 2849 687 accipimus
2900 632 3091 672 necare
3140 616 3380 686 hOSpites
3433 618 3673 683 solitum,
3722 619 3790 674 ab

2208 707 2437 761 Hercule
2487 706 2697 777 hospite
2742 706 2911 762 fuisse
2964 716 3276 762 mactatum.
3327 706 3564 778 Regulus
3609 708 3788 777 plures

2211 796 2229 835 τ
2267 797 2553 853 Pomorum
2585 799 2727 853 bello
2754 808 2939 868 captos
2978 798 3034 852 in
3070 798 3279 853 vincula
3310 799 3618 868 conjecerat
3650 818 3662 852 :
3692 801 3786 854 sed

2205 899 2328 940 mox
2351 886 2465 955 ipse
2488 896 2514 934 α
2538 888 2800 943 victorum
2826 888 3031 943 catenis
3052 903 3241 942 manus
3270 890 3513 957 praebuit.
3540 889 3787 945 Ullamne

2205 977 2365 1044 igitur
2392 978 2511 1048 (10)
2542 979 2657 1048 ejus
2696 978 2933 1034 hominis
2969 980 3262 1049 potentiam
3300 990 3477 1050 putas,
3503 983 3615 1051 qui,
3643 982 3786 1049 quod

2204 1068 2321 1137 ipse
2351 1070 2403 1123 in
2434 1071 2540 1123 alio
2570 1079 2768 1139 potest,
2800 1086 2866 1125 ne
2896 1072 2947 1125 id
2989 1073 3040 1126 in
3068 1088 3125 1127 se
3162 1073 3300 1126 alter
3337 1074 3531 1137 valeat,
3574 1075 3786 1128 efficere

2203 1175 2309 1213 non
2361 1162 2566 1230 possit?
2602 1162 2759 1233 149
2790 1162 2811 1193 ⁸
2842 1159 2873 1200 ιι
2904 1164 2983 1218 Ad
3015 1164 3149 1230 haec,
3187 1167 3233 1220 si
3271 1166 3402 1235 ipsis
3440 1166 3786 1234 dignitatibus

2203 1265 2266 1305 ac
2315 1255 2671 1321 potestatibus
2713 1254 2917 1308 inesset
2955 1257 3150 1325 aliquid
3189 1258 3442 1311 naturalis
3483 1274 3543 1313 ac
3587 1260 3784 1326 proprii

2202 1339 2351 1407 boni,
2381 1340 2397 1379 ί
2432 1357 2700 1411 nunquam
2738 1344 2985 1412 pessimis
3014 1348 3376 1414 provenirent.
3418 1347 3600 1415 Neque
3640 1349 3784 1400 enim

2200 1432 2302 1488 sibi
2331 1432 2507 1486 solent
2532 1433 2754 1489 adversa
2785 1435 2999 1489 sociari.
3035 1434 3234 1489 Natura
3262 1437 3463 1504 respuit
3486 1445 3543 1489 ut
3571 1441 3783 1489 contra.

2201 1524 2281 1577 ria
2309 1537 2535 1591 quaeque
2560 1523 2877 1593 jungantur.
2914 1525 2989 1580 Ita
3016 1540 3136 1580 cum
3169 1528 3429 1596 pessimos
3471 1529 3783 1597 plerumque

2201 1615 2546 1684 dignitatibus
2598 1615 2742 1684 fungi
2791 1616 3013 1671 dubittm
3063 1633 3167 1671 non
3208 1620 3285 1687 (5)
3329 1619 3415 1683 sit,
3460 1618 3590 1671 illud
3621 1620 3779 1671 etiam

2203 1707 2390 1776 liquet,
2422 1706 2437 1756 i
2474 1716 2661 1760 natura
2694 1706 2789 1760 su'r
2807 1707 2945 1761 bona
2987 1722 3094 1761 non
3128 1722 3268 1773 esse,
3299 1723 3417 1776 quan
3444 1724 3503 1761 se
3532 1708 3781 1776 pessimis

2210 1799 2415 1851 interere
2454 1798 2741 1865 patiantur.
2783 1798 2935 1865 Quod
2971 1798 3184 1866 quidem
3222 1800 3288 1855 de
3320 1801 3523 1855 cunctis
3554 1801 3780 1853 fortuna:

2205 1887 2518 1943 muneribus
2538 1887 2750 1957 dignius
2769 1888 3065 1944 existimari
3097 1900 3292 1959 potest,
3328 1906 3453 1961 qua:
3481 1891 3551 1947 ad
3580 1892 3779 1960 impro-

1842 2041 2412 2097 iNTERPRETATlO.

582 2174 607 2199 ⁸
638 2163 1005 2218 desiderabilis.

576 2231 607 2271 δ
642 2236 686 2285 ll
693 2237 792 2287 cmi
799 2252 900 2287 nes.

586 2315 608 2341 ο
645 2305 902 2369 Quantum
929 2303 1142 2357 rideres.

577 2376 604 2407 ‘
638 2375 931 2427 Musonium
962 2374 1032 2426 rel
1066 2372 1409 2425 minimarum.

580 2452 604 2479 ⁸
630 2443 907 2509 Zenonem,
928 2455 979 2496 ut
1006 2445 1213 2510 quidam
1235 2442 1412 2506 aiunt;
1442 2436 1818 2501 Anaxarchum,
1849 2447 1902 2490 ut
1930 2435 2037 2489 alii.

2270 2151 2288 2189 ί
2326 2152 2393 2206 Ca
2402 2152 2788 2224 rthaginrnsiun

2267 2232 2290 2297 β
2325 2225 2397 2297 {ib
2429 2224 2549 2293 ipsis
2578 2226 2718 2279 victis
2749 2242 2800 2279 tn
2825 2225 3026 2278 vincula
3056 2228 3187 2297 conj.
3203 2235 3312 2277 ctus
3336 2233 3434 2282 est.

2263 2290 2290 2327 ιι
2323 2290 2595 2346 I’rwterca.

2270 2360 2282 2397 ί
2322 2363 2369 2415 II
2377 2381 2439 2416 η’.
2918 2411 2925 2419 .

2263 2430 2277 2479 i
2322 2436 2613 2487 bicundum
2646 2450 2789 2487 suam
2819 2445 3072 2487 naturam.

2055 2565 2286 2620 NUTJ‘J.

510 2717 759 2787 potentias
786 2724 1010 2771 materia
1037 2728 1210 2782 neque
1237 2711 1482 2768 aosolute
1521 2710 1704 2788 subet
1738 2706 1965 2788 potenti,
1990 2722 2082 2788 nc-

507 2777 611 2858 qne
654 2796 932 2858 tantaest,
962 2795 1019 2858 ut
1064 2777 1344 2852 propterea
1392 2783 1622 2858 potentia
1657 2782 1724 2858 sit
1754 2779 1979 2858 maximi
2002 2777 2082 2858 las

507 2849 718 2913 cicada.
770 2849 927 2920 Non,»
958 2849 1196 2923 inquam,
1243 2852 1460 2906 materia
1506 2852 1592 2904 illa
1622 2850 1872 2923 galzstilnte
1902 2849 2085 2923 subest

508 2929 712 2996 potenti
741 2942 756 2984 :
785 2919 1209 2994 quandoquidem
1260 2938 1445 2996 omnes
1493 2921 1753 2996 homines,
1796 2928 1978 2996 utpote
2014 2919 2084 2996 ab

505 2987 693 3052 eadem
722 2987 880 3051 causa
910 3005 966 3050 et
1005 2987 1222 3063 prOpter
1264 2992 1508 3063 eumdem
1552 2991 1706 3042 linem
1755 2987 1976 3063 conditi,
2004 2987 2085 3063 ita

2192 2703 2542 2775 Nycareontis
2582 2703 2721 2771 regis
2764 2702 3055 2761 incidisset,
3097 2701 3296 2775 nullum
3328 2716 3498 2763 genus
3526 2703 3768 2775 supplimi

2195 2771 2509 2842 deprecatus
2540 2784 2642 2836 est,
2673 2788 2842 2840 neque
2871 2772 3155 2827 recusavit.
3194 2771 3288 2825 Hic
3318 2780 3494 2825 autem
3528 2771 3579 2825 in
3612 2774 3766 2841 pilam

2194 2859 2406 2898 saxeam
2454 2845 2756 2910 conjectus,
2806 2844 2979 2910 ibique
3019 2842 3204 2895 ferreis
3239 2842 3443 2895 malleis
3481 2852 3763 2897 contusus:

2193 2914 2400 2977 Tunde,
2424 2915 2612 2982 inquit,
2641 2916 2799 2966 tunde
2826 2914 3123 2966 Anaxarchi
3153 2913 3327 2965 follem
3355 2927 3369 2963 :
3395 2913 3765 2982 Anaxarchum

2194 2986 2335 3037 enim
2370 3001 2472 3037 non
2506 2984 2679 3036 tundis
2713 3002 2722 3034 :
2759 2994 2984 3052 tyranno
3022 2997 3182 3049 porro
3220 2981 3635 3052 amputationem
3670 2984 3767 3036 lin-

508 3050 631 3121 sunt
657 3050 835 3135 pares,
867 3074 926 3119 ut
954 3050 1159 3119 seclusa
1178 3062 1365 3135 divina
1398 3062 1818 3135 voluntate,_qua
1851 3056 2086 3135 :t|_i_i_altis
2117 3073 2163 3133 (τ
2194 3070 2309 3123 gnte
2342 3055 2639 3135 minitante,
2668 3050 2896 3121 linguam
2927 3053 3173 3106 dentibus
3195 3050 3487 3104 abscissam
3515 3053 3566 3105 in
3591 3061 3767 3121 tyran«

510 3129 766 3205 praesunt,
796 3136 1106 3205 nonminus
1146 3133 1214 3185 sit
1246 3130 1527 3205 ridiculum
1566 3131 1832 3205 hominem
1866 3129 1964 3179 sibi
1996 3142 2085 3179 ar-

509 3198 699 3275 rogare
728 3204 1094 3257 auctoritatem
1126 3205 1178 3254 in
1211 3202 1366 3275 alios,
1393 3215 1555 3275 quam
1593 3198 1638 3250 si
1670 3200 1859 3275 "iusin
1888 3212 2087 3275 murem

511 3268 665 3329 suum
697 3275 907 3328 videres
926 3286 1188 3327 exercere
1218 3270 1498 3336 imperium
1532 3285 1546 3321 ι
1578 3269 1717 3336 quod
1754 3270 1838 3319 hic
1868 3268 2083 3319 dicitur.

508 3351 578 3399 At
620 3346 734 3397 haec
775 3343 1011 3411 subjecta
1044 3340 1296 3394 materies
1335 3348 1478 3392 tanta
1512 3355 1615 3392 non
1645 3347 1766 3391 est:
1797 3337 1918 3389 licet
1941 3337 2083 3389 enim

510 3414 752 3468 subditus
780 3427 846 3467 ex
878 3420 1054 3465 tuente
1081 3420 1137 3465 et
1176 3423 1403 3476 corpore
1439 3418 1667 3471 constet,
1700 3422 1803 3460 non
1834 3419 1988 3459 secus
2023 3420 2086 3458 ac

511 3487 591 3536 vir
621 3494 837 3554 potens,_
857 3492 1033 3554 tamen
1063 3481 1201 3534 sicut
1232 3491 1421 3554 potens
1446 3494 1598 3554 suam
1623 3491 1728 3530 non
1757 3483 1971 3554 exercet
1994 3490 2084 3554 po-

512 3553 752 3613 tentiam,
788 3552 888 3605 nisi
918 3564 1166 3616 corpore,
1204 3549 1367 3602 verbo
1407 3549 1656 3602 nimirum
1685 3555 1777 3599 aut
1808 3547 1977 3607 facto;
2007 3547 2084 3616 sic

510 3623 671 3681 homo
702 3623 814 3674 viro
843 3614 1043 3688 potenti
1069 3632 1175 3673 neu
1202 3621 1387 3672 subest
1417 3618 1514 3671 nisi
1545 3631 1769 3688 corpore
1797 3632 1810 3668 :
1835 3614 2084 3688 quemad-

511 3693 725 3745 modum
753 3685 995 3744 Christus
1031 3690 1212 3743 docuit
1247 3688 1401 3742 [κυρῶ
1436 3704 1509 3741 xtl
1539 3705 1552 3742 :
1583 3686 1663 3740 Ne
1700 3686 1987 3739 terreamini
2018 3685 2082 3737 ab

512 3763 589 3815 his
613 3762 699 3827 qui
724 3761 958 3813 occidunt
978 3775 1181 3826 corpus,
1208 3768 1253 3811 et
1281 3765 1392 3827 post
1415 3758 1520 3810 [nec
1541 3774 1639 3810 non
1666 3756 1842 3809 habent
1864 3756 2082 3827 amplius

508 3826 631 3898 quid
655 3831 844 3899 faciant
873 3845 892 3883 :
920 3844 1076 3898 posse
1113 3826 1289 3881 autem
1322 3828 1372 3880 itt
1402 3843 1595 3894 corpus
1636 3828 1929 3899 humanum
1951 3826 2080 3899 tanti

509 3896 612 3954 non
638 3896 714 3954 est
745 3916 760 3953 :
792 3896 983 3968 partim
1014 3900 1135 3967 quia
1166 3912 1390 3965 corpore
1427 3901 1657 3952 humano
1686 3897 1810 3949 nihil
1842 3896 2082 3949 imbecil-

508 3972 642 4035 lius;
671 3971 858 4037 partim
886 3972 1042 4023 etiam
1075 3970 1195 4036 quia
1223 3968 1362 4034 quod
1390 3972 1633 4033 superior
1674 3977 1845 4032 potest
1879 3968 1929 4018 in
1961 3980 2080 4019 cor-

511 4055 609 4105 pus
648 4039 933 4101 inferioris,
967 4040 1192 4106 idipsum
1238 4039 1470 4091 inferiori
1503 4054 1621 4091 esse
1653 4044 1829 4106 p0test
1858 4037 2079 4088 materia

508 4111 746 4172 virtutis;
792 4121 882 4161 aut
921 4109 1113 4177 injuria
1144 4122 1320 4163 tamen
1363 4117 1532 4176 potest
1573 4108 1791 4163 inferior
1822 4107 1872 4159 in
1904 4107 2077 4172 ipsum

509 4180 796 4245 superioris
818 4192 1009 4247 corpus
1040 4193 1311 4232 exercere.

585 4249 602 4279 ³
634 4248 788 4313 Quid,
819 4249 861 4301 si
892 4243 1071 4317 corpus
1101 4261 1309 4316 spectes,
1343 4247 1637 4301 imbecillius
1668 4243 1926 4317 homine?]
1961 4244 2077 4317 Pri:-

516 4333 657 4370 mum
681 4321 820 4371 enim
851 4314 1072 4386 corpore
1102 4314 1332 4371 humano
1355 4318 1668 4371 imbecillius
1697 4316 1821 4369 nihil
1854 4314 2074 4382 reperiri

512 4397 686 4454 potest
711 4406 724 4442 :
746 4388 1170 4456 quandoquidem
1206 4404 1406 4453 musca,
1442 4391 1685 4454 exiguum
1717 4387 1936 4449 animal,
1974 4387 2073 4456 hu-

512 4472 667 4511 mano
696 4459 905 4525 corpori
936 4455 1157 4511 mortem
1182 4458 1372 4511 afferre
1399 4467 1587 4526 potest,
1621 4460 1731 4510 sive
1757 4455 2033 4526 pungendo
2058 4471 2070 4504 :

513 4528 649 4579 sicut
684 4524 830 4594 apes,
863 4529 1153 4597 prresertim
1188 4544 1311 4582 vero
1339 4524 1647 4591 crabrones,
1679 4529 1835 4595 vulgo
1863 4524 2071 4593 frelons.

516 4596 657 4665 Virg.
691 4611 738 4648 tv
763 4596 981 4665 θροις..
1012 4613 1065 4650 v.
1096 4598 1199 4651 ‘236
1229 4615 1244 4651 :

636 4686 738 4749 illis
761 4689 831 4735 ira
855 4688 1043 4735 modum
1065 4701 1208 4748 supra
1234 4696 1328 4749 est,
1355 4688 1580 4748 laaszeque
1605 4701 1846 4737 venenum

634 4748 874 4811 Morsibus
897 4750 1144 4811 inspirant,
1172 4755 1221 4797 et
1240 4748 1422 4811 Spicula
1448 4764 1573 4799 caeca
1596 4752 1873 4811 relinquunt

630 4809 799 4857 Aﬂixae
822 4810 975 4867 venis,
991 4809 1279 4872 animasque
1304 4813 1354 4860 in
1380 4813 1579 4859 tulnere
1603 4809 1801 4873 ponunt.

513 4893 634 4947 Sive
665 4894 819 4945 etiam
849 4894 1051 4947 viscera
1079 4896 1382 4961 subeundo,
1407 4908 1463 4951 ut
1486 4896 1840 4959 cantharides,
1864 4895 1930 4947 de
1961 4896 2076 4962 qui-

517 4963 614 5015 ltus
653 4962 862 5025 Cicero,
912 4963 1082 5030 Epist.
1115 4965 1150 5018 Ι.
1195 4981 1268 5025 Ix,
1304 4981 1390 5032 ep.
1430 4968 1518 5029 21,
1551 4964 1723 5025 Caius,
1768 4968 1956 5032 inquit,
1990 4980 2078 5017 ac-

511 5044 717 5085 cusante
747 5033 807 5085 L.
833 5033 1013 5087 Crasso
1040 5035 1364 5089 cantharidas
1392 5039 1665 5102 sumpsisse
1690 5036 1896 5088 dicitur.

582 5102 761 5156 Notari
797 5113 1016 5170 possunt
1043 5105 1128 5158 hic
1165 5106 1271 5157 duo
1308 5108 1419 5159 hare
1450 5108 1680 5167 nomina,
1713 5106 1996 5168 expetibilis
2025 5115 2077 5158 et

513 5175 874 5238 musculorum,
898 5190 1121 5241 qunrmn
1146 5184 1330 5229 testem
1357 5178 1596 5229 Latinum
1627 5190 1728 5228 non
1758 5177 1879 5228 novi
1910 5193 1923 5228 :
1949 5176 2078 5229 mihi

512 5243 775 5296 diceretur
800 5246 1144 5298 desiderabilis
1170 5257 1221 5299 et
1247 5262 1554 5299 muscarum.
1585 5247 1661 5298 'l‘u
1698 5246 1911 5298 videris.

580 5314 601 5345 ⁸
632 5313 757 5366 Cum
799 5315 1009 5367 liberant
1036 5316 1302 5384 quemdam
1340 5321 1522 5378 virum,
1549 5311 1677 5383 etc.j
1714 5316 1911 5368 Deinde
1947 5331 2072 5369 cru-

510 5383 699 5446 ciatus,
744 5400 875 5452 quos
914 5388 1155 5453 superior
1197 5387 1249 5439 itt
1288 5401 1482 5454 corpus
1521 5386 1783 5438 inferioris
1829 5395 2070 5451 exercet,

513 5454 751 5519 quaedam
776 5470 892 5509 esse
920 5465 1139 5521 possunt
1173 5457 1387 5508 materia
1416 5455 1625 5509 virtutis
1649 5474 1662 5508 :
1689 5456 1824 5508 sicut
1854 5456 2074 5522 contigit

514 5523 826 5576 Anaxarcho
867 5525 1204 5593 philosopho,
1249 5525 1531 5578 Democriti
1572 5525 1843 5585 sectatori,
1875 5526 1941 5578 de
1970 5540 2073 5591 quo

515 5605 656 5667 nunc
678 5594 1008 5667 philosophia
1032 5595 1353 5667 mentionem
1382 5597 1523 5649 facit.
1554 5594 2071 5667 Anaxarchusenim

516 5658 622 5725 ille,
650 5670 706 5714 ut
733 5663 803 5715 ait
831 5658 1014 5719 Cicero
1060 5681 1093 5719 ll
1136 5664 1372 5733 'l'uscul.,
1417 5680 1535 5719 cum
1575 5665 1626 5719 in
1669 5677 1854 5718 manus
1891 5664 2069 5733 Cyprii

2194 3140 2317 3177 nunt
2346 3134 2545 3187 ettpmt.

2262 3194 2282 3223 ³
2318 3193 2452 3257 Quid
2472 3203 2639 3246 autem
2662 3201 2732 3247 est
2755 3210 2820 3259 qu
2856 3193 2888 3245 ά
2912 3193 2961 3243 in
2986 3193 3159 3261 a'ium,
3180 3186 3310 3260 ctc.]
3328 3190 3604 3244 Postremo
3623 3192 3761 3261 quod

2191 3264 2437 3329 superior
2479 3275 2650 3328 βαίνει
2694 3265 2746 3316 in
2786 3277 2979 3330 corpus
3027 3260 3311 3330 inferioris,
3382 3262 3611 3328 idipsum
3660 3278 3762 3316 non

2191 3350 2314 3386 raro
2353 3330 2572 3386 inferior
2602 3335 2654 3386 in
2694 3329 2895 3397 corpus
2929 3329 3221 3399 superioris
3263 3340 3432 3397 poteSI
3466 3348 3478 3381 :
3509 3333 3659 3398 cujus
3690 3336 3759 3385 rei

2188 3402 2354 3455 multa
2383 3411 2507 3455 sunt
2535 3404 2808 3472 exempla;
2853 3401 3094 3456 meminit
3136 3398 3473 3466 PltiloSOpltia
3507 3399 3758 3454 Busiridis

2187 3480 2242 3525 et
2276 3472 2480 3525 Rettuli.

2258 3490 2721 3608 liifsgiifiboNeptuni
2752 3557 2815 3593 ex
2853 3536 3015 3609 Libya
3063 3538 3263 3607 Epaphi
3297 3537 3401 3591 lilia
3431 3549 3610 3600 natus.
3642 3556 3758 3593 cru-

2188 3612 2487 3666 delissimus
2515 3610 2615 3664 fuit
2644 3612 3012 3681 {Egyptinrnm
3042 3618 3345 3681 tyrannus;
3376 3609 3461 3662 hic
3493 3612 3637 3663 enini
3667 3612 3757 3664 ho-

2188 3685 2354 3745 spites
2380 3696 2508 3735 suos
2529 3681 2650 3735 .lovi
2674 3678 3001 3741 immolabat,
3031 3678 3096 3733 ne
3120 3679 3197 3731 illi
3224 3678 3434 3746 quidem
3460 3681 3587 3743 vati,
3610 3695 3638 3732 a
3656 3696 3759 3745 quo

2187 3753 2237 3805 id
2267 3751 2475 3806 consilii
2505 3761 2807 3818 acceperat,
2833 3763 3093 3818 parcens:
3118 3749 3209 3801 sed
3243 3764 3361 3801 eum
3388 3754 3602 3802 easdem
3634 3752 3757 3803 insi-

2184 3821 2297 3875 dias
2340 3821 2550 3875 Hercult
2596 3832 2829 3886 pararet,
2867 3820 2935 3872 ab
2981 3820 3168 3873 eodem
3222 3820 3466 3880 llercule,
3505 3833 3604 3871 una
3636 3834 3754 3872 cum

2183 3891 2628 3957 Amphidamante
2678 3888 2809 3952 lilio,
2856 3904 3101 3956 praecone
3146 3888 3363 3949 Chalbe,
3410 3899 3464 3941 et
3502 3888 3755 3942 ministris

2181 3961 2247 4015 ad
2278 3956 2419 4030 ipsas
2446 3976 2569 4015 aras
2608 3960 2919 4014 interfectus
2948 3968 3048 4011 est.
3087 3959 3230 4025 Virg.
3270 3972 3324 4011 nt
3351 3956 3572 4027 Georg.,
3600 3974 3647 4013 v.
3681 3961 3750 4013 5:

2738 4050 2856 4106 Quis
2879 4056 2959 4096 aut
2984 4048 3216 4109 Eurystea
3240 4049 3413 4095 durum

2363 4113 2459 4161 Aut
2479 4112 2689 4159 iilaudati
2715 4114 2872 4158 nescit
2899 4112 3125 4157 Busiridis
3143 4113 3283 4158 aras‘.’

2177 4195 2455 4249 Claudian.
2490 4209 2656 4246 carm.
2689 4195 2741 4258 5,
2777 4209 2827 4245 v.
2860 4193 2963 4246 ‘Zz‘ii
2997 4209 3010 4244 :

2305 4285 2344 4334 0
2370 4286 2512 4345 mites
2535 4283 2783 4345 Diomedis
2804 4284 2942 4345 equi!
2979 4282 3211 4332 Busiridis
3233 4296 3327 4331 arte

2358 4344 2663 4395 Cicinentesi

2107 4433 2152 4489 ι)
2182 4426 2345 4488 idem,
2372 4442 2541 4479 cirm.
2574 4427 2662 4488 t8,
2696 4426 2924 4480 v.159:

2302 4518 2382 4578 Sic
2401 4517 2577 4563 multos
2601 4518 2744 4563 ﬂuvio
2770 4524 2907 4564 vates
2927 4523 3098 4566 arente
3123 4531 3211 4578 per
3227 4529 3397 4573 annos,

2242 4624 2251 4629 _
2304 4577 2506 4637 Hospite
2526 4580 2606 4635 qui
2631 4592 2754 4626 caeso
2778 4579 2954 4624 tnonnit
2975 4578 3163 4637 placare
3185 4588 3448 4637 tonantem,

2310 4637 2537 4687 luventas
2562 4644 2740 4699 pritnns
2762 4639 2996 4686 Bttsit‘itlts
3014 4640 3185 4688 itnliuit
3206 4653 3312 4688 aras

2312 4699 2365 4745 Et
2392 4701 2565 4747 cecidit
2588 4702 2722 4759 saevi,
2750 4702 2874 4758 quod
2898 4701 3109 4755 dixerat,
3133 4703 3284 4748 hostia
3307 4702 3449 4747 sacri.

2261 4762 2488 4828 Regulus
2515 4777 2640 4813 vero
2665 4762 2868 4823 consul,
2902 4766 3011 4827 qui,
3045 4773 3099 4813 ut
3127 4764 3199 4814 ait
3242 4763 3461 4823 Plinius,
3490 4761 3614 4814 fusis
3649 4760 3739 4811 Sa-

2191 4832 2405 4884 lentinis
2437 4831 2804 4897 triumphavit,
2841 4831 3146 4899 primusque
3176 4828 3533 4885 Romanorum
3562 4833 3739 4880 tlnrnut

2190 4904 2242 4953 in
2273 4902 2502 4954 Africam
2544 4903 2771 4954 classem
2807 4900 3032 4965 trajecit,
3067 4904 3133 4953 ab
3163 4902 3289 4964 ipsis
3317 4902 3735 4968 Carthaginiensi-

2184 4971 2280 5024 bus
2313 4968 2467 5037 (quos
2504 4972 2590 5023 hic
2619 4971 2959 5037 Philosophia
2991 4980 3144 5040 vocat
3174 4971 3414 5040 Pmnos),
3449 4986 3577 5040 quos
3608 4970 3737 5021 vice-

2186 5051 2285 5103 rat,
2316 5040 2532 5093 resectis
2557 5042 2823 5108 palpebris
2854 5039 3160 5092 interfectus
3187 5050 3286 5094 est.

2253 5111 2274 5140 δ
2304 5110 2382 5162 At!
2412 5109 2538 5171 Itrec,
2559 5105 2701 5179 Vetti]
2744 5109 2825 5162 lll.
2859 5109 3221 5179 Philosophia,
3257 5109 3603 5163 consideratis
3626 5105 3733 5157 sub-

2175 5183 2312 5250 jeuo
2338 5189 2390 5232 et
2421 5179 2635 5249 objecta,
2666 5178 2853 5231 transit
2890 5178 2956 5230 ad
2994 5179 3225 5244 effectum
3266 5181 3529 5250 formalem
3558 5188 3730 5244 poten-

2185 5252 2290 5311 tiae,
2321 5248 2762 5313 quemadmodum
2795 5251 3083 5316 loquuntur
3113 5250 3432 5316 pililOSOplli.
3462 5248 3546 5301 Sic
3565 5253 3728 5316 autem

2178 5320 2621 5391 contraliipotest
2656 5320 2769 5372 haec
2804 5314 2971 5391 ipsius
3010 5314 3364 5391 Philosophia:
3396 5314 3725 5391 ratiocinatio.

2179 5382 2656 5455 Qttidquid'natura
2685 5403 2778 5441 sua
2811 5388 3007 5440 bonum
3032 5398 3132 5451 εει,
3164 5382 3289 5439 illud
3323 5388 3589 5441 habentem
3609 5382 3727 5455 facit

2182 5451 2397 5518 bonum,
2425 5468 2582 5524 atque
2612 5457 2745 5511 adeo
2772 5459 2838 5510 ab
2861 5458 3047 5510 eodem
3083 5458 3405 5511 contrarium
3438 5457 3618 5509 malum
3642 5451 3723 5501 lu-

2178 5540 2265 5595 gat
2289 5544 2301 5579 :
2327 5527 2431 5596 agit
2462 5528 2594 5595 enim
2614 5529 2859 5597 cujusque
2884 5528 2958 5579 rei
2985 5536 3168 5579 natura
3196 5528 3331 5594 quod
3360 5526 3723 5597 propriunrest,

2180 5590 2269 5649 nec
2309 5590 2687 5649 contrariarum
2713 5590 2880 5649 rerum
2915 5597 3150 5649 miscetur
3176 5590 3463 5662 effectibus,
3489 5605 3534 5648 et
3574 5590 3721 5662 υιιζοο

2179 5683 2292 5737 quia
2318 5677 2428 5720 sunt
2456 5667 2687 5738 adversa,
2716 5665 2918 5737 depellit
2949 5681 2968 5723 .'
2993 5666 3071 5723 sic
3100 5658 3349 5735 fortitudo
3382 5670 3568 5738 fortem,
3594 5658 3722 5713 rela-
