3984 6382
238 274 326 330 705
1122 277 1211 330 DE
1249 274 1764 333 CONSOIATIONE
1808 277 2277 335 PIHLOSOPIIIE
2315 280 2440 337 LIB.
2487 280 2554 337 ΙΙ.

3359 286 3463 343 706

237 388 487 444 bissimum
518 399 778 457 quemque
807 385 1056 442 uberiora
1101 390 1448 457 proveniunt.
1479 390 1555 446 De
1589 390 1784 457 quibus
1810 394 1863 453 Α
1894 391 2047 447 facile
2091 391 2323 460 ipsarum
2370 407 2547 446 rerum
2588 390 2980 461 redarguuniur
3023 394 3215 449 etl'ectu
3259 412 3271 448 :
3310 397 3468 469 150

237 482 346 538 illud
372 481 525 536 etiam
555 478 994 534 considerandum
1033 489 1183 548 puto,
1210 481 1348 548 quod
1382 496 1537 533 nemo
1565 480 1780 535 dubitat

237 586 339 628 esse
362 571 567 633 fortem,
595 568 679 623 cui
720 568 1081 624 fortitudinem
1114 570 1290 625 inesse
1315 571 1655 639 conspexerit
1686 588 1698 623 :
1727 579 1782 625 et

235 662 505 730 cuicunque
533 659 649 730 (l0)
684 659 939 713 velocitas
978 660 1151 725 adest,
1186 662 1523 714 manifestum
1551 670 1637 715 est
1662 676 1782 717 esse

235 753 472 807 velocem.
497 749 585 806 Sic
612 750 811 804 musica
837 751 1051 820 quidem
1092 752 1345 815 musicos,
1372 751 1634 808 medicina
1664 766 1779 805 me-

234 844 388 907 dicos,
417 839 675 896 rhetorica
720 841 967 895 rhetores
1007 842 1149 896 facit.
1190 842 1312 912 Agit
1347 844 1487 897 enim
1525 840 1782 913 cuiusque

232 933 303 990 rei
338 939 513 985 natura
539 929 678 999 quod
708 931 977 1000 proprium
1004 939 1106 997 est,
1144 948 1242 985 nec
1277 936 1667 987 contrariarum
1699 949 1778 988 re-

217 1012 338 1078 'rum
365 1021 610 1074 miscetur
636 1020 936 1083 effectibus,
969 1029 1023 1073 et
1051 1021 1209 1085 ultro,
1241 1038 1359 1091 qum
1389 1031 1511 1077 sunt
1537 1024 1783 1090 adversa,

232 1112 454 1181 depellit.
497 1112 514 1142 ⁸
561 1109 721 1180 Atqui
771 1126 868 1165 nec
912 1126 1040 1180 opes
1086 1114 1405 1180 inexpletam
1455 1115 1785 1183 restinguere

219 1205 486 1258 avaritiam
508 1211 728 1271 queunt,
759 1218 855 1257 nec
880 1212 1113 1270 potestas
1138 1205 1217 1258 sui
1245 1214 1545 1272 compotem
1570 1204 1688 1273 (l5)
1712 1204 1787 1257 fe-

235 1294 374 1357 cerit,
403 1306 557 1361 quem
586 1291 792 1347 vitiosae
824 1294 1070 1347 libidines
1099 1294 1470 1347 insolubilibus
1509 1282 1783 1350 astrictum

234 1386 446 1441 retinent
489 1384 720 1449 catenis;
770 1393 825 1439 et
870 1384 1060 1438 collata
1110 1384 1366 1453 improbis
1411 1387 1639 1455 dignitas
1680 1401 1787 1440 non

235 1476 373 1530 modo
400 1489 501 1529 non
530 1474 696 1530 efﬁcit
732 1474 942 1543 dignos,
982 1480 1075 1529 sed
1117 1476 1297 1544 prodit
1328 1478 1499 1545 potius
1529 1488 1581 1531 et
1608 1486 1786 1532 osten—

237 1574 303 1619 tat
326 1565 580 1635 indignos.
610 1567 631 1598 ²
663 1574 691 1603 ιι
715 1566 821 1621 Cur
852 1567 923 1621 ita
949 1569 1226 1636 provenit?
1254 1569 1505 1624 Gaudetis
1531 1570 1670 1623 enim
1700 1584 1787 1624 res

235 1673 339 1714 sese
360 1658 507 1715 aliter
529 1658 785 1715 habentes
808 1659 953 1715 falsis
973 1661 1295 1729 compellare
1324 1662 1643 1727 nominibus,
1667 1678 1787 1733 quze

1884 481 2061 551 itaque
2110 481 2132 513 ⁸
2171 497 2269 537 nec
2298 481 2402 535 illa:
2428 482 2649 548 divitiae,
2684 498 2780 537 nec
2814 483 2904 537 illa
2938 486 3191 551 potentia,
3222 501 3322 541 nec
3352 486 3465 541 hac

1879 571 2115 640 dignitas
2138 571 2262 641 jure
2285 573 2541 641 appellari
2569 583 2768 641 potest.
2799 574 3074 629 Postremo
3100 577 3238 631 idem
3262 578 3328 632 de
3356 587 3464 633 tota

1884 662 2204 716 concludere
2233 663 2436 716 fortuna
2466 663 2608 726 licet,
2641 663 2691 717 in
2740 679 2841 734 qua
2864 663 2885 695 ⁸
2909 666 3042 719 nihil
3078 667 3463 734 expetendum,

1885 751 2022 805 nihil
2052 750 2079 789 δ
2117 754 2307 806 nativae
2352 751 2606 806 bonitatis
2644 752 2819 808 inesse
2848 756 3186 809 manifestum
3218 764 3318 817 est.
3345 762 3466 826 quin

1887 858 1987 897 nec
2016 858 2075 897 se
2103 844 2253 897 bonis
2283 844 2773 934 semper-adpingit,
2794 854 2847 901 et
2868 847 3056 913 bonos,
3086 848 3279 917 quibus
3306 849 3468 904 fuerit

1886 932 2156 1003 adjuncta,
2179 949 2285 989 non
2306 934 2488 989 efficit.

2343 1048 2497 1119 151
2540 1047 2826 1102 uernum
2856 1051 2877 1072 ο
2919 1049 3004 1104 vr.

1886 1138 2281 1194 Aucuueawu.
2310 1137 2572 1210 e—Nero,
2604 1139 2763 1210 inquit
2798 1137 3158 1210 PhilosOphia,
3197 1144 3345 1210 cujus
3374 1159 3467 1209 po-

1960 1219 2109 1261 testas
2146 1218 2290 1282 tanta
2333 1208 2452 1282 fuit,
2493 1218 2545 1261 ut
2580 1208 2796 1282 papulqs
2825 1209 2887 1260 ab
2915 1218 3027 1261 ortu
3056 1211 3120 1261 ad
3150 1208 3403 1273 occasum,
3434 1219 3466 1262 rt

1957 1278 2292 1347 septentrione
2317 1279 2385 1331 ad
2412 1278 2643 1331 austrum
2672 1278 2889 1342 diffusos
2932 1288 3143 1346 regeret,
3177 1295 3236 1331 eo
3271 1283 3467 1332 devenit

1956 1348 2319 1415 improbitatis,
2365 1357 2440 1412 ut,
2485 1347 2650 1400 Roma
2689 1350 3027 1415 inflammata,
3066 1350 3235 1417 plures
3268 1359 3410 1401 senat
3446 1379 3472 1391 -

1956 1433 2059 1481 res,
2103 1422 2334 1486 fratrem,
2375 1426 2684 1486 matremque
2722 1419 2885 1487 ipsam
2923 1418 3231 1485 interfecerit
3262 1432 3279 1470 :
3311 1434 3469 1487 usque

1950 1489 2087 1540 adeo
2114 1488 2383 1540 exitiosum
2412 1497 2483 1539 est
2514 1487 2801 1552 improbum
2827 1488 2939 1554 ﬁeri
2972 1496 3245 1556 potentem.

2030 1577 2288 1631 Noviinus
2318 1586 2542 1645 quantas
2566 1577 2773 1632 dederit
2798 1578 3005 1644 ruinas,

2038 1670 2191 1739 152
2222 1667 2360 1723 Urbe
2385 1668 2651 1721 flammata
2682 1667 3023 1736 patribusque
3047 1664 3227 1731 caesis,

1558 1797 2129 1855 INTERPRETATIO.

297 1922 319 1948 ⁸·
345 1912 440 1964 Cur
465 1928 544 1964 res
574 1913 648 1964 ita
676 1927 727 1965 se
750 1910 935 1966 habet?

296 1985 317 2019 ιο
350 1982 520 2051 Propr.
533 1998 600 2035 te.

294 2050 483 2105 Scimus
504 2068 659 2117 quam
681 2066 889 2119 magnas
910 2060 1105 2121 strages
1130 2050 1270 2106 Nero
1302 2052 1488 2115 fecerit,
1513 2053 1599 2117 qui
1626 2051 1787 2105 Roma

235 2139 442 2188 «censa,
484 2122 804 2177 senatoribus
841 2124 1142 2192 interfectis,
1178 2133 1223 2177 et
1261 2124 1423 2190 fratre
1452 2125 1637 2190 occiso,
1667 2124 1788 2176 olim

1819 1926 1867 1985 Β
1893 1914 2147 1973 immanis,
2184 1913 2280 1979 fuit
2318 1914 2502 1964 tinctus
2531 1913 2778 1983 sanguine
2811 1926 2933 1985 suzc
2955 1912 3151 1985 matris,
3178 1927 3329 1985 quam
3358 1912 3468 1976 ipse

1896 1985 2075 2035 occidit
2093 2000 2109 2043 ;
2130 1994 2173 2035 et
2195 1986 2416 2035 lustrans
2444 1985 2603 2034 arulis
2626 1980 2839 2035 cadaver
2866 1983 3111 2051 frigidum
3134 1980 3336 2043 matris,
3360 1998 3462 2035 non

1894 2054 2076 2119 rigavit
2105 2069 2257 2121 genus
2296 2052 2414 2104 ullis
2448 2054 2677 2120 ﬂetibus;
2713 2062 2763 2104 at
2793 2068 2892 2104 non
2927 2052 3124 2104 erubuit
3156 2067 3263 2104 esse
3288 2066 3465 2103 censor

1895 2124 2172 2193 majestatis
2203 2124 2534 2189 interempta.
2576 2122 2927 2176 Nihilominus
2951 2121 3035 2173 hic
3067 2131 3322 2191 tyrannus
3358 2136 3467 2174 mo-

1736 2260 1960 2318 NOTAE.

231 2383 339 2435 citas
376 2376 621 2438 velocem,
662 2374 855 2427 musica
895 2373 1163 2435 musicum,
1214 2373 1466 2427 medicina
1515 2373 1787 2439 medicum,

226 2452 452 2504 rhetorica
492 2448 746 2501 shetorem
788 2444 929 2513 facit.
974 2447 1129 2509 Atqui
1176 2460 1281 2497 non
1318 2449 1486 2495 solum
1532 2446 1785 2511 potentia,

228 2522 285 2576 de
307 2536 399 2589 qua
428 2531 573 2575 nuuc
616 2516 817 2584 agitur,
848 2514 943 2589 sed
988 2514 1147 2589 etiam
1171 2523 1377 2589 _cuncta
1416 2513 1653 2589 fortunze
1674 2530 1793 2567 mu-

227 2584 380 2657 nera,
420 2591 711 2657 habentem
765 2600 867 2657 nnn
918 2584 1115 2636 faciunt
1171 2585 1364 2657 bonurn
1395 2584 1419 2643 ,⁷
1462 2599 1560 2657 nec
1607 2584 1674 2636 ab
1724 2598 1792 2638 eo

226 2653 529 2715 contrarium
565 2656 767 2711 malum
799 2654 980 2721 fugant
1012 2671 1024 2705 :
1067 2669 1181 2705 eum
1219 2654 1458 2721 pessimos
1494 2653 1792 2720 plerumque

226 2732 533 2801 dignitatibus
568 2727 717 2798 fungi
744 2725 952 2801 dubium
992 2741 1092 2777 non
1132 2724 1216 2786 sit,
1264 2732 1317 2776 et
1353 2736 1537 2801 cuncta
1575 2728 1793 2793 fortuna:

227 2793 412 2854 munera
450 2801 517 2853 ad
561 2793 997 2865 improbissimum
1044 2808 1290 2863 quemque
1336 2793 1569 2847 uberiora
1612 2809 1791 2862 prove-

227 2874 372 2924 aiant.

289 2942 305 2973 ⁸
339 2940 481 3005 Atqui
502 2955 602 2992 nec
621 2950 762 3003 opes.
792 2931 922 3002 etc.]
947 2932 1079 3000 Quin
1105 2932 1264 2985 etiam
1295 2931 1542 2999 pra-dicta
1569 2931 1793 3005 fortuna:

228 3007 347 3064 bona
374 3002 662 3073 nequidem
688 3005 818 3061 illud
840 3008 990 3072 cujus
1021 3005 1252 3069 speciem
1287 3019 1585 3065 nomenque
1608 3002 1793 3073 impri-

1963 2372 2015 2426 1.
2047 2370 2274 2436 Quantas
2304 2371 2494 2425 dederit
2523 2372 2742 2443 ruinae]
2775 2371 2935 2426 Nero.
2962 2370 3061 2427 Hic
3087 2371 3341 2427 Romanis
3369 2371 3467 2428 im-

1890 2443 2096 2511 peravit
2121 2458 2261 2495 anno
2289 2456 2319 2495 a
2350 2444 2624 2497 nativitate
2657 2444 2853 2497 Christi
2894 2443 3106 2496 circiter
3142 2444 3469 2511 quinquage-

1892 2514 2029 2566 simo
2058 2515 2307 2580 septimo.
2334 2511 2573 2576 Quandiu
2615 2513 2854 2575 Senecae,
2882 2513 3032 2579 cujus
3071 2514 3351 2581 praeceptis
3380 2514 3463 2567 in-

1893 2592 2125 2664 structus
2174 2581 2374 2663 fuerat,
2412 2582 2649 2664 consiliis
2688 2596 2816 2636 usus
2859 2589 2968 2643 est,
3013 2582 3189 2635 tandiu
3236 2582 3471 2664 optimus

1893 2652 2107 2705 habitus
2132 2660 2214 2704 est
2242 2653 2547 2718 imperator.
2577 2654 2645 2705 At
2676 2660 2999 2719 prmceptore
3031 2652 3332 2716 remoto,in
3362 2667 3469 2705 om-

1894 2723 1981 2775 nia
2037 2721 2231 2789 probra
2287 2734 2349 2773 ac
2397 2720 2658 2773 dedecora
2715 2722 2892 2786 lapsus
2934 2729 3017 2774 est
3057 2736 3072 2776 :
3120 2736 3229 2773 suae
3274 2723 3471 2789 quippe

1894 2791 2167 2859 dignitatis
2214 2789 2517 2853 immemor,
2548 2789 2779 2843 inaudita
2820 2789 2966 2843 dedit
2992 2789 3280 2859 infamiae,
3314 2791 3470 2859 luxus

1893 2860 2131 2913 avaritia:
2159 2866 2215 2913 et
2248 2859 2579 2912 crudelitatis
2610 2868 2942 2928 argumenta.
2986 2858 3217 2911 Primum
3246 2858 3393 2928 enim
3414 2860 3468 2913 iu

1893 2944 2109 2984 scenam
2131 2944 2235 2981 non
2264 2928 2532 2997 tragmdus
2556 2927 2733 2991 modo,
2759 2944 2939 2982 verum
2962 2929 3120 2982 etiam
3142 2927 3468 2982 citharoedus

1896 2998 2116 3068 prodiit.
2162 2997 2359 3053 Deinde
2388 2999 2584 3051 nullam
2615 3008 2816 3053 vestem
2850 2998 2929 3051 bis
2966 2998 3167 3068 induit;
3201 3013 3468 3068 nunquam

227 3061 562 3148 inissa-diu,
604 3085 864 3145 praestare
900 3061 1143 3127 {ridemur
1179 3090 1189 3123 :
1225 3088 1344 3125 cum
1396 3061 1792 3148 nequodivitia:
1819 3061 1867 3125 C
1899 3061 2337 3148 carrucisminus
2365 3068 2521 3148 mille
2543 3070 2641 3148 iter
2672 3068 2864 3122 fecisse
2894 3061 3471 3148 traditur,soleis'qui-

227 3141 452 3216 divitem,
494 3141 673 3216 neque
720 3153 957 3216 potestas
1003 3152 1269 3216 potentem
1288 3187 1318 3216 ._
1347 3156 1516 3216 neque
1546 3141 1791 3216 dignitas

226 3219 423 3291 dignum
442 3211 635 3273 faciat.
666 3211 1032 3291 Nonquidem
1064 3213 1267 3265 divitia:
1296 3211 1496 3291 faciunt
1526 3212 1742 3264 divitem
1776 3228 1789 3261 :

228 3284 334 3357 quia
380 3295 457 3344 bu:
499 3288 817 3357 inexpletam
856 3284 1166 3357 resrinquere
1198 3285 1463 3357 auaritiam
1494 3290 1745 3357 nequeunt
1774 3295 1792 3331 :

228 3351 405 3428 ijuippe
429 3376 547 3428 qua:
583 3351 805 3410 avaritia
835 3352 1203 3428 crescentibus
1227 3351 1425 3405 divitiis
1453 3353 1646 3405 crescit
1677 3369 1689 3404 :
1722 3353 1795 3405 ita

227 3423 279 3499 tit
301 3423 638 3499 copia'faciat
668 3428 902 3499 inopem.
926 3423 1041 3477 Non
1073 3424 1231 3476 etiam
1263 3430 1793 3499 potestaspotentcm

229 3498 337 3553 facit
359 3492 375 3553 Ξ
393 3501 665 3569 quamam
696 3492 813 3569 htee
835 3510 958 3548 eum
987 3508 1145 3569 quem
1179 3492 1682 3569 potentem_tl_i_cunt,
1713 3503 1798 3569 ut-

229 3580 337 3637 pote
362 3561 507 3639 quem
534 3568 739 3634 smpius
768 3564 1227 3639 vitiosee_libidines
1255 3561 1605 3639 insolubilibus
1644 3563 1817 3639 astri-.

228 3631 347 3691 ctum
374 3631 863 3695 'rctinent'catenis,
905 3634 985 3686 sui
1022 3644 1301 3699 compotem
1343 3650 1443 3686 non
1491 3631 1635 3698 facit.
1680 3633 1794 3685 Non

227 3710 437 3777 denique
466 3709 702 3777 dignitas
731 3708 949 3777 dignum
980 3704 1101 3756 facit
1120 3702 1425 3777 isiquidem
1453 3703 1678 3777 dignitas
1698 3704 1798 3777 int-

227 3772 378 3848 probis
407 3772 601 3832 collata
629 3793 744 3848 non!
761 3772 911 3826 modo
940 3789 1045 3848 non
1075 3772 1459 3848 e/ficit_dignos,
1498 3774 1598 3848 sed
1624 3774 1797 3848 prodit

229 3842 379 3917 potius
409 3860 455 3903 et
487 3856 708 3902 ostentat
730 3846 987 3915 indignos.
1019 3842 1266 3897 Juvenal.
1290 3850 1390 3895 sat.
1417 3849 1471 3903 δ,
1500 3858 1551 3896 v.
1587 3843 1685 3896 MO
1709 3858 1721 3871 ·

336 3938 488 3988 Omne
514 3937 665 3986 animi
685 3935 846 3982 vilium
877 3942 1007 3981 tanto
1030 3934 1336 3994 conspectius
1355 3934 1401 3980 in
1421 3946 1476 3979 se

337 3999 525 4050 Crimen
545 4000 718 4058 habet,
739 4004 917 4059 quanto
937 3996 1105 4055 major,
1130 3996 1211 4056 qui
1234 4001 1420 4055 peccat,
1448 3995 1673 4046 habetur.

288 4085 310 4116 ¹
346 4084 445 4137 Cur
472 4084 545 4136 ita
582 4077 863 4150 provenit?]
894 4078 981 4131 IV.
1014 4077 1360 4144 Philosophia
1388 4095 1452 4131 ex
1481 4077 1636 4150 dictis
1664 4094 1796 4131 Con-

228 4153 398 4217 cludit,
430 4154 686 4222 prmdtcln
726 4151 1017 4222 ntalecum
1060 4150 1483 4222 peculiari,‘turn
1517 4149 1672 4222 etiam
1704 4164 1795 4217 ge-

230 4226 379 4279 nerali
404 4216 625 4276 nomine
652 4222 717 4275 ab
741 4220 1046 4274 hominibus
1071 4220 1255 4271 donari
1284 4236 1295 4269 :
1320 4216 1588 4281 Gaudetis,
1608 4216 1795 4284 inquit,

230 4310 259 4346 ο
284 4295 539 4357 homines,
588 4310 668 4345 res
709 4307 816 4344 sese
855 4290 1005 4341 aliter
1030 4288 1290 4351 habentes,
1324 4288 1466 4354 falsis
1493 4290 1800 4355 compellare

229 4366 522 4433 nominibus,
549 4379 666 4429 quia
690 4361 839 4432 facile
862 4360 1090 4431 ipsarum
1113 4376 1281 4412 rerum
1313 4359 1689 4429 redarguuntur
1718 4362 1797 4429 ef-

252 4448 369 4487 στω.

232 4436 448 4557 {urtica
498 4504 610 4556 illic
649 4502 857 4561 divitiw,
901 4498 1029 4570 etc.]
1072 4498 1307 4552 Primum
1351 4499 1492 4553 enim
1526 4498 1791 4570 praedicta

230 4576 356 4629 male
382 4573 637 4642 peculiari
669 4586 768 4624 suo
796 4568 1338 4642 nomine’donantur;
1364 4568 1791 4642 quandoquidem

231 4662 337 4708 quae
364 4640 623 4699 vocantur
663 4643 879 4705 divitiae,
930 4644 1160 4707 potentia
1197 4650 1249 4693 et
1290 4640 1537 4707 dignitas,
1579 4649 1793 4693 contra-

232 4716 313 4769 riis
339 4716 513 4784 potius
542 4713 868 4775 nominibus,
893 4721 951 4764 ut
974 4709 1170 4763 dictum
1195 4718 1299 4772 θαι,
1323 4710 1491 4763 notari
1514 4710 1792 4765 deberent.

294 4785 315 4815 ⁸
344 4785 493 4839 Nihil
542 4784 872 4839 expetendum
897 4822 910 4839 ,
967 4780 1094 4833 nihil
1141 4782 1323 4833 nativw
1368 4780 1624 4839 bonitatis,
1668 4779 1792 4839 etc.]

380 4785 493 4834 iihil
542 4784 910 4834 expetendum.
967 4782 1094 4833 nihil
1141 4782 1323 4833 nativw
1368 4782 1624 4834 bonitatis.
1668 4789 1769 4834 etc.

294 4785 315 4815 ⁸
341 4779 493 4839 Nihil
542 4784 910 4853 expetendum,
967 4780 1094 4833 nihil
1141 4782 1323 4833 nativw
1368 4780 1624 4843 bonitatis,
1668 4779 1796 4849 etc.]

236 4853 421 4910 Deinde
449 4869 582 4908 vero
611 4852 857 4919 prmdicta
889 4851 1025 4903 male
1054 4864 1263 4919 quoque
1300 4851 1533 4918 generali
1581 4854 1798 4904 nomine

235 4936 478 4979 vocantur
512 4926 649 4977 bona
684 4939 696 4973 :
729 4937 844 4974 cum
874 4936 964 4973 nec
991 4936 1043 4973 se
1081 4920 1219 4973 bonis
1259 4936 1453 4987 semper
1490 4920 1796 4989 adiungant,

234 5010 314 5046 nec
340 5012 443 5057 eos,
478 4994 663 5063 quibus
702 4992 890 5059 fuerint
918 4992 1185 5060 adjuncta,
1216 4990 1372 5043 bonos
1398 4990 1633 5059 efﬁciant,
1665 4995 1804 5045 sicut

236 5064 384 5117 etiam
410 5066 614 5118 dictum
645 5071 747 5116 est.

300 5160 315 5177 '
352 5155 501 5221 Quod
531 5164 754 5208 vocatur
781 5152 1093 5220 Sapphicum
1116 5165 1143 5204 a
1169 5150 1391 5205 muliere
1415 5166 1531 5218 qua:
1560 5150 1688 5204 illud
1717 5150 1800 5203 in-

238 5226 389 5278 venit.
412 5225 641 5279 Carmen
678 5232 760 5277 est
799 5237 1047 5276 ci‘unsmns
1078 5237 1141 5275 ex
1174 5237 1277 5273 uno
1307 5236 1503 5289 genere
1530 5236 1801 5285 versuum,

238 5308 453 5362 quorum
504 5295 729 5363 quilibet
781 5294 1014 5363 quinque
1065 5290 1227 5359 pedes
1283 5293 1505 5355 habens,
1560 5306 1800 5359 corcum,

239 5362 545 5432 spondeum,
578 5363 843 5434 dactylum
880 5374 934 5415 et
961 5362 1093 5414 duos
1118 5376 1304 5415 coreos
1332 5362 1557 5415 obtinet.

302 5453 351 5506 l.
382 5450 679 5521 Nocimus.]
720 5451 994 5506 Neminem
1023 5451 1215 5519 quippe
1258 5451 1403 5516 latet,
1433 5460 1485 5505 et
1513 5460 1563 5505 ut
1595 5452 1667 5504 ait
1698 5450 1804 5506 llo-

239 5533 331 5577 rat.
365 5539 402 5587 t,
434 5540 602 5579 scrin.
635 5526 664 5576 7
697 5541 710 5574 :

354 5672 586 5724 Omnibus
611 5680 660 5724 et
677 5673 817 5735 lippis
838 5678 1004 5722 notum
1027 5680 1077 5722 et
1102 5611 1392 5722 tonsgtiiiiii):
1403 5685 1529 5721 esse.

1821 4429 1876 4489 D

1895 3138 2018 3193 dem
2037 3137 2311 3208 ‘mulorum
2340 3138 2639 3208 argenteis;
2667 3153 2829 3193 aureo
2858 3146 2988 3200 rete,
3022 3149 3251 3208 purpura
3282 3151 3471 3189 cocco-

1894 3224 2001 3277 que
2029 3206 2240 3261 lunibus
2271 3206 2425 3262 nexis
2454 3208 2774 3275 piscabatur.
2807 3209 3064 3261 Praeterea
3096 3207 3332 3277 omnium
3354 3208 3470 3272 opi-

1895 3275 1996 3332 bus
2038 3278 2268 3339 inhians,
2317 3280 2465 3332 solus
2508 3280 2724 3344 optabat
2764 3278 2933 3331 videri
2979 3278 3146 3329 dives.
3196 3275 3473 3329 PoStreino

1897 3350 2106 3413 Batnae,
2146 3363 2305 3416 quam
2350 3347 2558 3401 incendi
2600 3348 2856 3415 jusserat,
2898 3348 3106 3413 culpam
3154 3360 3474 3416 ptenamque

1899 3415 2174 3472 transtulit
2204 3418 2257 3471 in
2288 3418 2643 3481 Christianos,
2677 3432 2901 3483 quorum
2950 3416 3214 3484 principes
3259 3415 3472 3469 Petrum

1897 3500 1952 3543 et
1978 3488 2195 3541 Paulum
2226 3490 2495 3553 apostolos
2524 3497 2697 3542 morte
2726 3486 2973 3541 multavit
3003 3503 3015 3538 ε
3048 3489 3177 3554 quin
3213 3486 3472 3554 Senecam

1897 3558 2231 3625 magistrum,
2258 3559 2542 3611 Antoniam
2567 3560 2805 3621 amitam,
2841 3552 3197 3610 Britannicum
3231 3552 3467 3616 fratrem,

1898 3628 2169 3681 Octaviam
2209 3627 2511 3695 conjugeni.
2559 3628 2900 3695 Agrippinam
2948 3632 3197 3695 matrem,
3240 3626 3472 3691 seipsum

1900 3698 2137 3755 tandem,
2161 3694 2559 3760 dignumtantte
2582 3694 2909 3750 crudelitatis
2938 3694 3161 3756 facinus,
3187 3695 3471 3749 interfecit.

1904 3766 2033 3819 Vide
2056 3765 2365 3819 Suetonium
2389 3767 2422 3819 Ι.
2451 3782 2516 3819 \‘l.
2548 3766 2813 3833 Praecipua
2841 3764 2994 3832 hujus
3016 3761 3474 3834 tyrannil‘acinora

1897 3836 2152 3902 deinceps
2173 3848 2525 3901 exponentur.

1968 3906 2025 3962 2.
2056 3900 2231 3974 UrbeQ]
2267 3905 2401 3959 Urbs
2424 3915 2505 3957 est
2527 3904 2775 3971 oppidum
2805 3917 2955 3974 muro
2982 3902 3235 3974 cinctum.
3261 3900 3349 3974 Sic
3378 3915 3472 3953 vo-

1899 3983 2074 4038 catur,
2098 3969 2356 4043 inquiunt.
2390 3976 2457 4027 ab
2485 3969 2621 4034 orbe,
2653 3974 2793 4041 quod
2826 3973 3011 4026 urbem
3040 3969 3327 4043 condituri,
3359 3979 3475 4043 tau-

1899 4059 2015 4099 rum
2046 4054 2101 4099 et
2124 4040 2335 4100 vaccam
2375 4044 2563 4098 futura:
2598 4040 2937 4097 fecunditatis
2969 4056 3065 4109 spe
3091 4041 3312 4107 jnngere
3336 4040 3476 4092 sole-

1901 4124 2043 4177 rent,
2073 4124 2128 4168 et
2156 4124 2336 4167 aratro
2368 4116 2731 4167 circumducto
2767 4114 3047 4180 designare
3079 4111 3306 4171 sulcum,
3338 4109 3475 4163 intra

1900 4199 2061 4252 quem
2094 4187 2276 4238 urbem
2307 4186 2655 4237 :edilicarent.
2698 4182 2800 4236 Sed
2833 4182 2970 4250 quod
3004 4181 3141 4233 inter
3169 4180 3349 4252 omnia
3376 4195 3474 4247 op-

1905 4249 2025 4320 pida
2075 4255 2340 4306 mamilius
2387 4256 2594 4319 cincta,
2650 4254 2818 4305 Roma
2852 4249 3134 4319 quondam
3186 4249 3476 4315 principem

1908 4324 2081 4377 locum
2109 4324 2412 4386 obtinuerit,
2448 4325 2640 4377 idcirco
2665 4325 2830 4374 “Otila
2852 4322 2963 4374 κατ’
2984 4323 3165 4389 ἐξοχὴν
3191 4321 3316 4373 urbs
3337 4320 3477 4372 dicta

1902 4394 2021 4459 fuit,
2043 4394 2224 4461 judice
2254 4394 2599 4460 Quintiliano.
2628 4391 2770 4461 Virg.
2801 4392 2900 4444 ecl.
2936 4405 2975 4455 ι,
3009 4406 3057 4441 v.
3088 4391 3156 4443 £0
3186 4406 3199 4442 :

2024 4501 2206 4551 Urbem
2230 4515 2371 4563 quam
2394 4502 2559 4549 dicunt
2581 4500 2796 4557 Romam,
2815 4500 3066 4557 Meliboee,
3093 4499 3254 4563 putavi

2024 4563 2213 4613 Stultus
2236 4559 2329 4623 ego
2355 4565 2464 4610 huic
2487 4568 2664 4610 nostrae
2681 4564 2906 4623 similem,
2927 4572 3023 4623 quo
3046 4572 3178 4621 saepe
3198 4559 3408 4608 solemus

2026 4626 2251 4674 Pastores
2273 4621 2432 4672 ovium
2457 4630 2656 4672 teneros
2676 4621 2939 4681 depellere
2963 4622 3162 4669 fmtus...

2025 4687 2207 4734 Verum
2232 4687 2335 4733 haec
2358 4692 2539 4731 tantum
2560 4684 2678 4732 alias
2698 4680 2824 4733 inter
2842 4690 2985 4743 caput
3010 4680 3360 4741 extuliturbes,

2024 4747 2262 4806 Quantum
2287 4746 2419 4795 lenta
2440 4746 2596 4794 solent
2615 4747 2742 4793 inter
2766 4744 2965 4794 viburna
2987 4743 3223 4804 cupressi.

1976 4829 2027 4882 2.
2062 4826 2397 4897 Flammata.]
2438 4826 2567 4880 Pars
2605 4826 2865 4897 accipitur
2891 4840 2989 4897 pro
3020 4832 3171 4897 toto_:
3202 4838 3305 4876 uon
3337 4824 3478 4876 enim

1906 4900 2111 4969 integra
2138 4900 2305 4951 Roma
2334 4894 2560 4949 ﬂammis
2588 4896 2881 4969 absumpta
2913 4895 3030 4969 fuit,
3061 4894 3248 4969 sedes
3277 4902 3475 4969 tantum

1906 4963 2052 5024 urbis
2080 4970 2232 5022 istius
2264 4983 2384 5036 pars
2411 4982 2528 5033 qua:
2554 4966 2803 5020 obscenis
2846 4965 3050 5036 aedibus
3087 4964 3369 5036 videbatnr
3402 4963 3477 5036 in-

1907 5040 2120 5101 formis;
2163 5033 2319 5106 quam
2364 5052 2458 5104 per
2498 5036 2679 5089 ludum
2704 5035 2971 5106 _accendit
3010 5034 3169 5106 Nero,
3206 5043 3262 5086 ut
3289 5033 3477 5106 :l‘rojte

1906 5102 2316 5179 reprmseutaret
2341 5102 2661 5161 incendium.
2695 5104 2799 5158 Per
2826 5121 2914 5179 sea:
2939 5105 3064 5179 dies,
3090 5105 3258 5179 inquit
3284 5102 3476 5179 Sueto:

1908 5171 2027 5234 nius
2057 5180 2091 5232 Ι.
2120 5193 2193 5240 γι,
2226 5188 2511 5246 septemque
2558 5184 2727 5229 noctes
2764 5192 2822 5227 ea
2856 5176 3000 5246 clade
3036 5175 3262 5246 stcvitum
3302 5171 3477 5246 est‘ad

1907 5240 2343 5301 monumentorum
2365 5240 2719 5314 bustorumque
2738 5245 3012 5297 diversoria
3034 5244 3172 5314 plrbe
3192 5240 3475 5314 compulsa.

1906 5318 2053 5373 Tunc
2097 5330 2278 5383 praeter
2314 5320 2612 5370 immensum
2636 5310 2912 5368 numerum
2955 5310 3255 5383 insularum,
3296 5310 3476 5383 domus

1906 5380 2187 5460 priscorum
2213 5389 2397 5439 ducum
2423 5384 2969 5460 arserunt,‘hostilibus
2997 5382 3163 5460 adhuc
3190 5380 3364 5460 spoliis
3386 5380 3478 5459 ad-

1908 5448 2131 5521 ornatur;
2154 5458 2460 5524 deorumque
2487 5460 2617 5509 a'des
2647 5454 2707 5506 ab
2742 5455 2942 5522 regibus
2975 5468 3038 5524 ac
3064 5448 3477 5524 deinde_Pun_icis

1904 5546 1965 5581 ac
1985 5518 2195 5581 Gallicis
2216 5528 2359 5580 bellis
2379 5518 2491 5578 ruta
2512 5518 2859 5590 dedicataque,
2886 5532 2929 5574 et
2955 5519 3197 5589 quidquid
3217 5518 3475 5571 visendum

1907 5609 2055 5665 atque
2078 5596 2397 5650 memorabile
2427 5613 2488 5648 ex
2516 5594 2814 5665 antiquitate
2842 5592 3130 5665 durnverat.

1977 5657 2032 5722 ἒ.
2074 5666 2408 5735 Patribusque
2446 5657 2643 5730 ca’sis.j
2678 5660 2840 5714 Stella
2879 5660 3009 5712 enim
3049 5659 3262 5724 crinita,
3308 5657 3480 5728 inquit
