3984 6382
463 254 563 310 707

601 365 785 421 Fratre
812 366 900 435 qui
931 365 1198 436 quondam
1228 365 1371 420 ferus
1398 365 1743 433 interempto,

597 458 777 511 Matris
801 454 969 511 eﬂ‘uso
994 454 1195 509 maduit
1217 469 1430 510 cruore.

459 550 495 605 5
605 548 758 619 153
787 545 991 616 Corpus
1019 554 1073 601 et
1102 546 1216 600 visu
1250 546 1482 616 gelidum
1512 562 1817 616 pererrans,

597 640 702 695 O‘ra
731 653 837 693 non
865 637 1018 692 tinxit
1046 638 1316 708 lacrymis,
1345 639 1440 693 sed
1471 654 1591 695 esse

596 733 800 785 Censor
825 729 1070 785 exstincti
1101 729 1269 798 potuit
1299 729 1528 784 decoris.
1686 751 1714 763 ο

600 822 696 876 Hic
726 832 902 877 tamen
934 830 1145 888 sceptro
1184 823 1406 891 populos
1435 823 1676 892 regebat,

597 913 741 977 Quos
772 912 915 966 videt
940 912 1175 966 condens
1201 913 1378 966 radios
1405 914 1502 967 sub
1534 913 1702 968 undas

461 1003 527 1058 10
598 1004 851 1068 Phoebus,
880 1008 1119 1057 extremo
1144 1003 1360 1056 veniens
1389 1004 1456 1055 ab
1478 1011 1597 1057 ortu
1624 1020 1640 1057 :

598 1094 742 1160 Quos
772 1100 1021 1162 premunt
1054 1101 1256 1162 septem
1286 1092 1444 1161 gelidi
1476 1094 1716 1150 triones:

598 1184 743 1251 Quos
772 1194 928 1239 nctus
956 1184 1101 1239 sicco
1126 1185 1393 1239 violentus
1422 1193 1555 1238 azstu

597 1274 808 1335 Torret,
846 1273 1098 1328 ardentes
1125 1288 1422 1343 recoquens
1448 1289 1659 1329 arenas.

604 1365 762 1437 154
786 1364 942 1421 Celsa
972 1380 1095 1421 num
1118 1365 1331 1421 tandem
1363 1367 1527 1422 valuit
1551 1375 1781 1437 potestas

1669 252 1781 307 AN.
1822 252 2026 307 MANL.
2068 251 2220 308 SEV.
2266 253 2462 309 BOET.

3618 247 3716 303 708

2055 377 2108 434 Α
2134 366 2200 421 15
2280 366 2499 420 Vertere
2531 365 2699 420 insani
2731 365 2929 423 rabiem
2961 366 3220 422 Neronis?

2280 456 2390 511 lleu
2416 472 2627 522 gravem
2653 465 2876 523 sortem,
2901 458 3108 526 quoties
3134 459 3344 527 iniquus

2275 548 2502 603 Additur
2524 562 2669 604 εωνο
2696 548 2901 618 gladius
2926 549 3163 604 veneno!

2644 660 2798 733 155
2837 660 3057 717 Paosa
3094 660 3203 715 vn.

2138 773 2521 828 Ancuues'ruu.
2553 803 2620 814 —
2643 772 2818 827 Boetio
2843 773 3225 845 Philosophiam
3248 776 3452 829 testanti
3481 780 3545 830 de
3569 778 3719 831 modo

2209 862 2306 911 quo
2328 846 2394 896 ad
2420 846 2687 910 dignitates
2715 847 2823 912 ipse
2843 856 3151 910 pervenerat,
3177 848 3445 913 respondet
3474 846 3717 900 Philoso-

2211 916 2352 980 phia,
2385 914 2595 981 famam,
2621 930 2723 983 qua
2751 916 2968 982 optimus
2996 917 3203 982 quisque
3229 917 3555 984 magistratus
3584 920 3724 970 video

2208 995 2290 1035 tur
2310 985 2448 1047 duci,
2464 985 2600 1053 quod
2620 986 2726 1036 hazc
2748 986 3051 1039 brevioribus
3067 1002 3179 1038 eum
3200 986 3317 1049 loci,
3343 994 3447 1039 tum
3477 988 3719 1053 temporis

2208 1055 2453 1118 angustiis
2488 1056 2826 1119 contineatur,
2867 1057 3016 1124 ﬂocci
3051 1072 3156 1109 esse
3186 1057 3473 1124 faciendam
3495 1097 3510 1120 ,
3546 1059 3719 1109 animo

2210 1125 2488 1203 pra'sertt'm
2524 1125 2682 1194 hujus
2719 1125 2801 1178 sui
2841 1126 3005 1179 exsilii
3031 1166 3045 1191 ,
3078 1141 3280 1194 sumque
3318 1126 3722 1179 immortalitatis

2214 1208 2434 1245 00118010.

2211 1281 2343 1335 'l‘um
2372 1298 2471 1352 ego
2502 1291 2529 1321 ι
2550 1324 2564 1346 .
2601 1286 2615 1315 ¹
2648 1287 2784 1348 scis,
2814 1285 3028 1353 inquam
3052 1326 3066 1349 ,
3114 1284 3228 1355 ipsa
3259 1284 3537 1339 minimum
3569 1285 3723 1339 nobis

2139 1371 2486 1427 ambitionem
2510 1374 2812 1429 mortalium
2837 1390 3014 1429 rerum
3041 1374 3203 1431 fuisse
3223 1375 3549 1430 dominatam
3576 1393 3590 1429 :
3614 1374 3720 1432 Sed

1799 1479 2355 1538 lNTERPRETATlO

462 1590 733 1644 derabatur
772 1590 985 1655 imperio
1020 1599 1188 1660 gentes
1228 1605 1356 1658 quas
1393 1588 1471 1641 sol
1506 1589 1673 1643 oriens
1704 1590 2034 1658 occidensque
2062 1592 2109 1651 B
2139 1592 2235 1645 tuit
2264 1600 2459 1645 mutare
2491 1592 2713 1657 furorem
2751 1592 2975 1648 Neronis
3014 1597 3266 1650 amentis?
3292 1614 3320 1650 ο
3353 1597 3591 1651 miseram
3624 1598 3721 1652 ho-

462 1664 641 1723 cernit,
672 1676 795 1725 quas
823 1668 1011 1729 septem
1035 1661 1222 1730 triones
1248 1668 1427 1727 urgent
1454 1674 1551 1711 suo
1574 1660 1783 1730 frigore,
1810 1675 2033 1729 quasque

463 1741 634 1783 auster
662 1731 829 1783 calore
849 1726 995 1782 arido
1023 1726 1281 1782 vehemens
1311 1730 1431 1793 urit,
1467 1729 1627 1797 magis
1643 1726 1718 1781 wac
1754 1726 1916 1798 magis
1946 1726 2031 1783 co-

462 1815 620 1868 quens
647 1816 829 1854 arenas
858 1801 1121 1869 ferventes.
1147 1801 1225 1852 An
1249 1813 1401 1867 porro
1427 1799 1648 1867 potentia
1682 1800 1912 1853 sublimis
1934 1816 2030 1862 po-

2139 1661 2341 1740 niinuin
2365 1662 2730 1740 conditionem,
2752 1666 2957 1740 quando
2985 1668 3262 1720 auctoritas
3284 1668 3477 1739 injuste
3503 1671 3721 1740 conjuno

2137 1732 2274 1803 gitur
2287 1748 2423 1803 cum
2444 1734 2743 1787 crudelita'e
2769 1735 2878 1803 fera
2891 1735 2911 1785 .'

2211 1808 2238 1838 ιι
2281 1801 2513 1856 Boetius.

2014 1916 2242 1973 NOTAE.

469 2028 776 2093 Suetonius,
793 2044 906 2096 qua:
927 2030 1135 2081 summis
1163 2029 1487 2098 potestatibus
1509 2030 1716 2082 exitium
1738 2031 2038 2099 portendere

466 2098 613 2167 vulgo
645 2109 871 2169 putatur,
900 2114 987 2165 per
1016 2099 1275 2169 continuas
1307 2110 1473 2152 noctes
1500 2100 1623 2151 oriri
1657 2108 1892 2169 coeperat.
1927 2102 2037 2154 An-

468 2170 583 2239 xius
613 2184 670 2221 ea
691 2167 753 2219 de
777 2183 847 2225 re.
866 2178 918 2220 ut
940 2184 1001 2220 ex
1014 2167 1190 2239 Babilo
1213 2169 1469 2239 astrologo
1496 2170 1694 2231 didicit,
1719 2167 1876 2224 solere
1901 2187 2040 2238 reges

469 2238 592 2290 talia
618 2247 810 2289 ostenta
834 2238 969 2289 caede
996 2237 1166 2301 aliqua
1200 2239 1383 2291 illustri
1410 2237 1615 2300 expiare
1642 2250 1788 2304 atque
1826 2256 1857 2291 a
1893 2237 2043 2294 semet

466 2309 520 2359 in
544 2308 713 2375 capita
734 2323 996 2376 procerum
1018 2307 1282 2375 depellere.
1302 2309 1614 2360 nobilissimo
1636 2311 1812 2375 cuique
1832 2311 2042 2363 exitium

470 2375 752 2429 destinavit.
771 2375 988 2448 Constat
1013 2378 1259 2440 quosdam
1279 2394 1393 2430 cum
1411 2379 1702 2447 paedagogis
1728 2390 1776 2430 et
1798 2381 2041 2448 capsariis

471 2463 572 2498 uno
598 2446 811 2517 prandio
834 2448 1022 2510 pariter
1045 2458 1250 2517 necatos
1274 2463 1291 2500 :
1313 2446 1440 2500 alios
1460 2446 1904 2517 diurnumrictuin
1927 2467 2044 2515 pro-

469 2515 652 2569 hibitos
681 2532 925 2584 qua'rere.
968 2515 1155 2569 Nullus
1185 2520 1391 2583 posthac
1420 2516 1678 2570 adhibitus
1708 2520 1931 2572 delectus
1953 2530 2042 2571 aut

470 2587 647 2638 modus
676 2586 995 2639 interimendi
1016 2600 1033 2637 :
1054 2602 1374 2655 quoscunque
1393 2587 1640 2651 libuisset,
1665 2605 1961 2656 quacunque
1982 2592 2045 2642 de

468 2673 642 2720 causa,
668 2665 773 2709 etc.

541 2726 593 2779 5.
620 2722 1567 2798 ναινεῌὶηιενρηιριολ-βνὶιαηηὶίθο
1611 2727 1835 2790 scilicet,
1886 2743 2042 2798 quem

469 2795 721 2848 Claudius
745 2810 810 2848 ex
834 2794 1134 2857 Messalina,
1162 2804 1217 2846 ut
1242 2794 1501 2850 Neronem
1522 2811 1586 2849 ex
1613 2794 2044 2864 Agrippina'sus-

474 2874 690 2929 ceperat
720 2905 734 2923 ,
761 2880 1047 2931 quemque,
1071 2874 1128 2916 ut
1148 2866 1222 2917 ait
1241 2865 1547 2926 Suetonius,
1576 2883 1675 2918 non
1700 2869 1867 2920 minus
1889 2883 2049 2920 azmu-

473 2936 661 2987 latione
675 2936 828 3005 vocis,
852 2950 964 3003 qua:
991 2934 1067 2986 illi
1086 2934 1371 3005 jucundior
1390 2936 1701 3002 suppetebat,
1721 2953 1872 3005 quam
1893 2946 2047 3001 metu,

474 3021 535 3057 ne
554 3003 857 3074 quandoque
877 3005 1013 3073 apud
1036 3003 1295 3055 hominum
1321 3009 1536 3075 gratiam
1568 3003 1781 3073 paterna
1812 3010 2052 3059 memoria

2270 2032 2359 2083 Hic
2376 2038 2465 2091 vir,
2488 2034 2574 2100 hic
2587 2040 2682 2091 est,
2708 2036 2792 2100 tibi
2814 2048 2960 2095 quem
2982 2036 3189 2096 promitti
3214 2039 3392 2099 steplus
3413 2038 3573 2100 audis,

2270 2101 2519 2157 Augustus
2543 2096 2720 2157 Caesar,
2746 2097 2909 2144 divum
2927 2110 3113 2157 genus:
3137 2096 3478 2148 aurea'conde'

2272 2156 2448 2204 Secula
2474 2159 2556 2217 qui
2576 2170 2745 2205 rursus
2772 2156 3151 2217 Latio,'regnata
3179 2172 3266 2218 per
3291 2174 3400 2207 arva

2271 2220 2481 2264 Saturno
2500 2220 2737 2278 quondam
2766 2232 2777 2266 :
2801 2231 2954 2278 super
2978 2228 3027 2266 et
3054 2220 3365 2267 Garamantas
3390 2227 3442 2268 et
3468 2219 3611 2271 Indos

2275 2278 2504 2342 frore-ret
2530 2282 2783 2342 imperium
2808 2293 2819 2326 :
2844 2282 2974 2336 jacet
2995 2288 3131 2327 extra
3156 2281 3317 2329 sidera
3336 2282 3505 2342 tellus,

2273 2339 2419 2389 Extra
2442 2341 2551 2387 anni
2574 2341 2786 2401 Solisque
2808 2343 2929 2398 vias,
2954 2341 3037 2389 ubi
3058 2341 3242 2388 etelil’er
3265 2343 3397 2391 Atlas

2272 2400 2430 2450 Axem
2452 2402 2655 2449 humero
2678 2400 2874 2463 torquet
2892 2402 3050 2451 stellis
3080 2404 3365 2451 ardentibus
3388 2410 3569 2465 aptum.

2150 2480 2244 2535 "te
2290 2494 2465 2536 autem
2509 2494 2736 2552 quatuor
2775 2484 2955 2537 mundi
2988 2494 3164 2551 partes
3194 2484 3277 2538 hic
3304 2490 3505 2552 optime
3535 2496 3701 2539 notan

2153 2563 2238 2605 tttr
2266 2570 2279 2605 :
2308 2562 2457 2606 ortus
2485 2555 2698 2621 quidem
2730 2564 2782 2607 et
2809 2568 3051 2616 oecaStts,
3096 2553 3285 2607 Phoebo
3315 2558 3401 2622 qui
3435 2562 3635 2609 veniens
3663 2559 3729 2609 ab

2151 2631 2372 2698 extremo
2412 2625 2761 2698 ortu_,_condit
2802 2625 2975 2677 radios
3021 2626 3112 2677 sub
3152 2628 3337 2679 undas.
3370 2625 3459 2681 Sic
3487 2625 3680 2698 Virgil.
3713 2643 3729 2681 ι

2146 2692 2365 2761 Georg.,
2398 2707 2448 2745 v.
2480 2693 2585 2748 4⁸58
2615 2711 2627 2746 :

2241 2781 2322 2828 Sol
2346 2794 2540 2840 quoque
2564 2789 2616 2830 et
2636 2785 2889 2840 exoriens,
2904 2788 2953 2832 et
2978 2796 3086 2831 cum
3105 2796 3161 2832 se
3179 2783 3359 2833 condet
3379 2786 3425 2832 in
3444 2785 3599 2834 undas

2242 2842 2389 2903 Signa
2412 2844 2546 2891 dabit
2571 2857 2581 2890 :
2605 2844 2760 2892 solem
2784 2847 3052 2893 certissima
3075 2847 3211 2905 signa
3229 2854 3528 2907 sequentur.

2149 2923 2453 2988 Septentrio
2480 2942 2610 2980 vero
2639 2937 2691 2982 et
2720 2929 2992 2991 meridies,
3025 2929 3227 2996 Septem
3255 2931 3503 2984 trionibus
3533 2940 3580 2983 et
3608 2942 3732 2984 note

2153 3005 2374 3066 torrente
2400 3013 2578 3051 arenas
2602 3013 2620 3050 :
2639 3013 2759 3051 nam
2795 2999 2997 3066 Septem
3028 3002 3213 3053 triones
3242 3010 3365 3053 sunt
3394 3002 3734 3055 constellatio

472 3064 786 3142 prtévaleret,
831 3064 1018 3145 veneno
1053 3064 1441 3143 aggressusvest.
1479 3076 1542 3128 Et
1569 3064 1688 3129 cum
1724 3076 1792 3128 ad
1828 3078 2047 3143 primum

2164 3065 2408 3145 borealis,
2440 3083 2564 3145 ane
2586 3070 2743 3145 vulgo
2783 3064 2954 3145 Major
2989 3068 3118 3121 Ursa
3147 3069 3365 3145 dicitur,
3397 3085 3620 3145 quaeque
3664 3089 3732 3125 ex

471 3154 675 3213 gustum
716 3144 1049 3205 concidisset,
1088 3145 1328 3196 comitiali
1374 3146 1544 3197 morbo
1589 3161 1651 3198 ea:
1691 3148 2050 3200 consuetudine

473 3223 766 3286 correptum
783 3214 921 3286 apud
951 3215 1182 3266 convivas
1210 3218 1496 3286 ementitus,
1526 3225 1725 3284 postero
1756 3217 1838 3268 die
1863 3218 2052 3286 raptim

472 3283 601 3335 inter
620 3283 874 3336 maximos
900 3285 1080 3336 imbres
1104 3285 1411 3337 translutitio
1434 3283 1613 3338 extulit
1644 3289 1839 3352 funere.

542 3352 598 3406 4.
634 3352 814 3405 Matris
839 3353 1001 3419 effuso
1029 3353 1253 3423 cruore.]
1287 3354 1503 3407 Matrem
1533 3356 1668 3407 dicta
1696 3355 1929 3423 factaque
1956 3373 2052 3410 sua

475 3423 814 3494 exquirentem
853 3424 1082 3475 acerbius
1112 3431 1154 3474 et
1184 3426 1533 3494 corrigentem,
1566 3427 1639 3477 ait
1683 3426 1819 3478 idem
1863 3432 2053 3480 Sueto—

478 3492 618 3555 nius,
646 3493 719 3543 ita
753 3493 1051 3560 gravabatur
1077 3504 1131 3546 ut
1162 3492 1458 3562 minis—ejus
1488 3511 1549 3546 ac
1583 3495 1820 3547 violentia
1848 3497 2051 3549 territus

478 3564 606 3614 hanc
628 3562 837 3631 perdere
863 3564 1112 3615 statuerit.
1141 3563 1205 3615 Et
1235 3580 1346 3615 cum
1372 3581 1558 3616 veneno
1590 3574 1913 3630 pertentasset
1939 3582 2054 3618 sen-

480 3633 691 3698 tiretque
719 3632 959 3683 antidotis
1003 3635 1380 3700 prtemunitam,
1421 3636 1704 3697 lacunaria,
1749 3652 1862 3701 qua?
1900 3646 2053 3688 noctu

477 3718 630 3774 super
657 3702 1003 3763 dormientem,
1025 3704 1197 3755 laxata
1223 3706 1476 3764 machina,
1504 3704 1805 3769 deciderent,
1832 3708 2048 3774 paravit,

474 3772 610 3840 quod
640 3774 882 3840 pluraque
918 3773 1020 3824 alia
1064 3790 1176 3824 cum
1216 3774 1403 3826 videret
1439 3776 1562 3827 ratis
1595 3792 1693 3827 non
1724 3772 2050 3843 respondere,

474 3842 690 3912 pugione
730 3852 940 3895 matrem
971 3844 1152 3895 occidit
1176 3860 1195 3895 :
1218 3847 1351 3896 unde
1376 3845 1453 3896 illi
1481 3861 1650 3897 versus
1681 3861 1699 3897 :

598 3933 716 3992 Quis
744 3940 891 4041 negat
916 3932 1080 3983 [Eueze
1104 3947 1273 3995 magna
1299 3936 1361 3983 de
1386 3937 1538 3995 stirpe
1564 3936 1841 3987 Neronem?

657 3997 801 4041 Sitslu
827 3997 863 4041 it
880 3996 961 4041 hic
986 4003 1207 4041 matrem-
1229 3997 1424 4041 sustulit
1450 3999 1535 4041 ilia
1557 4006 1758 4041 patrem-

657 3996 863 4043 Sustulit
880 3996 961 4042 hic
986 4003 1207 4057 matrem,
1229 3997 1424 4045 sustulit
1450 3999 1535 4045 ilze
1557 4006 1759 4059 patrem.

544 4076 598 4151 5Ἰ
623 4075 819 4151 Corpus
838 4087 882 4129 et
902 4076 1011 4151 visu
1036 4079 1257 4151 gelidum
1288 4079 1599 4151 pererrans]
1626 4082 1899 4134 Adduntur
1922 4098 2055 4148 pra!-

474 4145 632 4198 dictis
660 4148 931 4208 atrociora,
964 4147 1133 4213 inquit
1161 4145 1463 4210 Suetonius,
1494 4145 1599 4203 nec"
1614 4153 1813 4203 incertis
1829 4145 2054 4205 auctori-

473 4214 586 4288 bus,
602 4215 862 4288 Neronem
883 4216 1089 4270 scilicet
1105 4218 1171 4268 ad
1192 4219 1449 4271 visendum
1480 4222 1755 4288 interfectis
1768 4225 1942 4274 matris
1965 4239 2053 4274 ca-

477 4287 627 4358 daver
649 4287 945 4358 accurrisse,
966 4296 1302 4341 contrectasse
1324 4292 1565 4351 membra,
1592 4287 1695 4342 alia
1722 4293 1767 4343 vi
1775 4304 2051 4358 tuperasse,

476 4355 581 4407 alta
603 4356 857 4420 laudasse,
882 4358 1061 4425 sitique
1088 4358 1289 4409 interim
1311 4358 1484 4412 oborta
1512 4361 1710 4414 bibisse.
1740 4355 1871 4415 llitic
1914 4355 2052 4416 nunc

479 4426 675 4479 dicitur
703 4442 895 4509 ccn-or
927 4428 1156 4506 exstincti
1187 4428 1404 4509 deforis,
1431 4432 1569 4509 quod
1604 4432 2047 4509 quemadmodum
2082 4452 2127 4509 υ

479 4509 673 4565 censor
704 4497 769 4548 de
813 4497 1218 4564 uniuscujusque
1248 4496 1580 4552 facultatibus
1602 4496 1773 4553 facere
1818 4503 2043 4565 solebat,

478 4564 618 4618 Nero
644 4566 876 4636 singulas
904 4568 1125 4619 materni
1155 4569 1395 4633 corporis
1426 4580 1600 4636 partes
1634 4572 1876 4630 lustrare.
1902 4583 1952 4625 et
1982 4573 2049 4627 de

478 4635 701 4698 singulis
731 4637 1049 4711 sententiam
1082 4636 1221 4690 ferre
1249 4653 1350 4711 non
1374 4635 1721 4711 dubitaverit;
1753 4658 1855 4693 non
1880 4643 2049 4711 lacry-

475 4714 673 4779 matus,
706 4705 845 4772 quod
877 4706 1069 4779 mirum
1101 4722 1114 4757 :
1147 4709 1471 4761 conscientia
1497 4710 1637 4763 enim
1663 4711 1772 4774 illa,
1800 4726 1898 4779 qua
1923 4705 2049 4765 coii-

474 4773 648 4828 fessus
673 4784 752 4827 est
780 4777 1035 4843 exagitari
1076 4789 1134 4829 se
1169 4779 1329 4830 veluti
1361 4779 1675 4833 verberibus
1705 4773 1958 4834 furiarum
1986 4796 2049 4835 ac

475 4844 628 4917 tzedis
651 4844 983 4917 ardentibus,
1003 4862 1218 4917 quaque
1239 4861 1426 4915 agente
1446 4850 1562 4902 sitis
1588 4849 1836 4917 praedicta
1859 4851 2046 4906 oborta

474 4915 594 4977 luit,
625 4914 870 4988 eumdem
902 4916 967 4969 ad
1001 4914 1805 4988 laerymasTundendas'rogere
1830 4922 2048 4976 debuis-

474 4994 597 5060 set_:
626 4985 718 5060 sed
750 5000 851 5060 vos
883 4985 1380 5060 conscientisetnne
1408 5000 1622 5057 propter
1655 4985 1907 5058 majorem
1940 5008 2051 5060 per-

476 5055 792 5128 turbationis
822 5054 1098 5128 impetum1
1124 5057 1307 5128 credo,
1338 5054 1543 5128 ab’ips'o
1571 5061 1655 5113 vix
1680 5054 2009 5115 audiebatur.

544 5127 597 5178 8.
628 5124 731 5197 Hic
753 5135 939 5189 tamen,
972 5124 1100 5197 etc.]
1132 5124 1550 5183 Scelestissitnus
1573 5139 1745 5183 tamen
1772 5132 1860 5184 ille
1886 5131 2046 5195 Nero,

475 5202 659 5259 utpote
707 5195 1428 5267 Romanorum'imperator,
1476 5202 1700 5269 papulos
1732 5203 1797 5253 ab
1827 5214 1948 5257 ortu
1985 5203 2049 5257 ad

476 5274 747 5339 occasum,
774 5276 827 5320 et
860 5281 886 5316 a
928 5270 1291 5335 septentrione
1321 5269 1385 5322 ad
1422 5279 1658 5323 austrum
1690 5271 1923 5339 regebat.
1962 5273 2052 5325 Ni-

476 5335 667 5408 mirum
701 5336 995 5390 Romanum
1029 5341 1309 5405 imperium
1358 5340 1511 5407 longe
1552 5335 1774 5408 lateque'
1802 5343 2052 5395 diffusum

474 5404 540 5457 ad
564 5415 789 5473 quatuor
812 5404 1115 5476 praecipuas,
1128 5410 1309 5461 mundi
1333 5404 1530 5477 partes,
1557 5404 1751 5471 ortuin.
1778 5426 2049 5477 occasum,

474 5479 921 5601 ῗὲιηθηιι-ἰοῐιεζὲἰ
950 5488 1004 5532 et
1032 5479 1306 5533 meridiem
1356 5493 1663 5547 pervenerat
1690 5498 1703 5534 :
1729 5482 1868 5535 unde
1903 5483 2044 5551 Virg.

556 5561 606 5597 η.
638 5562 707 5601 νι.
739 5563 791 5600 v.
956 5564 970 5601 :

556 5561 606 5597 η.
638 5562 707 5609 vr,
739 5563 791 5600 ν.
824 5561 970 5601 7:51:

603 5635 673 5704 lin
698 5638 859 5704 huius,
883 5638 1026 5704 Nate,
1054 5640 1277 5701 auspiciis
1302 5639 1381 5689 illa
1409 5638 1581 5704 inclyta
1606 5639 1757 5688 Roma

605 5696 867 5761 imperiam
885 5696 1047 5763 torris,
1071 5696 1256 5751 animos
1279 5702 1487 5763 aequabit
1506 5696 1770 5765 Olympo...

2153 3144 2355 3201 septem
2407 3137 2693 3204 prmcipuis
2736 3137 2906 3191 stellis
2956 3149 3228 3202 constans,
3276 3139 3476 3193 referre
3518 3142 3734 3195 videtur

2154 3205 2467 3270 plaustrum,
2497 3206 2656 3258 boves
2687 3208 2977 3271 trahentes,
3000 3218 3055 3261 et
3086 3210 3364 3262 bubulcum
3393 3211 3685 3264 ducentem
3712 3229 3728 3266 :

2151 3275 2314 3349 boves
2338 3279 2533 3343 quippe
2562 3277 2628 3329 ab
2649 3277 2825 3330 ofﬁcio
2854 3279 2983 3330 olim
3014 3278 3326 3332 dicebantur
3345 3282 3585 3346 teriones,
3606 3285 3731 3349 quia

2151 3345 2321 3396 solum
2368 3356 2563 3409 terunt,
2608 3356 2697 3398 aut
2734 3348 2999 3412 terriones,
3034 3350 3154 3413 quia
3194 3360 3389 3402 terram
3432 3345 3606 3413 arant,
3624 3345 3733 3403 'aut

2151 3414 2387 3477 striones,
2419 3416 2540 3482 quia
2570 3418 2750 3468 striam
2776 3416 2995 3470 faciunt.
3028 3418 3194 3472 Notus
3224 3430 3399 3473 autem
3429 3431 3620 3474 ventus
3645 3431 3732 3477 est

2153 3498 2181 3535 a
2214 3485 2435 3605 mea-idie
2461 3484 2615 3547 ﬂans,
2643 3488 2729 3555 qui
2761 3487 2883 3541 ideo
2917 3503 3037 3541 cum
3079 3504 3271 3557 magno
3294 3490 3477 3545 calore
3505 3492 3732 3561 c0njun-

2153 3562 2266 3605 clus
2333 3564 2507 3605 tentur.
2556 3562 2563 3567 '

2152 3562 2266 3607 ctus
2294 3562 2507 3608 dicitur.
2556 3562 2563 3567 '

2224 3622 2310 3699 ii.
2345 3622 2489 3699 C_elsa
2528 3641 2652 3699 num
2679 3628 2883 3679 tandem
2912 3628 3066 3679 valuit
3110 3627 3387 3699 potestas?]
3429 3629 3543 3685 Hoc
3590 3645 3728 3698 pra:-

2153 3694 2336 3746 sertim
2365 3695 2587 3748 Neronis
2618 3700 2859 3763 exemplo
2884 3699 3136 3763 probatur
3176 3694 3409 3764 pmesm's
3442 3694 3722 3753 habentem

2155 3764 2502 3839 nonemcere
2530 3766 2823 3839 meliorem,
2849 3767 2988 3834 quod
3020 3783 3251 3833 prtesens
3271 3778 3352 3823 e~t
3377 3770 3726 3839 philosophiae

2155 3833 2450 3907 institutum
2480 3852 2492 3886 :
2521 3837 2564 3887 si
2594 3852 2693 3902 qua
2732 3833 2879 3891 enim
2922 3850 3108 3904 magna
3139 3833 3557 3907 unquam'fuerit
3590 3833 3727 3893 inter

2156 3903 2396 3977 homines
2437 3914 2688 3970 potestas,
2734 3921 2955 3977 quaeque
2994 3903 3128 3961 adeo
3177 3903 3409 3974 potuerit
3454 3919 3722 3977 potentem

2155 3974 2379 4047 reddere
2409 3977 2706 4038 meliorem,
2733 3976 2846 4029 haec
2874 3973 2973 4047 fuit
2998 3973 3228 4043 porestas
3260 3973 3506 4041 Neronis,
3532 3981 3723 4047 quippe

2155 4044 2243 4117 qui
2273 4045 2573 4097 universum
2604 4054 2864 4098 terrarum
2895 4046 3076 4099 orbem
3105 4048 3325 4116 imperio
3345 4063 3443 4102 suo
3476 4044 3717 4117 regebat;

2157 4112 2271 4185 haec
2296 4123 2467 4185 tamen
2501 4124 2753 4180 potestas,
2784 4127 2975 4184 quanta
3003 4112 3197 4185 quanta
3228 4118 3345 4180 fuit,
3370 4112 3722 4172 insani'Nero-

2155 4184 2232 4235 nis
2261 4184 2449 4235 rabiem
2481 4201 2581 4237 non
2612 4187 2771 4252 potuit
2802 4184 3027 4239 vertere.
3047 4187 3240 4240 Rabies
3274 4191 3483 4254 proprie
3519 4202 3720 4241 morsus

2155 4254 2398 4319 caninus,
2429 4269 2534 4321 quo
2560 4255 2762 4326 scilicet
2786 4256 2932 4309 canis
2966 4256 3068 4309 huc
3104 4256 3331 4325 illucque
3363 4268 3544 4326 raptus
3571 4258 3719 4310 obvia

2155 4339 2374 4443 «plagulas
2406 4324 2709 4404 aggreditur
2744 4342 2759 4380 :
2797 4327 2876 4379 sic
2912 4326 3053 4380 Nero
3091 4324 3326 4382 omnium
3375 4324 3715 4397 tyrannorum

2156 4408 2246 4443 CI'U
2290 4409 2316 4443 (ἒ
2345 4409 2572 4443 ιςειηιιις.

2156 4394 2572 4445 crudelissimus.

2156 4466 2255 4586 291
2261 4464 2455 4584 (idtlen
2481 4479 2681 4535 gravem
2701 4466 2933 4536 sortem]
2966 4465 3054 4522 Sic
3085 4465 3265 4535 Virgil.
3296 4465 3512 4522 Aineid.
3545 4483 3631 4529 vn,
3659 4483 3711 4519 v.

2194 4568 2204 4579 ο
2229 4552 2279 4586 ι).
2350 4545 2441 4585 ΙΧΙῑ
2472 4550 2484 4585 Ξ

2194 4545 2279 4594 υι),
2311 4545 2484 4585 dixit:

2279 4622 2389 4670 Heu
2414 4624 2615 4684 stirpem
2642 4626 2840 4673 invisam
2867 4632 2919 4674 et
2941 4624 3049 4675 fatis
3071 4628 3313 4676 contraria
3335 4628 3513 4676 nostris

2278 4684 2392 4732 Fata
2414 4685 2681 4746 Phrygum!

2156 4766 2244 4839 Sic
2272 4769 2468 4834 Optime
2497 4768 2689 4822 dicitur
2717 4786 2730 4821 :
2765 4768 2809 4821 0
2837 4786 2915 4823 me
2942 4770 3216 4839 perditum!
3232 4769 3375 4823 Proh
3403 4771 3548 4824 deum
3568 4780 3716 4837 atque

2154 4838 2413 4889 hominum
2447 4839 2596 4903 [idem
2613 4840 2634 4891 Ι

2228 4911 2311 4981 to.
2360 4909 2565 4973 Quoties
2607 4910 2807 4977 iniquus
2836 4909 3047 4963 additur
3075 4926 3206 4981 ξωυο
3246 4911 3451 4981 gladius
3483 4906 3711 4974 venenoll

2154 4976 2356 5041 Quoties
2387 4988 2606 5046 potestas
2635 4976 2807 5047 iniqua
2833 4980 3163 5033 cum‘crudeli
3192 4976 3449 5034 voluntate
3472 4983 3713 5047 reperitur

2150 5049 2425 5118 conjuncta
2456 5064 2475 5101 :
2506 5064 2624 5101 nam
2665 5051 2871 5118 signum
2908 5049 2993 5103 hic
3022 5052 3283 5117 accipitur
3315 5068 3409 5119 pro
3439 5067 3493 5103 re
3520 5048 3713 5116 signiti-

2152 5128 2288 5170 cata.
2321 5120 2407 5172 διο
2427 5120 2696 5195 proverbii
2726 5123 2892 5195 instar
2920 5120 3022 5173 dici
3050 5120 3187 5173 solet
3213 5118 3490 5195 :_Gladium
3514 5128 3710 5195 acutum

2151 5198 2343 5260 avertas
2372 5204 2390 5240 :
2417 5188 2499 5240 Ne
2523 5206 2679 5258 puero
2708 5190 2952 5259 gladium,
2982 5202 3040 5243 ut
3065 5191 3373 5245 ostendatur
3400 5199 3615 5260 potestas
3645 5188 3714 5239 tis

2154 5259 2346 5325 quibus
2376 5268 2566 5313 noceat
2592 5275 2694 5312 non
2728 5274 2845 5313 esse
2867 5260 3268 5315 committenda.

2233 5349 2695 5426 '__Scis,_inquam,
2729 5351 2882 5421 ipsa.l
2924 5351 2963 5404 l.
3005 5351 3228 5426 Quidem
3261 5352 3469 5426 Boetius
3498 5356 3727 5426 testatur.

2161 5417 2558 5494 Philosophiam
2586 5462 2601 5483 ,
2645 5431 2699 5494 ut
2726 5417 2850 5494 pote
2875 5417 3145 5494 cuum-iatn
3178 5425 3410 5494 omnium
3440 5417 3727 5494 Cogitatio-1

2162 5505 2284 5543 nutn
2314 5534 2326 5557 ,
2371 5507 2501 5559 quas
2529 5492 2740 5544 Boetius
2769 5491 3011 5545 hahnerit
3036 5533 3051 5557 ,
3088 5492 3154 5546 de
3185 5493 3342 5545 modo
3378 5508 3478 5559 qun
3509 5491 3723 5551 Boetius,

2161 5560 2274 5627 ipse
2302 5561 2365 5613 ad
2396 5561 2676 5631 dignitates
2704 5562 3031 5629 pervenerit,
3057 5565 3233 5631 aitque
3258 5577 3317 5616 se
3338 5572 3526 5631 optasse
3554 5563 3710 5631 mate-

2160 5626 2287 5680 riam
2317 5626 2545 5698 gerendis
2569 5626 2736 5702 rebus,
2761 5644 2865 5685 non
2886 5626 3174 5699 ambitione,
3195 5632 3282 5689 sed
3308 5626 3379 5687 ne
3391 5632 3535 5683 virtus
3559 5626 3711 5678 ιαείια

2162 5710 2550 5756 consenesceret.
