3984 6382
239 250 321 305 ῗοθ
1146 244 1234 300 DE
1268 244 1778 301 CONSOLATIONE

1890 245 2297 305 ιιιοδοριιιιε
2334 249 2463 305 LIB.
2503 250 2567 306 11.

3357 255 3462 310 710

233 358 477 415 materiam
504 356 749 427 gerendis
776 356 937 410 rebus
960 355 1261 425 optavimus
1280 396 1295 421 ,
1326 372 1432 425 quo
1461 367 1487 395 ι
1514 372 1581 412 ne
1610 358 1779 413 virtus
1808 362 1861 419 Α
1884 360 2024 414 sicut
2075 361 2358 416 Ptolemaeo
2408 364 2663 432 probante
2709 363 2942 421 didicisti
2965 405 2983 431 ,
3029 380 3149 437 qua
3179 364 3208 405 ³³
3241 383 3269 421 a
3309 368 3463 424 nobis

234 456 369 507 tacita
412 459 833 504 consenesceret.
887 449 952 502 Et
991 448 1078 502 illa
1111 448 1136 486 δ
1179 466 1190 501 ;
1244 450 1402 519 156
1435 449 1597 518 Atqui
1627 452 1643 482 ¹
1676 451 1777 506 hoc

232 556 376 597 unum
401 548 482 594 est
510 550 555 603 ο,
584 539 722 605 quod
752 548 1064 606 praestantes
1089 540 1306 608 quidem
1336 549 1521 595 natura
1548 550 1779 607 mentes,

230 633 310 689 sed
336 629 562 685 nondum
590 627 618 665 ά
641 630 709 683 ad
750 640 1044 684 extremam
1074 646 1292 685 manum
1323 632 1572 686 virtutum
1604 634 1782 701 perfe-

230 723 388 777 ctione
422 719 698 789 perductas
737 718 952 774 allicere
995 721 1192 786 possit,
1238 720 1421 789 gloriae
1450 722 1652 777 scilicet
1679 738 1777 778 cu-

228 810 357 882 pido,
378 819 429 864 et
447 809 762 875 optimorum
787 808 838 860 in
858 808 1239 877 rempublicam
1260 810 1397 864 fama
1418 812 1730 869 meritorum
1754 830 1767 865 :

228 918 331 972 qua:
358 915 506 970 quam
536 901 605 953 sit
636 901 788 955 exilis
815 938 831 964 ,
873 912 927 955 et
964 902 1126 955 totius
1154 917 1318 956 vacua
1360 903 1612 971 ponderis
1635 944 1653 969 ,
1699 904 1778 958 sic

228 992 478 1047 considera
512 1007 524 1042 :
557 991 637 1060 (5)
667 992 687 1022 '
717 992 939 1045 Omnem
995 1002 1149 1046 terrae
1182 1001 1205 1030 °
1264 994 1519 1048 ambitum
1564 1034 1580 1059 ,
1622 994 1777 1049 sicuti

228 1083 244 1114 '
274 1082 592 1149 astrologicis
626 1081 1171 1137 demonstrationibus
1218 1084 1505 1151 accepisti,
1541 1084 1606 1138 ad
1653 1084 1777 1139 coeli

232 1173 247 1211 ί
275 1172 505 1241 Spatium,
538 1175 718 1241 puncti
744 1182 951 1227 constat
977 1175 1217 1228 obtinere
1242 1179 1503 1229 rationem
1539 1191 1554 1229 :
1589 1176 1640 1229 id
1671 1185 1775 1243 est,

228 1262 349 1315 utsi
375 1270 399 1307 ι
435 1262 500 1315 ad
538 1262 775 1317 omlestis
813 1263 953 1332 globi
993 1264 1410 1331 magnitudinem
1450 1264 1779 1333 conferatur,

225 1354 333 1406 nihil
347 1354 494 1420 spatii
509 1368 726 1420 prorsus
744 1346 1396 1427 haberejudicetur.157
1414 1355 1607 1425 Hujus‘
1618 1357 1787 1427 igitur

224 1456 311 1496 tam
332 1443 524 1512 exigute
551 1445 607 1515 ip
632 1447 831 1500 mundo
858 1447 1098 1517 regionis
1120 1457 1308 1517 quarta
1334 1449 1444 1504 fere
1471 1449 1647 1518 portio
1669 1460 1772 1517 est,

1886 452 2112 519 cognitis
2157 454 2513 508 animantibus
2560 455 2842 510 incolatur.
2884 457 2905 488 '
2945 457 3078 511 lluic
3122 468 3328 527 quarta:
3361 458 3381 497 ι
3415 460 3463 513 si

1886 552 2140 608 quantum
2183 544 2349 597 maria
2393 545 2715 616 paludesque
2754 555 3037 615 premunt,
3094 558 3463 619 quantumque

1890 634 1904 683 l
1937 634 2024 689 siti
2057 644 2204 689 vasta
2230 636 2378 704 regio
2399 635 2737 703 distenditur,
2759 640 3081 710 cogitatione
3103 642 3456 709 subtraxeris,

1886 727 1971 777 vix
2000 724 2082 795 (5)
2112 724 2485 793 angustissima
2531 727 2860 784 inhabitandi
2890 731 3194 786 hominibus
3220 748 3348 789 area
3374 750 3461 790 re-

1886 814 2176 885 linquetur.
2202 814 2260 870 ln
2288 815 2391 870 hoc
2422 817 2581 885 igitur
2609 819 2826 874 minimo
2855 822 3034 889 puncti
3064 824 3291 892 quodam
3321 841 3459 895 pun-

1882 915 1970 960 cto
2005 906 2342 975 circumsepti
2370 916 2530 976 atque
2551 910 2812 976 conclusi,
2832 910 2900 965 de
2921 913 3276 983 pervulganda
3297 915 3458 978 fama,

1882 996 1951 1052 de
1977 997 2294 1067 proferendo
2332 999 2549 1054 nomine
2586 1002 2874 1069 cogitatis?
2912 1006 2981 1058 At
3005 1006 3129 1074 quid
3161 1006 3320 1062 habet
3343 1023 3457 1061 am-

1884 1089 2049 1157 plum,
2075 1089 2520 1161 magniﬁcumque
2538 1091 2729 1160 gloria,
2753 1102 2860 1147 tam
2887 1095 3128 1164 angustis
3153 1098 3461 1167 exiguisque

1883 1178 2141 1234 limitibus
2168 1182 2408 1235 arctata‘l
2437 1181 2589 1237 Adde
2612 1183 2753 1252 quod
2780 1184 2800 1214 ⁸
2831 1184 2932 1238 hoc
2961 1186 3132 1254 ipsum
3164 1187 3342 1242 brevis
3368 1188 3463 1242 ba-

1884 1268 2097 1323 bitaculi
2126 1278 2332 1338 septum
2360 1271 2539 1339 plures
2566 1272 2805 1327 incolunt
2834 1275 2947 1344 (10)
2976 1276 3235 1342 nationes,
3260 1278 3459 1348 lingua,

1887 1361 2145 1426 moribus,
2176 1363 2336 1417 totius
2362 1363 2485 1419 vita:
2512 1365 2717 1419 ratione
2756 1366 3017 1422 distantes
3045 1386 3057 1419 :
3091 1368 3158 1423 ad
3186 1384 3318 1437 quas
3347 1380 3458 1425 tum

1881 1451 2193 1509 difﬁcultate
2220 1453 2466 1511 itinerum
2487 1493 2503 1521 ,
2535 1464 2644 1512 tum
2686 1458 2936 1528 loquendi
2974 1459 3317 1529 diversitate,
3346 1473 3460 1519 tum

1552 1560 2128 1619 INTERPRETATIO.

283 1684 302 1707 '
342 1672 403 1727 Ut
431 1690 547 1727 non.

283 1741 305 1778 δ
342 1743 674 1824 l‘bilosophia

1952 1690 1980 1785 ῗι
2022 1680 2441 1814 gignhttbitetur
2468 1751 2535 1805 ab
2563 1752 2627 1808 iis
2651 1754 2975 1819 animalibus,
3003 1771 3116 1824 qua:
3142 1772 3175 1809 a
3203 1758 3346 1811 nobis
3373 1775 3459 1812 ca-

282 1824 302 1889 f
342 1813 524 1889 linquit.
631 1885 641 1889 _
945 1886 955 1889 _
1885 1832 2202 1889 gnascantur.

278 1882 303 1919 ἀ
342 1882 565 1953 Perfecta
593 1885 772 1937 virtute
794 1886 1057 1953 praeditas.

282 1963 301 2023 ς
335 1952 874 2023 ςξτειιηωενὶριίοηεηι.

280 2022 301 2060 ί
335 2020 755 2094 Magnitudinem.

1958 1888 1973 1926 ί
2022 1891 2278 1943 I’tirlittni.

1953 1963 1966 2009 l
2017 1959 2151 2011 Loca
2178 1960 2374 2013 deserta
2401 1971 2587 2029 patent.

1684 2138 1911 2195 ΝΟΤιΕ.

277 2251 493 2325 Ambitio
531 2263 590 2325 et
628 2252 856 2325 ambitus
896 2254 963 2307 ab
1007 2254 1191 2308 eadem
1232 2255 1442 2325 origine
1486 2254 1768 2323 prodeunt,

225 2324 439 2377 nimirum
483 2322 631 2376 ambe
672 2324 901 2389 circum,
942 2332 990 2377 et
1037 2326 1127 2377 itio
1163 2322 1364 2393 itusqu'e
1400 2340 1429 2377 a
1459 2322 1623 2378 verbo
1666 2341 1723 2378 eo
1754 2341 1773 2379 :

224 2395 536 2453 quamobrem
564 2394 635 2446 de
666 2395 977 2460 corporibus
1005 2396 1231 2462 primum
1259 2435 1275 2458 ,
1322 2404 1503 2462 postea
1534 2396 1600 2448 de
1626 2411 1775 2447 men-

223 2463 342 2513 libus
388 2476 606 2526 propter
658 2463 941 2530 quamdam
1001 2465 1405 2517 similitudinem
1464 2464 1715 2517 dicuntur
1757 2482 1770 2517 :

223 2532 412 2584 ambius
450 2534 565 2587 sive
599 2533 808 2585 ambitio
845 2533 896 2586 in
921 2535 1234 2601 corporibus
1264 2542 1347 2586 est
1378 2535 1523 2586 locus
1545 2535 1773 2587 duorum

222 2602 388 2665 pedum
414 2612 466 2655 et
494 2604 803 2668 semipedis,
830 2618 933 2670 quo
962 2604 1238 2670 intcrjecto
1264 2605 1433 2660 vicina
1460 2604 1680 2657 aedilicia
1708 2605 1773 2657 ad

223 2673 560 2729 circumeundi
592 2672 891 2730 facultatem
918 2674 1054 2730 inter
1086 2689 1144 2727 se
1175 2675 1408 2727 distant:
1436 2675 1485 2725 in
1511 2674 1777 2727 mentibus

222 2755 329 2813 vero
348 2751 431 2813 est
458 2743 817 2813 circumducta
846 2746 1089 2810 quaedam
1115 2743 1492 2813 rogitationum
1514 2744 1775 2813 primum,

222 2811 393 2864 deinde
454 2812 783 2876 verborum,
828 2811 1204 2880 factorumque
1239 2814 1405 2865 series
1460 2812 1525 2864 ad
1583 2828 1776 2866 conse«

223 2882 465 2948 quendum
500 2884 781 2934 honorem.
830 2880 957 2935 licet:
986 2884 1079 2935 erit
1109 2883 1339 2945 ambitio,
1372 2883 1543 2949 inquit
1568 2882 1779 2935 Tertul-

223 2953 374 3001 tianus
408 2952 473 3004 de
513 2952 649 3004 "ab.
682 2954 812 3005 mul.
845 2968 895 3005 c.
926 2952 989 3014 4,
1023 2954 1155 3004 unde
1190 2961 1235 3005 et
1268 2968 1448 3003 nomen
1486 2954 1594 3019 ejus
1624 2953 1779 3005 inter-

224 3021 538 3091 prrtandum.
594 3020 727 3091 quod
775 3024 1179 3089 concupiscentia
1217 3023 1356 3089 apud
1397 3023 1624 3073 animum
1668 3040 1777 3073 ant-

225 3090 383 3151 biente,
412 3101 674 3151 nascatur,
700 3092 767 3143 ad
801 3092 977 3159 gloria’
1007 3102 1198 3145 tratum.
1247 3092 1391 3143 llanc
1433 3091 1775 3146 ambitionem

225 3160 415 3212 Boetius
446 3165 519 3222 ait
545 3161 654 3217 sibi
684 3176 949 3229 nunquam
983 3160 1144 3214 fuisse
1170 3162 1519 3215 dominatum.

287 3229 465 3285 Verum
511 3247 634 3283 cum
688 3233 855 3284 virtus
905 3235 954 3283 in
1007 3231 1138 3284 bona
1196 3232 1487 3299 prmsertim
1537 3241 1782 3284 versetur

225 3299 541 3365 cogitatione,
569 3317 727 3368 quam
758 3302 936 3354 ett-teri
968 3300 1209 3355 homines
1235 3318 1337 3353 non
1369 3302 1571 3364 vident,
1596 3316 1782 3368 quam-

226 3384 314 3437 que
342 3378 509 3424 tamen
542 3371 829 3437 aliquando
860 3372 1013 3423 decet
1048 3381 1271 3423 cmteros
1303 3370 1543 3423 homines
1582 3386 1781 3439 cogno-

226 3452 388 3505 scere;
420 3442 610 3493 Matth.
645 3457 674 3490 ν
710 3459 721 3491 :
757 3440 844 3493 Sic
892 3440 1057 3493 luceat
1102 3443 1190 3493 lux
1221 3451 1382 3492 vestra
1418 3456 1586 3493 eorum
1615 3440 1780 3491 homi-

227 3509 370 3571 nibus,
398 3521 450 3561 ut
477 3513 681 3564 videant
714 3527 864 3575 opera
892 3521 1052 3562 vestra
1084 3510 1214 3563 bona
1237 3550 1251 3574 ,
1284 3518 1331 3562 et
1365 3511 1643 3579 glorificent
1676 3508 1781 3561 Pa-

226 3587 333 3631 trem
371 3591 633 3645 vestrum,
680 3582 764 3648 qui
812 3581 861 3632 in
907 3582 1043 3632 caelis
1094 3591 1204 3643 est;
1257 3593 1531 3647 propterea
1582 3581 1783 3639 t~utavit

228 3648 418 3703 Boetius
456 3652 561 3705 sibi
603 3650 877 3717 optandam
922 3651 1183 3703 materiam
1222 3651 1454 3719 gerendis
1495 3651 1677 3713 rebus,
1721 3664 1785 3703 ne

226 3722 364 3771 virtus
391 3722 541 3774 tacita
574 3729 969 3772 consenesceret.

288 3790 303 3819 ¹
345 3788 453 3843 Hoc
493 3805 655 3842 unum
694 3801 806 3854 est,
843 3788 980 3859 etc.]
1029 3788 1089 3843 ΙΙ,
1125 3788 1465 3855 Philos0phia
1498 3788 1785 3856 respondet

227 3856 313 3913 hac
330 3860 459 3911 fama
479 3860 604 3913 dut-i
628 3869 850 3924 mentes,
877 3856 992 3926 qua:
1019 3868 1203 3912 natura
1231 3860 1480 3911 videntur
1509 3868 1779 3925 praestare,

228 3930 307 3981 sed
353 3944 468 3997 qua:
528 3929 763 3997 perfecta
822 3932 1017 3982 virtute
1075 3928 1306 3982 nondum
1353 3929 1585 3995 perditae
1634 3942 1779 3981 sunt.

228 3998 468 4054 Prmstant
496 4000 714 4070 quidem
761 4011 946 4053 natura
977 4000 1062 4052 ille
1094 4011 1299 4070 mentes
1326 4013 1340 4049 :
1371 4000 1616 4065 quoniam
1663 4013 1786 4051 cor-

228 4081 395 4132 porum
415 4109 429 4134 ,
456 4069 654 4139 quibus
683 4070 1104 4137 conjunguntur,
1138 4069 1369 4121 motibus
1389 4107 1404 4132 ,
1438 4070 1606 4122 instar
1634 4071 1782 4121 volu-

228 4141 515 4205 ptariarum,
548 4155 657 4192 non
684 4140 1063 4205 obsequuntur.
1096 4141 1163 4192 At
1188 4140 1387 4192 eaedem
1418 4149 1623 4191 mentes
1653 4155 1785 4192 non-

229 4209 337 4261 dum
366 4212 600 4276 perlecta
631 4211 824 4262 virtute
852 4219 975 4261 sunt
1006 4211 1241 4277 praditte
1262 4249 1277 4272 ,
1312 4224 1429 4260 nam
1463 4209 1648 4261 Matth.
1684 4225 1731 4261 vn
1766 4226 1780 4262 :

229 4279 485 4343 Attendite,
516 4296 583 4331 ne
599 4282 855 4350 justitiam
879 4288 1090 4332 vestram
1123 4279 1323 4349 faciatis
1354 4293 1523 4350 coram
1558 4278 1782 4350 homini-

230 4350 325 4411 bus,
352 4359 402 4402 ut
426 4348 701 4402 videamini
723 4351 784 4402 ab
810 4352 879 4402 eis
910 4365 929 4402 :
952 4350 1172 4414 alioqun
1198 4349 1473 4400 mercedem
1500 4364 1600 4399 non
1628 4348 1782 4400 Itabe-

1878 2270 2034 2327 men,
2060 2254 2203 2327 quod
2234 2264 2408 2309 tamen
2440 2255 2595 2321 longe
2636 2264 2726 2309 tuo
2754 2255 3034 2327 icelebrius
3062 2266 3178 2323 est,
3217 2259 3457 2327 pluribus

1879 2326 2113 2397 ignotum
2150 2324 2217 2378 sit
2244 2366 2273 2397 ,ν
2302 2341 2458 2397 quam
2505 2334 2684 2378 notum
2715 2326 2977 2393 ejusmodi
3014 2336 3168 2380 terra:
3198 2324 3457 2397 portioni-

1878 2395 1977 2448 bus
2006 2412 2020 2446 :
2050 2411 2166 2460 qum
2192 2395 2403 2465 quidem
2432 2397 2607 2448 omnia
2634 2410 2872 2448 seorsum
2901 2397 3170 2464 probanda
3201 2395 3342 2452 sunt.

1950 2465 1971 2536 ξ
1995 2465 2345 2536 _Astrologicis
2372 2467 2879 2519 demonstrationibus
2907 2465 3190 2536 accepisti.]
3225 2469 3457 2525 Primum

1882 2534 2095 2600 quidem
2126 2537 2313 2602 globus
2341 2550 2405 2588 ex
2439 2544 2576 2588 terra
2616 2547 2671 2588 et
2699 2551 2833 2602 aqua
2860 2549 3132 2601 constans,
3162 2534 3267 2591 non
3298 2540 3457 2593 modo

1880 2618 2002 2657 cum
2034 2613 2270 2658 extrema
2302 2619 2394 2657 ora
2429 2619 2489 2656 ac
2518 2605 2962 2659 determinatione
2987 2608 3107 2660 cmli
3130 2646 3143 2667 ,
3175 2610 3266 2661 sed
3294 2610 3458 2664 etiam

1880 2688 1998 2727 cum
2028 2674 2119 2726 illo
2145 2675 2372 2745 caelesti,
2395 2675 2478 2725 cui
2502 2676 2669 2745 stella:
2700 2675 2816 2726 lixa:
2844 2676 3105 2730 inhaerere
3125 2678 3282 2745 vulgo
3311 2680 3457 2744 cogi-

1882 2752 2079 2806 tautur,
2112 2745 2241 2798 orbe
2272 2744 2495 2797 collatus
2526 2744 2690 2797 instar
2721 2747 2896 2810 puncti
2929 2746 2995 2797 ad
3026 2762 3238 2800 sensum
3271 2762 3330 2801 se
3358 2748 3458 2801 ha-

1882 2813 1970 2866 bet
1998 2830 2016 2883 7:
2055 2814 2174 2880 quia
2215 2830 2333 2867 Clllll
2368 2824 2661 2881 punctum,
2697 2824 2916 2867 auctore
2960 2816 3215 2883 Euclide,
3249 2816 3457 2873 dicatur

1881 2882 2050 2947 illud,
2084 2884 2237 2951 cujus
2286 2897 2405 2948 pars
2448 2884 2589 2935 nulla
2634 2891 2752 2945 est,
2801 2883 2920 2936 ideo
2965 2885 3055 2937 ille
3101 2885 3247 2940 orbis
3288 2887 3459 2940 instar

1883 2954 2059 3019 puncti
2089 2967 2148 3005 se
2191 2952 2442 3024 habebit,
2484 2952 2634 3024 cujus
2669 2953 2913 3005 diametri
2956 2954 3188 3007 immota-'2
3233 2963 3458 3024 utraque

1881 3024 2210 3085 extremitas,
2244 3037 2296 3093 et
2326 3023 2556 3093 medium
2586 3022 2651 3074 sb
2679 3038 2784 3093 uno
2812 3026 3049 3075 extranei
3071 3024 3291 3078 alterius
3314 3022 3455 3093 globi

1882 3100 2078 3159 puncto
2107 3092 2381 3156 mqualiter
2408 3092 2678 3144 distabunt
2706 3107 2719 3142 :
2755 3092 2854 3144 iste
2883 3094 3077 3162 quippe
3104 3095 3292 3161 globus
3322 3098 3457 3147 sim-

1884 3163 2002 3229 plex
2034 3163 2300 3215 videbitur
2344 3170 2395 3215 et
2424 3163 2787 3228 cujuscunque
2834 3164 2996 3229 partis
3036 3178 3246 3228 expers.
3295 3165 3457 3231 Atqui

1883 3232 2168 3299 praedictus
2197 3242 2350 3286 terrze
2379 3242 2431 3283 et
2457 3246 2607 3298 aqua:
2631 3232 2819 3297 globus
2844 3247 2959 3285 cum
2992 3233 3246 3297 prmdicto
3275 3234 3459 3288 stella-

1883 3315 1997 3353 rttm
2032 3302 2254 3354 ﬁxarum
2281 3300 2409 3354 orbe
2438 3310 2777 3368 comparatus
2806 3300 2877 3354 ita
2906 3315 2965 3353 se
2993 3302 3207 3356 habebit
3236 3320 3249 3356 :
3281 3305 3456 3371 cogita

1882 3373 2022 3442 enim
2054 3371 2366 3425 diametrum
2400 3372 2555 3433 hujus
2586 3372 2854 3425 terrestris
2881 3371 3043 3439 globi,
3069 3387 3185 3442 quae
3211 3388 3238 3425 a
3263 3374 3459 3428 nostris

1883 3441 2108 3507 pedibus
2133 3442 2197 3493 ad
2230 3442 2508 3507 antipodas
2540 3456 2632 3507 per
2659 3450 2899 3493 centrum
2926 3441 3169 3506 ducatur,
3202 3459 3307 3511 quo
3336 3458 3458 3509 spa-

1884 3512 1958 3562 tio
1986 3511 2391 3564 observabimus
2429 3526 2455 3561 a
2500 3512 2727 3575 nostris,
2758 3511 2947 3565 eodem
2977 3513 3336 3567 observabunt
3363 3529 3461 3566 an-

1885 3581 2093 3648 tipodes
2122 3595 2151 3631 a
2176 3596 2286 3633 suis
2315 3580 2535 3645 pedibus
2561 3581 2759 3634 distare
2786 3582 2964 3635 stellas
2994 3584 3143 3646 lixas,
3172 3593 3227 3635 et
3252 3584 3462 3652 utrique

1884 3652 2181 3703 videbimus
2214 3652 2366 3716 hujus
2397 3651 2519 3703 cali
2551 3652 2911 3712 medietatem,
2936 3666 3039 3703 non
3067 3666 3220 3705 secus
3249 3668 3310 3706 ac
3338 3651 3384 3705 si
3410 3656 3461 3707 in

1883 3729 2070 3772 centro
2098 3722 2245 3772 orbis
2272 3731 2529 3774 terrarum
2562 3734 2916 3772 versaremur.
2946 3721 3226 3784 Propterea
3250 3722 3459 3785 Cicero,

1887 3788 1979 3842 lib.
2014 3805 2029 3841 ι
2060 3789 2216 3841 Tusc.
2239 3830 2251 3851 ,
2290 3789 2645 3850 Persuadent,
2680 3791 2872 3853 inquit,
2904 3789 3246 3843 mathematici
3275 3800 3462 3844 terram

1883 3858 1936 3910 in
1980 3860 2146 3911 medio
2183 3860 2360 3910 mundi
2403 3861 2553 3910 sitam
2600 3858 2666 3909 ad
2708 3859 2927 3911 universi
2967 3861 3077 3911 carli
3118 3860 3457 3927 complexum,

1885 3930 2247 3999 quasiﬂpuncti
2276 3930 2453 3996 |instar
2481 3929 2731 3999 obtinere,
2762 3929 2897 3996 quod
2923 3930 3125 3999 κέγτρον
3153 3929 3229 3981 illi
3254 3941 3452 3982 rocant.

1956 3997 1996 4069 δν
2022 3998 2193 4069 llujus
2215 3999 2431 4067 regionis
2457 4009 2637 4065 quarta
2658 3997 3004 4069 fereportio.]
3039 3997 3249 4052 Deinde
3275 4014 3461 4068 quam-

1886 4067 1966 4121 vis
1988 4067 2111 4120 ista!
2133 4080 2286 4121 terra:
2309 4078 2361 4123 et
2391 4083 2539 4136 aqua:
2564 4068 2751 4135 globus
2779 4068 2845 4119 ita
2877 4071 3096 4134 exiguus
3123 4070 3212 4133 sit,
3243 4080 3300 4121 ut
3328 4085 3462 4135 pun-

1886 4142 1955 4192 cti
1988 4138 2244 4190 rationem
2276 4138 2485 4197 haheat,
2513 4139 2773 4205 integrum
2802 4146 2976 4191 tamen
3006 4138 3139 4191 fama
3164 4154 3268 4191 non
3292 4148 3464 4207 potest

1887 4222 2195 4272 occupare:
2228 4209 2484 4274 siquidem
2534 4222 2638 4259 non
2689 4207 2858 4273 major
2903 4223 3061 4276 quam
3109 4220 3296 4276 quarta
3344 4208 3464 4277 ejus

1890 4280 2092 4345 portio,
2128 4277 2412 4330 Ptolemaeo
2442 4279 2729 4340 probante,
2762 4279 2826 4329 ah
2854 4278 2948 4343 iis,
2983 4294 3100 4345 qum
3129 4293 3159 4330 a
3191 4278 3344 4332 nobis
3373 4296 3462 4331 co.

1888 4356 2229 4415 gnoscantur,
2255 4347 2574 4399 animalibus
2600 4348 2960 4411 terrestribus,
2989 4348 3291 4401 hominibus
3315 4349 3462 4401 vide-

230 4416 327 4469 bitis
365 4421 501 4484 apud
544 4418 755 4471 Patrem
784 4414 1037 4475 rastrum.
1078 4420 1164 4486 qui
1204 4422 1254 4469 in
1298 4419 1431 4471 caelis
1479 4427 1589 4478 est;
1646 4419 1785 4473 unde
1811 4421 1865 4481 D
1890 4414 2013 4472 licet
2040 4427 2091 4472 et
2123 4418 2305 4470 bestiis
2336 4419 2602 4470 incolitur.
2635 4421 2738 4469 Aut
2782 4417 2824 4468 si
2872 4419 3040 4483 major
3084 4432 3243 4485 quam
3274 4430 3459 4485 quarta

230 4489 494 4553 Apostolus
521 4489 591 4542 ad
620 4489 735 4542 Gal.
767 4504 783 4541 ι
819 4506 830 4539 :
865 4488 924 4543 Si
966 4489 1133 4542 adhuc
1178 4488 1464 4540 hominibus
1509 4487 1779 4555 placerem,

231 4556 395 4611 Christi
421 4576 596 4612 servus
621 4576 720 4611 non
744 4575 922 4613 essem.

288 4629 308 4659 '
348 4629 557 4683 Omnem
591 4639 735 4682 terra
761 4631 1021 4689 ambitum,
1047 4626 1176 4697 etc.]
1210 4627 1296 4681 Ill.
1325 4627 1661 4695 Philosophia
1691 4626 1783 4680 ad-

232 4695 295 4750 dit
340 4699 529 4752 tamam
564 4700 698 4752 hanc
737 4700 889 4751 ﬂocci
928 4695 1222 4752 faciendam
1264 4713 1384 4752 esse
1415 4708 1630 4765 propter
1662 4698 1784 4750 bre-

231 4768 386 4822 viores
413 4770 537 4830 Ioci.
563 4784 670 4836 quo
698 4769 955 4823 contineri
986 4770 1173 4837 possit,
1203 4770 1491 4836 angustias.
1524 4768 1781 4837 Nimirum

232 4851 334 4889 cum
362 4838 494 4892 fama
530 4840 644 4893 hanc
688 4839 821 4893 nihil
864 4841 935 4893 sit
981 4836 1123 4892 aliud
1151 4855 1305 4904 quam
1336 4838 1535 4903 Optima
1565 4836 1783 4891 alterius

232 4908 443 4962 hominis
491 4910 546 4962 in
598 4919 686 4962 tua
734 4909 918 4963 merita
964 4910 1250 4975 cogitatio,
1292 4908 1454 4960 dictio
1493 4918 1582 4959 aut
1619 4908 1778 4971 actio,

232 4988 487 5045 propterea
518 4978 657 5032 fama
690 4980 803 5033 haec
832 4980 987 5032 latius
1014 4979 1231 5032 dill'undi
1263 4994 1367 5031 non
1398 4986 1590 5044 potest,
1622 4992 1779 5044 quam

232 5043 486 5103 hominum
526 5049 605 5103 sic
633 5049 972 5117 cogitantium
998 5088 1013 5111 ,
1054 5043 1478 5117 loquentium’et
1513 5049 1779 5115 agentium

229 5128 397 5183 genus.
461 5121 619 5185 Atqui
670 5120 796 5172 illud
848 5120 1115 5172 hominum
1166 5134 1333 5186 genus
1388 5119 1781 5184 angustissimis

231 5198 511 5243 coarctatur
541 5190 642 5243 lori
668 5189 922 5243 limitibus
954 5205 969 5241 :
1002 5203 1103 5241 non
1131 5190 1270 5242 enim
1301 5187 1611 5240 diffunditur
1643 5189 1779 5239 ultta

231 5263 431 5327 terram,
455 5275 577 5327 quae
597 5260 785 5312 collata
808 5275 927 5312 cum
957 5261 1095 5314 cwlo
1125 5262 1291 5311 instar
1321 5259 1497 5325 puncti
1522 5266 1605 5309 est
1630 5275 1641 5308 :
1675 5272 1778 5308 non

230 5326 351 5379 ultra
381 5326 575 5381 terram
606 5329 942 5383 habitabilem
969 5367 983 5390 ,
1025 5345 1141 5395 qua:
1180 5339 1261 5382 est
1305 5336 1490 5396 quarta
1521 5328 1778 5379 duntaxat

229 5406 338 5459 pars
367 5398 505 5451 illius
539 5400 712 5466 puncti
744 5417 757 5452 :
792 5415 895 5452 non
926 5400 1060 5451 ttltra
1091 5414 1207 5453 eam
1241 5398 1394 5465 hujus
1420 5410 1621 5465 quartae
1650 5412 1774 5462 par-

233 5474 356 5529 tem,
384 5468 434 5520 in
463 5485 567 5536 qua
598 5484 770 5522 mores
798 5470 963 5522 nostri
995 5469 1168 5536 vigent
1199 5486 1211 5521 :
1249 5484 1352 5521 nou
1382 5469 1611 5533 denique
1640 5468 1775 5519 ultra

232 5549 333 5588 eam
382 5554 588 5591 morum
635 5551 932 5593 nostrorum
982 5541 1277 5607 portionem
1306 5579 1319 5597 ,
1350 5539 1413 5588 ad
1445 5554 1600 5605 quam
1631 5546 1775 5587 tuum

233 5616 407 5660 nomen
426 5617 621 5677 tuaque
638 5611 820 5664 merita
837 5611 1313 5678 pervenerint,qu:e
1330 5622 1486 5674 quam
1506 5607 1575 5659 sit
1591 5608 1777 5674 exigua

235 5687 291 5726 ex
321 5691 380 5729 co
408 5681 608 5749 poteris
634 5681 930 5749 conjicere,
968 5679 1106 5748 quod
1140 5680 1309 5748 ipsutn
1351 5678 1642 5733 ltomanutu
1685 5692 1780 5732 no-

1890 4504 2011 4558 pars
2042 4486 2196 4553 huius
2224 4488 2683 4558 orbis-incolatur,
2725 4488 2977 4558 utnautis
3008 4488 3234 4558 longius,
3260 4488 3314 4541 in
3344 4488 3461 4542 dies

1892 4504 2011 4558 pars
2042 4504 2196 4553 nujus
2224 4504 2368 4541 orots
2416 4504 2683 4548 ncomtur,
2725 4504 2781 4537 ιιι
2807 4504 2977 4539 nauus
3008 4504 3212 4555 longius
3260 4504 3314 4541 tn
3344 4504 3461 4542 dies

1892 4558 2354 4628 progredientibus
2370 4504 2525 4610 ﬁovm
2548 4566 2700 4608 terra:
2730 4555 3037 4628 habitabiles
3059 4556 3463 4623 deprehendun-

1891 4626 2015 4691 turi
2062 4627 2179 4681 hate
2208 4636 2381 4682 tamen
2413 4628 2583 4695 portio
2619 4640 2726 4679 non
2763 4626 2949 4680 detinit
2984 4628 3204 4680 minima
3234 4628 3413 4682 haberi
3447 4646 3462 4680 :

1890 4713 2011 4751 nam
3184 4751 3198 4763 ε

1964 4769 1984 4799 ³
2028 4767 2185 4829 Huic,
2215 4768 2260 4821 si
2289 4778 2529 4830 quantum
2560 4765 2742 4837 maria,
2771 4764 2900 4837 etc.]
2933 4766 3191 4821 Prmterea
3228 4782 3350 4831 pars
3378 4769 3463 4830 illa

1893 4853 1996 4891 non
2030 4848 2202 4905 potest
2244 4840 2445 4905 integra
2477 4839 2541 4888 ab
2575 4836 2889 4889 hominibus
2921 4837 3076 4889 incoli
3108 4856 3119 4888 :
3154 4847 3277 4890 sunt
3319 4838 3462 4891 enim

1887 4908 1960 4961 ibi
1987 4908 2151 4961 maria
2180 4908 2358 4975 plura;
2386 4915 2507 4961 sunt
2539 4908 2713 4974 plures
2746 4907 2995 4975 paludes;
3024 4917 3146 4961 sunt
3175 4910 3325 4976 plura
3350 4908 3463 4963 loca

1888 4978 2120 5031 deserta.

1961 5048 1980 5077 ⁸
2011 5047 2136 5122 _lloc
2165 5057 2360 5122 septum
2383 5048 2551 5122 plures
2577 5046 2804 5122 incolunt
2828 5047 3088 5122 nationes,
3131 5044 3270 5116 etc.]
3314 5047 3463 5122 Addo

1884 5118 2023 5185 quod
2076 5119 2444 5171 brevissimum
2497 5118 2623 5170 illud
2678 5126 2835 5169 terrm
2884 5116 3131 5168 habitata:
3188 5116 3457 5182 punct'um,

1889 5196 2089 5240 tantum
2121 5198 2223 5248 eSt,
2251 5200 2305 5239 ut
2333 5188 2397 5239 ad
2428 5188 2576 5251 illtid,
2606 5202 2673 5240 ne
2702 5186 2906 5239 urbium
2937 5185 3147 5252 quidem
3175 5185 3459 5238 celeberri-

1888 5273 2118 5321 marutn,
2144 5258 2279 5310 fama
2309 5260 2584 5326 pervenire
2606 5266 2783 5325 queat.
2816 5255 2953 5326 Nam
2977 5271 3039 5308 ex
3059 5254 3135 5326 his
3159 5254 3281 5326 ipsis
3301 5255 3456 5326 cultis

1887 5328 2113 5395 notisque
2154 5324 2338 5391 terris,
2374 5326 2544 5394 inquit
2587 5324 2791 5379 'I‘ullius
2840 5326 2891 5377 in
2924 5324 3143 5377 Somnio
3170 5324 3455 5395 Scipionis,

1888 5394 2138 5449 nunt'aut
2183 5408 2326 5449 tuum
2370 5408 2456 5449 aut
2495 5398 2791 5466 cujusquam
2836 5405 3063 5466 nostrum
3109 5394 3461 5466 nomen_ultra_

1888 5467 2170 5519 Caucasum
2200 5470 2332 5519 hunc
2352 5508 2365 5531 ,
2397 5462 2729 5535 quem-cernis
2751 5505 2763 5526 ,
2795 5462 3145 5535 transcendere
3171 5464 3357 5529 potuit,
3387 5464 3461 5516 vel

1886 5539 2033 5589 illuni
2064 5536 2289 5605 Gangem
2315 5532 2666 5589 trat'tsnatare?
2698 5538 2789 5588 Est
2816 5541 2991 5605 autem
3016 5532 3278 5605 Caucasus
3307 5547 3462 5587 mons

1889 5611 2061 5668 Asim,
2096 5601 2231 5660 inter
2260 5623 2404 5661 mare
2438 5608 2698 5659 Euxinum
2744 5613 2798 5657 et
2822 5601 3066 5668 Caspium
3092 5640 3106 5666 ,
3142 5601 3296 5671 vulgo
3323 5611 3463 5657 mani

1890 5682 1949 5729 de
1976 5676 2238 5730 Circassie.
