  <div class='ocr_page' id='page_1' title='image "/cluster/home/n/w/nwhite01/storage/ocr_20150623/63/hvd.32044015469307/360.png"; bbox 0 0 3984 6382; ppageno 0'>
   <div class='ocr_carea' id='block_1_1' title="bbox 260 331 2541 401">
    <p class='ocr_par' dir='ltr' id='par_1_1' title="bbox 260 331 2541 401">
     <span class='ocr_line' id='line_1_1' title="bbox 260 331 2541 401; baseline -0.006 0"><span class='ocrx_word' id='word_1_1' title='bbox 260 344 342 401; x_wconf 74' lang='lat' dir='ltr'><strong>TIS</strong></span> <span class='ocrx_word' id='word_1_2' title='bbox 1124 336 1208 393; x_wconf 78' lang='lat' dir='ltr'><strong>DE</strong></span> <span class='ocrx_word' id='word_1_3' title='bbox 1248 334 1757 392; x_wconf 74' lang='lat' dir='ltr'><strong>CONSOLATIONE</strong></span> <span class='ocrx_word' id='word_1_4' title='bbox 1798 331 2268 389; x_wconf 65' lang='lat' dir='ltr'><strong>PHILOSOPHIE</strong></span> <span class='ocrx_word' id='word_1_5' title='bbox 2310 334 2438 390; x_wconf 86' lang='lat' dir='ltr'><strong>LIB.</strong></span> <span class='ocrx_word' id='word_1_6' title='bbox 2479 335 2541 389; x_wconf 87' lang='lat' dir='ltr'><strong>ll.</strong></span> 
     </span>
    </p>
   </div>
   <div class='ocr_carea' id='block_1_2' title="bbox 256 444 1859 530">
    <p class='ocr_par' dir='ltr' id='par_1_2' title="bbox 256 444 1859 530">
     <span class='ocr_line' id='line_1_2' title="bbox 256 444 1859 530; baseline -0.012 -18"><span class='ocrx_word' id='word_1_7' title='bbox 256 454 394 530; x_wconf 66' lang='lat'><strong>159</strong></span> <span class='ocrx_word' id='word_1_8' title='bbox 420 451 549 520; x_wconf 84' lang='lat' dir='ltr'><strong>Quid</strong></span> <span class='ocrx_word' id='word_1_9' title='bbox 573 457 743 505; x_wconf 88' lang='lat' dir='ltr'><strong>autem</strong></span> <span class='ocrx_word' id='word_1_10' title='bbox 772 456 875 512; x_wconf 86' lang='lat' dir='ltr'><strong>est,</strong></span> <span class='ocrx_word' id='word_1_11' title='bbox 906 445 1130 519; x_wconf 50' lang='lat' dir='ltr'><strong>quod.ad</strong></span> <span class='ocrx_word' id='word_1_12' title='bbox 1163 455 1189 483; x_wconf 77' lang='grc' dir='ltr'><strong>ι</strong></span> <span class='ocrx_word' id='word_1_13' title='bbox 1223 446 1520 515; x_wconf 62' lang='lat' dir='ltr'><strong>praecipuos</strong></span> <span class='ocrx_word' id='word_1_14' title='bbox 1535 444 1785 514; x_wconf 85' lang='lat' dir='ltr'><strong>viros(de</strong></span> <span class='ocrx_word' id='word_1_15' title='bbox 1816 449 1859 503; x_wconf 74' lang='grc' dir='ltr'><strong>Α</strong></span> 
     </span>
    </p>
   </div>
   <div class='ocr_carea' id='block_1_3' title="bbox 257 537 1784 607">
    <p class='ocr_par' dir='ltr' id='par_1_3' title="bbox 257 537 1784 607">
     <span class='ocr_line' id='line_1_3' title="bbox 257 537 1784 607; baseline -0.007 -8"><span class='ocrx_word' id='word_1_16' title='bbox 257 544 323 599; x_wconf 64' lang='lat' dir='ltr'><strong>bis</strong></span> <span class='ocrx_word' id='word_1_17' title='bbox 344 546 472 601; x_wconf 90' lang='lat' dir='ltr'><strong>enim</strong></span> <span class='ocrx_word' id='word_1_18' title='bbox 501 554 671 596; x_wconf 80' lang='lat' dir='ltr'><strong>sermo</strong></span> <span class='ocrx_word' id='word_1_19' title='bbox 697 540 801 607; x_wconf 88' lang='lat' dir='ltr'><strong>est)</strong></span> <span class='ocrx_word' id='word_1_20' title='bbox 826 540 914 607; x_wconf 87' lang='lat' dir='ltr'><strong>qui</strong></span> <span class='ocrx_word' id='word_1_21' title='bbox 932 539 1128 592; x_wconf 88' lang='lat' dir='ltr'><strong>virtute</strong></span> <span class='ocrx_word' id='word_1_22' title='bbox 1145 538 1366 607; x_wconf 76' lang='lat' dir='ltr'><strong>gloriam</strong></span> <span class='ocrx_word' id='word_1_23' title='bbox 1387 546 1600 607; x_wconf 86' lang='lat' dir='ltr'><strong>petunt;</strong></span> <span class='ocrx_word' id='word_1_24' title='bbox 1633 537 1784 605; x_wconf 87' lang='lat' dir='ltr'><strong>quid,</strong></span> 
     </span>
    </p>
   </div>
   <div class='ocr_carea' id='block_1_4' title="bbox 260 626 1790 704">
    <p class='ocr_par' dir='ltr' id='par_1_4' title="bbox 260 626 1790 704">
     <span class='ocr_line' id='line_1_4' title="bbox 260 626 1790 704; baseline -0.006 -16"><span class='ocrx_word' id='word_1_25' title='bbox 260 635 445 704; x_wconf 89' lang='lat' dir='ltr'><strong>Inquam</strong></span> <span class='ocrx_word' id='word_1_26' title='bbox 468 671 484 695; x_wconf 85' lang='lat'><strong>,</strong></span> <span class='ocrx_word' id='word_1_27' title='bbox 515 640 631 695; x_wconf 89' lang='lat' dir='ltr'><strong>est,</strong></span> <span class='ocrx_word' id='word_1_28' title='bbox 676 628 816 698; x_wconf 91' lang='lat' dir='ltr'><strong>quod</strong></span> <span class='ocrx_word' id='word_1_29' title='bbox 856 628 924 680; x_wconf 92' lang='lat' dir='ltr'><strong>ad</strong></span> <span class='ocrx_word' id='word_1_30' title='bbox 956 628 1053 682; x_wconf 90' lang='lat' dir='ltr'><strong>hos</strong></span> <span class='ocrx_word' id='word_1_31' title='bbox 1082 627 1149 682; x_wconf 88' lang='lat' dir='ltr'><strong>de</strong></span> <span class='ocrx_word' id='word_1_32' title='bbox 1177 628 1312 681; x_wconf 90' lang='lat' dir='ltr'><strong>fama</strong></span> <span class='ocrx_word' id='word_1_33' title='bbox 1343 636 1462 697; x_wconf 91' lang='lat' dir='ltr'><strong>post</strong></span> <span class='ocrx_word' id='word_1_34' title='bbox 1497 626 1790 680; x_wconf 84' lang='lat' dir='ltr'><strong>resolutum</strong></span> 
     </span>
    </p>
   </div>
   <div class='ocr_carea' id='block_1_5' title="bbox 259 715 1791 789">
    <p class='ocr_par' dir='ltr' id='par_1_5' title="bbox 259 715 1791 789">
     <span class='ocr_line' id='line_1_5' title="bbox 259 715 1791 789; baseline -0.005 -10"><span class='ocrx_word' id='word_1_35' title='bbox 259 731 409 779; x_wconf 89' lang='lat' dir='ltr'><strong>morte</strong></span> <span class='ocrx_word' id='word_1_36' title='bbox 431 733 669 789; x_wconf 87' lang='lat' dir='ltr'><strong>suprema</strong></span> <span class='ocrx_word' id='word_1_37' title='bbox 699 732 893 785; x_wconf 90' lang='lat' dir='ltr'><strong>corpus</strong></span> <span class='ocrx_word' id='word_1_38' title='bbox 919 718 1174 771; x_wconf 85' lang='lat' dir='ltr'><strong>attineat?</strong></span> <span class='ocrx_word' id='word_1_39' title='bbox 1210 717 1341 771; x_wconf 89' lang='lat' dir='ltr'><strong>Nam</strong></span> <span class='ocrx_word' id='word_1_40' title='bbox 1369 719 1436 783; x_wconf 92' lang='lat' dir='ltr'><strong>si,</strong></span> <span class='ocrx_word' id='word_1_41' title='bbox 1467 715 1610 786; x_wconf 89' lang='lat' dir='ltr'><strong>quod</strong></span> <span class='ocrx_word' id='word_1_42' title='bbox 1646 718 1662 749; x_wconf 76' lang='grc'>⁸</span> <span class='ocrx_word' id='word_1_43' title='bbox 1697 731 1791 771; x_wconf 83' lang='lat' dir='ltr'><strong>no-</strong></span> 
     </span>
    </p>
   </div>
   <div class='ocr_carea' id='block_1_6' title="bbox 258 808 1792 879">
    <p class='ocr_par' dir='ltr' id='par_1_6' title="bbox 258 808 1792 879">
     <span class='ocr_line' id='line_1_6' title="bbox 258 808 1792 879; baseline -0.005 -10"><span class='ocrx_word' id='word_1_44' title='bbox 258 824 364 869; x_wconf 66' lang='lat' dir='ltr'><strong>strre</strong></span> <span class='ocrx_word' id='word_1_45' title='bbox 387 814 607 866; x_wconf 81' lang='lat' dir='ltr'><strong>rationes</strong></span> <span class='ocrx_word' id='word_1_46' title='bbox 636 808 715 879; x_wconf 85' lang='lat'><strong>(5)</strong></span> <span class='ocrx_word' id='word_1_47' title='bbox 743 808 886 862; x_wconf 91' lang='lat' dir='ltr'><strong>credi</strong></span> <span class='ocrx_word' id='word_1_48' title='bbox 925 818 1138 875; x_wconf 89' lang='lat' dir='ltr'><strong>vetant,</strong></span> <span class='ocrx_word' id='word_1_49' title='bbox 1167 810 1261 862; x_wconf 88' lang='lat' dir='ltr'><strong>toti</strong></span> <span class='ocrx_word' id='word_1_50' title='bbox 1291 812 1590 863; x_wconf 90' lang='lat' dir='ltr'><strong>moriuntur</strong></span> <span class='ocrx_word' id='word_1_51' title='bbox 1618 808 1792 862; x_wconf 89' lang='lat' dir='ltr'><strong>homi-</strong></span> 
     </span>
    </p>
   </div>
   <div class='ocr_carea' id='block_1_7' title="bbox 257 899 1795 970">
    <p class='ocr_par' dir='ltr' id='par_1_7' title="bbox 257 899 1795 970">
     <span class='ocr_line' id='line_1_7' title="bbox 257 899 1795 970; baseline -0.001 -13"><span class='ocrx_word' id='word_1_52' title='bbox 257 917 368 963; x_wconf 90' lang='lat' dir='ltr'><strong>nes.</strong></span> <span class='ocrx_word' id='word_1_53' title='bbox 394 901 525 955; x_wconf 91' lang='lat' dir='ltr'><strong>nulla</strong></span> <span class='ocrx_word' id='word_1_54' title='bbox 552 910 630 954; x_wconf 89' lang='lat' dir='ltr'><strong>est</strong></span> <span class='ocrx_word' id='word_1_55' title='bbox 660 900 876 954; x_wconf 83' lang='lat' dir='ltr'><strong>omnino</strong></span> <span class='ocrx_word' id='word_1_56' title='bbox 903 899 1093 970; x_wconf 87' lang='lat' dir='ltr'><strong>gloria,</strong></span> <span class='ocrx_word' id='word_1_57' title='bbox 1148 915 1271 955; x_wconf 90' lang='lat' dir='ltr'><strong>cum</strong></span> <span class='ocrx_word' id='word_1_58' title='bbox 1301 901 1379 963; x_wconf 85' lang='lat' dir='ltr'><strong>is,</strong></span> <span class='ocrx_word' id='word_1_59' title='bbox 1411 900 1561 969; x_wconf 86' lang='lat' dir='ltr'><strong>cujus</strong></span> <span class='ocrx_word' id='word_1_60' title='bbox 1586 915 1646 955; x_wconf 86' lang='lat' dir='ltr'><strong>ea</strong></span> <span class='ocrx_word' id='word_1_61' title='bbox 1676 916 1795 955; x_wconf 87' lang='lat' dir='ltr'><strong>esse</strong></span> 
     </span>
    </p>
   </div>
   <div class='ocr_carea' id='block_1_8' title="bbox 256 990 1791 1055">
    <p class='ocr_par' dir='ltr' id='par_1_8' title="bbox 256 990 1791 1055">
     <span class='ocr_line' id='line_1_8' title="bbox 256 990 1791 1055; baseline 0 -10"><span class='ocrx_word' id='word_1_62' title='bbox 256 993 444 1055; x_wconf 90' lang='lat' dir='ltr'><strong>dicitur,</strong></span> <span class='ocrx_word' id='word_1_63' title='bbox 472 1004 572 1044; x_wconf 90' lang='lat' dir='ltr'><strong>non</strong></span> <span class='ocrx_word' id='word_1_64' title='bbox 594 999 772 1044; x_wconf 90' lang='lat' dir='ltr'><strong>exstet</strong></span> <span class='ocrx_word' id='word_1_65' title='bbox 797 990 1037 1045; x_wconf 85' lang='lat' dir='ltr'><strong>omnino.</strong></span> <span class='ocrx_word' id='word_1_66' title='bbox 1070 990 1166 1045; x_wconf 89' lang='lat' dir='ltr'><strong>Sin</strong></span> <span class='ocrx_word' id='word_1_67' title='bbox 1193 1006 1319 1045; x_wconf 89' lang='lat' dir='ltr'><strong>vero</strong></span> <span class='ocrx_word' id='word_1_68' title='bbox 1346 990 1488 1046; x_wconf 89' lang='lat' dir='ltr'><strong>bene</strong></span> <span class='ocrx_word' id='word_1_69' title='bbox 1511 1006 1664 1046; x_wconf 88' lang='lat' dir='ltr'><strong>mens</strong></span> <span class='ocrx_word' id='word_1_70' title='bbox 1690 992 1791 1045; x_wconf 84' lang='lat' dir='ltr'><strong>sibi</strong></span> 
     </span>
    </p>
   </div>
   <div class='ocr_carea' id='block_1_9' title="bbox 256 1077 1793 1148">
    <p class='ocr_par' dir='ltr' id='par_1_9' title="bbox 256 1077 1793 1148">
     <span class='ocr_line' id='line_1_9' title="bbox 256 1077 1793 1148; baseline 0 -12"><span class='ocrx_word' id='word_1_71' title='bbox 256 1081 444 1136; x_wconf 89' lang='lat' dir='ltr'><strong>conscia</strong></span> <span class='ocrx_word' id='word_1_72' title='bbox 472 1077 499 1117; x_wconf 68' lang='grc' dir='ltr'>δ</span> <span class='ocrx_word' id='word_1_73' title='bbox 522 1120 538 1145; x_wconf 88' lang='grc'><strong><em>,</em></strong></span> <span class='ocrx_word' id='word_1_74' title='bbox 571 1090 781 1133; x_wconf 89' lang='lat' dir='ltr'><strong>terreno</strong></span> <span class='ocrx_word' id='word_1_75' title='bbox 828 1095 1045 1135; x_wconf 82' lang='lat' dir='ltr'><strong>carcere</strong></span> <span class='ocrx_word' id='word_1_76' title='bbox 1090 1082 1321 1136; x_wconf 88' lang='lat' dir='ltr'><strong>resoluta</strong></span> <span class='ocrx_word' id='word_1_77' title='bbox 1345 1123 1360 1148; x_wconf 90' lang='lat'><strong>,</strong></span> <span class='ocrx_word' id='word_1_78' title='bbox 1406 1083 1598 1137; x_wconf 71' lang='lat' dir='ltr'><strong>cmlum</strong></span> <span class='ocrx_word' id='word_1_79' title='bbox 1630 1082 1793 1137; x_wconf 87' lang='lat' dir='ltr'><strong>libera</strong></span> 
     </span>
    </p>
   </div>
   <div class='ocr_carea' id='block_1_10' title="bbox 256 1173 1794 1245">
    <p class='ocr_par' dir='ltr' id='par_1_10' title="bbox 256 1173 1794 1245">
     <span class='ocr_line' id='line_1_10' title="bbox 256 1173 1794 1245; baseline 0.001 -18"><span class='ocrx_word' id='word_1_80' title='bbox 256 1173 398 1243; x_wconf 88' lang='lat' dir='ltr'><strong>petit.</strong></span> <span class='ocrx_word' id='word_1_81' title='bbox 424 1186 594 1226; x_wconf 84' lang='lat' dir='ltr'><strong>nonne</strong></span> <span class='ocrx_word' id='word_1_82' title='bbox 622 1187 781 1227; x_wconf 90' lang='lat' dir='ltr'><strong>omne</strong></span> <span class='ocrx_word' id='word_1_83' title='bbox 808 1184 1075 1227; x_wconf 90' lang='lat' dir='ltr'><strong>terrenum</strong></span> <span class='ocrx_word' id='word_1_84' title='bbox 1108 1175 1374 1243; x_wconf 74' lang='lat' dir='ltr'><strong>negotium</strong></span> <span class='ocrx_word' id='word_1_85' title='bbox 1406 1183 1644 1242; x_wconf 85' lang='lat' dir='ltr'><strong>spernet,</strong></span> <span class='ocrx_word' id='word_1_86' title='bbox 1674 1188 1794 1245; x_wconf 61' lang='lat' dir='ltr'><strong>qua:</strong></span> 
     </span>
    </p>
   </div>
   <div class='ocr_carea' id='block_1_11' title="bbox 254 1263 1531 1335">
    <p class='ocr_par' dir='ltr' id='par_1_11' title="bbox 254 1263 1531 1335">
     <span class='ocr_line' id='line_1_11' title="bbox 254 1263 1531 1335; baseline 0 -16"><span class='ocrx_word' id='word_1_87' title='bbox 254 1278 323 1327; x_wconf 84' lang='lat' dir='ltr'><strong>se,</strong></span> <span class='ocrx_word' id='word_1_88' title='bbox 348 1263 473 1318; x_wconf 63' lang='lat' dir='ltr'><strong>caelo</strong></span> <span class='ocrx_word' id='word_1_89' title='bbox 500 1263 700 1329; x_wconf 91' lang='lat' dir='ltr'><strong>fruens,</strong></span> <span class='ocrx_word' id='word_1_90' title='bbox 734 1265 959 1318; x_wconf 84' lang='lat' dir='ltr'><strong>terrenis</strong></span> <span class='ocrx_word' id='word_1_91' title='bbox 986 1265 1181 1334; x_wconf 81' lang='lat' dir='ltr'><strong>gaudet</strong></span> <span class='ocrx_word' id='word_1_92' title='bbox 1209 1275 1531 1335; x_wconf 81' lang='lat' dir='ltr'><strong>exemptam.</strong></span> 
     </span>
    </p>
   </div>
   <div class='ocr_carea' id='block_1_12' title="bbox 660 1356 1351 1427">
    <p class='ocr_par' dir='ltr' id='par_1_12' title="bbox 660 1356 1351 1427">
     <span class='ocr_line' id='line_1_12' title="bbox 660 1356 1351 1427; baseline 0.003 -17"><span class='ocrx_word' id='word_1_93' title='bbox 660 1357 811 1427; x_wconf 72' lang='lat'><strong>161</strong></span> <span class='ocrx_word' id='word_1_94' title='bbox 858 1356 1146 1411; x_wconf 66' lang='lat' dir='ltr'><strong>DIETRUM</strong></span> <span class='ocrx_word' id='word_1_95' title='bbox 1178 1362 1194 1381; x_wconf 87' lang='grc'><strong>·</strong></span> <span class='ocrx_word' id='word_1_96' title='bbox 1239 1357 1351 1412; x_wconf 82' lang='lat' dir='ltr'><strong>vn.</strong></span> 
     </span>
    </p>
   </div>
   <div class='ocr_carea' id='block_1_13' title="bbox 254 1446 1795 1517">
    <p class='ocr_par' dir='ltr' id='par_1_13' title="bbox 254 1446 1795 1517">
     <span class='ocr_line' id='line_1_13' title="bbox 254 1446 1795 1517; baseline 0 -16"><span class='ocrx_word' id='word_1_97' title='bbox 254 1447 615 1501; x_wconf 69' lang='lat' dir='ltr'><strong>AIGUIBNTUI.</strong></span> <span class='ocrx_word' id='word_1_98' title='bbox 688 1476 755 1487; x_wconf 90' lang='lat'><strong>-—</strong></span> <span class='ocrx_word' id='word_1_99' title='bbox 798 1446 1134 1514; x_wconf 81' lang='lat' dir='ltr'><strong>PliilosOphia</strong></span> <span class='ocrx_word' id='word_1_100' title='bbox 1172 1449 1348 1500; x_wconf 82' lang='lat' dir='ltr'><strong>stricta</strong></span> <span class='ocrx_word' id='word_1_101' title='bbox 1393 1449 1622 1501; x_wconf 88' lang='lat' dir='ltr'><strong>oratione</strong></span> <span class='ocrx_word' id='word_1_102' title='bbox 1640 1448 1795 1517; x_wconf 76' lang='lat' dir='ltr'><strong>[quod</strong></span> 
     </span>
    </p>
   </div>
   <div class='ocr_carea' id='block_1_14' title="bbox 310 1517 1791 1588">
    <p class='ocr_par' dir='ltr' id='par_1_14' title="bbox 310 1517 1791 1588">
     <span class='ocr_line' id='line_1_14' title="bbox 310 1517 1791 1588; baseline -0.001 -19"><span class='ocrx_word' id='word_1_103' title='bbox 310 1519 462 1569; x_wconf 90' lang='lat' dir='ltr'><strong>statim</strong></span> <span class='ocrx_word' id='word_1_104' title='bbox 489 1518 690 1570; x_wconf 60' lang='lat' dir='ltr'><strong>dixerat</strong></span> <span class='ocrx_word' id='word_1_105' title='bbox 720 1517 886 1569; x_wconf 88' lang='lat' dir='ltr'><strong>soluta</strong></span> <span class='ocrx_word' id='word_1_106' title='bbox 925 1528 1174 1583; x_wconf 82' lang='lat' dir='ltr'><strong>repetens,</strong></span> <span class='ocrx_word' id='word_1_107' title='bbox 1214 1518 1457 1585; x_wconf 74' lang='lat' dir='ltr'><strong>exemplis</strong></span> <span class='ocrx_word' id='word_1_108' title='bbox 1496 1520 1674 1588; x_wconf 83' lang='lat' dir='ltr'><strong>probat</strong></span> <span class='ocrx_word' id='word_1_109' title='bbox 1712 1520 1791 1585; x_wconf 67' lang='lat' dir='ltr'><strong>[ac</strong></span> 
     </span>
    </p>
   </div>
   <div class='ocr_carea' id='block_1_15' title="bbox 310 1588 1792 1658">
    <p class='ocr_par' dir='ltr' id='par_1_15' title="bbox 310 1588 1792 1658">
     <span class='ocr_line' id='line_1_15' title="bbox 310 1588 1792 1658; baseline 0.001 -20"><span class='ocrx_word' id='word_1_110' title='bbox 310 1602 452 1648; x_wconf 84' lang='lat' dir='ltr'><strong>mam,</strong></span> <span class='ocrx_word' id='word_1_111' title='bbox 481 1602 592 1654; x_wconf 69' lang='lat' dir='ltr'><strong>qui:</strong></span> <span class='ocrx_word' id='word_1_112' title='bbox 633 1603 720 1653; x_wconf 88' lang='lat' dir='ltr'><strong>per</strong></span> <span class='ocrx_word' id='word_1_113' title='bbox 748 1588 903 1638; x_wconf 82' lang='lat' dir='ltr'><strong>vitam</strong></span> <span class='ocrx_word' id='word_1_114' title='bbox 946 1604 1047 1639; x_wconf 87' lang='lat' dir='ltr'><strong>non</strong></span> <span class='ocrx_word' id='word_1_115' title='bbox 1098 1588 1196 1639; x_wconf 87' lang='lat' dir='ltr'><strong>nisi</strong></span> <span class='ocrx_word' id='word_1_116' title='bbox 1241 1589 1423 1658; x_wconf 75' lang='lat' dir='ltr'><strong>exigua</strong></span> <span class='ocrx_word' id='word_1_117' title='bbox 1457 1605 1564 1641; x_wconf 83' lang='lat' dir='ltr'><strong>esse</strong></span> <span class='ocrx_word' id='word_1_118' title='bbox 1610 1598 1792 1658; x_wconf 79' lang='lat' dir='ltr'><strong>potest,</strong></span> 
     </span>
    </p>
   </div>
   <div class='ocr_carea' id='block_1_16' title="bbox 307 1657 1798 1727">
    <p class='ocr_par' dir='ltr' id='par_1_16' title="bbox 307 1657 1798 1727">
     <span class='ocr_line' id='line_1_16' title="bbox 307 1657 1798 1727; baseline 0.001 -19"><span class='ocrx_word' id='word_1_119' title='bbox 307 1666 451 1708; x_wconf 76' lang='lat' dir='ltr'><strong>morte</strong></span> <span class='ocrx_word' id='word_1_120' title='bbox 473 1657 607 1719; x_wconf 77' lang='lat' dir='ltr'><strong>ﬁniri</strong></span> <span class='ocrx_word' id='word_1_121' title='bbox 633 1672 653 1708; x_wconf 91' lang='lat'><strong><em>:</em></strong></span> <span class='ocrx_word' id='word_1_122' title='bbox 676 1658 747 1708; x_wconf 88' lang='lat' dir='ltr'><strong>ita</strong></span> <span class='ocrx_word' id='word_1_123' title='bbox 779 1667 832 1709; x_wconf 79' lang='lat' dir='ltr'><strong>ut</strong></span> <span class='ocrx_word' id='word_1_124' title='bbox 860 1657 1041 1724; x_wconf 83' lang='lat' dir='ltr'><strong>quibus</strong></span> <span class='ocrx_word' id='word_1_125' title='bbox 1082 1661 1222 1727; x_wconf 77' lang='lat' dir='ltr'><strong>[antu</strong></span> <span class='ocrx_word' id='word_1_126' title='bbox 1250 1657 1359 1711; x_wconf 74' lang='lat' dir='ltr'><strong>lues</strong></span> <span class='ocrx_word' id='word_1_127' title='bbox 1404 1657 1798 1712; x_wconf 35' lang='lat' dir='ltr'><strong>videtur&#39;altera</strong></span> 
     </span>
    </p>
   </div>
   <div class='ocr_carea' id='block_1_17' title="bbox 307 1726 1306 1795">
    <p class='ocr_par' dir='ltr' id='par_1_17' title="bbox 307 1726 1306 1795">
     <span class='ocr_line' id='line_1_17' title="bbox 307 1726 1306 1795; baseline 0.002 -16"><span class='ocrx_word' id='word_1_128' title='bbox 307 1726 419 1790; x_wconf 72' lang='lat' dir='ltr'><strong>vita,</strong></span> <span class='ocrx_word' id='word_1_129' title='bbox 451 1727 526 1779; x_wconf 82' lang='lat' dir='ltr'><strong>liis</strong></span> <span class='ocrx_word' id='word_1_130' title='bbox 548 1728 750 1795; x_wconf 82' lang='lat' dir='ltr'><strong>gemina</strong></span> <span class='ocrx_word' id='word_1_131' title='bbox 771 1741 908 1779; x_wconf 86' lang='lat' dir='ltr'><strong>mors</strong></span> <span class='ocrx_word' id='word_1_132' title='bbox 933 1726 1193 1781; x_wconf 84' lang='lat' dir='ltr'><strong>subeunda</strong></span> <span class='ocrx_word' id='word_1_133' title='bbox 1219 1727 1306 1782; x_wconf 85' lang='lat' dir='ltr'><strong>sit.</strong></span> 
     </span>
    </p>
   </div>
   <div class='ocr_carea' id='block_1_18' title="bbox 3366 329 3467 382">
    <p class='ocr_par' dir='ltr' id='par_1_18' title="bbox 3366 329 3467 382">
     <span class='ocr_line' id='line_1_18' title="bbox 3366 329 3467 382; baseline 0.01 -2"><span class='ocrx_word' id='word_1_134' title='bbox 3366 329 3467 382; x_wconf 76' lang='grc' dir='ltr'><strong>’ΤΗ</strong></span> 
     </span>
    </p>
   </div>
   <div class='ocr_carea' id='block_1_19' title="bbox 2034 441 3212 513">
    <p class='ocr_par' dir='ltr' id='par_1_19' title="bbox 2034 441 3212 513">
     <span class='ocr_line' id='line_1_19' title="bbox 2034 441 3212 513; baseline 0 -16"><span class='ocrx_word' id='word_1_135' title='bbox 2034 444 2346 513; x_wconf 85' lang='lat' dir='ltr'><strong>Quicunque</strong></span> <span class='ocrx_word' id='word_1_136' title='bbox 2373 443 2543 498; x_wconf 84' lang='lat' dir='ltr'><strong>solam</strong></span> <span class='ocrx_word' id='word_1_137' title='bbox 2572 450 2750 498; x_wconf 88' lang='lat' dir='ltr'><strong>mente</strong></span> <span class='ocrx_word' id='word_1_138' title='bbox 2781 441 3046 512; x_wconf 63' lang='lat' dir='ltr'><strong>praecipiti</strong></span> <span class='ocrx_word' id='word_1_139' title='bbox 3078 443 3212 513; x_wconf 88' lang='lat' dir='ltr'><strong>petit</strong></span> 
     </span>
    </p>
   </div>
   <div class='ocr_carea' id='block_1_20' title="bbox 2037 534 2885 604">
    <p class='ocr_par' dir='ltr' id='par_1_20' title="bbox 2037 534 2885 604">
     <span class='ocr_line' id='line_1_20' title="bbox 2037 534 2885 604; baseline -0.001 -15"><span class='ocrx_word' id='word_1_140' title='bbox 2037 534 2419 604; x_wconf 90' lang='lat' dir='ltr'><strong>Summumque</strong></span> <span class='ocrx_word' id='word_1_141' title='bbox 2444 534 2614 590; x_wconf 86' lang='lat' dir='ltr'><strong>credit</strong></span> <span class='ocrx_word' id='word_1_142' title='bbox 2638 534 2885 604; x_wconf 77' lang='lat' dir='ltr'><strong>gloriam,</strong></span> 
     </span>
    </p>
   </div>
   <div class='ocr_carea' id='block_1_21' title="bbox 2039 623 3115 695">
    <p class='ocr_par' dir='ltr' id='par_1_21' title="bbox 2039 623 3115 695">
     <span class='ocr_line' id='line_1_21' title="bbox 2039 623 3115 695; baseline 0.002 -18"><span class='ocrx_word' id='word_1_143' title='bbox 2039 623 2169 678; x_wconf 86' lang='lat' dir='ltr'><strong>Late</strong></span> <span class='ocrx_word' id='word_1_144' title='bbox 2198 634 2442 694; x_wconf 86' lang='lat' dir='ltr'><strong>patentes</strong></span> <span class='ocrx_word' id='word_1_145' title='bbox 2460 624 2673 679; x_wconf 67' lang='lat' dir='ltr'><strong>aetheris</strong></span> <span class='ocrx_word' id='word_1_146' title='bbox 2703 634 2888 679; x_wconf 83' lang='lat' dir='ltr'><strong>cernat</strong></span> <span class='ocrx_word' id='word_1_147' title='bbox 2916 624 3115 695; x_wconf 88' lang='lat' dir='ltr'><strong>plagas,</strong></span> 
     </span>
    </p>
   </div>
   <div class='ocr_carea' id='block_1_22' title="bbox 2116 714 3132 785">
    <p class='ocr_par' dir='ltr' id='par_1_22' title="bbox 2116 714 3132 785">
     <span class='ocr_line' id='line_1_22' title="bbox 2116 714 3132 785; baseline 0 -14"><span class='ocrx_word' id='word_1_148' title='bbox 2116 714 2269 785; x_wconf 77' lang='lat'><strong>162</strong></span> <span class='ocrx_word' id='word_1_149' title='bbox 2290 717 2615 784; x_wconf 81' lang='lat' dir='ltr'><strong>Arctumque</strong></span> <span class='ocrx_word' id='word_1_150' title='bbox 2642 725 2905 771; x_wconf 90' lang='lat' dir='ltr'><strong>terrarum</strong></span> <span class='ocrx_word' id='word_1_151' title='bbox 2934 718 3094 772; x_wconf 86' lang='lat' dir='ltr'><strong>situm</strong></span> <span class='ocrx_word' id='word_1_152' title='bbox 3118 735 3132 771; x_wconf 86' lang='lat'><strong>:</strong></span> 
     </span>
    </p>
   </div>
   <div class='ocr_carea' id='block_1_23' title="bbox 1898 816 3155 886">
    <p class='ocr_par' dir='ltr' id='par_1_23' title="bbox 1898 816 3155 886">
     <span class='ocr_line' id='line_1_23' title="bbox 1898 816 3155 886; baseline 0 -14"><span class='ocrx_word' id='word_1_153' title='bbox 1898 818 1932 872; x_wconf 76' lang='grc' dir='ltr'><strong><em>Β</em></strong></span> <span class='ocrx_word' id='word_1_154' title='bbox 2039 816 2260 872; x_wconf 82' lang='lat' dir='ltr'><strong>Brevem</strong></span> <span class='ocrx_word' id='word_1_155' title='bbox 2283 817 2493 886; x_wconf 89' lang='lat' dir='ltr'><strong>replere</strong></span> <span class='ocrx_word' id='word_1_156' title='bbox 2521 832 2625 871; x_wconf 91' lang='lat' dir='ltr'><strong>non</strong></span> <span class='ocrx_word' id='word_1_157' title='bbox 2652 817 2877 873; x_wconf 87' lang='lat' dir='ltr'><strong>valentis</strong></span> <span class='ocrx_word' id='word_1_158' title='bbox 2900 819 3155 875; x_wconf 85' lang='lat' dir='ltr'><strong>ambitum</strong></span> 
     </span>
    </p>
   </div>
   <div class='ocr_carea' id='block_1_24' title="bbox 2115 916 2777 973">
    <p class='ocr_par' dir='ltr' id='par_1_24' title="bbox 2115 916 2777 973">
     <span class='ocr_line' id='line_1_24' title="bbox 2115 916 2777 973; baseline 0.003 -2"><span class='ocrx_word' id='word_1_159' title='bbox 2115 916 2334 972; x_wconf 87' lang='lat' dir='ltr'><strong>Pudebit</strong></span> <span class='ocrx_word' id='word_1_160' title='bbox 2362 917 2501 972; x_wconf 85' lang='lat' dir='ltr'><strong>aucti</strong></span> <span class='ocrx_word' id='word_1_161' title='bbox 2530 918 2777 973; x_wconf 85' lang='lat' dir='ltr'><strong>nominis.</strong></span> 
     </span>
    </p>
   </div>
   <div class='ocr_carea' id='block_1_25' title="bbox 2037 1015 3026 1087">
    <p class='ocr_par' dir='ltr' id='par_1_25' title="bbox 2037 1015 3026 1087">
     <span class='ocr_line' id='line_1_25' title="bbox 2037 1015 3026 1087; baseline 0.001 -17"><span class='ocrx_word' id='word_1_162' title='bbox 2037 1016 2175 1085; x_wconf 85' lang='lat' dir='ltr'><strong>Quid</strong></span> <span class='ocrx_word' id='word_1_163' title='bbox 2204 1031 2239 1070; x_wconf 94' lang='lat' dir='ltr'><strong>o</strong></span> <span class='ocrx_word' id='word_1_164' title='bbox 2264 1015 2483 1086; x_wconf 85' lang='lat' dir='ltr'><strong>superbi</strong></span> <span class='ocrx_word' id='word_1_165' title='bbox 2505 1016 2641 1071; x_wconf 89' lang='lat' dir='ltr'><strong>colla</strong></span> <span class='ocrx_word' id='word_1_166' title='bbox 2662 1016 2873 1070; x_wconf 81' lang='lat' dir='ltr'><strong>mortali</strong></span> <span class='ocrx_word' id='word_1_167' title='bbox 2899 1017 3026 1087; x_wconf 85' lang='lat' dir='ltr'><strong>jugo</strong></span> 
     </span>
    </p>
   </div>
   <div class='ocr_carea' id='block_1_26' title="bbox 2111 1113 2837 1183">
    <p class='ocr_par' dir='ltr' id='par_1_26' title="bbox 2111 1113 2837 1183">
     <span class='ocr_line' id='line_1_26' title="bbox 2111 1113 2837 1183; baseline -0.004 -14"><span class='ocrx_word' id='word_1_168' title='bbox 2111 1114 2328 1169; x_wconf 83' lang='lat' dir='ltr'><strong>Frustra</strong></span> <span class='ocrx_word' id='word_1_169' title='bbox 2362 1113 2539 1169; x_wconf 87' lang='lat' dir='ltr'><strong>levare</strong></span> <span class='ocrx_word' id='word_1_170' title='bbox 2563 1113 2837 1183; x_wconf 84' lang='lat' dir='ltr'><strong>gestiunt?</strong></span> 
     </span>
    </p>
   </div>
   <div class='ocr_carea' id='block_1_27' title="bbox 2041 1216 3195 1287">
    <p class='ocr_par' dir='ltr' id='par_1_27' title="bbox 2041 1216 3195 1287">
     <span class='ocr_line' id='line_1_27' title="bbox 2041 1216 3195 1287; baseline -0.001 -15"><span class='ocrx_word' id='word_1_171' title='bbox 2041 1216 2191 1272; x_wconf 88' lang='lat' dir='ltr'><strong>Licet</strong></span> <span class='ocrx_word' id='word_1_172' title='bbox 2220 1225 2456 1272; x_wconf 91' lang='lat' dir='ltr'><strong>remotos</strong></span> <span class='ocrx_word' id='word_1_173' title='bbox 2479 1217 2614 1271; x_wconf 82' lang='lat' dir='ltr'><strong>fama</strong></span> <span class='ocrx_word' id='word_1_174' title='bbox 2644 1232 2739 1287; x_wconf 90' lang='lat' dir='ltr'><strong>per</strong></span> <span class='ocrx_word' id='word_1_175' title='bbox 2761 1216 2984 1286; x_wconf 89' lang='lat' dir='ltr'><strong>populos</strong></span> <span class='ocrx_word' id='word_1_176' title='bbox 3010 1232 3195 1273; x_wconf 88' lang='lat' dir='ltr'><strong>means</strong></span> 
     </span>
    </p>
   </div>
   <div class='ocr_carea' id='block_1_28' title="bbox 1906 1317 2843 1389">
    <p class='ocr_par' dir='ltr' id='par_1_28' title="bbox 1906 1317 2843 1389">
     <span class='ocr_line' id='line_1_28' title="bbox 1906 1317 2843 1389; baseline -0.003 -14"><span class='ocrx_word' id='word_1_177' title='bbox 1906 1319 1971 1375; x_wconf 85' lang='grc' dir='ltr'>ιο</span> <span class='ocrx_word' id='word_1_178' title='bbox 2114 1317 2335 1385; x_wconf 80' lang='lat' dir='ltr'><strong>Ditl‘nsa,</strong></span> <span class='ocrx_word' id='word_1_179' title='bbox 2359 1318 2565 1389; x_wconf 85' lang='lat' dir='ltr'><strong>linguas</strong></span> <span class='ocrx_word' id='word_1_180' title='bbox 2587 1319 2843 1388; x_wconf 90' lang='lat' dir='ltr'><strong>explicet,</strong></span> 
     </span>
    </p>
   </div>
   <div class='ocr_carea' id='block_1_29' title="bbox 2040 1416 3158 1489">
    <p class='ocr_par' dir='ltr' id='par_1_29' title="bbox 2040 1416 3158 1489">
     <span class='ocr_line' id='line_1_29' title="bbox 2040 1416 3158 1489; baseline -0.003 -15"><span class='ocrx_word' id='word_1_181' title='bbox 2040 1419 2103 1474; x_wconf 81' lang='lat' dir='ltr'><strong>Et</strong></span> <span class='ocrx_word' id='word_1_182' title='bbox 2131 1434 2319 1487; x_wconf 89' lang='lat' dir='ltr'><strong>magna</strong></span> <span class='ocrx_word' id='word_1_183' title='bbox 2344 1419 2511 1473; x_wconf 89' lang='lat' dir='ltr'><strong>titulis</strong></span> <span class='ocrx_word' id='word_1_184' title='bbox 2538 1418 2736 1489; x_wconf 88' lang='lat' dir='ltr'><strong>fu&#39;geat</strong></span> <span class='ocrx_word' id='word_1_185' title='bbox 2761 1417 2923 1473; x_wconf 87' lang='lat' dir='ltr'><strong>claris</strong></span> <span class='ocrx_word' id='word_1_186' title='bbox 2943 1416 3158 1482; x_wconf 89' lang='lat' dir='ltr'><strong>domus,</strong></span> 
     </span>
    </p>
   </div>
   <div class='ocr_carea' id='block_1_30' title="bbox 2114 1519 2959 1590">
    <p class='ocr_par' dir='ltr' id='par_1_30' title="bbox 2114 1519 2959 1590">
     <span class='ocr_line' id='line_1_30' title="bbox 2114 1519 2959 1590; baseline -0.001 -16"><span class='ocrx_word' id='word_1_187' title='bbox 2114 1520 2257 1575; x_wconf 81' lang='lat' dir='ltr'><strong>Mors</strong></span> <span class='ocrx_word' id='word_1_188' title='bbox 2284 1520 2489 1589; x_wconf 82' lang='lat' dir='ltr'><strong>spernit</strong></span> <span class='ocrx_word' id='word_1_189' title='bbox 2514 1521 2677 1574; x_wconf 86' lang='lat' dir='ltr'><strong>altam</strong></span> <span class='ocrx_word' id='word_1_190' title='bbox 2709 1519 2959 1590; x_wconf 76' lang='lat' dir='ltr'><strong>gloriam,</strong></span> 
     </span>
    </p>
   </div>
   <div class='ocr_carea' id='block_1_31' title="bbox 2040 1620 3247 1692">
    <p class='ocr_par' dir='ltr' id='par_1_31' title="bbox 2040 1620 3247 1692">
     <span class='ocr_line' id='line_1_31' title="bbox 2040 1620 3247 1692; baseline -0.004 -13"><span class='ocrx_word' id='word_1_191' title='bbox 2040 1622 2265 1679; x_wconf 88' lang='lat' dir='ltr'><strong>Involvit</strong></span> <span class='ocrx_word' id='word_1_192' title='bbox 2290 1622 2492 1677; x_wconf 89' lang='lat' dir='ltr'><strong>humile</strong></span> <span class='ocrx_word' id='word_1_193' title='bbox 2516 1622 2735 1692; x_wconf 89' lang='lat' dir='ltr'><strong>pariter,</strong></span> <span class='ocrx_word' id='word_1_194' title='bbox 2765 1631 2819 1676; x_wconf 92' lang='lat' dir='ltr'><strong>et</strong></span> <span class='ocrx_word' id='word_1_195' title='bbox 2837 1620 3041 1676; x_wconf 86' lang='lat' dir='ltr'><strong>celsum</strong></span> <span class='ocrx_word' id='word_1_196' title='bbox 3067 1629 3247 1690; x_wconf 86' lang='lat' dir='ltr'><strong>caput.</strong></span> 
     </span>
    </p>
   </div>
   <div class='ocr_carea' id='block_1_32' title="bbox 2115 1723 2897 1794">
    <p class='ocr_par' dir='ltr' id='par_1_32' title="bbox 2115 1723 2897 1794">
     <span class='ocr_line' id='line_1_32' title="bbox 2115 1723 2897 1794; baseline -0.006 -15"><span class='ocrx_word' id='word_1_197' title='bbox 2115 1723 2419 1794; x_wconf 64' lang='lat' dir='ltr'><strong>Equatque</strong></span> <span class='ocrx_word' id='word_1_198' title='bbox 2447 1723 2669 1780; x_wconf 88' lang='lat' dir='ltr'><strong>summis</strong></span> <span class='ocrx_word' id='word_1_199' title='bbox 2700 1724 2897 1778; x_wconf 88' lang='lat' dir='ltr'><strong>intima.</strong></span> 
     </span>
    </p>
   </div>
   <div class='ocr_carea' id='block_1_33' title="bbox 1566 1835 2144 1894">
    <p class='ocr_par' dir='ltr' id='par_1_33' title="bbox 1566 1835 2144 1894">
     <span class='ocr_line' id='line_1_33' title="bbox 1566 1835 2144 1894; baseline -0.005 0"><span class='ocrx_word' id='word_1_200' title='bbox 1566 1835 2144 1894; x_wconf 80' lang='lat' dir='ltr'><strong>INTERPRETATIO.</strong></span> 
     </span>
    </p>
   </div>
   <div class='ocr_carea' id='block_1_34' title="bbox 308 1951 698 2006">
    <p class='ocr_par' dir='ltr' id='par_1_34' title="bbox 308 1951 698 2006">
     <span class='ocr_line' id='line_1_34' title="bbox 308 1951 698 2006; baseline 0.003 -1"><span class='ocrx_word' id='word_1_201' title='bbox 308 1963 332 1991; x_wconf 79' lang='grc' dir='ltr'><strong>ι</strong></span> <span class='ocrx_word' id='word_1_202' title='bbox 369 1951 698 2006; x_wconf 71' lang='grc' dir='ltr'><strong>Ρνωειαηιιε.</strong></span> 
     </span>
    </p>
   </div>
   <div class='ocr_carea' id='block_1_35' title="bbox 309 2021 1021 2093">
    <p class='ocr_par' dir='ltr' id='par_1_35' title="bbox 309 2021 1021 2093">
     <span class='ocr_line' id='line_1_35' title="bbox 309 2021 1021 2093; baseline -0.007 -14"><span class='ocrx_word' id='word_1_203' title='bbox 309 2022 334 2061; x_wconf 69' lang='grc' dir='ltr'>δ</span> <span class='ocrx_word' id='word_1_204' title='bbox 368 2024 584 2079; x_wconf 86' lang='lat' dir='ltr'><strong>Suarum</strong></span> <span class='ocrx_word' id='word_1_205' title='bbox 614 2021 1021 2093; x_wconf 73' lang='lat' dir='ltr'><strong>cogitationum.</strong></span> 
     </span>
    </p>
   </div>
   <div class='ocr_carea' id='block_1_36' title="bbox 1825 1946 3468 2042">
    <p class='ocr_par' dir='ltr' id='par_1_36' title="bbox 1825 1946 3468 2042">
     <span class='ocr_line' id='line_1_36' title="bbox 1825 1946 3468 2042; baseline 0 0"><span class='ocrx_word' id='word_1_206' title='bbox 1825 1983 1871 2042; x_wconf 83' lang='grc' dir='ltr'><strong>Β</strong></span> <span class='ocrx_word' id='word_1_207' title='bbox 1904 1948 2611 2042; x_wconf 49' lang='grc' dir='ltr'><strong>-,-9¹⁴ίξῖ⁷¹ἐῖξὲ⁶⁰ἶ¹ξξῖ¹⁸ἷξ².¹9</strong></span> <span class='ocrx_word' id='word_1_208' title='bbox 2636 1946 3005 2042; x_wconf 37' lang='lat'><strong>9.733.914}!</strong></span> <span class='ocrx_word' id='word_1_209' title='bbox 3019 1956 3228 2042; x_wconf 45' lang='lat'><strong>.53.&quot;???</strong></span> <span class='ocrx_word' id='word_1_210' title='bbox 3247 1947 3468 2042; x_wconf 40' lang='lat' dir='ltr'><strong>id“???</strong></span> 
     </span>
    </p>
   </div>
   <div class='ocr_carea' id='block_1_37' title="bbox 1900 2017 3471 2090">
    <p class='ocr_par' dir='ltr' id='par_1_37' title="bbox 1900 2017 3471 2090">
     <span class='ocr_line' id='line_1_37' title="bbox 1900 2017 3471 2090; baseline -0.001 -16"><span class='ocrx_word' id='word_1_211' title='bbox 1900 2019 2046 2086; x_wconf 77' lang='lat' dir='ltr'><strong>riam,</strong></span> <span class='ocrx_word' id='word_1_212' title='bbox 2078 2017 2127 2074; x_wconf 80' lang='lat' dir='ltr'><strong>et</strong></span> <span class='ocrx_word' id='word_1_213' title='bbox 2149 2020 2294 2074; x_wconf 84' lang='lat' dir='ltr'><strong>illam</strong></span> <span class='ocrx_word' id='word_1_214' title='bbox 2316 2029 2462 2090; x_wconf 84' lang='lat' dir='ltr'><strong>putat</strong></span> <span class='ocrx_word' id='word_1_215' title='bbox 2488 2034 2606 2074; x_wconf 85' lang='lat' dir='ltr'><strong>esse</strong></span> <span class='ocrx_word' id='word_1_216' title='bbox 2632 2034 2884 2071; x_wconf 87' lang='lat' dir='ltr'><strong>summum</strong></span> <span class='ocrx_word' id='word_1_217' title='bbox 2908 2018 3139 2082; x_wconf 86' lang='lat' dir='ltr'><strong>bonum;</strong></span> <span class='ocrx_word' id='word_1_218' title='bbox 3168 2017 3211 2071; x_wconf 92' lang='lat' dir='ltr'><strong>is</strong></span> <span class='ocrx_word' id='word_1_219' title='bbox 3241 2019 3471 2073; x_wconf 56' lang='lat' dir='ltr'><strong>considas</strong></span> 
     </span>
    </p>
   </div>
   <div class='ocr_carea' id='block_1_38' title="bbox 1726 2131 1954 2187">
    <p class='ocr_par' dir='ltr' id='par_1_38' title="bbox 1726 2131 1954 2187">
     <span class='ocr_line' id='line_1_38' title="bbox 1726 2131 1954 2187; baseline -0.004 0"><span class='ocrx_word' id='word_1_220' title='bbox 1726 2131 1954 2187; x_wconf 65' lang='lat' dir='ltr'><strong>NOTAE.</strong></span> 
     </span>
    </p>
   </div>
   <div class='ocr_carea' id='block_1_39' title="bbox 306 2243 1802 2315">
    <p class='ocr_par' dir='ltr' id='par_1_39' title="bbox 306 2243 1802 2315">
     <span class='ocr_line' id='line_1_39' title="bbox 306 2243 1802 2315; baseline -0.004 -11"><span class='ocrx_word' id='word_1_221' title='bbox 306 2252 321 2282; x_wconf 89' lang='grc'>¹</span> <span class='ocrx_word' id='word_1_222' title='bbox 356 2249 551 2304; x_wconf 71' lang='lat' dir='ltr'><strong>Nostra:</strong></span> <span class='ocrx_word' id='word_1_223' title='bbox 577 2248 803 2302; x_wconf 84' lang='lat' dir='ltr'><strong>rationes</strong></span> <span class='ocrx_word' id='word_1_224' title='bbox 832 2246 973 2300; x_wconf 86' lang='lat' dir='ltr'><strong>credi</strong></span> <span class='ocrx_word' id='word_1_225' title='bbox 1002 2243 1222 2315; x_wconf 85' lang='lat' dir='ltr'><strong>vetant.]</strong></span> <span class='ocrx_word' id='word_1_226' title='bbox 1273 2243 1460 2300; x_wconf 87' lang='lat' dir='ltr'><strong>Plures</strong></span> <span class='ocrx_word' id='word_1_227' title='bbox 1495 2244 1639 2299; x_wconf 90' lang='lat' dir='ltr'><strong>enim</strong></span> <span class='ocrx_word' id='word_1_228' title='bbox 1676 2253 1802 2298; x_wconf 91' lang='lat' dir='ltr'><strong>sunt</strong></span> 
     </span>
    </p>
   </div>
   <div class='ocr_carea' id='block_1_40' title="bbox 246 2316 1796 2385">
    <p class='ocr_par' dir='ltr' id='par_1_40' title="bbox 246 2316 1796 2385">
     <span class='ocr_line' id='line_1_40' title="bbox 246 2316 1796 2385; baseline -0.005 -10"><span class='ocrx_word' id='word_1_229' title='bbox 246 2320 469 2379; x_wconf 85' lang='lat' dir='ltr'><strong>rationes.</strong></span> <span class='ocrx_word' id='word_1_230' title='bbox 492 2319 686 2385; x_wconf 85' lang='lat' dir='ltr'><strong>quibus</strong></span> <span class='ocrx_word' id='word_1_231' title='bbox 705 2316 1039 2382; x_wconf 82' lang='lat' dir='ltr'><strong>Phil050phia</strong></span> <span class='ocrx_word' id='word_1_232' title='bbox 1059 2318 1244 2384; x_wconf 82' lang='lat' dir='ltr'><strong>probat</strong></span> <span class='ocrx_word' id='word_1_233' title='bbox 1261 2324 1489 2370; x_wconf 88' lang='lat' dir='ltr'><strong>mentem</strong></span> <span class='ocrx_word' id='word_1_234' title='bbox 1514 2316 1796 2368; x_wconf 88' lang='lat' dir='ltr'><strong>humanam</strong></span> 
     </span>
    </p>
   </div>
   <div class='ocr_carea' id='block_1_41' title="bbox 245 2386 1795 2455">
    <p class='ocr_par' dir='ltr' id='par_1_41' title="bbox 245 2386 1795 2455">
     <span class='ocr_line' id='line_1_41' title="bbox 245 2386 1795 2455; baseline -0.004 -10"><span class='ocrx_word' id='word_1_235' title='bbox 245 2404 348 2445; x_wconf 86' lang='lat' dir='ltr'><strong>esse</strong></span> <span class='ocrx_word' id='word_1_236' title='bbox 366 2390 736 2451; x_wconf 77' lang='lat' dir='ltr'><strong>immortalem,</strong></span> <span class='ocrx_word' id='word_1_237' title='bbox 754 2389 994 2455; x_wconf 84' lang='lat' dir='ltr'><strong>adeoque</strong></span> <span class='ocrx_word' id='word_1_238' title='bbox 1016 2387 1283 2439; x_wconf 88' lang='lat' dir='ltr'><strong>hominem</strong></span> <span class='ocrx_word' id='word_1_239' title='bbox 1308 2396 1475 2439; x_wconf 90' lang='lat' dir='ltr'><strong>totum</strong></span> <span class='ocrx_word' id='word_1_240' title='bbox 1500 2400 1602 2438; x_wconf 93' lang='lat' dir='ltr'><strong>non</strong></span> <span class='ocrx_word' id='word_1_241' title='bbox 1626 2386 1795 2439; x_wconf 91' lang='lat' dir='ltr'><strong>mori:</strong></span> 
     </span>
    </p>
   </div>
   <div class='ocr_carea' id='block_1_42' title="bbox 244 2456 1793 2526">
    <p class='ocr_par' dir='ltr' id='par_1_42' title="bbox 244 2456 1793 2526">
     <span class='ocr_line' id='line_1_42' title="bbox 244 2456 1793 2526; baseline -0.003 -14"><span class='ocrx_word' id='word_1_242' title='bbox 244 2461 430 2513; x_wconf 88' lang='lat' dir='ltr'><strong>unicam</strong></span> <span class='ocrx_word' id='word_1_243' title='bbox 454 2461 770 2526; x_wconf 89' lang='lat' dir='ltr'><strong>proferimus</strong></span> <span class='ocrx_word' id='word_1_244' title='bbox 788 2472 853 2511; x_wconf 86' lang='lat' dir='ltr'><strong>ex</strong></span> <span class='ocrx_word' id='word_1_245' title='bbox 876 2459 988 2520; x_wconf 87' lang='lat' dir='ltr'><strong>ipsa</strong></span> <span class='ocrx_word' id='word_1_246' title='bbox 1011 2456 1207 2510; x_wconf 86' lang='lat' dir='ltr'><strong>mentis</strong></span> <span class='ocrx_word' id='word_1_247' title='bbox 1230 2463 1416 2509; x_wconf 86' lang='lat' dir='ltr'><strong>natura</strong></span> <span class='ocrx_word' id='word_1_248' title='bbox 1438 2456 1793 2526; x_wconf 85' lang='lat' dir='ltr'><strong>desumpiam.</strong></span> 
     </span>
    </p>
   </div>
   <div class='ocr_carea' id='block_1_43' title="bbox 242 2525 1796 2591">
    <p class='ocr_par' dir='ltr' id='par_1_43' title="bbox 242 2525 1796 2591">
     <span class='ocr_line' id='line_1_43' title="bbox 242 2525 1796 2591; baseline -0.005 -7"><span class='ocrx_word' id='word_1_249' title='bbox 242 2529 403 2584; x_wconf 87' lang='lat' dir='ltr'><strong>Omnis</strong></span> <span class='ocrx_word' id='word_1_250' title='bbox 428 2525 510 2583; x_wconf 87' lang='lat' dir='ltr'><strong>res</strong></span> <span class='ocrx_word' id='word_1_251' title='bbox 540 2530 657 2584; x_wconf 87' lang='lat' dir='ltr'><strong>sive</strong></span> <span class='ocrx_word' id='word_1_252' title='bbox 684 2528 1009 2590; x_wconf 86' lang='lat' dir='ltr'><strong>substantia,</strong></span> <span class='ocrx_word' id='word_1_253' title='bbox 1039 2526 1190 2591; x_wconf 85' lang='lat' dir='ltr'><strong>cujus</strong></span> <span class='ocrx_word' id='word_1_254' title='bbox 1218 2526 1361 2578; x_wconf 90' lang='lat' dir='ltr'><strong>nulla</strong></span> <span class='ocrx_word' id='word_1_255' title='bbox 1390 2536 1473 2578; x_wconf 90' lang='lat' dir='ltr'><strong>est</strong></span> <span class='ocrx_word' id='word_1_256' title='bbox 1502 2525 1602 2578; x_wconf 92' lang='lat' dir='ltr'><strong>nisi</strong></span> <span class='ocrx_word' id='word_1_257' title='bbox 1644 2534 1796 2578; x_wconf 85' lang='lat' dir='ltr'><strong>exte-</strong></span> 
     </span>
    </p>
   </div>
   <div class='ocr_carea' id='block_1_44' title="bbox 244 2594 1789 2665">
    <p class='ocr_par' dir='ltr' id='par_1_44' title="bbox 244 2594 1789 2665">
     <span class='ocr_line' id='line_1_44' title="bbox 244 2594 1789 2665; baseline -0.005 -12"><span class='ocrx_word' id='word_1_258' title='bbox 244 2600 339 2653; x_wconf 87' lang='lat' dir='ltr'><strong>rior</strong></span> <span class='ocrx_word' id='word_1_259' title='bbox 362 2614 541 2663; x_wconf 86' lang='lat' dir='ltr'><strong>causa,</strong></span> <span class='ocrx_word' id='word_1_260' title='bbox 572 2609 661 2652; x_wconf 84' lang='lat' dir='ltr'><strong>est</strong></span> <span class='ocrx_word' id='word_1_261' title='bbox 691 2597 938 2665; x_wconf 86' lang='lat' dir='ltr'><strong>perennis</strong></span> <span class='ocrx_word' id='word_1_262' title='bbox 962 2605 1018 2650; x_wconf 91' lang='lat' dir='ltr'><strong>et</strong></span> <span class='ocrx_word' id='word_1_263' title='bbox 1044 2605 1322 2664; x_wconf 88' lang='lat' dir='ltr'><strong>perpetua,</strong></span> <span class='ocrx_word' id='word_1_264' title='bbox 1379 2594 1488 2649; x_wconf 91' lang='lat' dir='ltr'><strong>Deo</strong></span> <span class='ocrx_word' id='word_1_265' title='bbox 1518 2596 1789 2665; x_wconf 86' lang='lat' dir='ltr'><strong>nimirum,</strong></span> 
     </span>
    </p>
   </div>
   <div class='ocr_carea' id='block_1_45' title="bbox 238 2664 1789 2736">
    <p class='ocr_par' dir='ltr' id='par_1_45' title="bbox 238 2664 1789 2736">
     <span class='ocr_line' id='line_1_45' title="bbox 238 2664 1789 2736; baseline -0.004 -14"><span class='ocrx_word' id='word_1_266' title='bbox 238 2683 266 2722; x_wconf 79' lang='grc' dir='ltr'><strong>ι</strong></span> <span class='ocrx_word' id='word_1_267' title='bbox 288 2684 381 2736; x_wconf 90' lang='lat' dir='ltr'><strong>quo</strong></span> <span class='ocrx_word' id='word_1_268' title='bbox 404 2678 513 2733; x_wconf 89' lang='lat' dir='ltr'><strong>est,</strong></span> <span class='ocrx_word' id='word_1_269' title='bbox 544 2664 702 2721; x_wconf 84' lang='lat' dir='ltr'><strong>suum</strong></span> <span class='ocrx_word' id='word_1_270' title='bbox 746 2667 932 2735; x_wconf 77' lang='lat' dir='ltr'><strong>agendi</strong></span> <span class='ocrx_word' id='word_1_271' title='bbox 971 2668 1217 2727; x_wconf 90' lang='lat' dir='ltr'><strong>modum,</strong></span> <span class='ocrx_word' id='word_1_272' title='bbox 1248 2680 1352 2733; x_wconf 88' lang='lat' dir='ltr'><strong>quo</strong></span> <span class='ocrx_word' id='word_1_273' title='bbox 1381 2665 1469 2717; x_wconf 87' lang='lat' dir='ltr'><strong>illa</strong></span> <span class='ocrx_word' id='word_1_274' title='bbox 1497 2664 1789 2736; x_wconf 85' lang='lat' dir='ltr'><strong>substantia</strong></span> 
     </span>
    </p>
   </div>
   <div class='ocr_carea' id='block_1_46' title="bbox 240 2735 1793 2803">
    <p class='ocr_par' dir='ltr' id='par_1_46' title="bbox 240 2735 1793 2803">
     <span class='ocr_line' id='line_1_46' title="bbox 240 2735 1793 2803; baseline -0.006 -10"><span class='ocrx_word' id='word_1_275' title='bbox 240 2735 426 2793; x_wconf 77' lang='lat' dir='ltr'><strong>condita</strong></span> <span class='ocrx_word' id='word_1_276' title='bbox 446 2749 547 2798; x_wconf 53' lang='lat' dir='ltr'><strong>est,</strong></span> <span class='ocrx_word' id='word_1_277' title='bbox 571 2738 916 2792; x_wconf 86' lang='lat' dir='ltr'><strong>continuante</strong></span> <span class='ocrx_word' id='word_1_278' title='bbox 942 2752 955 2788; x_wconf 91' lang='lat'>:</span> <span class='ocrx_word' id='word_1_279' title='bbox 982 2737 1059 2789; x_wconf 90' lang='lat' dir='ltr'><strong>sic</strong></span> <span class='ocrx_word' id='word_1_280' title='bbox 1078 2736 1262 2803; x_wconf 89' lang='lat' dir='ltr'><strong>genios</strong></span> <span class='ocrx_word' id='word_1_281' title='bbox 1290 2744 1394 2787; x_wconf 89' lang='lat' dir='ltr'><strong>tam</strong></span> <span class='ocrx_word' id='word_1_282' title='bbox 1425 2735 1593 2787; x_wconf 70' lang='lat' dir='ltr'><strong>malos</strong></span> <span class='ocrx_word' id='word_1_283' title='bbox 1639 2749 1793 2802; x_wconf 88' lang='lat' dir='ltr'><strong>quam</strong></span> 
     </span>
    </p>
   </div>
   <div class='ocr_carea' id='block_1_47' title="bbox 240 2804 1795 2876">
    <p class='ocr_par' dir='ltr' id='par_1_47' title="bbox 240 2804 1795 2876">
     <span class='ocr_line' id='line_1_47' title="bbox 240 2804 1795 2876; baseline -0.002 -15"><span class='ocrx_word' id='word_1_284' title='bbox 240 2806 388 2861; x_wconf 85' lang='lat' dir='ltr'><strong>bonos</strong></span> <span class='ocrx_word' id='word_1_285' title='bbox 410 2818 694 2876; x_wconf 87' lang='lat' dir='ltr'><strong>perpetuos</strong></span> <span class='ocrx_word' id='word_1_286' title='bbox 716 2805 827 2861; x_wconf 89' lang='lat' dir='ltr'><strong>fore</strong></span> <span class='ocrx_word' id='word_1_287' title='bbox 851 2807 1116 2860; x_wconf 87' lang='lat' dir='ltr'><strong>credimus</strong></span> <span class='ocrx_word' id='word_1_288' title='bbox 1140 2822 1154 2866; x_wconf 85' lang='lat'><strong>;</strong></span> <span class='ocrx_word' id='word_1_289' title='bbox 1182 2808 1261 2876; x_wconf 83' lang='lat' dir='ltr'><strong>sic</strong></span> <span class='ocrx_word' id='word_1_290' title='bbox 1287 2805 1396 2872; x_wconf 87' lang='lat' dir='ltr'><strong>ipsa</strong></span> <span class='ocrx_word' id='word_1_291' title='bbox 1424 2804 1653 2867; x_wconf 86' lang='lat' dir='ltr'><strong>materia,</strong></span> <span class='ocrx_word' id='word_1_292' title='bbox 1678 2820 1795 2872; x_wconf 73' lang='lat' dir='ltr'><strong>qua:</strong></span> 
     </span>
    </p>
   </div>
   <div class='ocr_carea' id='block_1_48' title="bbox 240 2873 1793 2947">
    <p class='ocr_par' dir='ltr' id='par_1_48' title="bbox 240 2873 1793 2947">
     <span class='ocr_line' id='line_1_48' title="bbox 240 2873 1793 2947; baseline -0.003 -17"><span class='ocrx_word' id='word_1_293' title='bbox 240 2879 376 2946; x_wconf 82' lang='lat' dir='ltr'><strong>vulgo</strong></span> <span class='ocrx_word' id='word_1_294' title='bbox 403 2873 593 2932; x_wconf 82' lang='lat' dir='ltr'><strong>dicitur</strong></span> <span class='ocrx_word' id='word_1_295' title='bbox 625 2880 791 2947; x_wconf 88' lang='lat' dir='ltr'><strong>prima</strong></span> <span class='ocrx_word' id='word_1_296' title='bbox 812 2918 825 2939; x_wconf 92' lang='lat'><strong>,</strong></span> <span class='ocrx_word' id='word_1_297' title='bbox 857 2879 923 2947; x_wconf 88' lang='lat' dir='ltr'><strong>ab</strong></span> <span class='ocrx_word' id='word_1_298' title='bbox 964 2876 1209 2947; x_wconf 90' lang='lat' dir='ltr'><strong>omnibus</strong></span> <span class='ocrx_word' id='word_1_299' title='bbox 1250 2873 1474 2947; x_wconf 90' lang='lat' dir='ltr'><strong>habetur</strong></span> <span class='ocrx_word' id='word_1_300' title='bbox 1499 2883 1793 2947; x_wconf 80' lang='lat' dir='ltr'><strong>perpetua.</strong></span> 
     </span>
    </p>
   </div>
   <div class='ocr_carea' id='block_1_49' title="bbox 240 2944 1795 3015">
    <p class='ocr_par' dir='ltr' id='par_1_49' title="bbox 240 2944 1795 3015">
     <span class='ocr_line' id='line_1_49' title="bbox 240 2944 1795 3015; baseline -0.003 -14"><span class='ocrx_word' id='word_1_301' title='bbox 240 2944 377 3015; x_wconf 79' lang='lat' dir='ltr'><strong>Atqui</strong></span> <span class='ocrx_word' id='word_1_302' title='bbox 416 2964 562 3002; x_wconf 91' lang='lat' dir='ltr'><strong>meus</strong></span> <span class='ocrx_word' id='word_1_303' title='bbox 610 2944 839 3001; x_wconf 82' lang='lat' dir='ltr'><strong>humana</strong></span> <span class='ocrx_word' id='word_1_304' title='bbox 869 2946 939 2999; x_wconf 84' lang='lat' dir='ltr'><strong>ita</strong></span> <span class='ocrx_word' id='word_1_305' title='bbox 984 2960 1043 2999; x_wconf 90' lang='lat' dir='ltr'><strong>se</strong></span> <span class='ocrx_word' id='word_1_306' title='bbox 1080 2946 1255 2998; x_wconf 90' lang='lat' dir='ltr'><strong>habet.</strong></span> <span class='ocrx_word' id='word_1_307' title='bbox 1300 2946 1393 2997; x_wconf 71' lang='lat' dir='ltr'><strong>Est</strong></span> <span class='ocrx_word' id='word_1_308' title='bbox 1420 2944 1633 3013; x_wconf 89' lang='lat' dir='ltr'><strong>quidem</strong></span> <span class='ocrx_word' id='word_1_309' title='bbox 1661 2944 1795 3015; x_wconf 81' lang='lat' dir='ltr'><strong>sub-</strong></span> 
     </span>
    </p>
   </div>
   <div class='ocr_carea' id='block_1_50' title="bbox 238 3013 1795 3086">
    <p class='ocr_par' dir='ltr' id='par_1_50' title="bbox 238 3013 1795 3086">
     <span class='ocr_line' id='line_1_50' title="bbox 238 3013 1795 3086; baseline -0.001 -16"><span class='ocrx_word' id='word_1_310' title='bbox 238 3013 435 3080; x_wconf 85' lang='lat' dir='ltr'><strong>stantia,</strong></span> <span class='ocrx_word' id='word_1_311' title='bbox 475 3019 595 3086; x_wconf 90' lang='lat' dir='ltr'><strong>quia</strong></span> <span class='ocrx_word' id='word_1_312' title='bbox 624 3018 779 3070; x_wconf 89' lang='lat' dir='ltr'><strong>alteri</strong></span> <span class='ocrx_word' id='word_1_313' title='bbox 802 3031 903 3069; x_wconf 87' lang='lat' dir='ltr'><strong>non</strong></span> <span class='ocrx_word' id='word_1_314' title='bbox 933 3016 1088 3085; x_wconf 77' lang='lat'><strong>160</strong></span> <span class='ocrx_word' id='word_1_315' title='bbox 1114 3016 1402 3086; x_wconf 65' lang='lat' dir='ltr'><strong>inhaerens,</strong></span> <span class='ocrx_word' id='word_1_316' title='bbox 1426 3016 1536 3086; x_wconf 87' lang='lat' dir='ltr'><strong>suis</strong></span> <span class='ocrx_word' id='word_1_317' title='bbox 1556 3013 1795 3081; x_wconf 86' lang='lat' dir='ltr'><strong>subjacet</strong></span> 
     </span>
    </p>
   </div>
   <div class='ocr_carea' id='block_1_51' title="bbox 239 3084 1792 3155">
    <p class='ocr_par' dir='ltr' id='par_1_51' title="bbox 239 3084 1792 3155">
     <span class='ocr_line' id='line_1_51' title="bbox 239 3084 1792 3155; baseline -0.001 -19"><span class='ocrx_word' id='word_1_318' title='bbox 239 3084 556 3155; x_wconf 76' lang='lat' dir='ltr'><strong>qualitatibus</strong></span> <span class='ocrx_word' id='word_1_319' title='bbox 582 3106 595 3140; x_wconf 88' lang='lat'><strong>:</strong></span> <span class='ocrx_word' id='word_1_320' title='bbox 619 3097 676 3140; x_wconf 91' lang='lat' dir='ltr'><strong>at</strong></span> <span class='ocrx_word' id='word_1_321' title='bbox 694 3084 1097 3154; x_wconf 79' lang='lat' dir='ltr'><strong>ejusdemuulla</strong></span> <span class='ocrx_word' id='word_1_322' title='bbox 1119 3093 1202 3138; x_wconf 89' lang='lat' dir='ltr'><strong>est</strong></span> <span class='ocrx_word' id='word_1_323' title='bbox 1223 3084 1320 3137; x_wconf 92' lang='lat' dir='ltr'><strong>nisi</strong></span> <span class='ocrx_word' id='word_1_324' title='bbox 1343 3085 1577 3138; x_wconf 80' lang='lat' dir='ltr'><strong>exterior</strong></span> <span class='ocrx_word' id='word_1_325' title='bbox 1597 3099 1754 3155; x_wconf 76' lang='lat' dir='ltr'><strong>causa</strong></span> <span class='ocrx_word' id='word_1_326' title='bbox 1778 3124 1792 3147; x_wconf 91' lang='lat'><strong>,</strong></span> 
     </span>
    </p>
   </div>
   <div class='ocr_carea' id='block_1_52' title="bbox 1902 2241 3472 2311">
    <p class='ocr_par' dir='ltr' id='par_1_52' title="bbox 1902 2241 3472 2311">
     <span class='ocr_line' id='line_1_52' title="bbox 1902 2241 3472 2311; baseline -0.001 -12"><span class='ocrx_word' id='word_1_327' title='bbox 1902 2254 1961 2299; x_wconf 92' lang='lat' dir='ltr'><strong>ut</strong></span> <span class='ocrx_word' id='word_1_328' title='bbox 1982 2260 2134 2301; x_wconf 88' lang='lat' dir='ltr'><strong>mens</strong></span> <span class='ocrx_word' id='word_1_329' title='bbox 2155 2253 2340 2299; x_wconf 89' lang='lat' dir='ltr'><strong>nostra</strong></span> <span class='ocrx_word' id='word_1_330' title='bbox 2368 2244 2706 2311; x_wconf 86' lang='lat' dir='ltr'><strong>imaginando</strong></span> <span class='ocrx_word' id='word_1_331' title='bbox 2736 2242 2865 2296; x_wconf 90' lang='lat' dir='ltr'><strong>illud</strong></span> <span class='ocrx_word' id='word_1_332' title='bbox 2888 2242 3059 2311; x_wconf 88' lang='lat' dir='ltr'><strong>possit</strong></span> <span class='ocrx_word' id='word_1_333' title='bbox 3074 2241 3316 2296; x_wconf 81' lang='lat' dir='ltr'><strong>delinire.</strong></span> <span class='ocrx_word' id='word_1_334' title='bbox 3338 2242 3472 2297; x_wconf 14' lang='lat' dir='ltr'><strong>illinc</strong></span> 
     </span>
    </p>
   </div>
   <div class='ocr_carea' id='block_1_53' title="bbox 1900 2312 3471 2378">
    <p class='ocr_par' dir='ltr' id='par_1_53' title="bbox 1900 2312 3471 2378">
     <span class='ocr_line' id='line_1_53' title="bbox 1900 2312 3471 2378; baseline -0.002 -9"><span class='ocrx_word' id='word_1_335' title='bbox 1900 2316 2039 2370; x_wconf 62' lang='lat' dir='ltr'><strong>coelo</strong></span> <span class='ocrx_word' id='word_1_336' title='bbox 2067 2316 2324 2371; x_wconf 82' lang='lat' dir='ltr'><strong>attentius</strong></span> <span class='ocrx_word' id='word_1_337' title='bbox 2349 2315 2707 2375; x_wconf 88' lang='lat' dir='ltr'><strong>considerato,</strong></span> <span class='ocrx_word' id='word_1_338' title='bbox 2752 2313 2913 2367; x_wconf 89' lang='lat' dir='ltr'><strong>homo</strong></span> <span class='ocrx_word' id='word_1_339' title='bbox 2942 2328 3007 2378; x_wconf 92' lang='lat' dir='ltr'><strong>po</strong></span> <span class='ocrx_word' id='word_1_340' title='bbox 3032 2312 3134 2366; x_wconf 90' lang='lat' dir='ltr'><strong>erit</strong></span> <span class='ocrx_word' id='word_1_341' title='bbox 3169 2327 3280 2368; x_wconf 78' lang='lat' dir='ltr'><strong>sua:</strong></span> <span class='ocrx_word' id='word_1_342' title='bbox 3326 2313 3471 2366; x_wconf 88' lang='lat' dir='ltr'><strong>intir-</strong></span> 
     </span>
    </p>
   </div>
   <div class='ocr_carea' id='block_1_54' title="bbox 1900 2382 3475 2451">
    <p class='ocr_par' dir='ltr' id='par_1_54' title="bbox 1900 2382 3475 2451">
     <span class='ocr_line' id='line_1_54' title="bbox 1900 2382 3475 2451; baseline -0.001 -13"><span class='ocrx_word' id='word_1_343' title='bbox 1900 2388 2099 2441; x_wconf 91' lang='lat' dir='ltr'><strong>mitatis</strong></span> <span class='ocrx_word' id='word_1_344' title='bbox 2119 2386 2384 2451; x_wconf 84' lang='lat' dir='ltr'><strong>convinci,</strong></span> <span class='ocrx_word' id='word_1_345' title='bbox 2409 2385 2639 2439; x_wconf 89' lang='lat' dir='ltr'><strong>maxime</strong></span> <span class='ocrx_word' id='word_1_346' title='bbox 2658 2385 2702 2437; x_wconf 88' lang='lat' dir='ltr'><strong>si</strong></span> <span class='ocrx_word' id='word_1_347' title='bbox 2725 2400 2843 2437; x_wconf 88' lang='lat' dir='ltr'><strong>cum</strong></span> <span class='ocrx_word' id='word_1_348' title='bbox 2864 2384 3003 2438; x_wconf 65' lang='lat' dir='ltr'><strong>coelo</strong></span> <span class='ocrx_word' id='word_1_349' title='bbox 3024 2382 3185 2437; x_wconf 83' lang='lat' dir='ltr'><strong>veluti</strong></span> <span class='ocrx_word' id='word_1_350' title='bbox 3215 2384 3475 2437; x_wconf 73' lang='lat' dir='ltr'><strong>immenso</strong></span> 
     </span>
    </p>
   </div>
   <div class='ocr_carea' id='block_1_55' title="bbox 1897 2453 3474 2525">
    <p class='ocr_par' dir='ltr' id='par_1_55' title="bbox 1897 2453 3474 2525">
     <span class='ocr_line' id='line_1_55' title="bbox 1897 2453 3474 2525; baseline -0.001 -15"><span class='ocrx_word' id='word_1_351' title='bbox 1897 2461 2139 2511; x_wconf 80' lang='lat' dir='ltr'><strong>conterat</strong></span> <span class='ocrx_word' id='word_1_352' title='bbox 2165 2458 2431 2525; x_wconf 83' lang='lat' dir='ltr'><strong>exiguam.</strong></span> <span class='ocrx_word' id='word_1_353' title='bbox 2464 2455 2618 2524; x_wconf 85' lang='lat' dir='ltr'><strong>cujus</strong></span> <span class='ocrx_word' id='word_1_354' title='bbox 2651 2455 2740 2509; x_wconf 92' lang='lat' dir='ltr'><strong>ille</strong></span> <span class='ocrx_word' id='word_1_355' title='bbox 2773 2453 2845 2509; x_wconf 88' lang='lat' dir='ltr'><strong>sit</strong></span> <span class='ocrx_word' id='word_1_356' title='bbox 2888 2453 3107 2507; x_wconf 86' lang='lat' dir='ltr'><strong>minima</strong></span> <span class='ocrx_word' id='word_1_357' title='bbox 3143 2454 3337 2522; x_wconf 89' lang='lat' dir='ltr'><strong>portio,</strong></span> <span class='ocrx_word' id='word_1_358' title='bbox 3365 2461 3474 2509; x_wconf 89' lang='lat' dir='ltr'><strong>ter-</strong></span> 
     </span>
    </p>
   </div>
   <div class='ocr_carea' id='block_1_56' title="bbox 1898 2542 2180 2590">
    <p class='ocr_par' dir='ltr' id='par_1_56' title="bbox 1898 2542 2180 2590">
     <span class='ocr_line' id='line_1_56' title="bbox 1898 2542 2180 2590; baseline 0.004 -11"><span class='ocrx_word' id='word_1_359' title='bbox 1898 2542 2035 2590; x_wconf 89' lang='lat' dir='ltr'><strong>ram,</strong></span> <span class='ocrx_word' id='word_1_360' title='bbox 2066 2542 2180 2581; x_wconf 82' lang='lat' dir='ltr'><strong>sive</strong></span> 
     </span>
    </p>
   </div>
   <div class='ocr_carea' id='block_1_57' title="bbox 1967 2591 3474 2665">
    <p class='ocr_par' dir='ltr' id='par_1_57' title="bbox 1967 2591 3474 2665">
     <span class='ocr_line' id='line_1_57' title="bbox 1967 2591 3474 2665; baseline -0.001 -16"><span class='ocrx_word' id='word_1_361' title='bbox 1967 2596 2020 2649; x_wconf 78' lang='grc'><strong>4.</strong></span> <span class='ocrx_word' id='word_1_362' title='bbox 2049 2599 2258 2650; x_wconf 83' lang='lat' dir='ltr'><strong>Arctum</strong></span> <span class='ocrx_word' id='word_1_363' title='bbox 2284 2605 2536 2651; x_wconf 84' lang='lat' dir='ltr'><strong>terrarum</strong></span> <span class='ocrx_word' id='word_1_364' title='bbox 2577 2591 2776 2665; x_wconf 71' lang='lat' dir='ltr'><strong>situm]</strong></span> <span class='ocrx_word' id='word_1_365' title='bbox 2798 2593 2873 2665; x_wconf 86' lang='lat' dir='ltr'><strong>Ut</strong></span> <span class='ocrx_word' id='word_1_366' title='bbox 2899 2594 3043 2648; x_wconf 90' lang='lat' dir='ltr'><strong>enim</strong></span> <span class='ocrx_word' id='word_1_367' title='bbox 3074 2596 3279 2665; x_wconf 75' lang='lat' dir='ltr'><strong>integer</strong></span> <span class='ocrx_word' id='word_1_368' title='bbox 3317 2604 3474 2647; x_wconf 64' lang='lat' dir='ltr'><strong>terra;</strong></span> 
     </span>
    </p>
   </div>
   <div class='ocr_carea' id='block_1_58' title="bbox 1898 2664 3474 2736">
    <p class='ocr_par' dir='ltr' id='par_1_58' title="bbox 1898 2664 3474 2736">
     <span class='ocr_line' id='line_1_58' title="bbox 1898 2664 3474 2736; baseline -0.002 -16"><span class='ocrx_word' id='word_1_369' title='bbox 1898 2674 1952 2720; x_wconf 88' lang='lat' dir='ltr'><strong>et</strong></span> <span class='ocrx_word' id='word_1_370' title='bbox 1978 2682 2130 2736; x_wconf 59' lang='lat' dir='ltr'><strong>aqua:</strong></span> <span class='ocrx_word' id='word_1_371' title='bbox 2173 2668 2362 2734; x_wconf 79' lang='lat' dir='ltr'><strong>globus</strong></span> <span class='ocrx_word' id='word_1_372' title='bbox 2394 2681 2513 2736; x_wconf 85' lang='lat' dir='ltr'><strong>cum</strong></span> <span class='ocrx_word' id='word_1_373' title='bbox 2551 2665 2691 2736; x_wconf 76' lang='lat' dir='ltr'><strong>cmlo</strong></span> <span class='ocrx_word' id='word_1_374' title='bbox 2726 2664 2951 2717; x_wconf 77' lang='lat' dir='ltr'><strong>cellatus</strong></span> <span class='ocrx_word' id='word_1_375' title='bbox 2989 2664 3252 2736; x_wconf 85' lang='lat' dir='ltr'><strong>rationein</strong></span> <span class='ocrx_word' id='word_1_376' title='bbox 3282 2666 3474 2736; x_wconf 81' lang='lat' dir='ltr'><strong>puncti</strong></span> 
     </span>
    </p>
   </div>
   <div class='ocr_carea' id='block_1_59' title="bbox 1902 2733 3474 2803">
    <p class='ocr_par' dir='ltr' id='par_1_59' title="bbox 1902 2733 3474 2803">
     <span class='ocr_line' id='line_1_59' title="bbox 1902 2733 3474 2803; baseline -0.001 -14"><span class='ocrx_word' id='word_1_377' title='bbox 1902 2733 2082 2803; x_wconf 82' lang='lat' dir='ltr'><strong>habet,</strong></span> <span class='ocrx_word' id='word_1_378' title='bbox 2115 2733 2561 2803; x_wconf 81' lang='lat' dir='ltr'><strong>quemadmodum</strong></span> <span class='ocrx_word' id='word_1_379' title='bbox 2585 2733 2848 2798; x_wconf 89' lang='lat' dir='ltr'><strong>diximus;</strong></span> <span class='ocrx_word' id='word_1_380' title='bbox 2880 2736 2956 2788; x_wconf 88' lang='lat' dir='ltr'><strong>sic</strong></span> <span class='ocrx_word' id='word_1_381' title='bbox 2982 2744 3136 2787; x_wconf 73' lang='lat' dir='ltr'><strong>terrae</strong></span> <span class='ocrx_word' id='word_1_382' title='bbox 3173 2734 3474 2787; x_wconf 79' lang='lat' dir='ltr'><strong>habitabilis</strong></span> 
     </span>
    </p>
   </div>
   <div class='ocr_carea' id='block_1_60' title="bbox 1900 2803 3472 2875">
    <p class='ocr_par' dir='ltr' id='par_1_60' title="bbox 1900 2803 3472 2875">
     <span class='ocr_line' id='line_1_60' title="bbox 1900 2803 3472 2875; baseline -0.003 -15"><span class='ocrx_word' id='word_1_383' title='bbox 1900 2807 2091 2875; x_wconf 86' lang='lat' dir='ltr'><strong>portio,</strong></span> <span class='ocrx_word' id='word_1_384' title='bbox 2117 2808 2168 2860; x_wconf 93' lang='lat' dir='ltr'><strong>in</strong></span> <span class='ocrx_word' id='word_1_385' title='bbox 2200 2820 2303 2875; x_wconf 91' lang='lat' dir='ltr'><strong>qua</strong></span> <span class='ocrx_word' id='word_1_386' title='bbox 2332 2805 2523 2874; x_wconf 86' lang='lat' dir='ltr'><strong>privati</strong></span> <span class='ocrx_word' id='word_1_387' title='bbox 2550 2803 3033 2875; x_wconf 80' lang='lat' dir='ltr'><strong>alicujushominis</strong></span> <span class='ocrx_word' id='word_1_388' title='bbox 3057 2804 3247 2857; x_wconf 89' lang='lat' dir='ltr'><strong>merita</strong></span> <span class='ocrx_word' id='word_1_389' title='bbox 3271 2818 3472 2871; x_wconf 82' lang='lat' dir='ltr'><strong>Cogno-</strong></span> 
     </span>
    </p>
   </div>
   <div class='ocr_carea' id='block_1_61' title="bbox 1902 2873 3471 2944">
    <p class='ocr_par' dir='ltr' id='par_1_61' title="bbox 1902 2873 3471 2944">
     <span class='ocr_line' id='line_1_61' title="bbox 1902 2873 3471 2944; baseline -0.002 -15"><span class='ocrx_word' id='word_1_390' title='bbox 1902 2873 2119 2931; x_wconf 81' lang='lat' dir='ltr'><strong>srantur</strong></span> <span class='ocrx_word' id='word_1_391' title='bbox 2140 2873 2527 2944; x_wconf 41' lang='lat' dir='ltr'><strong>Ian—dentnrque</strong></span> <span class='ocrx_word' id='word_1_392' title='bbox 2554 2878 2622 2928; x_wconf 87' lang='lat' dir='ltr'><strong>ab</strong></span> <span class='ocrx_word' id='word_1_393' title='bbox 2653 2873 2980 2939; x_wconf 90' lang='lat' dir='ltr'><strong>hominibus,</strong></span> <span class='ocrx_word' id='word_1_394' title='bbox 3012 2885 3317 2942; x_wconf 81' lang='lat' dir='ltr'><strong>comparata</strong></span> <span class='ocrx_word' id='word_1_395' title='bbox 3350 2889 3471 2926; x_wconf 91' lang='lat' dir='ltr'><strong>cum</strong></span> 
     </span>
    </p>
   </div>
   <div class='ocr_carea' id='block_1_62' title="bbox 1899 2944 3473 3015">
    <p class='ocr_par' dir='ltr' id='par_1_62' title="bbox 1899 2944 3473 3015">
     <span class='ocr_line' id='line_1_62' title="bbox 1899 2944 3473 3015; baseline -0.004 -15"><span class='ocrx_word' id='word_1_396' title='bbox 1899 2947 2105 3015; x_wconf 87' lang='lat' dir='ltr'><strong>reliquo</strong></span> <span class='ocrx_word' id='word_1_397' title='bbox 2133 2956 2397 3000; x_wconf 89' lang='lat' dir='ltr'><strong>terrarum</strong></span> <span class='ocrx_word' id='word_1_398' title='bbox 2420 2945 2571 3008; x_wconf 87' lang='lat' dir='ltr'><strong>orbe,</strong></span> <span class='ocrx_word' id='word_1_399' title='bbox 2602 2945 2653 2997; x_wconf 91' lang='lat' dir='ltr'><strong>in</strong></span> <span class='ocrx_word' id='word_1_400' title='bbox 2681 2958 2786 3013; x_wconf 91' lang='lat' dir='ltr'><strong>quo</strong></span> <span class='ocrx_word' id='word_1_401' title='bbox 2804 2944 2944 2998; x_wconf 89' lang='lat' dir='ltr'><strong>idem</strong></span> <span class='ocrx_word' id='word_1_402' title='bbox 2970 2944 3139 3015; x_wconf 92' lang='lat' dir='ltr'><strong>homo</strong></span> <span class='ocrx_word' id='word_1_403' title='bbox 3157 2958 3257 3015; x_wconf 86' lang='lat' dir='ltr'><strong>nec</strong></span> <span class='ocrx_word' id='word_1_404' title='bbox 3275 2958 3473 3012; x_wconf 86' lang='lat' dir='ltr'><strong>cogno-</strong></span> 
     </span>
    </p>
   </div>
   <div class='ocr_carea' id='block_1_63' title="bbox 1899 3013 3472 3084">
    <p class='ocr_par' dir='ltr' id='par_1_63' title="bbox 1899 3013 3472 3084">
     <span class='ocr_line' id='line_1_63' title="bbox 1899 3013 3472 3084; baseline -0.003 -14"><span class='ocrx_word' id='word_1_405' title='bbox 1899 3016 1976 3071; x_wconf 88' lang='lat' dir='ltr'><strong>sci</strong></span> <span class='ocrx_word' id='word_1_406' title='bbox 2006 3013 2106 3071; x_wconf 85' lang='lat' dir='ltr'><strong>nec</strong></span> <span class='ocrx_word' id='word_1_407' title='bbox 2131 3016 2335 3070; x_wconf 90' lang='lat' dir='ltr'><strong>laudari</strong></span> <span class='ocrx_word' id='word_1_408' title='bbox 2365 3025 2557 3084; x_wconf 87' lang='lat' dir='ltr'><strong>potest,</strong></span> <span class='ocrx_word' id='word_1_409' title='bbox 2585 3015 2831 3083; x_wconf 85' lang='lat' dir='ltr'><strong>exiguum</strong></span> <span class='ocrx_word' id='word_1_410' title='bbox 2862 3024 2942 3067; x_wconf 90' lang='lat' dir='ltr'><strong>est</strong></span> <span class='ocrx_word' id='word_1_411' title='bbox 2967 3014 3146 3081; x_wconf 91' lang='lat' dir='ltr'><strong>puncti</strong></span> <span class='ocrx_word' id='word_1_412' title='bbox 3168 3013 3311 3067; x_wconf 79' lang='lat' dir='ltr'><strong>illius</strong></span> <span class='ocrx_word' id='word_1_413' title='bbox 3343 3030 3472 3079; x_wconf 77' lang='lat' dir='ltr'><strong>pnn-</strong></span> 
     </span>
    </p>
   </div>
   <div class='ocr_carea' id='block_1_64' title="bbox 1896 3084 3473 3157">
    <p class='ocr_par' dir='ltr' id='par_1_64' title="bbox 1896 3084 3473 3157">
     <span class='ocr_line' id='line_1_64' title="bbox 1896 3084 3473 3157; baseline -0.002 -19"><span class='ocrx_word' id='word_1_414' title='bbox 1896 3098 2039 3141; x_wconf 73' lang='lat' dir='ltr'><strong>ctum</strong></span> <span class='ocrx_word' id='word_1_415' title='bbox 2065 3104 2081 3141; x_wconf 89' lang='lat'><strong>:</strong></span> <span class='ocrx_word' id='word_1_416' title='bbox 2110 3102 2274 3157; x_wconf 90' lang='lat' dir='ltr'><strong>quare</strong></span> <span class='ocrx_word' id='word_1_417' title='bbox 2298 3088 2438 3140; x_wconf 88' lang='lat' dir='ltr'><strong>hunc</strong></span> <span class='ocrx_word' id='word_1_418' title='bbox 2466 3085 2734 3157; x_wconf 83' lang='lat' dir='ltr'><strong>hominem</strong></span> <span class='ocrx_word' id='word_1_419' title='bbox 2760 3085 3108 3157; x_wconf 78' lang='lat' dir='ltr'><strong>tumpudebit</strong></span> <span class='ocrx_word' id='word_1_420' title='bbox 3132 3084 3273 3157; x_wconf 75' lang='lat' dir='ltr'><strong>aucti</strong></span> <span class='ocrx_word' id='word_1_421' title='bbox 3303 3086 3473 3157; x_wconf 78' lang='lat' dir='ltr'><strong>nomi-</strong></span> 
     </span>
    </p>
   </div>
   <div class='ocr_carea' id='block_1_65' title="bbox 238 3154 3473 3231">
    <p class='ocr_par' dir='ltr' id='par_1_65' title="bbox 238 3154 3473 3231">
     <span class='ocr_line' id='line_1_65' title="bbox 238 3154 3473 3231; baseline -0.001 -21"><span class='ocrx_word' id='word_1_422' title='bbox 238 3154 450 3231; x_wconf 73' lang='lat' dir='ltr'><strong>efiiciens</strong></span> <span class='ocrx_word' id='word_1_423' title='bbox 471 3228 479 3231; x_wconf 85' lang='lat'><em>_</em></span> <span class='ocrx_word' id='word_1_424' title='bbox 504 3168 557 3209; x_wconf 91' lang='lat' dir='ltr'><strong>et</strong></span> <span class='ocrx_word' id='word_1_425' title='bbox 603 3157 749 3231; x_wconf 60' lang='lat' dir='ltr'><strong>finis,</strong></span> <span class='ocrx_word' id='word_1_426' title='bbox 823 3155 1249 3231; x_wconf 72' lang='lat' dir='ltr'><strong>quandoquidem</strong></span> <span class='ocrx_word' id='word_1_427' title='bbox 1298 3170 1365 3231; x_wconf 80' lang='lat' dir='ltr'><strong>ex</strong></span> <span class='ocrx_word' id='word_1_428' title='bbox 1422 3154 1642 3231; x_wconf 77' lang='lat' dir='ltr'><strong>materia</strong></span> <span class='ocrx_word' id='word_1_429' title='bbox 1687 3168 1789 3206; x_wconf 92' lang='lat' dir='ltr'><strong>non</strong></span> <span class='ocrx_word' id='word_1_430' title='bbox 1820 3160 1865 3223; x_wconf 73' lang='grc' dir='ltr'><strong>ζ]</strong></span> <span class='ocrx_word' id='word_1_431' title='bbox 1896 3158 1995 3231; x_wconf 79' lang='lat' dir='ltr'><strong>nis,</strong></span> <span class='ocrx_word' id='word_1_432' title='bbox 2020 3154 2157 3231; x_wconf 67' lang='lat' dir='ltr'><strong>quod</strong></span> <span class='ocrx_word' id='word_1_433' title='bbox 2187 3166 2353 3209; x_wconf 86' lang='lat' dir='ltr'><strong>tamen</strong></span> <span class='ocrx_word' id='word_1_434' title='bbox 2376 3172 2476 3208; x_wconf 88' lang='lat' dir='ltr'><strong>non</strong></span> <span class='ocrx_word' id='word_1_435' title='bbox 2501 3155 2852 3231; x_wconf 65' lang='lat' dir='ltr'><strong>valetreplere</strong></span> <span class='ocrx_word' id='word_1_436' title='bbox 2875 3154 3070 3231; x_wconf 76' lang='lat' dir='ltr'><strong>breuem</strong></span> <span class='ocrx_word' id='word_1_437' title='bbox 3096 3154 3358 3207; x_wconf 84' lang='lat' dir='ltr'><strong>ambitum.</strong></span> <span class='ocrx_word' id='word_1_438' title='bbox 3385 3154 3473 3231; x_wconf 85' lang='lat' dir='ltr'><strong>Sic</strong></span> 
     </span>
    </p>
   </div>
   <div class='ocr_carea' id='block_1_66' title="bbox 238 3225 1788 3295">
    <p class='ocr_par' dir='ltr' id='par_1_66' title="bbox 238 3225 1788 3295">
     <span class='ocr_line' id='line_1_66' title="bbox 238 3225 1788 3295; baseline -0.003 -16"><span class='ocrx_word' id='word_1_439' title='bbox 238 3227 430 3294; x_wconf 86' lang='lat' dir='ltr'><strong>pendet.</strong></span> <span class='ocrx_word' id='word_1_440' title='bbox 457 3228 617 3294; x_wconf 81' lang='lat' dir='ltr'><strong>Atqui</strong></span> <span class='ocrx_word' id='word_1_441' title='bbox 646 3227 804 3295; x_wconf 88' lang='lat' dir='ltr'><strong>hujus</strong></span> <span class='ocrx_word' id='word_1_442' title='bbox 826 3241 935 3279; x_wconf 78' lang='lat' dir='ltr'><strong>sua:</strong></span> <span class='ocrx_word' id='word_1_443' title='bbox 959 3225 1369 3278; x_wconf 88' lang='lat' dir='ltr'><strong>immortalitatis</strong></span> <span class='ocrx_word' id='word_1_444' title='bbox 1391 3239 1540 3277; x_wconf 90' lang='lat' dir='ltr'><strong>mens</strong></span> <span class='ocrx_word' id='word_1_445' title='bbox 1565 3226 1788 3295; x_wconf 79' lang='lat' dir='ltr'><strong>humana</strong></span> 
     </span>
    </p>
   </div>
   <div class='ocr_carea' id='block_1_67' title="bbox 238 3293 1789 3363">
    <p class='ocr_par' dir='ltr' id='par_1_67' title="bbox 238 3293 1789 3363">
     <span class='ocr_line' id='line_1_67' title="bbox 238 3293 1789 3363; baseline -0.001 -15"><span class='ocrx_word' id='word_1_446' title='bbox 238 3295 301 3348; x_wconf 90' lang='lat' dir='ltr'><strong>ita</strong></span> <span class='ocrx_word' id='word_1_447' title='bbox 321 3298 511 3349; x_wconf 85' lang='lat' dir='ltr'><strong>conscia</strong></span> <span class='ocrx_word' id='word_1_448' title='bbox 532 3293 639 3359; x_wconf 84' lang='lat' dir='ltr'><strong>est,</strong></span> <span class='ocrx_word' id='word_1_449' title='bbox 667 3293 801 3349; x_wconf 81' lang='lat' dir='ltr'><strong>hanc</strong></span> <span class='ocrx_word' id='word_1_450' title='bbox 823 3306 881 3348; x_wconf 90' lang='lat' dir='ltr'><strong>ut</strong></span> <span class='ocrx_word' id='word_1_451' title='bbox 905 3309 1117 3362; x_wconf 86' lang='lat' dir='ltr'><strong>semper</strong></span> <span class='ocrx_word' id='word_1_452' title='bbox 1145 3302 1373 3363; x_wconf 81' lang='lat' dir='ltr'><strong>appetat.</strong></span> <span class='ocrx_word' id='word_1_453' title='bbox 1402 3308 1666 3361; x_wconf 89' lang='lat' dir='ltr'><strong>quamque</strong></span> <span class='ocrx_word' id='word_1_454' title='bbox 1692 3293 1789 3346; x_wconf 84' lang='lat' dir='ltr'><strong>sibi</strong></span> 
     </span>
    </p>
   </div>
   <div class='ocr_carea' id='block_1_68' title="bbox 237 3365 1792 3432">
    <p class='ocr_par' dir='ltr' id='par_1_68' title="bbox 237 3365 1792 3432">
     <span class='ocr_line' id='line_1_68' title="bbox 237 3365 1792 3432; baseline -0.001 -15"><span class='ocrx_word' id='word_1_455' title='bbox 237 3371 418 3418; x_wconf 86' lang='lat' dir='ltr'><strong>tantum</strong></span> <span class='ocrx_word' id='word_1_456' title='bbox 446 3367 669 3421; x_wconf 87' lang='lat' dir='ltr'><strong>deberet</strong></span> <span class='ocrx_word' id='word_1_457' title='bbox 696 3365 983 3419; x_wconf 84' lang='lat' dir='ltr'><strong>attribuere</strong></span> <span class='ocrx_word' id='word_1_458' title='bbox 1007 3405 1022 3430; x_wconf 93' lang='lat'><strong>,</strong></span> <span class='ocrx_word' id='word_1_459' title='bbox 1057 3366 1191 3417; x_wconf 88' lang='lat' dir='ltr'><strong>hanc</strong></span> <span class='ocrx_word' id='word_1_460' title='bbox 1216 3365 1519 3417; x_wconf 58' lang='lat' dir='ltr'><strong>‘emeraria</strong></span> <span class='ocrx_word' id='word_1_461' title='bbox 1564 3365 1792 3432; x_wconf 89' lang='lat' dir='ltr'><strong>quadam</strong></span> 
     </span>
    </p>
   </div>
   <div class='ocr_carea' id='block_1_69' title="bbox 236 3435 1793 3504">
    <p class='ocr_par' dir='ltr' id='par_1_69' title="bbox 236 3435 1793 3504">
     <span class='ocr_line' id='line_1_69' title="bbox 236 3435 1793 3504; baseline 0.001 -18"><span class='ocrx_word' id='word_1_462' title='bbox 236 3436 575 3504; x_wconf 81' lang='lat' dir='ltr'><strong>assumptione</strong></span> <span class='ocrx_word' id='word_1_463' title='bbox 624 3437 840 3489; x_wconf 87' lang='lat' dir='ltr'><strong>caducis</strong></span> <span class='ocrx_word' id='word_1_464' title='bbox 882 3435 1041 3489; x_wconf 83' lang='lat' dir='ltr'><strong>etiam</strong></span> <span class='ocrx_word' id='word_1_465' title='bbox 1092 3435 1285 3495; x_wconf 85' lang='lat' dir='ltr'><strong>rebus.</strong></span> <span class='ocrx_word' id='word_1_466' title='bbox 1329 3449 1451 3487; x_wconf 90' lang='lat' dir='ltr'><strong>cum</strong></span> <span class='ocrx_word' id='word_1_467' title='bbox 1498 3435 1688 3504; x_wconf 85' lang='lat' dir='ltr'><strong>quibus</strong></span> <span class='ocrx_word' id='word_1_468' title='bbox 1733 3447 1793 3504; x_wconf 78' lang='lat' dir='ltr'><strong>se</strong></span> 
     </span>
    </p>
   </div>
   <div class='ocr_carea' id='block_1_70' title="bbox 236 3502 1791 3573">
    <p class='ocr_par' dir='ltr' id='par_1_70' title="bbox 236 3502 1791 3573">
     <span class='ocr_line' id='line_1_70' title="bbox 236 3502 1791 3573; baseline 0 -17"><span class='ocrx_word' id='word_1_469' title='bbox 236 3502 490 3571; x_wconf 69' lang='lat' dir='ltr'><strong>quamdam</strong></span> <span class='ocrx_word' id='word_1_470' title='bbox 523 3514 676 3573; x_wconf 88' lang='lat' dir='ltr'><strong>putat</strong></span> <span class='ocrx_word' id='word_1_471' title='bbox 702 3506 896 3559; x_wconf 89' lang='lat' dir='ltr'><strong>habere</strong></span> <span class='ocrx_word' id='word_1_472' title='bbox 934 3505 1379 3573; x_wconf 86' lang='lat' dir='ltr'><strong>necessitudinem</strong></span> <span class='ocrx_word' id='word_1_473' title='bbox 1400 3546 1414 3570; x_wconf 93' lang='lat'><strong>,</strong></span> <span class='ocrx_word' id='word_1_474' title='bbox 1449 3503 1642 3557; x_wconf 91' lang='lat' dir='ltr'><strong>tribuat</strong></span> <span class='ocrx_word' id='word_1_475' title='bbox 1673 3521 1685 3556; x_wconf 90' lang='lat'>:</span> <span class='ocrx_word' id='word_1_476' title='bbox 1715 3502 1791 3556; x_wconf 88' lang='lat' dir='ltr'><strong>sic</strong></span> 
     </span>
    </p>
   </div>
   <div class='ocr_carea' id='block_1_71' title="bbox 236 3570 1792 3642">
    <p class='ocr_par' dir='ltr' id='par_1_71' title="bbox 236 3570 1792 3642">
     <span class='ocr_line' id='line_1_71' title="bbox 236 3570 1792 3642; baseline 0.001 -18"><span class='ocrx_word' id='word_1_477' title='bbox 236 3570 462 3641; x_wconf 82' lang='lat' dir='ltr'><strong>parentes</strong></span> <span class='ocrx_word' id='word_1_478' title='bbox 500 3570 553 3629; x_wconf 85' lang='lat' dir='ltr'><strong>iu</strong></span> <span class='ocrx_word' id='word_1_479' title='bbox 586 3575 806 3640; x_wconf 89' lang='lat' dir='ltr'><strong>liberis,</strong></span> <span class='ocrx_word' id='word_1_480' title='bbox 839 3584 1083 3628; x_wconf 91' lang='lat' dir='ltr'><strong>auctores</strong></span> <span class='ocrx_word' id='word_1_481' title='bbox 1129 3575 1180 3628; x_wconf 89' lang='lat' dir='ltr'><strong>in</strong></span> <span class='ocrx_word' id='word_1_482' title='bbox 1231 3570 1476 3642; x_wconf 87' lang='lat' dir='ltr'><strong>scriptis,</strong></span> <span class='ocrx_word' id='word_1_483' title='bbox 1506 3588 1694 3629; x_wconf 88' lang='lat' dir='ltr'><strong>omnes</strong></span> <span class='ocrx_word' id='word_1_484' title='bbox 1740 3574 1792 3625; x_wconf 92' lang='lat' dir='ltr'><strong>in</strong></span> 
     </span>
    </p>
   </div>
   <div class='ocr_carea' id='block_1_72' title="bbox 234 3644 1791 3714">
    <p class='ocr_par' dir='ltr' id='par_1_72' title="bbox 234 3644 1791 3714">
     <span class='ocr_line' id='line_1_72' title="bbox 234 3644 1791 3714; baseline 0 -18"><span class='ocrx_word' id='word_1_485' title='bbox 234 3646 618 3714; x_wconf 73' lang='lat' dir='ltr'><strong>superbiorihus</strong></span> <span class='ocrx_word' id='word_1_486' title='bbox 647 3645 901 3714; x_wconf 88' lang='lat' dir='ltr'><strong>sepulcris</strong></span> <span class='ocrx_word' id='word_1_487' title='bbox 930 3645 1286 3714; x_wconf 84' lang='lat' dir='ltr'><strong>immortalem</strong></span> <span class='ocrx_word' id='word_1_488' title='bbox 1317 3644 1597 3714; x_wconf 88' lang='lat' dir='ltr'><strong>quamdam</strong></span> <span class='ocrx_word' id='word_1_489' title='bbox 1629 3644 1791 3714; x_wconf 86' lang='lat' dir='ltr'><strong>vitam</strong></span> 
     </span>
    </p>
   </div>
   <div class='ocr_carea' id='block_1_73' title="bbox 233 3711 1788 3791">
    <p class='ocr_par' dir='ltr' id='par_1_73' title="bbox 233 3711 1788 3791">
     <span class='ocr_line' id='line_1_73' title="bbox 233 3711 1788 3791; baseline 0 -27"><span class='ocrx_word' id='word_1_490' title='bbox 233 3711 487 3791; x_wconf 71' lang='lat' dir='ltr'><strong>babiiuros</strong></span> <span class='ocrx_word' id='word_1_491' title='bbox 505 3711 729 3791; x_wconf 78' lang='lat' dir='ltr'><strong>sperant</strong></span> <span class='ocrx_word' id='word_1_492' title='bbox 749 3730 765 3777; x_wconf 90' lang='lat'><strong>;</strong></span> <span class='ocrx_word' id='word_1_493' title='bbox 787 3729 952 3791; x_wconf 85' lang='lat' dir='ltr'><strong>quare</strong></span> <span class='ocrx_word' id='word_1_494' title='bbox 972 3713 1200 3791; x_wconf 80' lang='lat' dir='ltr'><strong>Tullius,</strong></span> <span class='ocrx_word' id='word_1_495' title='bbox 1224 3714 1292 3791; x_wconf 85' lang='lat' dir='ltr'><strong>de</strong></span> <span class='ocrx_word' id='word_1_496' title='bbox 1311 3712 1788 3791; x_wconf 71' lang='lat' dir='ltr'><strong>$enect.,_0ptin_ii,</strong></span> 
     </span>
    </p>
   </div>
   <div class='ocr_carea' id='block_1_74' title="bbox 233 3783 1793 3863">
    <p class='ocr_par' dir='ltr' id='par_1_74' title="bbox 233 3783 1793 3863">
     <span class='ocr_line' id='line_1_74' title="bbox 233 3783 1793 3863; baseline 0.001 -28"><span class='ocrx_word' id='word_1_497' title='bbox 233 3783 428 3863; x_wconf 69' lang='lat' dir='ltr'><strong>inquit,</strong></span> <span class='ocrx_word' id='word_1_498' title='bbox 448 3786 699 3863; x_wconf 72' lang='lat' dir='ltr'><strong>cujusque</strong></span> <span class='ocrx_word' id='word_1_499' title='bbox 725 3787 928 3839; x_wconf 86' lang='lat' dir='ltr'><strong>animus</strong></span> <span class='ocrx_word' id='word_1_500' title='bbox 963 3784 1181 3838; x_wconf 66' lang='lat' dir='ltr'><strong>maxime</strong></span> <span class='ocrx_word' id='word_1_501' title='bbox 1217 3787 1286 3837; x_wconf 85' lang='lat' dir='ltr'><strong>ad</strong></span> <span class='ocrx_word' id='word_1_502' title='bbox 1316 3783 1654 3837; x_wconf 82' lang='lat' dir='ltr'><strong>immortalem</strong></span> <span class='ocrx_word' id='word_1_503' title='bbox 1681 3783 1793 3859; x_wconf 43' lang='lat'><strong>910-:</strong></span> 
     </span>
    </p>
   </div>
   <div class='ocr_carea' id='block_1_75' title="bbox 234 3852 1788 3909">
    <p class='ocr_par' dir='ltr' id='par_1_75' title="bbox 234 3852 1788 3909">
     <span class='ocr_line' id='line_1_75' title="bbox 234 3852 1788 3909; baseline 0 -2"><span class='ocrx_word' id='word_1_504' title='bbox 234 3854 350 3907; x_wconf 82' lang='lat' dir='ltr'><strong>riam</strong></span> <span class='ocrx_word' id='word_1_505' title='bbox 379 3852 573 3909; x_wconf 82' lang='lat' dir='ltr'><strong>nititur.</strong></span> <span class='ocrx_word' id='word_1_506' title='bbox 612 3852 621 3854; x_wconf 13' lang='grc' dir='ltr'>ἡ</span> <span class='ocrx_word' id='word_1_507' title='bbox 1782 3852 1788 3859; x_wconf 82' lang='grc'><em>’</em></span> 
     </span>
    </p>
   </div>
   <div class='ocr_carea' id='block_1_76' title="bbox 296 3942 1789 4012">
    <p class='ocr_par' dir='ltr' id='par_1_76' title="bbox 296 3942 1789 4012">
     <span class='ocr_line' id='line_1_76' title="bbox 296 3942 1789 4012; baseline -0.003 -13"><span class='ocrx_word' id='word_1_508' title='bbox 296 3947 312 3968; x_wconf 84' lang='grc'><strong>’</strong></span> <span class='ocrx_word' id='word_1_509' title='bbox 336 3944 560 4001; x_wconf 82' lang='lat' dir='ltr'><strong>Carmen</strong></span> <span class='ocrx_word' id='word_1_510' title='bbox 592 3953 849 4001; x_wconf 75' lang='lat' dir='ltr'><strong>Constans</strong></span> <span class='ocrx_word' id='word_1_511' title='bbox 885 3943 1085 4012; x_wconf 87' lang='lat' dir='ltr'><strong>duplici</strong></span> <span class='ocrx_word' id='word_1_512' title='bbox 1116 3959 1313 4012; x_wconf 81' lang='lat' dir='ltr'><strong>genere</strong></span> <span class='ocrx_word' id='word_1_513' title='bbox 1340 3957 1590 3998; x_wconf 89' lang='lat' dir='ltr'><strong>versuum</strong></span> <span class='ocrx_word' id='word_1_514' title='bbox 1628 3942 1789 3997; x_wconf 90' lang='lat' dir='ltr'><strong>alter-</strong></span> 
     </span>
    </p>
   </div>
   <div class='ocr_carea' id='block_1_77' title="bbox 232 4014 1791 4086">
    <p class='ocr_par' dir='ltr' id='par_1_77' title="bbox 232 4014 1791 4086">
     <span class='ocr_line' id='line_1_77' title="bbox 232 4014 1791 4086; baseline 0.001 -21"><span class='ocrx_word' id='word_1_515' title='bbox 232 4028 424 4086; x_wconf 81' lang='lat' dir='ltr'><strong>norum,</strong></span> <span class='ocrx_word' id='word_1_516' title='bbox 448 4031 683 4086; x_wconf 91' lang='lat' dir='ltr'><strong>quorum</strong></span> <span class='ocrx_word' id='word_1_517' title='bbox 705 4018 849 4086; x_wconf 86' lang='lat' dir='ltr'><strong>prior</strong></span> <span class='ocrx_word' id='word_1_518' title='bbox 866 4015 1125 4086; x_wconf 86' lang='lat' dir='ltr'><strong>iambicus</strong></span> <span class='ocrx_word' id='word_1_519' title='bbox 1151 4030 1272 4081; x_wconf 90' lang='lat' dir='ltr'><strong>sex,</strong></span> <span class='ocrx_word' id='word_1_520' title='bbox 1305 4014 1569 4086; x_wconf 87' lang='lat' dir='ltr'><strong>posterior</strong></span> <span class='ocrx_word' id='word_1_521' title='bbox 1590 4014 1791 4086; x_wconf 88' lang='lat' dir='ltr'><strong>pariter</strong></span> 
     </span>
    </p>
   </div>
   <div class='ocr_carea' id='block_1_78' title="bbox 233 4081 1791 4157">
    <p class='ocr_par' dir='ltr' id='par_1_78' title="bbox 233 4081 1791 4157">
     <span class='ocr_line' id='line_1_78' title="bbox 233 4081 1791 4157; baseline 0.002 -23"><span class='ocrx_word' id='word_1_522' title='bbox 233 4081 482 4157; x_wconf 72' lang='lat' dir='ltr'><strong>iambicus</strong></span> <span class='ocrx_word' id='word_1_523' title='bbox 492 4081 723 4157; x_wconf 80' lang='lat' dir='ltr'><strong>quatuor</strong></span> <span class='ocrx_word' id='word_1_524' title='bbox 743 4085 901 4157; x_wconf 85' lang='lat' dir='ltr'><strong>habet</strong></span> <span class='ocrx_word' id='word_1_525' title='bbox 928 4084 1111 4154; x_wconf 78' lang='lat' dir='ltr'><strong>pedes,</strong></span> <span class='ocrx_word' id='word_1_526' title='bbox 1136 4081 1329 4154; x_wconf 76' lang='lat' dir='ltr'><strong>saepius</strong></span> <span class='ocrx_word' id='word_1_527' title='bbox 1352 4085 1483 4139; x_wconf 84' lang='lat' dir='ltr'><strong>locis</strong></span> <span class='ocrx_word' id='word_1_528' title='bbox 1500 4085 1791 4153; x_wconf 87' lang='lat' dir='ltr'><strong>imparibus</strong></span> 
     </span>
    </p>
   </div>
   <div class='ocr_carea' id='block_1_79' title="bbox 232 4155 1007 4227">
    <p class='ocr_par' dir='ltr' id='par_1_79' title="bbox 232 4155 1007 4227">
     <span class='ocr_line' id='line_1_79' title="bbox 232 4155 1007 4227; baseline 0.004 -22"><span class='ocrx_word' id='word_1_529' title='bbox 232 4155 753 4227; x_wconf 47' lang='lat' dir='ltr'><strong>spondeos,_paribus</strong></span> <span class='ocrx_word' id='word_1_530' title='bbox 784 4156 1007 4209; x_wconf 88' lang='lat' dir='ltr'><strong>iambos.</strong></span> 
     </span>
    </p>
   </div>
   <div class='ocr_carea' id='block_1_80' title="bbox 290 4243 1787 4317">
    <p class='ocr_par' dir='ltr' id='par_1_80' title="bbox 290 4243 1787 4317">
     <span class='ocr_line' id='line_1_80' title="bbox 290 4243 1787 4317; baseline 0.001 -20"><span class='ocrx_word' id='word_1_531' title='bbox 290 4244 338 4298; x_wconf 80' lang='lat' dir='ltr'><strong>l.</strong></span> <span class='ocrx_word' id='word_1_532' title='bbox 361 4244 529 4317; x_wconf 51' lang='lat' dir='ltr'><strong>ﬂente</strong></span> <span class='ocrx_word' id='word_1_533' title='bbox 557 4244 855 4317; x_wconf 67' lang='lat' dir='ltr'><strong>prtecipiti.]</strong></span> <span class='ocrx_word' id='word_1_534' title='bbox 881 4246 1001 4298; x_wconf 65' lang='lat' dir='ltr'><strong>&gt;ive</strong></span> <span class='ocrx_word' id='word_1_535' title='bbox 1028 4244 1457 4317; x_wconf 76' lang='lat' dir='ltr'><strong>prreeipitatione.</strong></span> <span class='ocrx_word' id='word_1_536' title='bbox 1487 4243 1787 4317; x_wconf 68' lang='lat' dir='ltr'><strong>Estautem</strong></span> 
     </span>
    </p>
   </div>
   <div class='ocr_carea' id='block_1_81' title="bbox 232 4314 1785 4384">
    <p class='ocr_par' dir='ltr' id='par_1_81' title="bbox 232 4314 1785 4384">
     <span class='ocr_line' id='line_1_81' title="bbox 232 4314 1785 4384; baseline 0.001 -19"><span class='ocrx_word' id='word_1_537' title='bbox 232 4314 566 4384; x_wconf 71' lang='lat' dir='ltr'><strong>praecipitatio</strong></span> <span class='ocrx_word' id='word_1_538' title='bbox 621 4314 1071 4370; x_wconf 80' lang='lat' dir='ltr'><strong>incunsideratum</strong></span> <span class='ocrx_word' id='word_1_539' title='bbox 1124 4314 1191 4369; x_wconf 91' lang='lat' dir='ltr'><strong>de</strong></span> <span class='ocrx_word' id='word_1_540' title='bbox 1259 4314 1441 4383; x_wconf 82' lang='lat' dir='ltr'><strong>ignoto</strong></span> <span class='ocrx_word' id='word_1_541' title='bbox 1486 4314 1785 4382; x_wconf 88' lang='lat' dir='ltr'><strong>judicium:</strong></span> 
     </span>
    </p>
   </div>
   <div class='ocr_carea' id='block_1_82' title="bbox 230 4383 1208 4455">
    <p class='ocr_par' dir='ltr' id='par_1_82' title="bbox 230 4383 1208 4455">
     <span class='ocr_line' id='line_1_82' title="bbox 230 4383 1208 4455; baseline 0 -18"><span class='ocrx_word' id='word_1_542' title='bbox 230 4383 602 4455; x_wconf 80' lang='lat' dir='ltr'><strong>prima_erroris</strong></span> <span class='ocrx_word' id='word_1_543' title='bbox 634 4388 873 4455; x_wconf 87' lang='lat' dir='ltr'><strong>adeoque</strong></span> <span class='ocrx_word' id='word_1_544' title='bbox 898 4385 1011 4439; x_wconf 87' lang='lat' dir='ltr'><strong>vitii</strong></span> <span class='ocrx_word' id='word_1_545' title='bbox 1037 4384 1208 4452; x_wconf 77' lang='lat' dir='ltr'><strong>origo.</strong></span> 
     </span>
    </p>
   </div>
   <div class='ocr_carea' id='block_1_83' title="bbox 292 4452 1789 4526">
    <p class='ocr_par' dir='ltr' id='par_1_83' title="bbox 292 4452 1789 4526">
     <span class='ocr_line' id='line_1_83' title="bbox 292 4452 1789 4526; baseline -0.001 -19"><span class='ocrx_word' id='word_1_546' title='bbox 292 4453 542 4526; x_wconf 77' lang='lat' dir='ltr'><strong>I._Petit.]</strong></span> <span class='ocrx_word' id='word_1_547' title='bbox 577 4458 765 4509; x_wconf 82' lang='lat' dir='ltr'><strong>Petere</strong></span> <span class='ocrx_word' id='word_1_548' title='bbox 788 4452 994 4526; x_wconf 67' lang='lat' dir='ltr'><strong>aliquo,</strong></span> <span class='ocrx_word' id='word_1_549' title='bbox 1050 4453 1267 4526; x_wconf 79' lang='lat' dir='ltr'><strong>proprie</strong></span> <span class='ocrx_word' id='word_1_550' title='bbox 1306 4452 1550 4526; x_wconf 84' lang='lat' dir='ltr'><strong>corporis</strong></span> <span class='ocrx_word' id='word_1_551' title='bbox 1597 4462 1681 4508; x_wconf 90' lang='lat' dir='ltr'><strong>est</strong></span> <span class='ocrx_word' id='word_1_552' title='bbox 1718 4452 1789 4507; x_wconf 90' lang='lat' dir='ltr'><strong>ab</strong></span> 
     </span>
    </p>
   </div>
   <div class='ocr_carea' id='block_1_84' title="bbox 231 4524 1869 4591">
    <p class='ocr_par' dir='ltr' id='par_1_84' title="bbox 231 4524 1869 4591">
     <span class='ocr_line' id='line_1_84' title="bbox 231 4524 1869 4591; baseline 0.002 -19"><span class='ocrx_word' id='word_1_553' title='bbox 231 4534 318 4575; x_wconf 81' lang='lat' dir='ltr'><strong>una</strong></span> <span class='ocrx_word' id='word_1_554' title='bbox 342 4524 391 4577; x_wconf 90' lang='lat' dir='ltr'><strong>in</strong></span> <span class='ocrx_word' id='word_1_555' title='bbox 415 4524 639 4578; x_wconf 79' lang='lat' dir='ltr'><strong>alteram</strong></span> <span class='ocrx_word' id='word_1_556' title='bbox 661 4524 907 4578; x_wconf 87' lang='lat' dir='ltr'><strong>viciniam</strong></span> <span class='ocrx_word' id='word_1_557' title='bbox 930 4524 1173 4577; x_wconf 88' lang='lat' dir='ltr'><strong>translati</strong></span> <span class='ocrx_word' id='word_1_558' title='bbox 1197 4541 1210 4575; x_wconf 87' lang='lat'><strong>:</strong></span> <span class='ocrx_word' id='word_1_559' title='bbox 1238 4524 1332 4578; x_wconf 90' lang='lat' dir='ltr'><strong>sed</strong></span> <span class='ocrx_word' id='word_1_560' title='bbox 1360 4533 1576 4591; x_wconf 90' lang='lat' dir='ltr'><strong>propter</strong></span> <span class='ocrx_word' id='word_1_561' title='bbox 1599 4538 1782 4591; x_wconf 82' lang='lat' dir='ltr'><strong>quam-</strong></span> <span class='ocrx_word' id='word_1_562' title='bbox 1819 4533 1869 4591; x_wconf 82' lang='grc' dir='ltr'>ι)</span> 
     </span>
    </p>
   </div>
   <div class='ocr_carea' id='block_1_85' title="bbox 230 4591 1788 4663">
    <p class='ocr_par' dir='ltr' id='par_1_85' title="bbox 230 4591 1788 4663">
     <span class='ocr_line' id='line_1_85' title="bbox 230 4591 1788 4663; baseline 0.002 -19"><span class='ocrx_word' id='word_1_563' title='bbox 230 4591 335 4663; x_wconf 73' lang='lat' dir='ltr'><strong>dam</strong></span> <span class='ocrx_word' id='word_1_564' title='bbox 357 4594 764 4648; x_wconf 84' lang='lat' dir='ltr'><strong>similitudinem</strong></span> <span class='ocrx_word' id='word_1_565' title='bbox 796 4594 992 4648; x_wconf 88' lang='lat' dir='ltr'><strong>dicitur</strong></span> <span class='ocrx_word' id='word_1_566' title='bbox 1016 4595 1177 4648; x_wconf 90' lang='lat' dir='ltr'><strong>etiam</strong></span> <span class='ocrx_word' id='word_1_567' title='bbox 1206 4594 1274 4649; x_wconf 89' lang='lat' dir='ltr'><strong>de</strong></span> <span class='ocrx_word' id='word_1_568' title='bbox 1293 4604 1495 4659; x_wconf 88' lang='lat' dir='ltr'><strong>mente,</strong></span> <span class='ocrx_word' id='word_1_569' title='bbox 1524 4601 1788 4663; x_wconf 86' lang='lat' dir='ltr'><strong>quatenus</strong></span> 
     </span>
    </p>
   </div>
   <div class='ocr_carea' id='block_1_86' title="bbox 231 4658 1232 4733">
    <p class='ocr_par' dir='ltr' id='par_1_86' title="bbox 231 4658 1232 4733">
     <span class='ocr_line' id='line_1_86' title="bbox 231 4658 1232 4733; baseline 0.001 -18"><span class='ocrx_word' id='word_1_570' title='bbox 231 4658 331 4716; x_wconf 66' lang='lat' dir='ltr'><strong>haec</strong></span> <span class='ocrx_word' id='word_1_571' title='bbox 358 4665 634 4719; x_wconf 84' lang='lat' dir='ltr'><strong>voluntate</strong></span> <span class='ocrx_word' id='word_1_572' title='bbox 659 4678 754 4717; x_wconf 93' lang='lat' dir='ltr'><strong>sua</strong></span> <span class='ocrx_word' id='word_1_573' title='bbox 783 4664 960 4733; x_wconf 91' lang='lat' dir='ltr'><strong>aliquo</strong></span> <span class='ocrx_word' id='word_1_574' title='bbox 992 4664 1232 4718; x_wconf 89' lang='lat' dir='ltr'><strong>inclinat.</strong></span> 
     </span>
    </p>
   </div>
   <div class='ocr_carea' id='block_1_87' title="bbox 287 4752 1789 4825">
    <p class='ocr_par' dir='ltr' id='par_1_87' title="bbox 287 4752 1789 4825">
     <span class='ocr_line' id='line_1_87' title="bbox 287 4752 1789 4825; baseline 0.002 -18"><span class='ocrx_word' id='word_1_575' title='bbox 287 4752 337 4807; x_wconf 71' lang='lat'><strong>2.</strong></span> <span class='ocrx_word' id='word_1_576' title='bbox 365 4755 731 4825; x_wconf 79' lang='lat' dir='ltr'><strong>Summumque</strong></span> <span class='ocrx_word' id='word_1_577' title='bbox 763 4756 921 4810; x_wconf 87' lang='lat' dir='ltr'><strong>credit</strong></span> <span class='ocrx_word' id='word_1_578' title='bbox 973 4752 1235 4825; x_wconf 66' lang='lat' dir='ltr'><strong>gloriarm]</strong></span> <span class='ocrx_word' id='word_1_579' title='bbox 1279 4754 1549 4809; x_wconf 85' lang='lat' dir='ltr'><strong>Summum</strong></span> <span class='ocrx_word' id='word_1_580' title='bbox 1583 4755 1789 4810; x_wconf 68' lang='lat' dir='ltr'><strong>Stilicet</strong></span> 
     </span>
    </p>
   </div>
   <div class='ocr_carea' id='block_1_88' title="bbox 230 4822 1785 4894">
    <p class='ocr_par' dir='ltr' id='par_1_88' title="bbox 230 4822 1785 4894">
     <span class='ocr_line' id='line_1_88' title="bbox 230 4822 1785 4894; baseline 0.004 -20"><span class='ocrx_word' id='word_1_581' title='bbox 230 4822 432 4894; x_wconf 82' lang='lat' dir='ltr'><strong>bonum:</strong></span> <span class='ocrx_word' id='word_1_582' title='bbox 458 4841 581 4880; x_wconf 91' lang='lat' dir='ltr'><strong>cum</strong></span> <span class='ocrx_word' id='word_1_583' title='bbox 611 4822 752 4879; x_wconf 87' lang='lat' dir='ltr'><strong>enim</strong></span> <span class='ocrx_word' id='word_1_584' title='bbox 774 4840 935 4880; x_wconf 90' lang='lat' dir='ltr'><strong>omne</strong></span> <span class='ocrx_word' id='word_1_585' title='bbox 948 4822 1087 4894; x_wconf 83' lang='lat' dir='ltr'><strong>quod</strong></span> <span class='ocrx_word' id='word_1_586' title='bbox 1107 4822 1396 4893; x_wconf 77' lang='lat' dir='ltr'><strong>expetitur,</strong></span> <span class='ocrx_word' id='word_1_587' title='bbox 1425 4826 1479 4878; x_wconf 91' lang='lat' dir='ltr'><strong>id</strong></span> <span class='ocrx_word' id='word_1_588' title='bbox 1499 4826 1785 4893; x_wconf 88' lang='lat' dir='ltr'><strong>quamdam</strong></span> 
     </span>
    </p>
   </div>
   <div class='ocr_carea' id='block_1_89' title="bbox 230 4893 1785 4964">
    <p class='ocr_par' dir='ltr' id='par_1_89' title="bbox 230 4893 1785 4964">
     <span class='ocr_line' id='line_1_89' title="bbox 230 4893 1785 4964; baseline 0.001 -17"><span class='ocrx_word' id='word_1_589' title='bbox 230 4893 405 4948; x_wconf 79' lang='lat' dir='ltr'><strong>habeat</strong></span> <span class='ocrx_word' id='word_1_590' title='bbox 434 4896 559 4949; x_wconf 92' lang='lat' dir='ltr'><strong>boni</strong></span> <span class='ocrx_word' id='word_1_591' title='bbox 582 4897 836 4963; x_wconf 86' lang='lat' dir='ltr'><strong>speciem.</strong></span> <span class='ocrx_word' id='word_1_592' title='bbox 865 4893 1148 4964; x_wconf 88' lang='lat' dir='ltr'><strong>propterea</strong></span> <span class='ocrx_word' id='word_1_593' title='bbox 1182 4909 1403 4949; x_wconf 90' lang='lat' dir='ltr'><strong>necesse</strong></span> <span class='ocrx_word' id='word_1_594' title='bbox 1427 4904 1528 4959; x_wconf 89' lang='lat' dir='ltr'><strong>est,</strong></span> <span class='ocrx_word' id='word_1_595' title='bbox 1564 4904 1620 4948; x_wconf 92' lang='lat' dir='ltr'><strong>ut</strong></span> <span class='ocrx_word' id='word_1_596' title='bbox 1644 4897 1785 4964; x_wconf 84' lang='lat' dir='ltr'><strong>quod</strong></span> 
     </span>
    </p>
   </div>
   <div class='ocr_carea' id='block_1_90' title="bbox 228 4964 1783 5033">
    <p class='ocr_par' dir='ltr' id='par_1_90' title="bbox 228 4964 1783 5033">
     <span class='ocr_line' id='line_1_90' title="bbox 228 4964 1783 5033; baseline 0 -15"><span class='ocrx_word' id='word_1_597' title='bbox 228 4976 324 5033; x_wconf 66' lang='lat' dir='ltr'><strong>pra:</strong></span> <span class='ocrx_word' id='word_1_598' title='bbox 350 4965 601 5020; x_wconf 81' lang='lat' dir='ltr'><strong>omnibus</strong></span> <span class='ocrx_word' id='word_1_599' title='bbox 635 4966 924 5033; x_wconf 79' lang='lat' dir='ltr'><strong>expetitur,</strong></span> <span class='ocrx_word' id='word_1_600' title='bbox 966 4965 1093 5019; x_wconf 90' lang='lat' dir='ltr'><strong>illud</strong></span> <span class='ocrx_word' id='word_1_601' title='bbox 1138 4966 1333 5018; x_wconf 90' lang='lat' dir='ltr'><strong>summi</strong></span> <span class='ocrx_word' id='word_1_602' title='bbox 1386 4964 1511 5019; x_wconf 91' lang='lat' dir='ltr'><strong>boni</strong></span> <span class='ocrx_word' id='word_1_603' title='bbox 1550 4966 1783 5032; x_wconf 81' lang='lat' dir='ltr'><strong>Speciem</strong></span> 
     </span>
    </p>
   </div>
   <div class='ocr_carea' id='block_1_91' title="bbox 230 5032 1787 5103">
    <p class='ocr_par' dir='ltr' id='par_1_91' title="bbox 230 5032 1787 5103">
     <span class='ocr_line' id='line_1_91' title="bbox 230 5032 1787 5103; baseline 0.003 -20"><span class='ocrx_word' id='word_1_604' title='bbox 230 5032 442 5103; x_wconf 84' lang='lat' dir='ltr'><strong>habeat:</strong></span> <span class='ocrx_word' id='word_1_605' title='bbox 484 5036 601 5089; x_wconf 82' lang='lat' dir='ltr'><strong>ﬁeri</strong></span> <span class='ocrx_word' id='word_1_606' title='bbox 643 5032 823 5090; x_wconf 83' lang='lat' dir='ltr'><strong>autem</strong></span> <span class='ocrx_word' id='word_1_607' title='bbox 870 5050 976 5089; x_wconf 92' lang='lat' dir='ltr'><strong>non</strong></span> <span class='ocrx_word' id='word_1_608' title='bbox 1017 5044 1192 5103; x_wconf 60' lang='lat' dir='ltr'><strong>potest</strong></span> <span class='ocrx_word' id='word_1_609' title='bbox 1242 5044 1298 5088; x_wconf 94' lang='lat' dir='ltr'><strong>ut</strong></span> <span class='ocrx_word' id='word_1_610' title='bbox 1340 5034 1509 5103; x_wconf 89' lang='lat' dir='ltr'><strong>gloria</strong></span> <span class='ocrx_word' id='word_1_611' title='bbox 1550 5036 1787 5089; x_wconf 89' lang='lat' dir='ltr'><strong>mortalis</strong></span> 
     </span>
    </p>
   </div>
   <div class='ocr_carea' id='block_1_92' title="bbox 227 5102 1788 5174">
    <p class='ocr_par' dir='ltr' id='par_1_92' title="bbox 227 5102 1788 5174">
     <span class='ocr_line' id='line_1_92' title="bbox 227 5102 1788 5174; baseline 0.004 -22"><span class='ocrx_word' id='word_1_612' title='bbox 227 5102 447 5174; x_wconf 79' lang='lat' dir='ltr'><strong>videatur</strong></span> <span class='ocrx_word' id='word_1_613' title='bbox 470 5120 740 5159; x_wconf 89' lang='lat' dir='ltr'><strong>summum</strong></span> <span class='ocrx_word' id='word_1_614' title='bbox 764 5106 978 5168; x_wconf 91' lang='lat' dir='ltr'><strong>bonum,</strong></span> <span class='ocrx_word' id='word_1_615' title='bbox 1013 5102 1112 5158; x_wconf 87' lang='lat' dir='ltr'><strong>nisi</strong></span> <span class='ocrx_word' id='word_1_616' title='bbox 1136 5105 1199 5158; x_wconf 69' lang='lat' dir='ltr'><strong>iis</strong></span> <span class='ocrx_word' id='word_1_617' title='bbox 1223 5106 1309 5174; x_wconf 90' lang='lat' dir='ltr'><strong>qui</strong></span> <span class='ocrx_word' id='word_1_618' title='bbox 1342 5102 1664 5174; x_wconf 77' lang='lat' dir='ltr'><strong>praecipites,</strong></span> <span class='ocrx_word' id='word_1_619' title='bbox 1694 5119 1788 5158; x_wconf 87' lang='lat' dir='ltr'><strong>no-</strong></span> 
     </span>
    </p>
   </div>
   <div class='ocr_carea' id='block_1_93' title="bbox 228 5170 1783 5251">
    <p class='ocr_par' dir='ltr' id='par_1_93' title="bbox 228 5170 1783 5251">
     <span class='ocr_line' id='line_1_93' title="bbox 228 5170 1783 5251; baseline 0.003 -27"><span class='ocrx_word' id='word_1_620' title='bbox 228 5170 361 5251; x_wconf 72' lang='lat' dir='ltr'><strong>tione</strong></span> <span class='ocrx_word' id='word_1_621' title='bbox 387 5176 621 5251; x_wconf 81' lang='lat' dir='ltr'><strong>obscura</strong></span> <span class='ocrx_word' id='word_1_622' title='bbox 651 5185 741 5251; x_wconf 79' lang='lat' dir='ltr'><strong>aut</strong></span> <span class='ocrx_word' id='word_1_623' title='bbox 764 5174 983 5229; x_wconf 79' lang='lat' dir='ltr'><strong>confusa</strong></span> <span class='ocrx_word' id='word_1_624' title='bbox 1008 5174 1073 5251; x_wconf 79' lang='lat' dir='ltr'><strong>ad</strong></span> <span class='ocrx_word' id='word_1_625' title='bbox 1098 5170 1443 5243; x_wconf 70' lang='lat' dir='ltr'><strong>judicandum</strong></span> <span class='ocrx_word' id='word_1_626' title='bbox 1480 5170 1783 5251; x_wconf 81' lang='lat' dir='ltr'><strong>ducuntur:</strong></span> 
     </span>
    </p>
   </div>
   <div class='ocr_carea' id='block_1_94' title="bbox 228 5242 1785 5313">
    <p class='ocr_par' dir='ltr' id='par_1_94' title="bbox 228 5242 1785 5313">
     <span class='ocr_line' id='line_1_94' title="bbox 228 5242 1785 5313; baseline 0.004 -22"><span class='ocrx_word' id='word_1_627' title='bbox 228 5242 284 5292; x_wconf 81' lang='lat' dir='ltr'><strong>iis</strong></span> <span class='ocrx_word' id='word_1_628' title='bbox 311 5242 581 5309; x_wconf 89' lang='lat' dir='ltr'><strong>nimirum,</strong></span> <span class='ocrx_word' id='word_1_629' title='bbox 610 5245 698 5312; x_wconf 88' lang='lat' dir='ltr'><strong>qui</strong></span> <span class='ocrx_word' id='word_1_630' title='bbox 726 5245 905 5299; x_wconf 89' lang='lat' dir='ltr'><strong>innata</strong></span> <span class='ocrx_word' id='word_1_631' title='bbox 938 5246 1177 5305; x_wconf 87' lang='lat' dir='ltr'><strong>notione.</strong></span> <span class='ocrx_word' id='word_1_632' title='bbox 1205 5260 1305 5313; x_wconf 89' lang='lat' dir='ltr'><strong>qua</strong></span> <span class='ocrx_word' id='word_1_633' title='bbox 1334 5259 1521 5299; x_wconf 88' lang='lat' dir='ltr'><strong>omnes</strong></span> <span class='ocrx_word' id='word_1_634' title='bbox 1542 5246 1785 5298; x_wconf 79' lang='lat' dir='ltr'><strong>volumus</strong></span> 
     </span>
    </p>
   </div>
   <div class='ocr_carea' id='block_1_95' title="bbox 226 5313 1785 5385">
    <p class='ocr_par' dir='ltr' id='par_1_95' title="bbox 226 5313 1785 5385">
     <span class='ocr_line' id='line_1_95' title="bbox 226 5313 1785 5385; baseline 0.003 -22"><span class='ocrx_word' id='word_1_635' title='bbox 226 5322 334 5365; x_wconf 88' lang='lat' dir='ltr'><strong>esse</strong></span> <span class='ocrx_word' id='word_1_636' title='bbox 362 5313 569 5385; x_wconf 80' lang='lat' dir='ltr'><strong>felices,</strong></span> <span class='ocrx_word' id='word_1_637' title='bbox 594 5314 818 5379; x_wconf 88' lang='lat' dir='ltr'><strong>inducti,</strong></span> <span class='ocrx_word' id='word_1_638' title='bbox 848 5314 975 5368; x_wconf 90' lang='lat' dir='ltr'><strong>falsa</strong></span> <span class='ocrx_word' id='word_1_639' title='bbox 1008 5315 1371 5385; x_wconf 89' lang='lat' dir='ltr'><strong>assumptione</strong></span> <span class='ocrx_word' id='word_1_640' title='bbox 1394 5314 1785 5384; x_wconf 90' lang='lat' dir='ltr'><strong>homiuipotius</strong></span> 
     </span>
    </p>
   </div>
   <div class='ocr_carea' id='block_1_96' title="bbox 225 5384 1013 5446">
    <p class='ocr_par' dir='ltr' id='par_1_96' title="bbox 225 5384 1013 5446">
     <span class='ocr_line' id='line_1_96' title="bbox 225 5384 1013 5446; baseline 0.006 -13"><span class='ocrx_word' id='word_1_641' title='bbox 225 5394 366 5446; x_wconf 88' lang='lat' dir='ltr'><strong>quam</strong></span> <span class='ocrx_word' id='word_1_642' title='bbox 399 5384 506 5438; x_wconf 89' lang='lat' dir='ltr'><strong>Deo</strong></span> <span class='ocrx_word' id='word_1_643' title='bbox 533 5387 689 5439; x_wconf 88' lang='lat' dir='ltr'><strong>unice</strong></span> <span class='ocrx_word' id='word_1_644' title='bbox 717 5386 1013 5438; x_wconf 61' lang='lat' dir='ltr'><strong>adhaerent.</strong></span> 
     </span>
    </p>
   </div>
   <div class='ocr_carea' id='block_1_97' title="bbox 284 5472 1787 5548">
    <p class='ocr_par' dir='ltr' id='par_1_97' title="bbox 284 5472 1787 5548">
     <span class='ocr_line' id='line_1_97' title="bbox 284 5472 1787 5548; baseline 0.003 -22"><span class='ocrx_word' id='word_1_645' title='bbox 284 5472 334 5548; x_wconf 68' lang='grc'><strong>5.</strong></span> <span class='ocrx_word' id='word_1_646' title='bbox 369 5473 493 5548; x_wconf 70' lang='lat' dir='ltr'><strong>Late</strong></span> <span class='ocrx_word' id='word_1_647' title='bbox 526 5486 755 5548; x_wconf 81' lang='lat' dir='ltr'><strong>patentes</strong></span> <span class='ocrx_word' id='word_1_648' title='bbox 798 5477 996 5548; x_wconf 55' lang='lat' dir='ltr'><strong>(filiai!</strong></span> <span class='ocrx_word' id='word_1_649' title='bbox 1019 5484 1208 5548; x_wconf 55' lang='lat' dir='ltr'><strong>cernat</strong></span> <span class='ocrx_word' id='word_1_650' title='bbox 1246 5476 1330 5543; x_wconf 89' lang='lat' dir='ltr'><strong>pla</strong></span> <span class='ocrx_word' id='word_1_651' title='bbox 1335 5473 1468 5548; x_wconf 60' lang='grc' dir='ltr'>λιιι]</span> <span class='ocrx_word' id='word_1_652' title='bbox 1494 5476 1663 5529; x_wconf 84' lang='lat' dir='ltr'><strong>Tanta</strong></span> <span class='ocrx_word' id='word_1_653' title='bbox 1705 5487 1787 5530; x_wconf 91' lang='lat' dir='ltr'><strong>est</strong></span> 
     </span>
    </p>
   </div>
   <div class='ocr_carea' id='block_1_98' title="bbox 224 5544 1783 5618">
    <p class='ocr_par' dir='ltr' id='par_1_98' title="bbox 224 5544 1783 5618">
     <span class='ocr_line' id='line_1_98' title="bbox 224 5544 1783 5618; baseline 0.005 -25"><span class='ocrx_word' id='word_1_654' title='bbox 224 5544 426 5618; x_wconf 62' lang='lat' dir='ltr'><strong>attineris</strong></span> <span class='ocrx_word' id='word_1_655' title='bbox 452 5544 567 5618; x_wconf 79' lang='lat' dir='ltr'><strong>sive</strong></span> <span class='ocrx_word' id='word_1_656' title='bbox 594 5546 712 5600; x_wconf 62' lang='lat' dir='ltr'><strong>caeli</strong></span> <span class='ocrx_word' id='word_1_657' title='bbox 746 5545 976 5618; x_wconf 89' lang='lat' dir='ltr'><strong>undique</strong></span> <span class='ocrx_word' id='word_1_658' title='bbox 1001 5545 1175 5599; x_wconf 87' lang='lat' dir='ltr'><strong>diifusi</strong></span> <span class='ocrx_word' id='word_1_659' title='bbox 1206 5544 1532 5614; x_wconf 77' lang='lat' dir='ltr'><strong>magnitudo,</strong></span> <span class='ocrx_word' id='word_1_660' title='bbox 1567 5548 1703 5600; x_wconf 86' lang='lat' dir='ltr'><strong>hanc</strong></span> <span class='ocrx_word' id='word_1_661' title='bbox 1727 5558 1783 5601; x_wconf 90' lang='lat' dir='ltr'><strong>ut</strong></span> 
     </span>
    </p>
   </div>
   <div class='ocr_carea' id='block_1_99' title="bbox 226 5613 1784 5684">
    <p class='ocr_par' dir='ltr' id='par_1_99' title="bbox 226 5613 1784 5684">
     <span class='ocr_line' id='line_1_99' title="bbox 226 5613 1784 5684; baseline 0.006 -22"><span class='ocrx_word' id='word_1_662' title='bbox 226 5613 585 5681; x_wconf 81' lang='lat' dir='ltr'><strong>imaginatione</strong></span> <span class='ocrx_word' id='word_1_663' title='bbox 614 5617 825 5683; x_wconf 82' lang='lat' dir='ltr'><strong>assequi</strong></span> <span class='ocrx_word' id='word_1_664' title='bbox 854 5631 957 5669; x_wconf 92' lang='lat' dir='ltr'><strong>non</strong></span> <span class='ocrx_word' id='word_1_665' title='bbox 992 5618 1277 5684; x_wconf 79' lang='lat' dir='ltr'><strong>possimus,</strong></span> <span class='ocrx_word' id='word_1_666' title='bbox 1301 5613 1405 5684; x_wconf 83' lang='lat' dir='ltr'><strong>quo</strong></span> <span class='ocrx_word' id='word_1_667' title='bbox 1428 5617 1485 5668; x_wconf 87' lang='lat' dir='ltr'><strong>fit</strong></span> <span class='ocrx_word' id='word_1_668' title='bbox 1507 5626 1564 5668; x_wconf 93' lang='lat' dir='ltr'><strong>ut</strong></span> <span class='ocrx_word' id='word_1_669' title='bbox 1590 5619 1784 5672; x_wconf 64' lang='lat' dir='ltr'><strong>cretum</strong></span> 
     </span>
    </p>
   </div>
   <div class='ocr_carea' id='block_1_100' title="bbox 226 5684 1786 5757">
    <p class='ocr_par' dir='ltr' id='par_1_100' title="bbox 226 5684 1786 5757">
     <span class='ocr_line' id='line_1_100' title="bbox 226 5684 1786 5757; baseline 0.004 -22"><span class='ocrx_word' id='word_1_670' title='bbox 226 5692 251 5757; x_wconf 67' lang='grc' dir='ltr'><strong>ξι</strong></span> <span class='ocrx_word' id='word_1_671' title='bbox 283 5684 597 5757; x_wconf 76' lang='lat' dir='ltr'><strong>quibusdam</strong></span> <span class='ocrx_word' id='word_1_672' title='bbox 628 5686 960 5757; x_wconf 84' lang='lat' dir='ltr'><strong>philosophis</strong></span> <span class='ocrx_word' id='word_1_673' title='bbox 1002 5700 1105 5746; x_wconf 82' lang='lat' dir='ltr'><strong>unii</strong></span> <span class='ocrx_word' id='word_1_674' title='bbox 1138 5686 1655 5757; x_wconf 68' lang='lat' dir='ltr'><strong>inﬁnitumquidem,</strong></span> <span class='ocrx_word' id='word_1_675' title='bbox 1691 5687 1786 5740; x_wconf 87' lang='lat' dir='ltr'><strong>sed</strong></span> 
     </span>
    </p>
   </div>
   <div class='ocr_carea' id='block_1_101' title="bbox 226 5754 1784 5823">
    <p class='ocr_par' dir='ltr' id='par_1_101' title="bbox 226 5754 1784 5823">
     <span class='ocr_line' id='line_1_101' title="bbox 226 5754 1784 5823; baseline 0.005 -23"><span class='ocrx_word' id='word_1_676' title='bbox 226 5754 527 5820; x_wconf 76' lang='lat' dir='ltr'><strong>indeﬁnitum</strong></span> <span class='ocrx_word' id='word_1_677' title='bbox 556 5767 776 5809; x_wconf 87' lang='lat' dir='ltr'><strong>vocetur</strong></span> <span class='ocrx_word' id='word_1_678' title='bbox 811 5774 823 5808; x_wconf 93' lang='lat'><strong>:</strong></span> <span class='ocrx_word' id='word_1_679' title='bbox 869 5755 968 5809; x_wconf 93' lang='lat' dir='ltr'><strong>hoc</strong></span> <span class='ocrx_word' id='word_1_680' title='bbox 993 5764 1097 5819; x_wconf 86' lang='lat' dir='ltr'><strong>est,</strong></span> <span class='ocrx_word' id='word_1_681' title='bbox 1127 5757 1282 5810; x_wconf 78' lang='lat' dir='ltr'><strong>latius</strong></span> <span class='ocrx_word' id='word_1_682' title='bbox 1310 5755 1578 5823; x_wconf 79' lang='lat' dir='ltr'><strong>dilfusuni,</strong></span> <span class='ocrx_word' id='word_1_683' title='bbox 1628 5773 1784 5822; x_wconf 87' lang='lat' dir='ltr'><strong>quam</strong></span> 
     </span>
    </p>
   </div>
   <div class='ocr_carea' id='block_1_102' title="bbox 572 5846 1111 5906">
    <p class='ocr_par' dir='ltr' id='par_1_102' title="bbox 572 5846 1111 5906">
     <span class='ocr_line' id='line_1_102' title="bbox 572 5846 1111 5906; baseline -0.004 -1"><span class='ocrx_word' id='word_1_684' title='bbox 572 5846 839 5906; x_wconf 77' lang='grc' dir='ltr'><strong>Ρηιιοι..</strong></span> <span class='ocrx_word' id='word_1_685' title='bbox 890 5846 1111 5904; x_wconf 74' lang='lat' dir='ltr'><strong>LXIII.</strong></span> 
     </span>
    </p>
   </div>
   <div class='ocr_carea' id='block_1_103' title="bbox 1895 3223 3472 3295">
    <p class='ocr_par' dir='ltr' id='par_1_103' title="bbox 1895 3223 3472 3295">
     <span class='ocr_line' id='line_1_103' title="bbox 1895 3223 3472 3295; baseline -0.002 -15"><span class='ocrx_word' id='word_1_686' title='bbox 1895 3223 2263 3281; x_wconf 78' lang='lat' dir='ltr'><strong>Alexandrum</strong></span> <span class='ocrx_word' id='word_1_687' title='bbox 2293 3241 2538 3295; x_wconf 91' lang='lat' dir='ltr'><strong>magnum</strong></span> <span class='ocrx_word' id='word_1_688' title='bbox 2559 3225 2747 3293; x_wconf 91' lang='lat' dir='ltr'><strong>puduit</strong></span> <span class='ocrx_word' id='word_1_689' title='bbox 2766 3239 2831 3279; x_wconf 82' lang='lat' dir='ltr'><strong>ex</strong></span> <span class='ocrx_word' id='word_1_690' title='bbox 2856 3223 3086 3287; x_wconf 64' lang='lat' dir='ltr'><strong>mundis,</strong></span> <span class='ocrx_word' id='word_1_691' title='bbox 3104 3238 3243 3295; x_wconf 88' lang='lat' dir='ltr'><strong>quos</strong></span> <span class='ocrx_word' id='word_1_692' title='bbox 3269 3224 3472 3293; x_wconf 84' lang='lat' dir='ltr'><strong>putavit</strong></span> 
     </span>
    </p>
   </div>
   <div class='ocr_carea' id='block_1_104' title="bbox 1894 3294 3227 3364">
    <p class='ocr_par' dir='ltr' id='par_1_104' title="bbox 1894 3294 3227 3364">
     <span class='ocr_line' id='line_1_104' title="bbox 1894 3294 3227 3364; baseline -0.001 -12"><span class='ocrx_word' id='word_1_693' title='bbox 1894 3298 2330 3362; x_wconf 87' lang='lat' dir='ltr'><strong>innumerabiles,</strong></span> <span class='ocrx_word' id='word_1_694' title='bbox 2362 3294 2429 3350; x_wconf 88' lang='lat' dir='ltr'><strong>ne</strong></span> <span class='ocrx_word' id='word_1_695' title='bbox 2459 3296 2672 3350; x_wconf 86' lang='lat' dir='ltr'><strong>unicum</strong></span> <span class='ocrx_word' id='word_1_696' title='bbox 2694 3295 2908 3364; x_wconf 88' lang='lat' dir='ltr'><strong>quidem</strong></span> <span class='ocrx_word' id='word_1_697' title='bbox 2930 3294 3227 3364; x_wconf 49' lang='lat' dir='ltr'><strong>subegisse.</strong></span> 
     </span>
    </p>
   </div>
   <div class='ocr_carea' id='block_1_105' title="bbox 1966 3362 3471 3436">
    <p class='ocr_par' dir='ltr' id='par_1_105' title="bbox 1966 3362 3471 3436">
     <span class='ocr_line' id='line_1_105' title="bbox 1966 3362 3471 3436; baseline -0.003 -15"><span class='ocrx_word' id='word_1_698' title='bbox 1966 3370 2019 3421; x_wconf 88' lang='lat'><strong>7.</strong></span> <span class='ocrx_word' id='word_1_699' title='bbox 2049 3367 2271 3436; x_wconf 86' lang='lat' dir='ltr'><strong>Superbi</strong></span> <span class='ocrx_word' id='word_1_700' title='bbox 2321 3365 2452 3420; x_wconf 87' lang='lat' dir='ltr'><strong>colla</strong></span> <span class='ocrx_word' id='word_1_701' title='bbox 2474 3366 2679 3418; x_wconf 85' lang='lat' dir='ltr'><strong>mortali</strong></span> <span class='ocrx_word' id='word_1_702' title='bbox 2703 3362 2828 3434; x_wconf 71' lang='lat' dir='ltr'><strong>iugo</strong></span> <span class='ocrx_word' id='word_1_703' title='bbox 2857 3362 3471 3436; x_wconf 27' lang='lat' dir='ltr'><strong>levare.j:1mmortaa&#39;ita-</strong></span> 
     </span>
    </p>
   </div>
   <div class='ocr_carea' id='block_1_106' title="bbox 1894 3434 3473 3501">
    <p class='ocr_par' dir='ltr' id='par_1_106' title="bbox 1894 3434 3473 3501">
     <span class='ocr_line' id='line_1_106' title="bbox 1894 3434 3473 3501; baseline -0.001 -10"><span class='ocrx_word' id='word_1_704' title='bbox 1894 3446 1995 3491; x_wconf 87' lang='lat' dir='ltr'><strong>tem</strong></span> <span class='ocrx_word' id='word_1_705' title='bbox 2021 3440 2100 3491; x_wconf 83' lang='lat' dir='ltr'><strong>sui</strong></span> <span class='ocrx_word' id='word_1_706' title='bbox 2123 3434 2341 3491; x_wconf 82' lang='lat' dir='ltr'><strong>nominis</strong></span> <span class='ocrx_word' id='word_1_707' title='bbox 2360 3437 2455 3490; x_wconf 80' lang='lat' dir='ltr'><strong>sibi</strong></span> <span class='ocrx_word' id='word_1_708' title='bbox 2479 3440 2532 3489; x_wconf 87' lang='lat' dir='ltr'><strong>in</strong></span> <span class='ocrx_word' id='word_1_709' title='bbox 2558 3436 2705 3490; x_wconf 76' lang='lat' dir='ltr'><strong>tetris</strong></span> <span class='ocrx_word' id='word_1_710' title='bbox 2729 3445 3061 3501; x_wconf 85' lang='lat' dir='ltr'><strong>comparare;</strong></span> <span class='ocrx_word' id='word_1_711' title='bbox 3084 3434 3185 3488; x_wconf 91' lang='lat' dir='ltr'><strong>hoc</strong></span> <span class='ocrx_word' id='word_1_712' title='bbox 3216 3434 3357 3489; x_wconf 89' lang='lat' dir='ltr'><strong>enim</strong></span> <span class='ocrx_word' id='word_1_713' title='bbox 3382 3435 3473 3489; x_wconf 87' lang='lat' dir='ltr'><strong>de-</strong></span> 
     </span>
    </p>
   </div>
   <div class='ocr_carea' id='block_1_107' title="bbox 1894 3503 3470 3575">
    <p class='ocr_par' dir='ltr' id='par_1_107' title="bbox 1894 3503 3470 3575">
     <span class='ocr_line' id='line_1_107' title="bbox 1894 3503 3470 3575; baseline -0.001 -14"><span class='ocrx_word' id='word_1_714' title='bbox 1894 3509 2116 3572; x_wconf 90' lang='lat' dir='ltr'><strong>siderio,</strong></span> <span class='ocrx_word' id='word_1_715' title='bbox 2146 3520 2204 3562; x_wconf 90' lang='lat' dir='ltr'><strong>ut</strong></span> <span class='ocrx_word' id='word_1_716' title='bbox 2230 3508 2429 3561; x_wconf 90' lang='lat' dir='ltr'><strong>dictum</strong></span> <span class='ocrx_word' id='word_1_717' title='bbox 2459 3516 2564 3569; x_wconf 77' lang='lat' dir='ltr'><strong>eSt,</strong></span> <span class='ocrx_word' id='word_1_718' title='bbox 2605 3515 2855 3560; x_wconf 84' lang='lat' dir='ltr'><strong>tenentur</strong></span> <span class='ocrx_word' id='word_1_719' title='bbox 2900 3505 2977 3559; x_wconf 90' lang='lat' dir='ltr'><strong>illi</strong></span> <span class='ocrx_word' id='word_1_720' title='bbox 3004 3505 3095 3575; x_wconf 88' lang='lat' dir='ltr'><strong>qui</strong></span> <span class='ocrx_word' id='word_1_721' title='bbox 3138 3503 3293 3560; x_wconf 65' lang='lat' dir='ltr'><strong>fama:</strong></span> <span class='ocrx_word' id='word_1_722' title='bbox 3332 3505 3470 3575; x_wconf 88' lang='lat' dir='ltr'><strong>apud</strong></span> 
     </span>
    </p>
   </div>
   <div class='ocr_carea' id='block_1_108' title="bbox 1895 3576 2771 3648">
    <p class='ocr_par' dir='ltr' id='par_1_108' title="bbox 1895 3576 2771 3648">
     <span class='ocr_line' id='line_1_108' title="bbox 1895 3576 2771 3648; baseline -0.003 -15"><span class='ocrx_word' id='word_1_723' title='bbox 1895 3588 2139 3648; x_wconf 76' lang='lat' dir='ltr'><strong>posteros</strong></span> <span class='ocrx_word' id='word_1_724' title='bbox 2168 3576 2506 3646; x_wconf 68' lang='lat' dir='ltr'><strong>acquirendae</strong></span> <span class='ocrx_word' id='word_1_725' title='bbox 2536 3576 2771 3630; x_wconf 86' lang='lat' dir='ltr'><strong>student.</strong></span> 
     </span>
    </p>
   </div>
   <div class='ocr_carea' id='block_1_109' title="bbox 1965 3644 3466 3717">
    <p class='ocr_par' dir='ltr' id='par_1_109' title="bbox 1965 3644 3466 3717">
     <span class='ocr_line' id='line_1_109' title="bbox 1965 3644 3466 3717; baseline -0.002 -15"><span class='ocrx_word' id='word_1_726' title='bbox 1965 3649 2019 3702; x_wconf 89' lang='lat'><strong>9.</strong></span> <span class='ocrx_word' id='word_1_727' title='bbox 2052 3646 2218 3700; x_wconf 88' lang='lat' dir='ltr'><strong>Fama</strong></span> <span class='ocrx_word' id='word_1_728' title='bbox 2239 3644 2326 3717; x_wconf 83' lang='lat' dir='ltr'><strong>per</strong></span> <span class='ocrx_word' id='word_1_729' title='bbox 2356 3651 2572 3717; x_wconf 84' lang='lat' dir='ltr'><strong>populos</strong></span> <span class='ocrx_word' id='word_1_730' title='bbox 2594 3661 2766 3699; x_wconf 88' lang='lat' dir='ltr'><strong>means</strong></span> <span class='ocrx_word' id='word_1_731' title='bbox 2792 3646 2995 3716; x_wconf 82' lang='lat' dir='ltr'><strong>linguas</strong></span> <span class='ocrx_word' id='word_1_732' title='bbox 3017 3644 3278 3717; x_wconf 58' lang='grc' dir='ltr'><strong>πρῶτοι]</strong></span> <span class='ocrx_word' id='word_1_733' title='bbox 3305 3645 3466 3700; x_wconf 77' lang='lat' dir='ltr'><strong>Fama</strong></span> 
     </span>
    </p>
   </div>
   <div class='ocr_carea' id='block_1_110' title="bbox 1894 3717 3471 3788">
    <p class='ocr_par' dir='ltr' id='par_1_110' title="bbox 1894 3717 3471 3788">
     <span class='ocr_line' id='line_1_110' title="bbox 1894 3717 3471 3788; baseline -0.004 -14"><span class='ocrx_word' id='word_1_734' title='bbox 1894 3721 2065 3788; x_wconf 88' lang='lat' dir='ltr'><strong>poetis</strong></span> <span class='ocrx_word' id='word_1_735' title='bbox 2096 3718 2308 3787; x_wconf 87' lang='lat' dir='ltr'><strong>fingitur</strong></span> <span class='ocrx_word' id='word_1_736' title='bbox 2329 3717 2527 3771; x_wconf 89' lang='lat' dir='ltr'><strong>habere</strong></span> <span class='ocrx_word' id='word_1_737' title='bbox 2554 3717 2813 3769; x_wconf 86' lang='lat' dir='ltr'><strong>rationem</strong></span> <span class='ocrx_word' id='word_1_738' title='bbox 2834 3730 3258 3788; x_wconf 62' lang='lat' dir='ltr'><strong>persona},_qua3</strong></span> <span class='ocrx_word' id='word_1_739' title='bbox 3285 3719 3471 3784; x_wconf 87' lang='lat' dir='ltr'><strong>pennis</strong></span> 
     </span>
    </p>
   </div>
   <div class='ocr_carea' id='block_1_111' title="bbox 1896 3785 3471 3853">
    <p class='ocr_par' dir='ltr' id='par_1_111' title="bbox 1896 3785 3471 3853">
     <span class='ocr_line' id='line_1_111' title="bbox 1896 3785 3471 3853; baseline -0.001 -12"><span class='ocrx_word' id='word_1_740' title='bbox 1896 3785 2157 3843; x_wconf 88' lang='lat' dir='ltr'><strong>instructa</strong></span> <span class='ocrx_word' id='word_1_741' title='bbox 2177 3785 2283 3853; x_wconf 81' lang='lat' dir='ltr'><strong>per</strong></span> <span class='ocrx_word' id='word_1_742' title='bbox 2309 3788 2419 3841; x_wconf 90' lang='lat' dir='ltr'><strong>loca</strong></span> <span class='ocrx_word' id='word_1_743' title='bbox 2454 3788 2615 3839; x_wconf 89' lang='lat' dir='ltr'><strong>etiam</strong></span> <span class='ocrx_word' id='word_1_744' title='bbox 2653 3787 3008 3839; x_wconf 89' lang='lat' dir='ltr'><strong>remotissima</strong></span> <span class='ocrx_word' id='word_1_745' title='bbox 3033 3785 3295 3839; x_wconf 82' lang='lat' dir='ltr'><strong>citissime</strong></span> <span class='ocrx_word' id='word_1_746' title='bbox 3336 3787 3471 3840; x_wconf 81' lang='lat' dir='ltr'><strong>fera-</strong></span> 
     </span>
    </p>
   </div>
   <div class='ocr_carea' id='block_1_112' title="bbox 1893 3854 3471 3924">
    <p class='ocr_par' dir='ltr' id='par_1_112' title="bbox 1893 3854 3471 3924">
     <span class='ocr_line' id='line_1_112' title="bbox 1893 3854 3471 3924; baseline -0.001 -13"><span class='ocrx_word' id='word_1_747' title='bbox 1893 3866 2000 3923; x_wconf 88' lang='lat' dir='ltr'><strong>tur,</strong></span> <span class='ocrx_word' id='word_1_748' title='bbox 2033 3867 2086 3913; x_wconf 90' lang='lat' dir='ltr'><strong>et</strong></span> <span class='ocrx_word' id='word_1_749' title='bbox 2115 3858 2306 3912; x_wconf 91' lang='lat' dir='ltr'><strong>solutis</strong></span> <span class='ocrx_word' id='word_1_750' title='bbox 2331 3871 2426 3910; x_wconf 91' lang='lat' dir='ltr'><strong>ore</strong></span> <span class='ocrx_word' id='word_1_751' title='bbox 2457 3856 2741 3924; x_wconf 78' lang='lat' dir='ltr'><strong>linguaque</strong></span> <span class='ocrx_word' id='word_1_752' title='bbox 2771 3856 2971 3923; x_wconf 90' lang='lat' dir='ltr'><strong>populi,</strong></span> <span class='ocrx_word' id='word_1_753' title='bbox 2998 3856 3138 3909; x_wconf 92' lang='lat' dir='ltr'><strong>hunc</strong></span> <span class='ocrx_word' id='word_1_754' title='bbox 3156 3854 3225 3908; x_wconf 88' lang='lat' dir='ltr'><strong>ad</strong></span> <span class='ocrx_word' id='word_1_755' title='bbox 3252 3854 3471 3924; x_wconf 82' lang='lat' dir='ltr'><strong>quuen~</strong></span> 
     </span>
    </p>
   </div>
   <div class='ocr_carea' id='block_1_113' title="bbox 1892 3870 3006 3995">
    <p class='ocr_par' dir='ltr' id='par_1_113' title="bbox 1892 3870 3006 3995">
     <span class='ocr_line' id='line_1_113' title="bbox 1893 3870 3006 3923; baseline -0.004 -12"><span class='ocrx_word' id='word_1_756' title='bbox 1893 3870 2000 3923; x_wconf 89' lang='lat' dir='ltr'><strong>tur,</strong></span> <span class='ocrx_word' id='word_1_757' title='bbox 2033 3870 2086 3913; x_wconf 90' lang='lat' dir='ltr'><strong>et</strong></span> <span class='ocrx_word' id='word_1_758' title='bbox 2115 3870 2306 3912; x_wconf 86' lang='lat' dir='ltr'><strong>solutis</strong></span> <span class='ocrx_word' id='word_1_759' title='bbox 2331 3871 2426 3910; x_wconf 90' lang='lat' dir='ltr'><strong>ore</strong></span> <span class='ocrx_word' id='word_1_760' title='bbox 2457 3870 2526 3909; x_wconf 88' lang='lat' dir='ltr'><strong>lltt</strong></span> <span class='ocrx_word' id='word_1_761' title='bbox 2570 3870 2741 3923; x_wconf 77' lang='lat' dir='ltr'><strong>usque</strong></span> <span class='ocrx_word' id='word_1_762' title='bbox 2771 3870 2971 3923; x_wconf 75' lang='lat' dir='ltr'><strong>populi,</strong></span> <span class='ocrx_word' id='word_1_763' title='bbox 2998 3870 3006 3907; x_wconf 98' lang='lat'><em>|</em></span> 
     </span>
     <span class='ocr_line' id='line_1_114' title="bbox 1892 3870 3006 3995; baseline -0.005 -12"><span class='ocrx_word' id='word_1_764' title='bbox 1892 3928 2018 3983; x_wconf 92' lang='lat' dir='ltr'><strong>dum</strong></span> <span class='ocrx_word' id='word_1_765' title='bbox 2051 3929 2264 3983; x_wconf 88' lang='lat' dir='ltr'><strong>excitet.</strong></span> <span class='ocrx_word' id='word_1_766' title='bbox 2301 3928 2443 3995; x_wconf 83' lang='lat' dir='ltr'><strong>Virg.</strong></span> <span class='ocrx_word' id='word_1_767' title='bbox 2472 3941 2486 3979; x_wconf 89' lang='grc' dir='ltr'><strong>ι</strong></span> <span class='ocrx_word' id='word_1_768' title='bbox 2518 3870 2754 3987; x_wconf 45' lang='lat' dir='ltr'><strong>ginem”</strong></span> <span class='ocrx_word' id='word_1_769' title='bbox 2784 3941 2833 3979; x_wconf 92' lang='lat' dir='ltr'><strong>v.</strong></span> <span class='ocrx_word' id='word_1_770' title='bbox 2866 3927 2964 3979; x_wconf 79' lang='grc'><strong>461</strong></span> <span class='ocrx_word' id='word_1_771' title='bbox 2992 3941 3006 3977; x_wconf 90' lang='lat'><strong>:</strong></span> 
     </span>
    </p>
   </div>
   <div class='ocr_carea' id='block_1_114' title="bbox 2015 4013 3225 4081">
    <p class='ocr_par' dir='ltr' id='par_1_114' title="bbox 2015 4013 3225 4081">
     <span class='ocr_line' id='line_1_115' title="bbox 2015 4013 3225 4081; baseline -0.005 -13"><span class='ocrx_word' id='word_1_772' title='bbox 2015 4019 2255 4081; x_wconf 87' lang='lat' dir='ltr'><strong>Bellaque</strong></span> <span class='ocrx_word' id='word_1_773' title='bbox 2273 4018 2369 4079; x_wconf 90' lang='lat' dir='ltr'><strong>jam</strong></span> <span class='ocrx_word' id='word_1_774' title='bbox 2392 4016 2515 4064; x_wconf 90' lang='lat' dir='ltr'><strong>fama</strong></span> <span class='ocrx_word' id='word_1_775' title='bbox 2536 4021 2690 4064; x_wconf 88' lang='lat' dir='ltr'><strong>totum</strong></span> <span class='ocrx_word' id='word_1_776' title='bbox 2709 4013 2902 4077; x_wconf 85' lang='lat' dir='ltr'><strong>vulgata</strong></span> <span class='ocrx_word' id='word_1_777' title='bbox 2924 4028 3014 4077; x_wconf 88' lang='lat' dir='ltr'><strong>per</strong></span> <span class='ocrx_word' id='word_1_778' title='bbox 3033 4015 3225 4064; x_wconf 88' lang='lat' dir='ltr'><strong>orbem.</strong></span> 
     </span>
    </p>
   </div>
   <div class='ocr_carea' id='block_1_115' title="bbox 1966 4115 3467 4188">
    <p class='ocr_par' dir='ltr' id='par_1_115' title="bbox 1966 4115 3467 4188">
     <span class='ocr_line' id='line_1_116' title="bbox 1966 4115 3467 4188; baseline -0.003 -13"><span class='ocrx_word' id='word_1_779' title='bbox 1966 4121 2052 4175; x_wconf 73' lang='grc'><strong>11.</strong></span> <span class='ocrx_word' id='word_1_780' title='bbox 2098 4120 2281 4173; x_wconf 83' lang='lat' dir='ltr'><strong>Titulis</strong></span> <span class='ocrx_word' id='word_1_781' title='bbox 2318 4115 2558 4188; x_wconf 54' lang='grc' dir='ltr'><strong>[μισέω]</strong></span> <span class='ocrx_word' id='word_1_782' title='bbox 2613 4117 2821 4173; x_wconf 79' lang='lat' dir='ltr'><strong>Titulus</strong></span> <span class='ocrx_word' id='word_1_783' title='bbox 2871 4118 3010 4173; x_wconf 87' lang='lat' dir='ltr'><strong>idem</strong></span> <span class='ocrx_word' id='word_1_784' title='bbox 3058 4119 3200 4180; x_wconf 85' lang='lat' dir='ltr'><strong>quod</strong></span> <span class='ocrx_word' id='word_1_785' title='bbox 3258 4119 3467 4173; x_wconf 88' lang='lat' dir='ltr'><strong>honor:</strong></span> 
     </span>
    </p>
   </div>
   <div class='ocr_carea' id='block_1_116' title="bbox 1891 4188 3471 4258">
    <p class='ocr_par' dir='ltr' id='par_1_116' title="bbox 1891 4188 3471 4258">
     <span class='ocr_line' id='line_1_117' title="bbox 1891 4188 3471 4258; baseline -0.003 -13"><span class='ocrx_word' id='word_1_786' title='bbox 1891 4193 2061 4245; x_wconf 90' lang='lat' dir='ltr'><strong>oritur</strong></span> <span class='ocrx_word' id='word_1_787' title='bbox 2089 4190 2232 4244; x_wconf 88' lang='lat' dir='ltr'><strong>enim</strong></span> <span class='ocrx_word' id='word_1_788' title='bbox 2270 4204 2299 4242; x_wconf 75' lang='lat'><strong>3</strong></span> <span class='ocrx_word' id='word_1_789' title='bbox 2339 4189 2526 4244; x_wconf 66' lang='lat' dir='ltr'><strong>Graeco</strong></span> <span class='ocrx_word' id='word_1_790' title='bbox 2553 4190 2708 4249; x_wconf 79' lang='grc' dir='ltr'><strong>τιτός.</strong></span> <span class='ocrx_word' id='word_1_791' title='bbox 2743 4188 2845 4242; x_wconf 85' lang='lat' dir='ltr'><strong>huc</strong></span> <span class='ocrx_word' id='word_1_792' title='bbox 2886 4190 2987 4244; x_wconf 74' lang='grc' dir='ltr'><strong>ἀπὸ</strong></span> <span class='ocrx_word' id='word_1_793' title='bbox 3012 4195 3103 4244; x_wconf 84' lang='grc' dir='ltr'><strong>τοῦ</strong></span> <span class='ocrx_word' id='word_1_794' title='bbox 3140 4192 3281 4258; x_wconf 78' lang='grc' dir='ltr'><strong>τίειν,</strong></span> <span class='ocrx_word' id='word_1_795' title='bbox 3312 4190 3471 4242; x_wconf 79' lang='lat' dir='ltr'><strong>Itono-</strong></span> 
     </span>
    </p>
   </div>
   <div class='ocr_carea' id='block_1_117' title="bbox 1890 4258 3470 4331">
    <p class='ocr_par' dir='ltr' id='par_1_117' title="bbox 1890 4258 3470 4331">
     <span class='ocr_line' id='line_1_118' title="bbox 1890 4258 3470 4331; baseline -0.002 -16"><span class='ocrx_word' id='word_1_796' title='bbox 1890 4276 2049 4315; x_wconf 86' lang='lat' dir='ltr'><strong>rare:</strong></span> <span class='ocrx_word' id='word_1_797' title='bbox 2081 4261 2221 4314; x_wconf 92' lang='lat' dir='ltr'><strong>unde</strong></span> <span class='ocrx_word' id='word_1_798' title='bbox 2248 4259 2611 4331; x_wconf 30' lang='grc' dir='ltr'><strong>τιμὴηιιοηλον.</strong></span> <span class='ocrx_word' id='word_1_799' title='bbox 2662 4258 2800 4312; x_wconf 83' lang='lat' dir='ltr'><strong>Hinc</strong></span> <span class='ocrx_word' id='word_1_800' title='bbox 2845 4268 3146 4331; x_wconf 78' lang='lat' dir='ltr'><strong>stemmata,</strong></span> <span class='ocrx_word' id='word_1_801' title='bbox 3193 4260 3470 4331; x_wconf 88' lang='lat' dir='ltr'><strong>imagines,</strong></span> 
     </span>
    </p>
   </div>
   <div class='ocr_carea' id='block_1_118' title="bbox 1891 4327 3468 4399">
    <p class='ocr_par' dir='ltr' id='par_1_118' title="bbox 1891 4327 3468 4399">
     <span class='ocr_line' id='line_1_119' title="bbox 1891 4327 3468 4399; baseline -0.001 -15"><span class='ocrx_word' id='word_1_802' title='bbox 1891 4342 1983 4385; x_wconf 90' lang='lat' dir='ltr'><strong>aut</strong></span> <span class='ocrx_word' id='word_1_803' title='bbox 2007 4327 2335 4399; x_wconf 63' lang='lat' dir='ltr'><strong>quaecunque</strong></span> <span class='ocrx_word' id='word_1_804' title='bbox 2372 4329 2475 4383; x_wconf 86' lang='lat' dir='ltr'><strong>alia</strong></span> <span class='ocrx_word' id='word_1_805' title='bbox 2524 4327 2786 4399; x_wconf 87' lang='lat' dir='ltr'><strong>bonorum</strong></span> <span class='ocrx_word' id='word_1_806' title='bbox 2829 4328 2981 4398; x_wconf 89' lang='lat' dir='ltr'><strong>signa</strong></span> <span class='ocrx_word' id='word_1_807' title='bbox 3011 4329 3146 4383; x_wconf 86' lang='lat' dir='ltr'><strong>tituli</strong></span> <span class='ocrx_word' id='word_1_808' title='bbox 3174 4330 3348 4384; x_wconf 85' lang='lat' dir='ltr'><strong>solent</strong></span> <span class='ocrx_word' id='word_1_809' title='bbox 3377 4344 3468 4399; x_wconf 89' lang='lat' dir='ltr'><strong>ap-</strong></span> 
     </span>
    </p>
   </div>
   <div class='ocr_carea' id='block_1_119' title="bbox 1895 4397 2998 4472">
    <p class='ocr_par' dir='ltr' id='par_1_119' title="bbox 1895 4397 2998 4472">
     <span class='ocr_line' id='line_1_120' title="bbox 1895 4397 2998 4472; baseline -0.005 -16"><span class='ocrx_word' id='word_1_810' title='bbox 1895 4397 2102 4472; x_wconf 37' lang='lat' dir='ltr'><strong>pella—ri.</strong></span> <span class='ocrx_word' id='word_1_811' title='bbox 2135 4398 2411 4454; x_wconf 91' lang='lat' dir='ltr'><strong>Claudian.</strong></span> <span class='ocrx_word' id='word_1_812' title='bbox 2449 4413 2618 4453; x_wconf 89' lang='lat' dir='ltr'><strong>carm.</strong></span> <span class='ocrx_word' id='word_1_813' title='bbox 2647 4397 2738 4464; x_wconf 73' lang='lat'><strong>26,</strong></span> <span class='ocrx_word' id='word_1_814' title='bbox 2769 4413 2826 4452; x_wconf 90' lang='lat' dir='ltr'><strong>v.</strong></span> <span class='ocrx_word' id='word_1_815' title='bbox 2857 4397 2957 4454; x_wconf 58' lang='lat' dir='ltr'><strong>In</strong></span> <span class='ocrx_word' id='word_1_816' title='bbox 2984 4416 2998 4451; x_wconf 84' lang='lat'><strong>:</strong></span> 
     </span>
    </p>
   </div>
   <div class='ocr_carea' id='block_1_120' title="bbox 2014 4490 3245 4555">
    <p class='ocr_par' dir='ltr' id='par_1_120' title="bbox 2014 4490 3245 4555">
     <span class='ocr_line' id='line_1_121' title="bbox 2014 4490 3245 4555; baseline -0.001 -12"><span class='ocrx_word' id='word_1_817' title='bbox 2014 4492 2074 4543; x_wconf 89' lang='lat' dir='ltr'><strong>Et</strong></span> <span class='ocrx_word' id='word_1_818' title='bbox 2093 4492 2315 4555; x_wconf 90' lang='lat' dir='ltr'><strong>duplices</strong></span> <span class='ocrx_word' id='word_1_819' title='bbox 2331 4493 2494 4553; x_wconf 87' lang='lat' dir='ltr'><strong>signat</strong></span> <span class='ocrx_word' id='word_1_820' title='bbox 2515 4490 2685 4541; x_wconf 88' lang='lat' dir='ltr'><strong>titulos</strong></span> <span class='ocrx_word' id='word_1_821' title='bbox 2709 4503 2967 4542; x_wconf 86' lang='lat' dir='ltr'><strong>commune</strong></span> <span class='ocrx_word' id='word_1_822' title='bbox 2991 4500 3245 4555; x_wconf 75' lang='lat' dir='ltr'><strong>tropaeum.</strong></span> 
     </span>
    </p>
   </div>
   <div class='ocr_carea' id='block_1_121' title="bbox 1966 4571 3469 4645">
    <p class='ocr_par' dir='ltr' id='par_1_121' title="bbox 1966 4571 3469 4645">
     <span class='ocr_line' id='line_1_122' title="bbox 1966 4571 3469 4645; baseline -0.004 -14"><span class='ocrx_word' id='word_1_823' title='bbox 1966 4577 2054 4632; x_wconf 74' lang='grc'><strong>12.</strong></span> <span class='ocrx_word' id='word_1_824' title='bbox 2088 4574 2231 4629; x_wconf 75' lang='lat' dir='ltr'><strong>Mors</strong></span> <span class='ocrx_word' id='word_1_825' title='bbox 2256 4573 2447 4644; x_wconf 83' lang='lat' dir='ltr'><strong>spernit</strong></span> <span class='ocrx_word' id='word_1_826' title='bbox 2472 4571 2631 4645; x_wconf 84' lang='lat' dir='ltr'><strong>altam</strong></span> <span class='ocrx_word' id='word_1_827' title='bbox 2655 4573 2895 4645; x_wconf 75' lang='lat' dir='ltr'><strong>gloriam,</strong></span> <span class='ocrx_word' id='word_1_828' title='bbox 2918 4572 3048 4643; x_wconf 89' lang='lat' dir='ltr'><strong>etc.]</strong></span> <span class='ocrx_word' id='word_1_829' title='bbox 3078 4574 3207 4645; x_wconf 71' lang='lat' dir='ltr'><strong>Nam</strong></span> <span class='ocrx_word' id='word_1_830' title='bbox 3229 4582 3469 4627; x_wconf 78' lang='lat' dir='ltr'><strong>statutum</strong></span> 
     </span>
    </p>
   </div>
   <div class='ocr_carea' id='block_1_122' title="bbox 1895 4643 3468 4710">
    <p class='ocr_par' dir='ltr' id='par_1_122' title="bbox 1895 4643 3468 4710">
     <span class='ocr_line' id='line_1_123' title="bbox 1895 4643 3468 4710; baseline -0.003 -9"><span class='ocrx_word' id='word_1_831' title='bbox 1895 4656 1966 4702; x_wconf 83' lang='lat' dir='ltr'><strong>est</strong></span> <span class='ocrx_word' id='word_1_832' title='bbox 1994 4643 2289 4700; x_wconf 84' lang='lat' dir='ltr'><strong>hominibus</strong></span> <span class='ocrx_word' id='word_1_833' title='bbox 2309 4645 2464 4698; x_wconf 89' lang='lat' dir='ltr'><strong>semel</strong></span> <span class='ocrx_word' id='word_1_834' title='bbox 2488 4644 2639 4710; x_wconf 88' lang='lat' dir='ltr'><strong>mori,</strong></span> <span class='ocrx_word' id='word_1_835' title='bbox 2661 4643 2742 4697; x_wconf 83' lang='lat' dir='ltr'><strong>ad</strong></span> <span class='ocrx_word' id='word_1_836' title='bbox 2773 4643 2934 4698; x_wconf 83' lang='lat' dir='ltr'><strong>Hebr.</strong></span> <span class='ocrx_word' id='word_1_837' title='bbox 2978 4660 3059 4699; x_wconf 84' lang='lat' dir='ltr'><strong>ix.</strong></span> <span class='ocrx_word' id='word_1_838' title='bbox 3091 4644 3343 4699; x_wconf 84' lang='lat' dir='ltr'><strong>Horatius</strong></span> <span class='ocrx_word' id='word_1_839' title='bbox 3380 4644 3423 4698; x_wconf 51' lang='lat' dir='ltr'><strong>l.‘</strong></span> <span class='ocrx_word' id='word_1_840' title='bbox 3452 4659 3468 4696; x_wconf 85' lang='grc' dir='ltr'><strong>ι</strong></span> 
     </span>
    </p>
   </div>
   <div class='ocr_carea' id='block_1_123' title="bbox 1892 4715 2338 4786">
    <p class='ocr_par' dir='ltr' id='par_1_123' title="bbox 1892 4715 2338 4786">
     <span class='ocr_line' id='line_1_124' title="bbox 1892 4715 2338 4786; baseline -0.016 -12"><span class='ocrx_word' id='word_1_841' title='bbox 1892 4717 2097 4786; x_wconf 89' lang='lat' dir='ltr'><strong>Carm.,</strong></span> <span class='ocrx_word' id='word_1_842' title='bbox 2120 4718 2210 4770; x_wconf 91' lang='lat' dir='ltr'><strong>od.</strong></span> <span class='ocrx_word' id='word_1_843' title='bbox 2236 4715 2338 4770; x_wconf 70' lang='lat'><strong>28:</strong></span> 
     </span>
    </p>
   </div>
   <div class='ocr_carea' id='block_1_124' title="bbox 2319 4804 3068 4867">
    <p class='ocr_par' dir='ltr' id='par_1_124' title="bbox 2319 4804 3068 4867">
     <span class='ocr_line' id='line_1_125' title="bbox 2319 4804 3068 4867; baseline -0.003 -14"><span class='ocrx_word' id='word_1_844' title='bbox 2319 4804 2419 4867; x_wconf 77' lang='lat' dir='ltr'><strong>Sed</strong></span> <span class='ocrx_word' id='word_1_845' title='bbox 2442 4814 2729 4867; x_wconf 79' lang='lat' dir='ltr'><strong>omnesuna</strong></span> <span class='ocrx_word' id='word_1_846' title='bbox 2754 4810 2926 4867; x_wconf 80' lang='lat' dir='ltr'><strong>manet</strong></span> <span class='ocrx_word' id='word_1_847' title='bbox 2948 4816 3068 4867; x_wconf 88' lang='lat' dir='ltr'><strong>uox,</strong></span> 
     </span>
    </p>
   </div>
   <div class='ocr_carea' id='block_1_125' title="bbox 2078 4864 2823 4916">
    <p class='ocr_par' dir='ltr' id='par_1_125' title="bbox 2078 4864 2823 4916">
     <span class='ocr_line' id='line_1_126' title="bbox 2078 4864 2823 4916; baseline -0.003 -1"><span class='ocrx_word' id='word_1_848' title='bbox 2078 4866 2139 4915; x_wconf 87' lang='lat' dir='ltr'><strong>Et</strong></span> <span class='ocrx_word' id='word_1_849' title='bbox 2152 4864 2374 4916; x_wconf 83' lang='lat' dir='ltr'><strong>calcanda</strong></span> <span class='ocrx_word' id='word_1_850' title='bbox 2398 4865 2555 4914; x_wconf 80' lang='lat' dir='ltr'><strong>seruet</strong></span> <span class='ocrx_word' id='word_1_851' title='bbox 2582 4866 2655 4913; x_wconf 87' lang='lat' dir='ltr'><strong>via</strong></span> <span class='ocrx_word' id='word_1_852' title='bbox 2680 4864 2823 4915; x_wconf 87' lang='lat' dir='ltr'><strong>lethi.</strong></span> 
     </span>
    </p>
   </div>
   <div class='ocr_carea' id='block_1_126' title="bbox 2011 4925 3109 4988">
    <p class='ocr_par' dir='ltr' id='par_1_126' title="bbox 2011 4925 3109 4988">
     <span class='ocr_line' id='line_1_127' title="bbox 2011 4925 3109 4988; baseline -0.004 -11"><span class='ocrx_word' id='word_1_853' title='bbox 2011 4928 2141 4977; x_wconf 88' lang='lat' dir='ltr'><strong>Dant</strong></span> <span class='ocrx_word' id='word_1_854' title='bbox 2164 4928 2283 4975; x_wconf 87' lang='lat' dir='ltr'><strong>alios</strong></span> <span class='ocrx_word' id='word_1_855' title='bbox 2300 4926 2437 4975; x_wconf 62' lang='lat' dir='ltr'><strong>furias</strong></span> <span class='ocrx_word' id='word_1_856' title='bbox 2463 4935 2598 4975; x_wconf 89' lang='lat' dir='ltr'><strong>torvo</strong></span> <span class='ocrx_word' id='word_1_857' title='bbox 2621 4925 2898 4988; x_wconf 87' lang='lat' dir='ltr'><strong>spectacula</strong></span> <span class='ocrx_word' id='word_1_858' title='bbox 2923 4926 3065 4976; x_wconf 77' lang='lat' dir='ltr'><strong>Marti</strong></span> <span class='ocrx_word' id='word_1_859' title='bbox 3096 4939 3109 4973; x_wconf 92' lang='lat'>:</span> 
     </span>
    </p>
   </div>
   <div class='ocr_carea' id='block_1_127' title="bbox 2076 4988 2854 5037">
    <p class='ocr_par' dir='ltr' id='par_1_127' title="bbox 2076 4988 2854 5037">
     <span class='ocr_line' id='line_1_128' title="bbox 2076 4988 2854 5037; baseline 0.003 -2"><span class='ocrx_word' id='word_1_860' title='bbox 2076 4988 2238 5036; x_wconf 80' lang='lat' dir='ltr'><strong>Exitio</strong></span> <span class='ocrx_word' id='word_1_861' title='bbox 2257 4998 2332 5037; x_wconf 91' lang='lat' dir='ltr'><strong>est</strong></span> <span class='ocrx_word' id='word_1_862' title='bbox 2351 4989 2502 5036; x_wconf 79' lang='lat' dir='ltr'><strong>avidis</strong></span> <span class='ocrx_word' id='word_1_863' title='bbox 2524 5000 2659 5036; x_wconf 88' lang='lat' dir='ltr'><strong>mare</strong></span> <span class='ocrx_word' id='word_1_864' title='bbox 2676 4988 2854 5037; x_wconf 87' lang='lat' dir='ltr'><strong>nautis.</strong></span> 
     </span>
    </p>
   </div>
   <div class='ocr_carea' id='block_1_128' title="bbox 2012 5047 3352 5109">
    <p class='ocr_par' dir='ltr' id='par_1_128' title="bbox 2012 5047 3352 5109">
     <span class='ocr_line' id='line_1_129' title="bbox 2012 5047 3352 5109; baseline 0 -10"><span class='ocrx_word' id='word_1_865' title='bbox 2012 5049 2115 5099; x_wconf 70' lang='grc' dir='ltr'><strong>ωε·</strong></span> <span class='ocrx_word' id='word_1_866' title='bbox 2127 5064 2153 5097; x_wconf 87' lang='lat' dir='ltr'><strong>a</strong></span> <span class='ocrx_word' id='word_1_867' title='bbox 2170 5062 2340 5099; x_wconf 87' lang='lat' dir='ltr'><strong>senum</strong></span> <span class='ocrx_word' id='word_1_868' title='bbox 2353 5062 2409 5098; x_wconf 90' lang='lat' dir='ltr'><strong>ac</strong></span> <span class='ocrx_word' id='word_1_869' title='bbox 2424 5050 2655 5109; x_wconf 83' lang='lat' dir='ltr'><strong>iuvenum</strong></span> <span class='ocrx_word' id='word_1_870' title='bbox 2672 5048 2939 5099; x_wconf 86' lang='lat' dir='ltr'><strong>densantur</strong></span> <span class='ocrx_word' id='word_1_871' title='bbox 2955 5047 3127 5099; x_wconf 86' lang='lat' dir='ltr'><strong>funera</strong></span> <span class='ocrx_word' id='word_1_872' title='bbox 3144 5049 3352 5100; x_wconf 87' lang='lat' dir='ltr'><strong>:nullum</strong></span> 
     </span>
    </p>
   </div>
   <div class='ocr_carea' id='block_1_129' title="bbox 2071 5108 2854 5173">
    <p class='ocr_par' dir='ltr' id='par_1_129' title="bbox 2071 5108 2854 5173">
     <span class='ocr_line' id='line_1_130' title="bbox 2071 5108 2854 5173; baseline -0.003 -12"><span class='ocrx_word' id='word_1_873' title='bbox 2071 5114 2209 5161; x_wconf 73' lang='lat' dir='ltr'><strong>Saeva</strong></span> <span class='ocrx_word' id='word_1_874' title='bbox 2232 5118 2375 5172; x_wconf 88' lang='lat' dir='ltr'><strong>caput</strong></span> <span class='ocrx_word' id='word_1_875' title='bbox 2393 5108 2688 5173; x_wconf 78' lang='lat' dir='ltr'><strong>Proserpina</strong></span> <span class='ocrx_word' id='word_1_876' title='bbox 2716 5108 2854 5173; x_wconf 81' lang='lat' dir='ltr'><strong>fugit.</strong></span> 
     </span>
    </p>
   </div>
   <div class='ocr_carea' id='block_1_130' title="bbox 1890 5192 2532 5258">
    <p class='ocr_par' dir='ltr' id='par_1_130' title="bbox 1890 5192 2532 5258">
     <span class='ocr_line' id='line_1_131' title="bbox 1890 5192 2532 5258; baseline 0 -8"><span class='ocrx_word' id='word_1_877' title='bbox 1890 5194 1955 5250; x_wconf 84' lang='lat' dir='ltr'><strong>Et</strong></span> <span class='ocrx_word' id='word_1_878' title='bbox 1975 5193 2163 5249; x_wconf 90' lang='lat' dir='ltr'><strong>eodem</strong></span> <span class='ocrx_word' id='word_1_879' title='bbox 2193 5193 2310 5258; x_wconf 90' lang='lat' dir='ltr'><strong>lib.,</strong></span> <span class='ocrx_word' id='word_1_880' title='bbox 2340 5192 2429 5246; x_wconf 89' lang='lat' dir='ltr'><strong>od.</strong></span> <span class='ocrx_word' id='word_1_881' title='bbox 2459 5194 2532 5250; x_wconf 67' lang='grc' dir='ltr'><strong>ιι</strong></span> 
     </span>
    </p>
   </div>
   <div class='ocr_carea' id='block_1_131' title="bbox 1982 5282 3346 5347">
    <p class='ocr_par' dir='ltr' id='par_1_131' title="bbox 1982 5282 3346 5347">
     <span class='ocr_line' id='line_1_132' title="bbox 1982 5282 3346 5347; baseline -0.004 -13"><span class='ocrx_word' id='word_1_882' title='bbox 1982 5283 2162 5347; x_wconf 65' lang='lat' dir='ltr'><strong>Pallida</strong></span> <span class='ocrx_word' id='word_1_883' title='bbox 2184 5296 2317 5332; x_wconf 87' lang='lat' dir='ltr'><strong>mors</strong></span> <span class='ocrx_word' id='word_1_884' title='bbox 2339 5297 2481 5347; x_wconf 66' lang='lat' dir='ltr'><strong>atquo</strong></span> <span class='ocrx_word' id='word_1_885' title='bbox 2501 5284 2656 5346; x_wconf 91' lang='lat' dir='ltr'><strong>pulsat</strong></span> <span class='ocrx_word' id='word_1_886' title='bbox 2678 5284 2811 5347; x_wconf 79' lang='lat' dir='ltr'><strong>pede</strong></span> <span class='ocrx_word' id='word_1_887' title='bbox 2834 5295 3100 5345; x_wconf 87' lang='lat' dir='ltr'><strong>pauperum</strong></span> <span class='ocrx_word' id='word_1_888' title='bbox 3117 5282 3346 5333; x_wconf 85' lang='lat' dir='ltr'><strong>tabernas</strong></span> 
     </span>
    </p>
   </div>
   <div class='ocr_carea' id='block_1_132' title="bbox 2040 5345 2948 5407">
    <p class='ocr_par' dir='ltr' id='par_1_132' title="bbox 2040 5345 2948 5407">
     <span class='ocr_line' id='line_1_133' title="bbox 2040 5345 2948 5407; baseline 0 -14"><span class='ocrx_word' id='word_1_889' title='bbox 2040 5345 2335 5407; x_wconf 81' lang='lat' dir='ltr'><strong>Regnmque</strong></span> <span class='ocrx_word' id='word_1_890' title='bbox 2354 5345 2535 5402; x_wconf 80' lang='lat' dir='ltr'><strong>turres,</strong></span> <span class='ocrx_word' id='word_1_891' title='bbox 2556 5359 2588 5395; x_wconf 92' lang='grc' dir='ltr'><strong>ο</strong></span> <span class='ocrx_word' id='word_1_892' title='bbox 2613 5348 2761 5395; x_wconf 90' lang='lat' dir='ltr'><strong>beate</strong></span> <span class='ocrx_word' id='word_1_893' title='bbox 2784 5346 2948 5394; x_wconf 87' lang='lat' dir='ltr'><strong>Sexti.</strong></span> 
     </span>
    </p>
   </div>
   <div class='ocr_carea' id='block_1_133' title="bbox 1888 5424 3352 5494">
    <p class='ocr_par' dir='ltr' id='par_1_133' title="bbox 1888 5424 3352 5494">
     <span class='ocr_line' id='line_1_134' title="bbox 1888 5424 3352 5494; baseline -0.004 -12"><span class='ocrx_word' id='word_1_894' title='bbox 1888 5427 2039 5494; x_wconf 88' lang='lat' dir='ltr'><strong>Quod</strong></span> <span class='ocrx_word' id='word_1_895' title='bbox 2068 5426 2293 5482; x_wconf 83' lang='lat' dir='ltr'><strong>feliciter</strong></span> <span class='ocrx_word' id='word_1_896' title='bbox 2324 5429 2485 5482; x_wconf 87' lang='lat' dir='ltr'><strong>vertit</strong></span> <span class='ocrx_word' id='word_1_897' title='bbox 2510 5438 2694 5482; x_wconf 88' lang='lat' dir='ltr'><strong>noster</strong></span> <span class='ocrx_word' id='word_1_898' title='bbox 2723 5426 3104 5489; x_wconf 76' lang='lat' dir='ltr'><strong>Malberbzeus,</strong></span> <span class='ocrx_word' id='word_1_899' title='bbox 3138 5424 3232 5477; x_wconf 92' lang='lat' dir='ltr'><strong>lib.</strong></span> <span class='ocrx_word' id='word_1_900' title='bbox 3260 5438 3312 5478; x_wconf 89' lang='lat' dir='ltr'><strong>vi</strong></span> <span class='ocrx_word' id='word_1_901' title='bbox 3340 5441 3352 5476; x_wconf 90' lang='lat'>:</span> 
     </span>
    </p>
   </div>
   <div class='ocr_carea' id='block_1_134' title="bbox 2011 5513 3281 5579">
    <p class='ocr_par' dir='ltr' id='par_1_134' title="bbox 2011 5513 3281 5579">
     <span class='ocr_line' id='line_1_135' title="bbox 2011 5513 3281 5579; baseline -0.004 -13"><span class='ocrx_word' id='word_1_902' title='bbox 2011 5517 2078 5566; x_wconf 88' lang='lat' dir='ltr'><strong>La</strong></span> <span class='ocrx_word' id='word_1_903' title='bbox 2102 5525 2227 5567; x_wconf 85' lang='lat' dir='ltr'><strong>mort</strong></span> <span class='ocrx_word' id='word_1_904' title='bbox 2244 5531 2270 5565; x_wconf 91' lang='lat' dir='ltr'><strong>a</strong></span> <span class='ocrx_word' id='word_1_905' title='bbox 2289 5518 2379 5567; x_wconf 90' lang='lat' dir='ltr'><strong>des</strong></span> <span class='ocrx_word' id='word_1_906' title='bbox 2400 5520 2437 5567; x_wconf 90' lang='lat' dir='ltr'><strong>ri</strong></span> <span class='ocrx_word' id='word_1_907' title='bbox 2444 5532 2626 5579; x_wconf 71' lang='lat' dir='ltr'><strong>gueurs</strong></span> <span class='ocrx_word' id='word_1_908' title='bbox 2643 5520 2671 5566; x_wconf 69' lang='lat' dir='ltr'><strong>a</strong></span> <span class='ocrx_word' id='word_1_909' title='bbox 2688 5517 2821 5566; x_wconf 90' lang='lat' dir='ltr'><strong>uulle</strong></span> <span class='ocrx_word' id='word_1_910' title='bbox 2839 5524 2981 5565; x_wconf 66' lang='lat' dir='ltr'><strong>solre</strong></span> <span class='ocrx_word' id='word_1_911' title='bbox 3007 5513 3241 5577; x_wconf 86' lang='lat' dir='ltr'><strong>pareilles</strong></span> <span class='ocrx_word' id='word_1_912' title='bbox 3270 5528 3281 5561; x_wconf 93' lang='lat'>:</span> 
     </span>
    </p>
   </div>
   <div class='ocr_carea' id='block_1_135' title="bbox 2073 5579 2589 5640">
    <p class='ocr_par' dir='ltr' id='par_1_135' title="bbox 2073 5579 2589 5640">
     <span class='ocr_line' id='line_1_136' title="bbox 2073 5579 2589 5640; baseline 0 -13"><span class='ocrx_word' id='word_1_913' title='bbox 2073 5579 2147 5627; x_wconf 90' lang='lat' dir='ltr'><strong>0n</strong></span> <span class='ocrx_word' id='word_1_914' title='bbox 2172 5593 2198 5627; x_wconf 92' lang='lat' dir='ltr'><strong>a</strong></span> <span class='ocrx_word' id='word_1_915' title='bbox 2217 5581 2344 5629; x_wconf 89' lang='lat' dir='ltr'><strong>beau</strong></span> <span class='ocrx_word' id='word_1_916' title='bbox 2371 5580 2412 5627; x_wconf 91' lang='lat' dir='ltr'><strong>la</strong></span> <span class='ocrx_word' id='word_1_917' title='bbox 2438 5583 2589 5640; x_wconf 87' lang='lat' dir='ltr'><strong>prier,</strong></span> 
     </span>
    </p>
   </div>
   <div class='ocr_carea' id='block_1_136' title="bbox 2012 5635 3216 5701">
    <p class='ocr_par' dir='ltr' id='par_1_136' title="bbox 2012 5635 3216 5701">
     <span class='ocr_line' id='line_1_137' title="bbox 2012 5635 3216 5701; baseline -0.005 -11"><span class='ocrx_word' id='word_1_918' title='bbox 2012 5640 2079 5690; x_wconf 81' lang='lat' dir='ltr'><strong>La</strong></span> <span class='ocrx_word' id='word_1_919' title='bbox 2099 5641 2285 5689; x_wconf 82' lang='lat' dir='ltr'><strong>cruelle</strong></span> <span class='ocrx_word' id='word_1_920' title='bbox 2309 5635 2491 5701; x_wconf 83' lang='lat' dir='ltr'><strong>qu‘elle</strong></span> <span class='ocrx_word' id='word_1_921' title='bbox 2510 5635 2587 5689; x_wconf 83' lang='lat' dir='ltr'><strong>est</strong></span> <span class='ocrx_word' id='word_1_922' title='bbox 2606 5653 2662 5689; x_wconf 88' lang='lat' dir='ltr'><strong>se</strong></span> <span class='ocrx_word' id='word_1_923' title='bbox 2682 5639 2875 5688; x_wconf 86' lang='lat' dir='ltr'><strong>bouche</strong></span> <span class='ocrx_word' id='word_1_924' title='bbox 2900 5637 2975 5686; x_wconf 91' lang='lat' dir='ltr'><strong>les</strong></span> <span class='ocrx_word' id='word_1_925' title='bbox 2994 5635 3216 5697; x_wconf 89' lang='lat' dir='ltr'><strong>oreilles,</strong></span> 
     </span>
    </p>
   </div>
   <div class='ocr_carea' id='block_1_137' title="bbox 2076 5702 2630 5751">
    <p class='ocr_par' dir='ltr' id='par_1_137' title="bbox 2076 5702 2630 5751">
     <span class='ocr_line' id='line_1_138' title="bbox 2076 5702 2630 5751; baseline 0 0"><span class='ocrx_word' id='word_1_926' title='bbox 2076 5702 2136 5751; x_wconf 82' lang='lat' dir='ltr'><strong>Et</strong></span> <span class='ocrx_word' id='word_1_927' title='bbox 2162 5715 2286 5751; x_wconf 89' lang='lat' dir='ltr'><strong>nous</strong></span> <span class='ocrx_word' id='word_1_928' title='bbox 2314 5702 2461 5751; x_wconf 82' lang='lat' dir='ltr'><strong>laisse</strong></span> <span class='ocrx_word' id='word_1_929' title='bbox 2482 5704 2630 5751; x_wconf 83' lang='lat' dir='ltr'><strong>erier.</strong></span> 
     </span>
    </p>
   </div>
   <div class='ocr_carea' id='block_1_138' title="bbox 2016 5758 3347 5824">
    <p class='ocr_par' dir='ltr' id='par_1_138' title="bbox 2016 5758 3347 5824">
     <span class='ocr_line' id='line_1_139' title="bbox 2016 5758 3347 5824; baseline -0.002 -13"><span class='ocrx_word' id='word_1_930' title='bbox 2016 5762 2084 5811; x_wconf 86' lang='lat' dir='ltr'><strong>Le</strong></span> <span class='ocrx_word' id='word_1_931' title='bbox 2108 5776 2288 5824; x_wconf 79' lang='lat' dir='ltr'><strong>pauvre</strong></span> <span class='ocrx_word' id='word_1_932' title='bbox 2314 5775 2377 5813; x_wconf 87' lang='lat' dir='ltr'><strong>en</strong></span> <span class='ocrx_word' id='word_1_933' title='bbox 2396 5775 2448 5811; x_wconf 86' lang='lat' dir='ltr'><strong>sa</strong></span> <span class='ocrx_word' id='word_1_934' title='bbox 2470 5764 2677 5823; x_wconf 79' lang='lat' dir='ltr'><strong>cabane,</strong></span> <span class='ocrx_word' id='word_1_935' title='bbox 2697 5762 2757 5810; x_wconf 83' lang='lat' dir='ltr'><strong>oh</strong></span> <span class='ocrx_word' id='word_1_936' title='bbox 2784 5761 2829 5811; x_wconf 91' lang='lat' dir='ltr'><strong>le</strong></span> <span class='ocrx_word' id='word_1_937' title='bbox 2855 5761 3062 5809; x_wconf 87' lang='lat' dir='ltr'><strong>chaome</strong></span> <span class='ocrx_word' id='word_1_938' title='bbox 3094 5758 3143 5810; x_wconf 90' lang='lat' dir='ltr'><strong>le</strong></span> <span class='ocrx_word' id='word_1_939' title='bbox 3167 5771 3347 5808; x_wconf 83' lang='lat' dir='ltr'><strong>convre</strong></span> 
     </span>
    </p>
   </div>
   <div class='ocr_carea' id='block_1_139' title="bbox 2986 5841 3063 5900">
    <p class='ocr_par' dir='ltr' id='par_1_139' title="bbox 2986 5841 3063 5900">
     <span class='ocr_line' id='line_1_140' title="bbox 2986 5841 3063 5900; baseline 0.013 -1"><span class='ocrx_word' id='word_1_940' title='bbox 2986 5841 3063 5900; x_wconf 74' lang='lat'><strong>23</strong></span> 
     </span>
    </p>
   </div>
  </div>
