3984 6382
476 355 574 412 719

614 469 833 529 Certent
858 468 1065 525 solvere
1096 467 1417 523 machinam.

613 564 710 620 llic
730 573 916 619 sancto
946 564 1171 635 populos
1196 566 1409 633 quoque

610 661 832 716 Junctos
854 660 1055 715 foedere
1080 658 1359 722 continet;

608 752 705 807 llic
734 760 788 806 et
811 751 1044 821 conjugii
1075 765 1287 805 sacrum

462 843 529 897 25
608 842 785 899 Castis
812 844 980 899 nectit
1003 842 1313 909 amoribus;

1699 361 1805 414 ΑΝ.
1851 362 2039 417 ΜΑΝι

2160 364 2256 421 εν.
2297 364 2523 423 BOETll
3662 372 3751 428 720

2087 487 2135 541 Λ

2308 478 2403 534 llic
2424 480 2542 535 fidis
2566 482 2730 538 etiam
2757 497 2851 539 sua

2306 573 2483 628 Dictat
2504 576 2622 642 jura
2652 575 2951 633 sodalibus.

2315 665 2474 735 169
2501 665 2546 721 Ο
2575 665 2704 723 felix
2739 667 3015 722 hominum
3048 680 3235 740 genus,

2307 755 2364 811 Si
2395 767 2604 813 vestros
2632 759 2842 816 animos
2867 776 3041 828 amor,

2166 846 2235 903 50
2306 848 2424 916 Quo
2450 851 2647 906 caelum
2669 853 2895 924 regitur,
2925 855 3092 925 regat!

1822 980 2405 1040 INTERPRETATIO.

462 1098 614 1149 nectit
644 1096 772 1148 hanc
803 1095 983 1149 seriem
1020 1107 1232 1147 rerum:
1263 1094 1357 1145 hoc
1390 1102 1634 1156 cessante,
1673 1110 1788 1162 qua:
1831 1111 2046 1147 consen-

460 1168 592 1219 tiunt
628 1182 783 1233 nunc,
821 1165 993 1218 statim
1033 1165 1354 1227 dissentient,
1397 1174 1442 1216 et
1482 1166 1740 1218 tentabunt
1788 1165 2048 1219 destruere

461 1236 771 1301 machinam,
801 1252 953 1304 quam
980 1252 1115 1288 nunc
1134 1244 1427 1288 constanter
1453 1236 1582 1287 cient
1609 1236 1871 1303 prwclaris
1900 1238 2052 1289 moti-

460 1308 574 1362 bus.
616 1312 771 1361 Amor
812 1307 1033 1362 continet
1076 1307 1288 1376 papulas
1340 1306 1477 1360 inter
1505 1321 1564 1361 se
1595 1309 1897 1377 conjunctos
1928 1323 2052 1375 pare

2157 1096 2687 1172 incorrupta,_amor
2724 1099 2995 1172 confirmat
3050 1110 3425 1154 sacramentum
3464 1101 3755 1172 conjugiule

2158 1170 2382 1239 [laminis
2408 1170 2650 1238 pudicis:
2690 1186 2833 1221 amor
2858 1171 3089 1239 denique
3123 1172 3289 1223 reddit
3315 1170 3565 1239 ﬁdelibus
3583 1174 3755 1225 amicis

2160 1237 2296 1305 quod
2339 1237 2492 1291 suum
2523 1250 2619 1295 est.
2664 1239 2708 1294 Ο
2750 1255 2844 1293 vos
2874 1237 3041 1294 beatos
3082 1237 3330 1306 homines,
3360 1242 3407 1294 si
3434 1242 3573 1295 idem
3618 1259 3769 1294 arnor.

2165 1309 2279 1373 Dei,
2311 1324 2409 1378 quo
2454 1312 2637 1365 caelum
2671 1311 3010 1381 gubernatur,
3042 1315 3280 1383 gubernet
3312 1322 3503 1366 uestras
3543 1324 3749 1367 mentes.

1999 1444 2229 1501 NOTAE.

460 1564 697 1615 teneant,
724 1556 836 1609 sive
866 1555 1001 1608 intra
1044 1556 1155 1608 sive
1185 1563 1333 1608 extra
1367 1568 1616 1623 corpora,
1657 1570 1775 1624 quat
1807 1555 1948 1625 quod
1985 1572 2048 1610 ex

459 1627 739 1684 elementis
766 1634 1035 1687 constent,
1074 1636 1335 1679 vocantur
1375 1627 1561 1687 mista;
1591 1626 1648 1679 5°
1681 1628 1823 1695 quod
1854 1628 2049 1681 cmlum

460 1698 635 1753 sidera
668 1698 777 1750 suis
816 1696 1165 1765 temporibus,
1213 1704 1267 1750 et
1317 1710 1464 1750 mare
1513 1698 1707 1750 ﬂuetus
1756 1699 1867 1753 suis
1922 1700 2054 1755 locis

459 1770 749 1824 contineat.
784 1767 858 1821 De
894 1768 1083 1820 Phoebo
1101 1777 1151 1820 et
1184 1766 1414 1831 Hespero
1439 1768 1550 1833 jam
1573 1768 1833 1821 diximus.

527 1839 619 1893 29..
655 1838 756 1891 Hic
783 1847 958 1891 sancto
991 1836 1254 1909 papulas.]
1291 1836 1354 1890 ll.
1402 1837 1589 1907 Agitur
1627 1838 1693 1891 de
1728 1853 1910 1893 amore
1952 1839 2051 1892 litt—

461 1926 644 1964 mauo.
680 1909 778 1963 Hic
808 1909 1114 1974 multiplicis
1141 1918 1219 1961 est
1244 1910 1456 1975 generis
1494 1925 1505 1960 :
1545 1910 1768 1973 triplicis
1798 1909 2057 1964 duntaxat

457 1996 599 2034 nunc
643 1981 885 2033 meminit
935 1979 1297 2047 Philosophia,
1324 1993 1556 2049 nempe,
1591 1980 1650 2032 1°
1692 1981 1909 2043 amoris,
1960 1982 2049 2049 qui

457 2062 539 2106 est
570 2051 708 2104 inter
738 2050 985 2120 papulos,
1022 2065 1128 2118 quo
1174 2048 1354 2117 populi
1394 2058 1592 2103 aaterna
1633 2050 1685 2104 in
1719 2064 1851 2119 pace
1881 2048 2053 2105 conti-

458 2135 678 2183 nentur;
704 2122 766 2174 2ο
790 2124 1013 2187 amoris,
1039 2121 1127 2189 qui
1148 2131 1229 2173 est
1254 2120 1392 2173 inter
1408 2120 1686 2189 coojuges,
1710 2137 1816 2188 quo
1840 2136 2049 2176 sacrum

458 2194 568 2247 sive
593 2203 985 2246 sacramentum
1010 2191 1311 2261 conjugiale
1332 2190 1710 2256 confirmatur;
1734 2193 1796 2246 5ο
1826 2193 2046 2261 amoris,

458 2264 545 2332 qui
585 2274 668 2317 est
718 2264 855 2316 inter
897 2263 1119 2325 amicos,
1152 2276 1259 2330 quo
1305 2262 1531 2332 anticus,
1583 2262 1753 2315 amico
1805 2270 2049 2331 tanquam

460 2330 585 2387 alter
606 2335 760 2396 idem,
792 2332 1063 2388 inducitur
1090 2333 1157 2385 ad
1193 2330 1637 2386 benefacieudum
1671 2334 1866 2394 amico,
1898 2334 2045 2400 Cogi-

458 2406 657 2460 tatione
684 2446 699 2471 ,
733 2404 899 2459 verbo
936 2414 990 2459 et
1018 2417 1221 2473 opere:
1258 2405 1373 2456 huic
1404 2405 1601 2473 quippe
1637 2412 1761 2458 sunt
1794 2404 2050 2458 sodalium

458 2491 591 2538 iura.

2231 1560 2322 1615 28.
2359 1559 2561 1633 felix
2615 1560 2877 1615 hominum
2927 1578 3107 1631 genus,
3154 1560 3283 1633 etc.]
3329 1562 3414 1617 111.
3458 1560 3651 1631 Agitur
3688 1564 3748 1618 de

2163 1643 2347 1684 amore
2373 1630 2578 1694 divino,
2598 1648 2703 1700 quo
2732 1648 2837 1685 non
2862 1630 3020 1686 mOdo
3042 1630 3371 1695 coelum—sed
3392 1630 3571 1687 omnia
3596 1640 3747 1687 etiam

2162 1714 2387 1770 corpora
2421 1704 2500 1755 sic
2528 1714 2809 1771 reguntur,
2834 1715 2893 1757 ut
2928 1704 3042 1756 haec
3088 1719 3115 1755 a
3158 1703 3336 1756 divina
3367 1705 3647 1759 voluntate
3687 1722 3749 1760 ne

2087 1777 2130 1836 Β
2162 1771 2326 1825 latum
2353 1772 2569 1842 quidem
2602 1788 2833 1839 unguem
2863 1774 3163 1828 discedant.
3203 1774 3315 1827 Una
3344 1784 3426 1827 est
3457 1789 3612 1828 mens
3653 1775 3750 1827 hu-

2160 1858 2313 1913 mana
2339 1858 2484 1911 quae,
2516 1845 2654 1913 quod
2688 1845 2755 1898 ab
2787 1846 2903 1913 ipso
2934 1845 3041 1897 Deo
3062 1844 3141 1897 sic
3176 1847 3334 1898 fuerit
3355 1844 3550 1899 dilecta
3607 1854 3664 1897 ut
3693 1845 3750 1897 li-

2160 1912 2381 1967 bertatis
2424 1914 2496 1968 sit
2539 1912 2833 1983 particeps,
2880 1928 2909 1967 a
2955 1915 3123 1983 prima
3168 1915 3378 1968 volendi
3430 1915 3751 1983 amandique

2159 1998 2371 2045 norma,
2422 1985 2699 2038 voluntate
2747 1986 2950 2048 divina,
2994 1985 3229 2039 recedat.
3281 1986 3458 2052 Quare
3492 1986 3545 2038 id
3590 2001 3751 2040 unum

2155 2068 2275 2108 esse
2304 2055 2463 2109 debet
2504 2055 2862 2125 Philosophia:
2893 2064 3096 2118 votum,
3137 2068 3193 2108 ut
3232 2062 3421 2110 eadem
3454 2070 3608 2109 mens
3652 2058 3751 2109 hu-

2158 2139 2343 2190 mana,
2410 2136 2717 2194 contempta
2772 2126 2980 2195 propria
3049 2126 3352 2188 voluntate,
3424 2128 3753 2194 proprioque

2156 2208 2365 2262 amore,
2397 2196 2463 2250 ad
2498 2197 2828 2251 voluntatem
2865 2212 3213 2266 amoremque
3248 2196 3342 2251 Dei
3390 2207 3510 2250 sese
3538 2208 3770 2251 accom-'

2155 2269 2356 2332 madet,
2385 2275 2442 2321 ut
2464 2276 2678 2321 sanctos
2703 2267 2848 2321 viros
2890 2267 3117 2333 imitata,
3150 2282 3281 2321 Voce
3318 2267 3751 2336 cogitationeque

2154 2336 2446 2407 submissa,
2480 2338 2621 2391 dicat
2651 2353 2772 2392 cum
2816 2338 3070 2406 propheta
3105 2353 3228 2406 rege
3256 2356 3269 2389 :
3307 2338 3443 2391 Doce
3477 2354 3555 2391 me
3584 2338 3752 2407 facere

2153 2406 2468 2546 opimitate»:
2498 2420 2661 2475 luant,
2691 2418 2746 2463 et
2770 2423 2890 2463 cum
2922 2410 3217 2478 Apostolo:
3253 2408 3490 2473 Domine,
3520 2406 3646 2478 quid
3670 2425 3750 2460 me

2153 2494 2225 2530 vis
2277 2494 2451 2532 acere.

2152 2478 2225 2530 vis
2255 2478 2421 2532 facere
2440 2480 2465 2531 2’

1581 2654 1961 2756 LIBER
2021 2637 2619 2759 TERTIUS.

905 2818 1062 2890 17o
1101 2816 1315 2873 rnosa
1361 2816 1595 2871 PRIMA.

460 2925 845 2966 escensurum.
861 2939 930 2948 —
948 2908 1287 2978 Philosophia
1310 2923 1488 2960 rursus
1509 2923 1540 2978 ρ
1565 2905 1833 2961 levioribus
1862 2906 1932 2958 ad
1959 2920 2047 2959 va-

528 2982 716 3035 lidiora
764 2988 1066 3051 argumenta
1118 2979 1450 3048 progrediens
1498 2977 1737 3031 Boetium
1793 2978 2051 3047 prcedictis

524 3052 806 3104 rationibus
836 3052 902 3103 ad
930 3052 1129 3114 maiora
1172 3051 1501 3118 percipienda
1543 3057 1854 3102 commotum
1895 3066 2052 3117 para-

526 3132 727 3191 tumque
760 3130 958 3183 monet,
1001 3122 1112 3190 [ore
1151 3131 1205 3171 ut
1253 3121 1461 3187 ipsum,
1518 3120 1664 3174 initio
1699 3137 1731 3172 a
1769 3121 2051 3175 notioribus
2078 3123 2125 3187 C,

523 3204 748 3263 sumpto,
782 3194 850 3244 ad
878 3207 1046 3244 veram
1079 3191 1374 3260 felicitatem
1407 3192 1581 3244 ducat.

526 3284 643 3338 Jam
679 3293 704 3320 ει
730 3291 945 3337 cantum
977 3284 1065 3337 illa
1100 3282 1330 3346 finierat,
1356 3297 1475 3336 cum
1512 3286 1526 3312 ¹
1551 3296 1635 3336 me
1656 3281 1904 3336 audiendi
1936 3282 2050 3336 avi-

460 3377 606 3442 tium,
640 3384 1052 3446 stupentemque
1082 3378 1307 3429 arrectis
1332 3374 1509 3429 adhuc
1539 3375 1760 3429 auribus
1790 3375 2049 3431 carminis

461 3471 699 3526 mulcedo
731 3471 1016 3525 defixerat.
1047 3469 1228 3537 Itaque
1270 3468 1430 3538 paulo
1462 3477 1609 3538 post:
1639 3468 1705 3535 0,
1745 3469 1964 3538 inquam
1996 3467 2051 3535 ι),

461 3580 721 3619 summum
750 3565 1016 3618 lassorum
1040 3563 1279 3617 solamen
1303 3560 1601 3616 animorum
1621 3571 1667 3627 ε,
1685 3571 1940 3630 quantum
1964 3577 2050 3618 tne

462 3658 539 3714 vel
570 3658 954 3712 sententiarum
986 3654 1245 3725 pondere,
1276 3653 1363 3708 vel
1391 3654 1617 3708 canendi
1659 3656 1824 3709 etiam
1855 3655 2048 3724 jucun-

461 3750 619 3804 titate
657 3747 896 3804 refovisti
923 3749 935 3802 Ξ
967 3747 1049 3819 (5)
1080 3747 1214 3801 adeo
1244 3754 1301 3800 ut
1327 3744 1436 3814 jam
1468 3760 1553 3800 me
1582 3743 1856 3815 posthac"l
1886 3746 2047 3817 impa-

462 3858 567 3899 rem
603 3840 832 3898 fortunae
871 3841 1066 3898 ictibus
1117 3855 1221 3895 non
1265 3838 1514 3895 arbitrer.
1546 3837 1732 3909 Itaque
1772 3839 2040 3908 remedia,

2154 2831 2277 2884 qua:
2312 2817 2471 2886 paulo
2502 2818 2710 2871 acriora
2739 2833 2861 2873 esse
2889 2818 3130 2885 dicebas,
3163 2834 3269 2873 non
3300 2820 3460 2873 modo
3492 2835 3596 2874 non
3630 2836 3747 2890 per-

2154 2908 2433 2975 horresco,
2472 2910 2567 2966 sed
2601 2911 2854 2965 audiendi
2888 2912 3083 2967 avidus
3113 2913 3461 2969 vehementer
3489 2914 3747 2985 efflagito.

2159 3001 2313 3071 171
2347 3000 2484 3054 Tum
2535 3001 2623 3056 illa
2656 3011 2703 3067 θ,
2735 3002 2923 3069 Sensi,
2971 3004 3175 3074 inquit,
3205 3020 3328 3060 cum
3376 3005 3538 3060 verba
3566 3020 3749 3063 nosua

2164 3093 2357 3147 tacitus
2405 3102 2746 3165 attentusque
2777 3096 3045 3165 rapiehas,
3094 3098 3114 3127 ⁸
3146 3112 3376 3167 eumque
3415 3106 3517 3151 tua:
3548 3100 3749 3152 mentis

2156 3184 2395 3240 habitum
2437 3186 2520 3239 vel
2551 3188 2893 3255 exspectavi,
2928 3188 3049 3252 vel,
3091 3188 3235 3256 quod
3280 3198 3364 3243 est
3388 3190 3595 3255 verius,
3630 3190 3746 3259 ipsa

2157 3276 2356 3345 perfeci
2387 3294 2401 3331 :
2429 3277 2555 3331 talia
2581 3285 2707 3332 sunt
2734 3277 2930 3347 quippe
2958 3295 3077 3349 qua:
3098 3289 3322 3342 restant,
3357 3289 3415 3334 ut
3463 3281 3746 3349 degustata

2156 3368 2371 3437 quidem
2399 3370 2703 3438 mordeant,
2728 3370 2953 3424 interius
2974 3381 3151 3426 autem
3174 3380 3387 3441 recepta
3411 3372 3744 3427 dulcescant.

2158 3461 2264 3514 Sed
2295 3460 2439 3529 quod
2478 3472 2533 3515 tu
2573 3469 2625 3515 te
2664 3460 2917 3529 audiendi
2952 3462 3206 3531 cupidum
3252 3461 3331 3533 (5)
3363 3462 3513 3529 dicis,
3545 3474 3747 3532 quanto

2157 3552 2352 3607 ardore
2384 3551 2659 3623 ﬂagrares,
2697 3553 2743 3607 si
2787 3567 3019 3623 quonam
3069 3563 3121 3607 te
3148 3554 3347 3609 ducere
3403 3554 3746 3624 aggredimur

2156 3657 2495 3713 agnosceres.
2516 3645 2780 3713 Quonam,
2807 3644 3021 3715 inquam
3044 3642 3061 3683 τ
3081 3645 3105 3698 ?
3127 3644 3147 3674 ³
3169 3643 3251 3699 Ad
3275 3659 3477 3711 veram,
3500 3645 3673 3715 inquit
3693 3656 3742 3712 ε,

2157 3736 2487 3803 felicitatem,
2510 3738 2702 3808 ‘quam
2733 3746 2852 3793 tuus
2874 3752 3088 3808 quoque
3113 3738 3344 3793 somniat
3372 3738 3605 3806 animus,
3620 3741 3741 3800 sed,

2154 3848 2419 3909 occupato
2445 3838 2514 3894 ad
2546 3840 2807 3912 imagines
2838 3841 2993 3907 visu,
3025 3840 3193 3911 ipsam
3228 3840 3375 3897 illam
3415 3858 3523 3899 non
3572 3852 3746 3914 potest

1799 3948 2379 4006 lNTERPRETATIU.

528 4061 554 4087 ³
586 4050 824 4104 €armeu.

526 4118 555 4159 ι’
589 4122 699 4191 Ego
728 4119 965 4191 Boetius.

530 4202 553 4230 ε
588 4190 956 4258 Philosophia.

527 4260 554 4298 ἀ
593 4262 743 4316 Vinci
776 4277 939 4332 posse.

2228 4052 2256 4115 εξ
2288 4042 2653 4115 Philosophia.

2239 4112 2257 4151 ί
2288 4114 2401 4179 Εκο
2423 4112 2659 4170 Boétius.

2235 4194 2256 4233 I
2292 4185 2658 4256 Philosophia.

1983 4394 2214 4452 ΝΟΤᾸΕ.

534 4518 553 4546 ί
586 4514 671 4570 Me
697 4513 940 4569 audiendi
980 4511 1220 4577 avidum,
1263 4509 1392 4581 etc.]
1431 4509 1473 4565 l.
1508 4509 1730 4565 Boetius
1777 4509 2049 4581 prmdiclis

461 4587 725 4644 rationum
752 4583 1241 4653 philosophicarum
1269 4580 1568 4653 momentis
1587 4591 1889 4653 commotus
1906 4580 2046 4653 fdici-

460 4670 544 4714 tur
562 4672 684 4711 cum
706 4650 1093 4721 corpore,'tum
1117 4652 1280 4706 etiam
1307 4663 1508 4706 mente.
1529 4650 1769 4721 Corpore
1792 4652 2038 4720 quidem:

459 4726 600 4801 quod
631 4740 850 4780 carmen
870 4724 1053 4801 instar
1081 4723 1240 4784 mulsi
1275 4736 1447 4801 suave
1470 4736 1612 4801 _eum
1652 4722 1898 4801 deﬁxerat
1918 4735 2045 4801 _stu-

464 4792 657 4859 ientem
698 4795 907 4849 arrectis
954 4793 1124 4847 adhuc
1171 4794 1381 4846 auribus
1407 4835 1421 4855 ,
1470 4793 1571 4845 hoc
1616 4801 1699 4847 est
1728 4792 1961 4847 immotis
1988 4803 2044 4847 et

472 4871 667 4939 reliquo
694 4880 920 4939 corpore
960 4875 1013 4939 et
1052 4865 1312 4939 auribus,
1335 4863 1402 4917 ad
1435 4862 1647 4939 facilius
1672 4863 1996 4939 audiendum
2024 4880 2039 4927 ;

471 4955 549 5011 ιιιι
580 4932 845 5009 "loquendi
890 4935 1081 4989 modus
1107 4949 1137 4988 a
1176 4935 1395 4989 canibus
1415 4974 1429 4999 ,
1462 4932 1734 5003 leporibus
1754 4974 1770 4999 ,
1817 4933 2043 5011 aliisque

468 5005 684 5073 tiestiis,
727 5021 953 5077 quarum
982 5018 1141 5059 aures
1174 5014 1364 5072 sponte
1413 5015 1718 5077 moventur,
1751 5005 2043 5059 translatus

466 5093 543 5138 est
562 5085 627 5136 ad
653 5074 947 5140 hominem,
971 5076 1125 5144 cuius
1146 5089 1305 5128 aures
1334 5090 1436 5128 non
1464 5074 1536 5128 ita
1560 5084 1871 5129 moventur:
1908 5090 2044 5143 prte-

464 5156 615 5207 itictte
645 5152 789 5205 enim
822 5148 1007 5202 bestia:
1042 5146 1108 5199 ad
1139 5160 1330 5199 sonum
1363 5146 1554 5200 melius
1584 5146 1960 5214 excipiendum
1990 5156 2047 5200 et

461 5223 649 5277 sistere
684 5228 738 5275 et
765 5232 923 5273 aures
953 5216 1163 5285 erigere
1187 5225 1605 5270 consueverunt.
1637 5216 1810 5271 Mente
1842 5216 2045 5281 etiam;

459 5294 599 5362 quod
635 5292 747 5345 hrec
775 5290 851 5362 vel
878 5288 1242 5362 sententiarum
1284 5287 1506 5362 pondere
1543 5288 1621 5341 vel
1652 5288 1866 5362 canendi
1893 5289 2047 5341 etiam

459 5357 785 5433 iucunditate
799 5360 879 5433 ita
906 5368 1147 5433 recreata
1172 5357 1263 5423 sit,
1287 5368 1343 5410 ut
1363 5359 1475 5428 jam
1494 5373 1546 5433 se
1571 5358 1780 5426 posthac
1799 5359 2048 5433 imparem

460 5429 681 5503 fortuna:
699 5430 881 5503 ictibus
909 5445 1010 5483 non
1038 5429 1349 5503 arbitretur:
1376 5442 1482 5503 quo
1515 5430 1571 5481 lit
1597 5437 1653 5481 ut
1682 5429 1905 5503 remedia
1932 5444 2047 5498 qua:

462 5499 796 5571 I’IiilosOphia
827 5516 984 5571 supra
1027 5499 1157 5553 disit
1194 5514 1302 5571 esse
1327 5499 1557 5571 acriora,
1602 5515 1706 5551 non
1745 5500 1901 5552 modo
1942 5515 2047 5571 non

461 5568 852 5643 perhorrescat,
891 5568 990 5625 sed
1043 5570 1286 5624 audiendi
1341 5568 1493 5620 avida
1540 5570 1858 5623 uehementer
1908 5569 2049 5637 ema-

461 5647 603 5715 gitet.

531 5716 550 5744 ²
580 5712 711 5765 Eum
740 5722 839 5769 tute
870 5712 1047 5764 utentis
1080 5708 1335 5776 habitum,
1370 5708 1503 5781 etc.]
1534 5709 1597 5763 ll.
1645 5707 1786 5781 idem
1804 5709 2048 5781 _Boetius

461 5782 735 5853 prmdictis
760 5781 1058 5853 rationibus
1090 5789 1307 5848 paratus
1335 5779 1536 5853 dicitur
1564 5781 1632 5853 ab
1658 5779 1771 5853 ipsa
1802 5779 2049 5853 Philoso-

462 5851 607 5916 phia.
634 5852 854 5906 Paratus
875 5852 1088 5918 quidem
1111 5860 1191 5905 est
1212 5851 1486 5919 prtedictis
1508 5851 1830 5916 rationibus,
1854 5851 2047 5917 quibus

2078 4621 2125 4679 D

2160 4507 2360 4583 sensim
2395 4506 2655 4583 tolluntur
2681 4509 3019 4579 prtejudicia,
3049 4519 3269 4583 propter
3313 4518 3465 4583 quae,
3512 4514 3742 4572 dicenda

2160 4580 2367 4649 ingrata
2390 4578 2768 4651 displicerent,
2794 4578 2901 4636 non
2926 4578 3081 4635 secus
3101 4578 3167 4635 ac
3185 4578 3363 4651 palato
3390 4584 3529 4640 male
3549 4586 3742 4642 affecto

2151 4651 2303 4706 cibus
2331 4649 2492 4705 etiam
2524 4650 2882 4727 suavissimus
2911 4652 3159 4727 diSplicet
3186 4649 3200 4705 Ξ
3242 4655 3365 4727 talia
3401 4666 3521 4709 stmt
3554 4659 3743 4727 quippe

2150 4736 2265 4789 qute
2306 4730 2533 4787 restant,
2580 4731 2634 4773 ut
2662 4722 2925 4791 degustato
2953 4724 3155 4789 quidem
3194 4726 3495 4789 mordeant,
3526 4722 3741 4781 interius

2150 4804 2319 4845 autem
2348 4800 2551 4859 recepta
2578 4791 2892 4866 dulcescant.
2922 4793 3088 4866 Atab
3122 4793 3237 4866 ipsa
3269 4796 3611 4863 Phil050phia
3647 4814 3740 4866 pa-

2150 4871 2299 4937 ratus
2325 4870 2409 4916 est
2433 4878 2475 4937 ευ
2499 4861 2736 4937 cpgnitio
2770 4865 2913 4937 enim
2959 4861 3363 4937 philosophica,
3404 4861 3591 4936 utpote
3622 4861 3738 4937 qua:

2151 4934 2293 5005 clara
2331 4942 2384 5005 et
2414 4931 2697 5005 distincta,
2724 4934 3063 5005 principium
3092 4931 3217 5005 esi,
3248 4950 3277 4988 a
3308 4952 3414 5005 quo
3440 4931 3601 4992 omne
3633 4931 3735 4993 uou

2152 5004 2312 5059 modo
2335 5002 2618 5071 judicium,
2643 5004 2735 5057 sed
2761 5002 2935 5076 etiam
2954 5004 3277 5059 desiderium
3305 5002 3600 5076 legitimum
3632 5025 3737 5063 ori-

2155 5086 2239 5129 tur
2265 5092 2286 5148 :_
2309 5089 2520 5148 eumque
2553 5084 2652 5148 tute
2690 5077 2882 5148 mentis
2905 5074 3134 5148 habitum
3176 5079 3254 5148 vel
3287 5074 3598 5148 exspectavi,
3638 5083 3733 5141 vel,

2150 5144 2385 5218 quodest
2408 5144 2601 5218 verius,
2626 5146 2738 5218 ipsa
2767 5146 3177 5218 perfeciliuqiiit
3193 5144 3567 5218 Philosophia.

2224 5215 2245 5246 ³
2272 5216 2350 5268 Ad
2378 5231 2546 5289 ueram
2575 5213 2889 5289 felicitatem.
2912 5215 2929 5287 j
3070 5213 3438 5289 Philosophia
3475 5213 3733 5289 promittit

2153 5286 2269 5342 fore
2298 5293 2355 5339 ut
2384 5284 2623 5339 Bot‘tium
2651 5285 2811 5340 ducat
2845 5284 2927 5340 ad'
2941 5287 3276 5353 felicitatem;
3308 5284 3430 5344 cum
3472 5284 3613 5345 enim
3646 5290 3729 5342 hic

2152 5368 2338 5425 agatur
2362 5355 2435 5429 de
2458 5356 2696 5429 moribus
2724 5357 3104 5421 instituendis;
3136 5373 3366 5427 cumque
3391 5363 3589 5429 optima
3618 5376 3729 5413 mo-

2153 5445 2269 5483 rum
2315 5425 2579 5500 institutio
2606 5442 2635 5480 a
2668 5426 2770 5482 line
2813 5429 3115 5500 praesertim
3145 5425 3726 5500 ipendeatfpropterea

2156 5497 2500 5567 Philosophia
2546 5499 2916 5553 tractationem
2960 5498 3183 5567 suscipit
3220 5499 3287 5554 de
3315 5497 3586 5563 felicitate,
3613 5515 3725 5568 qua:

2155 5584 2362 5623 morum
2388 5577 2531 5623 recte
2554 5568 2951 5624 iormandorum
2980 5569 3102 5623 linis
3124 5577 3240 5623 est:
3270 5571 3425 5639 hujus
3454 5582 3625 5625 autem
3652 5570 3726 5622 fe-

2157 5640 2376 5693 licitatis
2419 5638 2565 5693 notio
2603 5641 2797 5695 animis
2836 5639 3111 5695 hominum
3162 5642 3318 5695 insita
3358 5653 3486 5697 est:
3529 5642 3725 5695 idcirco

2157 5712 2344 5764 eadem
2373 5708 2714 5779 Philosophia
2745 5711 2893 5765 addit

2226 5780 2246 5809 ⁸
2279 5780 2445 5865 quam
2475 5790 2593 5834 tuus
2634 5797 2832 5863 quoque
2872 5781 3100 5865 somniat
3131 5783 3377 5865 animum]
3411 5783 3553 5865 biens
3580 5781 3721 5835 enim

2158 5862 2267 5906 tum
2298 5851 2494 5906 dicitur
2522 5853 2811 5919 sou‘niare,
2842 5868 2961 5908 cum
2987 5854 3175 5922 sopitis
3200 5851 3553 5911 exterioribus
3572 5866 3721 5917 orla-
