3984 6382
428 291 531 344 7213

430 406 495 459 ιι)
568 402 795 459 Pulchra
824 400 939 456 thes
970 412 1154 454 roseos
1183 397 1293 469 agit
1318 410 1505 467 equos.

577 493 730 566 175
752 492 830 546 Tu
860 506 1072 560 quoque
1105 490 1231 543 falsa
1258 498 1412 543 tuens
1443 488 1579 542 bona
1612 487 1781 557 prius,

573 584 749 651 lncipe
787 582 920 637 colla
945 582 1071 649 jugo
1103 579 1410 643 retrahere;

572 677 705 730 Vera
728 676 922 730 dehinc
957 675 1193 729 animum
1233 673 1515 727 subierint.

967 767 1124 838 176
1153 765 1369 819 pausa
1410 763 1474 817 ιι.

433 866 827 918 Ancuueuruu.
858 887 930 901 υ-
976 858 1342 924 Philosophia,
1378 856 1638 924 prap'sita
1665 853 1847 906 summi
1887 853 2002 907 boni

505 932 727 994 natione,
776 931 993 984 ostendit
1047 929 1321 998 generatim
1362 928 1588 998 homines
1632 924 1838 998 cuilibet
1875 924 2003 977 bono

502 1011 669 1054 creato
697 1002 840 1053 unice
861 995 1118 1054 studentes
1156 999 1287 1065 falsa
1307 997 1647 1066 assumptione
1673 995 1859 1063 decipi.

514 1094 647 1147 'l‘um
680 1094 695 1123 ¹
744 1093 927 1147 deﬁxo
974 1091 1244 1160 paululum
1276 1090 1415 1156 visu,
1469 1099 1524 1144 et
1557 1088 1706 1143 velut
1732 1090 1753 1120 ’
1786 1090 1835 1141 in
1863 1097 1889 1124 ι
1913 1103 2010 1142 au-

438 1200 643 1256 gusmm
663 1202 773 1241 sua:
791 1186 981 1240 mentis
995 1185 1177 1238 sedem
1206 1182 1533 1251 recepta,sic
1560 1184 1720 1249 coepit
1740 1198 1754 1233 :
1774 1182 1794 1211 ³
1823 1180 2009 1235 Omnis

442 1276 742 1330 mortalium
780 1290 903 1330 cura
945 1291 1100 1343 quam
1132 1272 1501 1340 multiplicium
1528 1270 1825 1325 studiorum
1857 1272 2007 1326 labor

441 1378 676 1434 exercet,
694 1368 908 1423 diverso
920 1366 1133 1435 quidem
1149 1365 1176 1403 ι’
1191 1365 1326 1419 calle
1348 1364 1609 1433 procedit,
1638 1364 1731 1417 sed
1754 1364 1817 1418 ad
1845 1381 2003 1418 nomn

1622 281 1731 337 AN.
1774 277 1981 335 MANL.
2026 275 2177 330 SEV.
2220 271 2439 327 ΒΟΕΪΙΙ

3560 268 3654 319 ἰιι

2029 396 2076 452 Α
2112 397 2288 441 tamen
2322 382 2663 440 beatitudinis
2692 383 2850 437 linem
2888 381 3073 436 nititur
3101 382 3397 450 pervenire.
3422 382 3442 412 ⁸
3493 381 3543 435 Id
3572 400 3660 435 au-

2105 487 2212 530 tem
2242 478 2324 545 (5)
2382 485 2463 529 est
2493 474 2699 541 bonumf
2720 489 2824 541 quo
2870 473 2986 541 quis
3024 472 3217 542 adt-go
3273 473 3401 525 nihil
3452 473 3662 527 ulterius

2106 566 2409 620 desiderare
2431 574 2608 632 queat.
2643 564 2791 629 Quod
2808 562 3020 631 quidem
3042 574 3123 617 est
3144 563 3378 615 omnium
3405 576 3660 616 summum

2108 657 2396 719 bonorum,
2418 663 2712 723 cunctaque
2742 655 2877 706 intra
2905 669 2964 706 se
2992 653 3130 707 bona
3158 654 3440 708 continens
3474 670 3487 704 :
3516 654 3598 707 cui
3623 653 3663 708 si

2108 747 2236 813 quid
2276 757 2296 784 ε
2320 746 2548 811 ahloret,
2578 761 2842 799 summum
2882 762 3003 799 esse
3050 761 3152 799 non
3195 756 3396 814 posset,
3428 746 3665 814 quoniam

2112 836 2504 903 relinqueretur
2546 835 2876 888 extrinsecus
2921 834 3060 900 quod
3102 845 3283 903 posset
3336 836 3529 902 Optari.
3586 834 3669 888 Li-

2108 934 2236 994 quet
2268 923 2294 960 ά
2342 926 2500 994 igitur
2559 940 2679 978 esse
2735 923 3110 978 beatitudinem
3165 933 3357 977 statum
3417 924 3667 979 bonorum

2110 1012 2350 1067 Omnium
2405 1016 2817 1083 coagregatione
2868 1014 3184 1081 perlectum.
3239 1014 3394 1083 177
3445 1014 3466 1043 ⁸
3496 1013 3671 1078 Hunc,

2111 1103 2184 1154 uti
2210 1102 2472 1167 diximus,
2514 1103 2775 1156 °diverso
2805 1103 3014 1155 tramite
3068 1106 3318 1157 mortales
3357 1118 3544 1157 omnes
3592 1119 3675 1157 co-

2115 1202 2310 1247 nantur
2336 1192 2586 1262 adipisci.
2608 1194 2628 1224 ⁸
2660 1192 2756 1247 Est
2784 1194 2925 1247 enim
2965 1195 3234 1247 mentibus
3264 1194 3540 1248 hominum
3574 1195 3675 1249 veri

2116 1281 2242 1337 boni
2268 1284 2581 1338 naturaliter
2613 1282 2632 1322 ί
2668 1282 2868 1337 inserta
2897 1284 3184 1350 cupiditas,
3242 1283 3335 1337 sed
3363 1284 3383 1313 ⁷
3413 1283 3481 1336 ad
3510 1282 3629 1336 falsa
3654 1292 3676 1330 ι

2113 1371 2303 1426 devius
2319 1373 2731 1428 errorahducit.
2760 1375 2782 1405 ⁸
2811 1372 3044 1439 Quorum
3076 1370 3289 1441 quidem
3314 1373 3401 1426 alii
3427 1386 3678 1427 sumntum

1774 1495 2349 1557 ΙΝΤΕΒΡΒΕΤΛΤΙΟ.

446 1654 479 1692 o
508 1639 673 1692 Boetii
717 1640 804 1707 qui
821 1648 967 1691 antea
986 1638 1156 1707 animo
1178 1632 1560 1707 attendebasad
1587 1632 1716 1685 bona
1740 1635 2003 1707 ementita,

447 1711 546 1761 inci
554 1710 661 1776 pias
674 1704 884 1761 tandem
909 1706 1183 1759 subducere
1196 1706 1419 1757 animum
1439 1704 1501 1776 ab
1526 1718 1698 1755 eorum
1722 1704 2009 1772 tyrannide,

447 1772 840 1872 tunivferabona
866 1777 1121 1830 intrabunt
1145 1778 1334 1830 saltem
1360 1772 1580 1827 tt0tione
1608 1783 1823 1826 mentem
1848 1781 2009 1828 tuam.
2045 1811 2092 1872 Β

520 1858 545 1884 ⁸
577 1849 808 1915 Regiam.

524 1918 548 1953 δ
586 1919 794 1970 Diversa
815 1918 1013 1982 quidem
1043 1916 1142 1968 uia.

2190 1650 2210 1675 ε
2254 1639 2477 1692 Abesset.

2191 1706 2216 1744 ἀ
2259 1708 2425 1761 Patet.

2193 1789 2217 1815 ι·
2270 1778 2431 1831 Variis
2458 1778 2642 1831 modis.

2197 1846 2214 1883 τ
2261 1847 2444 1901 Insita.

2195 1927 2221 1961 κ
2263 1918 2537 1973 Aberrans.

1959 2046 2181 2102 NOTAE.

449 2185 641 2245 Intima
665 2194 736 2238 est
765 2184 980 2253 quinque
1015 2184 1312 2240 errantium.
1347 2182 1518 2250 inquit
1560 2183 1673 2239 Cic.
1706 2200 1741 2238 ιι
1780 2183 1850 2239 de
1888 2185 2011 2240 Nat.

453 2257 625 2326 deor._,
656 2264 896 2326 terraeque
924 2254 1327 2326 proximastella
1366 2253 1624 2326 ‘Veneris,
1654 2270 1768 2323 qua:
1816 2258 2017 2326 Φωσφό-

456 2347 546 2401 ρος
574 2324 778 2401 wace,
817 2323 1026 2391 Lucifer
1056 2323 1241 2401 Latine
1275 2323 1461 2401 dicitur
1496 2340 1610 2377 cum
1638 2323 2017 2401 antegrediatur

454 2392 630 2460 iolem',
661 2410 777 2446 cum
804 2402 969 2446 autem
1007 2394 1344 2460 subsequitur,
1377 2392 1657 2462 Hesperus.
1685 2392 1873 2461 Virgil.
1910 2397 2013 2448 ecl.

456 2480 571 2527 vm,
601 2480 651 2517 v.
680 2466 743 2516 17
769 2480 783 2517 :
822 2463 1061 2528 Nascere,
1093 2479 1295 2533 prteque
1319 2464 1450 2516 diem
1474 2467 1674 2518 veniens
1694 2481 1785 2533 age
1812 2463 2018 2532 Lucifer

457 2535 665 2587 almam.
701 2533 790 2588 Sol
834 2547 993 2599 porro
1024 2534 1125 2586 diei
1166 2548 1387 2599 parens,
1430 2535 1600 2601 poetis
1646 2535 1863 2602 ﬁngitur
1894 2535 2016 2588 vehi

458 2603 730 2672 quadrigis
754 2603 921 2670 equis.
954 2618 1086 2669 quos
1112 2603 1247 2669 dies,
1270 2613 1451 2673 utpote
1477 2606 1647 2659 solem
1675 2604 2026 2671 antecedens,

458 2690 600 2728 nunc
625 2673 836 2741 ﬁngitur
864 2674 1078 2741 dueere.

533 2740 717 2796 ll.Tu
737 2740 979 2812 quoque.]
1002 2742 1129 2809 Qua:
1148 2758 1276 2803 ,cum
1302 2742 1371 2795 ita
1399 2756 1458 2797 se
1485 2742 1733 2806 habeant,
1759 2759 1880 2799 cum
1902 2757 2027 2797 arva

461 2828 566 2868 non
593 2824 838 2866 serantur
864 2814 1055 2866 uberes
1087 2812 1287 2866 fructus
1315 2814 1558 2878 allatuta,
1602 2814 1701 2868 nisi
1735 2815 1879 2883 prius
1910 2815 2023 2866 fru-

462 2885 651 2938 ticihns
676 2882 910 2946 avulsis;
964 2896 1085 2935 cum
1116 2883 1220 2937 mel
1260 2894 1375 2950 post
1419 2899 1662 2952 saporem
1691 2882 1930 2938 amarum
1963 2885 2032 2937 sit

465 2954 713 3015 dulcius;
754 2967 875 3005 cum
917 2952 1092 3005 sidera
1137 2953 1468 3007 cessantibus
1510 2955 1682 3009 ventis
1733 2955 2031 3022 pluviisque

463 3022 746 3091 jucundius
779 3022 1055 3091 fulgeant;
1099 3036 1217 3075 cum
1264 3022 1494 3089 denique
1522 3024 1634 3077 dies
1668 3041 1774 3078 non
1805 3024 2027 3079 oriatur.

468 3090 568 3145 tua
598 3091 791 3161 fugatis
832 3090 1094 3161 tenebris;
1127 3101 1408 3159 propterea
1437 3100 1512 3157 tu,
1536 3111 1565 3141 ιι
1596 3093 1766 3161 Βονιὶ,
1794 3110 1898 3147 non
1931 3092 2031 3146 nisi

466 3160 727 3229 depositis
760 3159 1082 3228 praeiudiciis
1109 3162 1318 3229 assequi
1353 3164 1550 3229 poteris
1581 3164 1647 3217 de
1676 3159 1816 3217 bono
1843 3164 2035 3217 verita-

468 3245 611 3285 tem:
636 3230 728 3284 sed
761 3230 875 3284 haec
902 3246 967 3284 eo
995 3228 1087 3283 tibi
1116 3228 1316 3298 gratior
1350 3228 1470 3296 erit,
1497 3234 1635 3301 quod
1680 3247 1917 3287 errorem
1944 3248 2037 3287 ex-

469 3300 633 3369 cipiat
655 3318 667 3351 :
686 3314 827 3369 ergo
962 3367 968 3369 _
1313 3306 1318 3313 ‘

543 3370 629 3423 12.
674 3366 853 3442 Incipe
890 3367 1023 3420 colla
1053 3370 1182 3442 jugo
1206 3370 1476 3423 retrahere.
1503 3370 1521 3441 ]
1545 3371 1613 3427 Ut
1654 3373 1891 3442 corporis
1913 3412 1929 3437 ,
1961 3372 2039 3426 sic

472 3441 631 3494 etiam
686 3439 880 3491 mentis
924 3441 1167 3506 qnzedam
1209 3450 1292 3493 est
1330 3439 1609 3507 captivitas
1643 3459 1657 3495 :
1707 3439 1801 3497 sed
1843 3444 1895 3496 in
1937 3442 2039 3496 hoc

475 3522 625 3563 mens
647 3507 824 3561 dilIert
853 3521 1174 3581 acut-pore,
1214 3510 1353 3578 quod
1395 3525 1591 3579 corpus
1631 3514 1796 3581 possit
1828 3554 1842 3575 ,
1890 3527 2041 3567 mens

476 3594 604 3650 vero
627 3592 731 3650 non
756 3576 957 3650 possit,
975 3578 1139 3631 invito
1164 3576 1399 3639 homine,
1418 3576 1568 3650 enj—ns
1595 3576 1697 3646 est,
1725 3582 2039 3650 quibusdam
2093 3615 2101 3617 Α

479 3646 706 3701 vinculis
733 3648 959 3721 detineri
986 3665 999 3699 :
1042 3659 1319 3718 propterea
1351 3664 1453 3705 non
1482 3646 1580 3703 abs
1612 3668 1668 3707 re
1700 3646 2039 3721 Philosomtia

477 3722 721 3794 hortatur
761 3718 1034 3794 Boetinm,
1070 3728 1124 3770 ut
1161 3721 1374 3794 incipiat
1416 3723 1549 3774 colla
1584 3725 1718 3794 jugo
1754 3718 2040 3777 retrahere:

477 3789 666 3853 Jugum
689 3789 828 3841 enim
858 3787 984 3841 illud
1012 3787 1204 3843 mentis
1233 3796 1333 3843 est.

551 3857 746 3931 Verum
780 3857 1002 3931 duobus
1039 3859 1208 3931 iuodis
1249 3875 1398 3913 mens
1426 3859 1653 3914 humana
1699 3861 1919 3923 intelligi
1949 3876 2044 3931 po-

479 3937 581 3982 test
621 3928 844 3981 vinculis
875 3928 1395 3999 detinerial’rimum
1440 3932 1651 3999 quidem
1694 3934 1901 3986 ratione
1951 3928 2045 3982 no-

480 3999 659 4060 tionis,
677 4009 940 4067 quatenus
967 4000 1080 4051 lucc
1101 3998 1324 4053 obscura
1349 3998 1555 4064 est,aut
1576 4001 1793 4055 confusa
1816 4018 1830 4063 ;
1852 4001 2046 4055 deinde

481 4068 688 4120 ratione
732 4083 843 4121 suae
868 4068 1178 4131 voluntatis,
1209 4081 1471 4136 quatenus
1520 4073 1850 4137 ignoratione
1888 4072 2044 4124 ducta

484 4139 536 4189 in
558 4152 795 4209 errorem
827 4147 917 4190 aut
943 4138 1123 4209 vitium
1155 4137 1364 4191 labitur.
1391 4142 1631 4193 Nondum
1660 4143 1831 4208 agitur
1855 4143 1922 4194 de
1952 4156 2047 4209 pn-

482 4206 693 4278 stet-iori
718 4210 816 4260 hoc
836 4207 1159 4278 vinculorum
1185 4224 1408 4276 genere,
1433 4213 1523 4264 sed
1548 4206 1749 4264 tantum
1774 4212 1840 4264 de
1864 4206 2043 4278 priori.

483 4277 615 4350 ilum
643 4286 820 4331 autem
843 4277 1026 4331 eadem
1053 4294 1201 4350 utens
1224 4281 1290 4331 ita
1315 4289 1382 4332 stt
1407 4283 1671 4349 particeps
1688 4277 2045 4350 cogitationis,

484 4346 600 4418 haec
630 4359 684 4399 ut
715 4356 941 4414 nequeat
961 4347 1078 4401 exui
1106 4350 1350 4409 obscura,
1383 4346 1508 4418 quin
1540 4346 1684 4405 clara
1726 4346 1940 4405 notione
1967 4352 2048 4402 in-

483 4415 715 4486 duatur,
770 4428 1045 4486 propterea
1114 4415 1450 4485 Philosophia
1504 4436 1644 4474 nunc
1700 4422 1774 4474 ait
1827 4423 1938 4474 lore
1991 4428 2049 4473 ut

486 4500 639 4558 mens
668 4465 936 4558 B'oe'tii,rsi
967 4487 1079 4540 haec
1106 4488 1243 4543 bona
1279 4465 1409 4544 falsa
1442 4465 1653 4546 desinat
1680 4465 2053 4558 ιῦὶὶιεὶηῖῗνεῖᾆ
2083 4465 2132 4524 Ῑ)

487 4555 755 4624 inSpiciat.

670 4646 744 4713 ΙῙιι
768 4659 964 4713 quoque
988 4645 1103 4695 falsa
1128 4658 1271 4697 tuens
1295 4650 1415 4698 bona
1437 4652 1590 4713 prius,

672 4708 801 4756 Vera
819 4710 997 4757 dehinc
1021 4714 1228 4758 animum
1250 4708 1507 4761 subierint.

562 4789 579 4818 ι
622 4785 801 4855 Deﬁxo
824 4789 954 4862 visu.
977 4788 995 4859 ]
1041 4791 1191 4862 Sicut
1220 4792 1357 4847 oculi
1395 4795 1495 4848 huc
1527 4793 1761 4862 illucque
1796 4794 1960 4848 voluti
1984 4796 2064 4848 in—

490 4866 847 4939 constantem,
872 4860 948 4939 sic
977 4861 1063 4939 [ixi
1087 4873 1417 4939 constantem
1452 4868 1647 4918 mentis
1664 4860 1730 4918 ad
1761 4865 1960 4935 aliquid
1991 4879 2066 4918 at-

489 4932 760 5000 tendentis
784 4932 1159 4996 cogitationem
1194 4933 1515 5000 signiﬁcant.

560 4999 581 5028 '
628 4996 712 5072 ⁸Ιιι
742 4996 1432 5072 augustatn_sedem.]'Quod
1462 5005 1601 5058 enim
1626 5004 1970 5072 Phil080phia
1994 5007 2065 5058 sit

489 5068 949 5145 qumdam'regitta,
985 5070 1197 5145 ideirco,
1212 5068 1345 5145 hanc
1365 5075 1519 5129 decet
1544 5084 1759 5145 augusta
1780 5068 1892 5129 sive
1917 5078 2058 5143 regia

491 5140 670 5213 sedes.
702 5137 899 5213 Verum
934 5141 1272 5210 Philostiphia
1304 5144 1468 5199 instar
1498 5137 1795 5213 philt'nsttphi
1820 5148 1953 5210 sive,
1979 5137 2059 5199 'ut

491 5208 801 5283 loquuntur,
818 5210 868 5261 in
892 5222 1120 5283 concreto
1145 5208 1479 5267 considerata
1499 5208 1647 5268 etcOt
1663 5208 1790 5283 pore
1804 5226 1857 5270 et
1877 5208 2055 5269 mente

494 5281 706 5332 videtur
730 5290 994 5353 constare.
1029 5282 1272 5346 Quatnliu
1304 5298 1479 5337 autem
1528 5281 1681 5339 meus
1711 5301 1936 5353 corpore
1960 5287 2054 5337 ab-

493 5361 665 5422 repta,
690 5364 787 5417 pro
817 5350 972 5416 hujus
1000 5355 1268 5415 suasione,
1311 5354 1528 5422 cogitat,
1560 5355 1739 5407 tandin
1773 5350 1939 5420 errat,
1971 5367 2063 5410 aut

494 5420 682 5473 saltem
711 5423 922 5492 errandi
953 5422 1187 5489 periculo
1228 5420 1431 5487 subest,
1459 5426 1601 5490 quod
1644 5426 2061 5492 praecipitatione

496 5499 587 5542 aut
615 5490 922 5557 prtejudicio
953 5492 1206 5545 ducatur.
1231 5493 1587 5557 Quamobrem
1630 5490 1679 5547 si
1703 5490 1854 5548 mens
1880 5496 2059 5559 plnlo-

497 5562 716 5626 sOphica
742 5560 1177 5627 volueritnptime
1204 5573 1458 5630 cogitare,
1487 5579 1708 5618 necesse
1730 5574 1811 5618 est
1839 5576 1895 5617 ut
1922 5566 2055 5631 ipsa,

497 5640 723 5704 corpore
758 5631 923 5683 veluti
954 5632 1131 5686 valere
1168 5634 1352 5704 jusso,
1387 5637 1451 5686 ad
1482 5648 1541 5688 se
1588 5634 1788 5700 redeat,
1833 5648 2060 5704 suasque

499 5696 851 5767 cogitationes
879 5705 1131 5757 attentius
1163 5696 1463 5757 meditetur.

2192 2190 2213 2221 ³
2258 2189 2434 2262 omnis
2464 2190 2756 2262 mortalium
2786 2206 2929 2256 cura,
2958 2189 3115 2262 etc.;]
3148 2191 3269 2247 Haec
3294 2200 3381 2246 est
3410 2195 3689 2261 propositio

2121 2274 2282 2327 quam
2314 2258 2657 2327 Philosophia
2682 2276 2821 2315 nunc
2845 2262 3067 2327 suscipit
3086 2258 3436 2330 probandam,
3462 2258 3689 2318 videlicet

2121 2344 2313 2384 omnes
2340 2329 2584 2384 homines
2616 2330 2683 2383 ad
2712 2329 3096 2386 beatitudinem
3126 2333 3344 2386 tendere
3371 2332 3470 2387 sed
3497 2333 3690 2388 diversa

2123 2400 2225 2471 via,
2256 2399 2396 2471 quod
2452 2407 2510 2452 ut
2542 2411 2883 2470 exsequatur,
2932 2402 3162 2471 primum
3208 2402 3458 2471 pr0ponit
3510 2405 3690 2458 summi

2123 2470 2247 2525 boni
2280 2470 2573 2525 notionem.

2201 2559 2222 2588 ⁸
2241 2556 2329 2630 __Id
2356 2568 2540 2630 autem
2567 2566 2643 2611 est
2691 2559 2895 2612 bonum.
2918 2558 2938 2630 ]
2988 2560 3197 2615 Bonum
3222 2565 3520 2629 generatim
3549 2576 3693 2615 voca-

2132 2638 2217 2683 tur
2239 2628 2372 2681 illud
2404 2628 2544 2694 quod
2570 2630 2731 2683 beare
2752 2628 2963 2683 videtur
2992 2648 3006 2682 :
3041 2630 3234 2683 bonum
3265 2631 3471 2698 quippe
3496 2640 3554 2685 ut
3580 2648 3693 2685 cen-

2131 2707 2214 2752 set
2239 2698 2514 2769 Ulpianus,
2542 2712 2571 2750 a
2594 2698 2788 2751 beando
2817 2699 3012 2753 dicitur
3043 2717 3056 2751 :
3092 2701 3232 2753 unde
3255 2700 3463 2768 antiqui
3496 2716 3589 2769 pro
3618 2704 3696 2754 bo-

2133 2785 2231 2821 nus
2257 2768 2441 2821 dixere
2472 2767 2662 2831 benus;
2712 2784 2778 2822 ex
2806 2784 2911 2835 quo
2953 2771 3003 2822 in
3046 2784 3142 2822 usu
3184 2767 3444 2823 remansit
3485 2767 3602 2823 bene
3648 2781 3696 2825 et

2136 2839 2317 2895 tellus.
2371 2837 2477 2908 sed
2504 2840 2647 2907 quod
2680 2838 2839 2892 beare
2863 2839 3093 2905 videtur,
3119 2839 3457 2907 philosophis
3481 2840 3696 2908 duplicis

2136 2918 2218 2962 est
2247 2906 2459 2975 generis
2486 2926 2497 2959 :
2527 2924 2689 2961 unttm
2722 2909 2919 2962 dicitur
2956 2926 3057 2973 res,
3085 2909 3309 2962 alterum
3336 2906 3573 2963 vocatur
3597 2926 3698 2961 inoo

2138 2981 2274 3049 dus:
2303 2979 2448 3047 prius
2471 2978 2724 3049 beatitudo
2743 2979 3002 3046 objectiva,
3030 2979 3291 3046 posterius
3320 2977 3577 3032 beatitudo
3603 2980 3699 3049 {or-

2138 3048 2286 3101 malis
2317 3049 2503 3101 iisdem
2534 3048 2861 3116 appellatur:
2894 3060 3172 3115 utrumque
3204 3049 3288 3101 hic
3315 3050 3509 3102 dellnit
3530 3048 3697 3104 Philo-

2061 3105 2107 3167 C
2138 3118 2347 3185 sophia.
2392 3119 2543 3171 Prius
2571 3105 2708 3179 'sic;
2768 3120 2985 3183 bonum,
3024 3105 3122 3188 qu'o
3168 3120 3537 3188 quisgadepto,
3583 3119 3700 3171 nihil

2139 3187 2212 3240 ult
2224 3189 2359 3241 erins
2386 3188 2675 3242 desiderare
2690 3198 2873 3255 queat;
2903 3200 3061 3256 atque
3084 3186 3185 3241 hoc
3204 3186 3330 3242 dicit
3357 3186 3607 3241 summum
3626 3191 3700 3240 ιο.

2139 3273 2296 3321 num;
2325 3259 2575 3311 nimirum
2606 3260 2657 3310 in
2689 3274 2882 3324 genere
2900 3262 2995 3312 rei.
3020 3257 3286 3311 Posterius
3308 3272 3441 3311 vero
3467 3259 3544 3312 sic
3570 3274 3584 3311 :
3609 3268 3701 3311 sta-

2140 3336 2247 3379 tum
2272 3328 2517 3379 bonorum
2541 3329 2766 3380 omnium
2790 3328 3176 3397 congregatione
3197 3327 3477 3395 perfectum
3498 3346 3518 3382 :
3542 3337 3593 3381 et
3613 3328 3700 3381 hoc

2142 3406 2294 3450 \ocat
2324 3398 2702 3451 beatitudinem.
2734 3398 2907 3459 Prius,
2932 3397 3291 3451 nobisdicitur
3321 3398 3501 3460 Deus;
3534 3408 3697 3465 poste-

2141 3468 2274 3528 rius.
2307 3466 2557 3529 cogitatio
2603 3468 2795 3521 mentis
2847 3468 2957 3522 Deo
3006 3478 3315 3521 constanter
3366 3468 3695 3522 adhrerentis.

2141 3535 2248 3591 Sed
2279 3536 2346 3590 de
2377 3537 2457 3590 bis
2488 3546 2686 3603 postea.

2213 3625 2235 3655 ⁸
2275 3624 2429 3677 Hunc
2466 3625 2668 3679 diverso
2695 3626 2894 3678 tramite
2919 3625 3177 3678 mortales.
3203 3623 3223 3695 ]
3254 3624 3457 3679 Deinde
3480 3624 3705 3679 Philoso-

2146 3692 2265 3760 phia
2298 3696 2485 3761 probat
2536 3696 2780 3748 homines
2814 3696 3021 3749 diversa
3053 3696 3134 3747 via
3159 3692 3379 3749 tendere
3396 3695 3465 3748 ad
3498 3695 3705 3749 beatitu-

2144 3764 2352 3885 dinem;
2384 3765 2524 3834 quod
2549 3768 2781 3819 innatam
2813 3766 3005 3819 summi
3030 3764 3443 3819 boninotionem
3472 3764 3605 3819 male
3626 3779 3707 3835 ap-

2147 3847 2180 3885 D
2205 3844 2362 3885 Iceni.

2146 3844 2362 3901 plicettt.

2219 3922 2239 3952 °
2279 3921 2371 3975 Est
2398 3922 2533 3974 enim
2560 3923 2809 3976 mentibus
2838 3922 3123 3987 hominum,
3147 3928 3252 3975 etc.
3278 3919 3297 3991 ]
3321 3921 3392 3976 Ut
3421 3923 3561 3977 enim
3584 3920 3707 3974 Deus

2151 4002 2381 4045 mentem
2414 3996 2699 4046 humanam
2730 4003 2950 4061 propter
2977 3993 3324 4059 semetipsum
3352 3993 3621 4053 condidit;
3642 3992 3708 4044 sic

2149 4061 2323 4115 eidem
2356 4063 2520 4115 menti
2546 4060 2822 4116 statim'ab
2850 4072 2969 4117 ortu
3002 4062 3191 4116 indidit
3214 4078 3316 4115 non
3350 4063 3526 4116 solum
3556 4060 3709 4113 notio-

2151 4147 2299 4202 nem,
2331 4133 2425 4184 sed
2455 4134 2617 4186 etiam
2645 4133 2971 4186 voluntatem
3012 4133 3206 4187 summi
3240 4131 3396 4197 boui,
3430 4131 3569 4202 quod
3596 4128 3709 4183 nihil

2148 4211 2232 4255 est
2258 4201 2403 4254 aliud
2422 4216 2578 4267 quam
2619 4204 2732 4271 ipse
2758 4202 2919 4256 Deus.

2224 4290 2243 4319 "
2284 4289 2364 4361 Ad
2395 4288 2530 4357 falsa
2550 4289 2724 4342 devius
2751 4306 2895 4342 error
2911 4287 3177 4361 abducit]
3203 4286 3448 4361 Quandiu
3470 4302 3616 4361 mens
3629 4284 3711 4338 hu~

2152 4374 2308 4412 mana
2339 4358 2505 4412 Deum
2528 4370 2581 4413 et
2611 4363 2919 4426 magistrum
2947 4360 3094 4412 audit
3113 4398 3128 4421 ,
3158 4358 3213 4412 et
3236 4358 3432 4413 ducem
3468 4358 3708 4426 sequitur.

2160 4428 2284 4481 tand
2310 4446 2340 4479 ιι
2375 4438 2431 4482 et
2465 4431 2665 4481 erroris
2703 4440 2757 4483 et
2788 4430 2897 4482 vitii
2929 4440 3008 4482 est
3038 4442 3268 4497 expers:
3299 4429 3393 4481 s‘ed
3420 4428 3506 4480 vix
3547 4426 3711 4480 eadem

2167 4513 2316 4551 tuens
2344 4497 2522 4551 divina
2545 4499 2631 4553 illa
2666 4500 2777 4567 lege
2809 4500 2978 4551 soluta
2996 4510 3097 4563 est,
3123 4511 3488 4565 enitrconsors
3514 4511 3711 4563 corpus,

2167 4570 2416 4635 imperari
2442 4569 2814 4635 impatienan
2843 4569 2954 4635 ipsa
2980 4578 3154 4622 mente
3186 4570 3363 4636 plures
3384 4567 3579 4620 excitat
3605 4579 3711 4633 per-

2167 4639 2531 4704 turbationes,
2563 4640 2756 4706 quibus
2784 4640 3083 4693 obscuritas
3124 4640 3350 4704 primum
3374 4648 3431 4691 et
3452 4636 3682 4706 conlusio
3697 4648 3707 4691 ς

2168 4710 2363 4763 deinde
2411 4703 2685 4776 multiplex
2716 4724 2869 4762 error
2895 4703 3134 4775 ejusdem
3177 4708 3369 4761 tuentis
3398 4707 3584 4760 oritur.
3634 4703 3713 4776 Ille

2170 4787 2347 4832 autem
2371 4794 2527 4833 error
2555 4774 2749 4832 dicitur
2795 4780 2963 4831 devius
2987 4793 3008 4831 :
3033 4794 3139 4831 non
3179 4779 3350 4831 solum
3382 4778 3523 4844 quod
3554 4776 3633 4828 ille
3653 4774 3711 4824 sit

2171 4850 2421 4921 cogitatio
2451 4849 2643 4921 mentis
2661 4863 2711 4921 pa
2739 4864 2859 4902 vera
2887 4848 3155 4915 judicandi
3188 4861 3369 4900 norma
3396 4844 3713 4921 aberrantis:

2172 4913 2264 4973 sed
2305 4920 2466 4971 etiam
2489 4918 2630 4986 quod
2659 4919 2798 4972 idem
2827 4913 2983 4971 causa
3013 4922 3103 4984 sit,
3133 4933 3229 4972 cur
3247 4917 3533 4987 appetitio,
3552 4913 3713 4987 iudicii

2168 4984 2537 5042 antecedentis
2559 5003 2760 5053 comes,
2814 5003 2842 5039 a
2864 5002 2958 5041 sua
2994 4991 3154 5041 etiam
3183 4990 3298 5055 lege
3322 4984 3545 5041 aberret
3571 5002 3591 5055 :7
3610 4984 3715 5035 hinc

2167 5060 2364 5112 dicitur
2392 5058 2643 5111 abducere
2668 5060 2731 5110 ad
2756 5058 2886 5111 falsa
2910 5075 2923 5120 ;
2958 5058 3089 5111 falsa
3117 5054 3319 5112 scilicet
3346 5054 3714 5122 assumptione:

2166 5141 2221 5181 ut
2248 5129 2360 5196 jam
2389 5130 2720 5197 probandum
2750 5137 2831 5181 est
2861 5129 2928 5182 de
2959 5128 3178 5195 divitiis,
3206 5128 3517 5189 honoribus,
3548 5133 3712 5194 poten-

2165 5199 2255 5264 tia,
2284 5201 2449 5267 gloria
2486 5210 2539 5252 et
2569 5198 2931 5265 voluptatibus
2953 5237 2968 5260 ,
3000 5203 3226 5267 primum
3250 5198 3461 5266 quidem
3476 5204 3713 5251 seorsum.

2160 5279 2343 5339 postea
2375 5279 2683 5337 comparate
2711 5272 2984 5336 spectatis.

2240 5358 2261 5388 ⁸
2304 5356 2532 5419 Quorum
2559 5355 2768 5417 quidem
2806 5355 2920 5420 alii,
2943 5364 3045 5408 etc.
3076 5353 3089 5424 Ι
3132 5353 3171 5407 l.
3205 5353 3392 5423 Agitur
3412 5353 3477 5407 de
3503 5347 3712 5405 divitiis:

2182 5426 2271 5493 qui
2305 5427 2388 5478 his
2415 5424 2636 5496 inhiant,
2670 5426 2746 5477 sic
2777 5425 3133 5496 argumentari
3158 5424 3408 5496 videntur
3436 5441 3450 5476 :
3479 5429 3714 5496 summum

2183 5497 2381 5549 bonum
2407 5503 2490 5547 est
2516 5495 2677 5547 nihilo
2705 5495 2931 5564 indigere
2960 5512 2972 5546 :
3010 5510 3127 5562 qua:
3158 5494 3447 5563 propositio
3474 5494 3713 5564 estveris-

2183 5566 2359 5618 siina:
2412 5566 2503 5619 sed
2553 5568 2642 5631 qui
2683 5560 2882 5617 dititiis
2907 5560 3438 5627 afllu'ttttt,'lti'niltilo
3464 5560 3712 5631 indigent;

2180 5650 2299 5702 quae
2345 5645 2430 5689 est
2474 5629 2769 5702 assumptio
2798 5634 3118 5688 lalsissima:
3161 5636 3267 5689 ituo
3315 5648 3421 5703 quo
3463 5629 3608 5688 ditior
3651 5630 3713 5679 est

2184 5705 2366 5769 homo,
2412 5718 2477 5759 eo
2505 5705 2743 5769 pluribus
2783 5703 2999 5769 indiget.
