3984 6382
281 445 380 499 725

1174 437 1260 492 DE
1299 431 1808 493 CONSOLATIONE
1848 429 1880 482 I’

1989 423 2318 484 .OSOt’ItIAi
2360 424 2488 480 LIB.
2529 421 2611 477 ltt.
3415 414 3518 466 7-263

281 569 400 609 esse
423 555 620 608 bonum
657 553 823 607 nihilo
855 552 1089 621 indigere
1113 549 1411 612 credentes,
1449 556 1506 600 ut
1535 544 1733 599 divitiis
1774 541 1846 594 al—
1882 547 1930 602 Λ
1961 547 2287 594 muneratur.
2346 537 2625 602 Reliquum
2671 547 2793 587 \ero
2828 531 2906 584 rei
2943 530 3189 598 potentia:
3221 542 3373 621 catist
3395 567 3408 589 ,
3439 527 3519 578 vel

283 643 471 707 ﬂuant,
521 643 598 714 (5)
649 644 924 697 elaborant
955 659 966 694 :
1017 641 1032 671 ¹
1059 639 1148 692 alii
1181 654 1306 692 vero
1338 639 1557 699 bonum,
1615 634 1754 701 quod
1781 633 1850 685 sit

282 733 654 801 dignissimum
686 733 1052 797 veneratione,
1076 729 1378 798 iudicantes
1397 769 1411 790 ,
1444 727 1653 794 adeptis
1677 725 1846 778 hono-

284 827 454 890 ribus,
474 835 501 863 "
524 826 802 880 reverendi
831 825 1040 878 civibus
1074 824 1185 876 suis
1213 836 1333 874 esse
1362 821 1621 873 nituntur.
1653 820 1672 848 '
1714 818 1853 872 Sunt

284 916 374 983 qui
402 930 666 971 summum
701 919 894 970 bonum
921 916 974 968 in
1003 928 1209 968 summa
1238 913 1470 980 potentia
1509 926 1631 965 esse
1651 909 1850 964 consti-

286 1014 439 1060 tuant
472 1022 487 1057 :
519 1005 574 1060 hi
604 1006 688 1060 vel
733 1021 955 1074 regnare
994 1005 1097 1074 ipsi
1142 1005 1360 1068 volunt,
1392 1005 1472 1058 vel
1508 1003 1854 1072 regnantibus

287 1094 566 1150 adharere
615 1106 893 1150 conantur.
945 1095 1103 1167 178
1146 1094 1166 1125 ³
1232 1094 1302 1148 At
1346 1095 1541 1162 quibus
1595 1092 1852 1160 optimum

287 1184 546 1254 quiddam
577 1186 790 1239 claritas
815 1186 1056 1249 videtur;
1102 1185 1150 1238 bi
1179 1185 1260 1239 vel
1290 1185 1436 1248 belli,
1485 1183 1566 1237 vel
1593 1185 1737 1253 pacis
1775 1198 1860 1235 ar-

291 1276 435 1332 tibus
457 1277 746 1346 gloriosum
786 1291 980 1330 nomen
1022 1290 1317 1345 propagare
1377 1274 1650 1329 festinant.
1685 1273 1705 1303 ⁸
1735 1272 1856 1326 Plu-

287 1367 411 1420 rimi
451 1381 580 1420 vero
631 1367 752 1420 boni
785 1368 1011 1421 fructum
1043 1367 1260 1436 gaudio,
1311 1366 1598 1434 laetitiaque
1628 1365 1859 1417 metiun-

299 1466 387 1508 tur
448 1473 462 1508 :
521 1458 572 1509 hi
630 1457 993 1512 lelicissimum
1035 1467 1224 1526 putant
1272 1457 1539 1525 voluptate
1595 1455 1858 1508 dillluere.

284 1545 305 1574 ⁵
346 1545 483 1600 Sunt
509 1547 702 1614 etiam,
730 1549 819 1615 qui
851 1548 1038 1602 homin
1071 1549 1242 1611 fineis,
1275 1561 1566 1616 causasque
1609 1548 1862 1599 alterutro

293 1635 373 1708 (5)
402 1636 430 1675 δ
461 1647 795 1707 permutant:
847 1648 924 1705 ut,
969 1639 1057 1708 qui
1083 1637 1292 1692 divitias
1323 1638 1391 1692 ob
1423 1637 1732 1707 potentiam.
1771 1652 1863 1688 vo-

293 1728 630 1798 luptatesque
671 1729 1008 1795 desiderant;
1061 1731 1150 1785 vel
1194 1731 1282 1799 qui
1313 1729 1602 1799 potentiam
1644 1743 1741 1784 seu
1773 1743 1860 1796 pe-

292 1819 467 1874 cunia:
494 1835 676 1885 causa,
701 1837 793 1877 seu
817 1821 1120 1889 proferendi
1163 1822 1393 1876 nominis
1421 1829 1626 1890 petunt.
1660 1821 1681 1851 ⁸
1699 1821 1754 1874 ln
1781 1819 1863 1873 bis

1963 627 2334 684 delectationis
2367 628 2673 679 assumitur.
2709 623 2825 677 iam
2872 636 2998 674 vero
3048 620 3286 688 corporis
3331 618 3468 669 bona
3497 630 3518 653 υ

1956 730 2259 791 promptum
2307 730 2421 777 est,
2477 727 2530 768 ut
2559 716 2622 767 ad
2654 714 2923 780 superiora
2973 712 3286 766 referantur.
3345 709 3526 762 Robur

1957 815 2100 867 enim
2134 809 2548 878 magnitudoque
2597 809 2841 860 videntur
2869 804 2886 842 ί
2915 815 3163 874 praestare
3210 804 3523 863 valentiam;

1960 901 2294 972 pulchritudo
2324 910 2483 969 atque
2517 897 2630 970 (i5)
2660 898 2916 950 velocitas
2944 897 3340 956 celebritatem;
3386 893 3530 946 salu-

1960 997 2147 1058 britas,
2182 993 2525 1059 voluptatem.
2578 988 2778 1052 Quibus
2821 989 3067 1041 omnibus
3102 988 3265 1042 solam
3302 985 3528 1038 beatitu-

1960 1088 2138 1142 dinem
2167 1085 2458 1140 desiderari
2497 1084 2684 1150 liquet.
2723 1082 2852 1134 Nam
2884 1080 3021 1150 quod
3050 1082 3201 1150 quisq
3226 1097 3269 1132 te
3292 1096 3400 1148 prie
3423 1095 3531 1133 ca:-

1962 1179 2090 1232 teris
2114 1178 2264 1246 petit,
2291 1175 2341 1229 id
2359 1189 2624 1228 summum
2651 1171 2984 1240 essejudicat
3006 1171 3218 1224 bonum.
3254 1173 3356 1226 Sed
3388 1188 3532 1226 sum-

1962 1283 2104 1320 mum
2137 1268 2331 1320 bonum
2379 1261 2758 1318 beatitudinem
2782 1276 2903 1315 esse
2944 1260 3294 1315 delinivimus.
3356 1265 3530 1330 Quare

1964 1359 2176 1413 beatum
2208 1373 2330 1410 esse
2356 1356 2559 1424 judicat
2589 1362 2807 1417 statum,
2833 1367 2991 1422 quem
3021 1368 3130 1421 pra:
3152 1353 3359 1406 emeris
3387 1355 3535 1422 quis-

1963 1466 2065 1520 que
2105 1447 2392 1502 desiderat.
2444 1446 2614 1500 llabes
2647 1446 2805 1514 igitur
2853 1453 2976 1496 ante
3023 1444 3208 1498 oculos
3239 1455 3263 1490 ε
3297 1446 3538 1512 proposi-

1966 1555 2071 1596 tam
2101 1543 2213 1596 fere
2239 1536 2353 1609 (“30)
2384 1539 2603 1592 formam
2637 1537 2903 1591 felicitatis
2952 1535 3213 1601 humanm,
3264 1551 3414 1604 opes,
3447 1537 3539 1588 Im-

1966 1649 2144 1697 nores,
2179 1631 2489 1700 potentiam,
2529 1628 2773 1696 gloriam,
2826 1626 3146 1693 voluptates.
3181 1627 3339 1696 179
3367 1629 3383 1656 ⁷
3413 1627 3540 1692 Qua:

1966 1723 2178 1794 quidem
2211 1723 2323 1775 sola
2356 1719 2702 1775 considerans
2723 1719 3001 1787 Epicurus,
3026 1730 3412 1788 consequenter
3440 1722 3542 1776 sibi

1967 1832 2236 1874 summum
2266 1816 2464 1869 bonum
2510 1813 2836 1880 voluptatem
2886 1828 3007 1866 esse
3049 1814 3321 1868 constituit
3352 1832 3365 1879 ;
3398 1816 3539 1883 quod

293 1910 457 1979 igitur
488 1911 803 1981 eat-terisque
847 1913 1039 1968 talibus
1067 1914 1421 1968 humanorum
1444 1921 1682 1976 actuum,
1711 1921 1864 1964 voto-
1902 1913 1944 1971 B
1971 1921 2161 1966 cmtera
2191 1910 2369 1964 omnia
2392 1907 2782 1977 jucunditatem
2817 1908 2995 1959 animo
3026 1907 3306 1962 videantur
3326 1909 3537 1964 atl‘erre.

293 2016 522 2072 rumque
555 2014 796 2058 versatur
827 2015 848 2043 ε
882 2005 1144 2069 intentio;
1175 2005 1337 2059 veluti
1383 2005 1655 2067 nobilitas.
1686 2003 1864 2058 favor-

294 2108 403 2163 que
428 2095 716 2164 popularis,
765 2111 885 2166 qua:
916 2097 1162 2151 videntur
1183 2097 1468 2166 quamdam
1496 2095 1864 2150 claritudinem

294 2199 639 2256 comparare;
670 2202 804 2242 uxor
827 2202 888 2241 ac
914 2189 1091 2252 liberi,
1113 2189 1204 2258 qui
1233 2189 1348 2258 (10)
1377 2187 1725 2257 iucunditatis
1750 2201 1869 2255 gra-

295 2276 371 2332 tia
398 2287 667 2347 petuntur.
714 2279 1018 2336 Amicorum
1050 2295 1198 2348 vero,
1228 2282 1369 2350 quod
1401 2284 1426 2315 σ
1460 2279 1866 2335 sanctissimum

294 2367 516 2438 quidem
553 2383 722 2440 genus
747 2378 852 2439 est,
884 2386 990 2427 non
1039 2371 1091 2426 in
1124 2371 1332 2426 fortuna
1361 2414 1376 2439 ,
1437 2370 1530 2426 sed
1585 2371 1636 2424 in
1669 2369 1869 2424 virtute

1969 2003 2073 2059 Sed
2093 2003 2154 2056 ad
2192 2002 2464 2055 hominum
2517 2000 2688 2053 studia
2724 2010 3006 2052 revertor:
3055 2015 3279 2066 quorum
3309 1999 3540 2065 animus,

1971 2105 2022 2148 et
2055 2095 2098 2147 si
2132 2092 2156 2130 ιι
2189 2093 2451 2161 caligante
2483 2092 2741 2144 memoria
2771 2134 2785 2156 ,
2838 2102 3014 2146 tamen
3047 2092 3242 2146 bonum
3275 2108 3540 2145 summum

1980 2185 2059 2256 (Ei)
2088 2186 2302 2252 repetit,
2355 2183 2451 2237 sed
2478 2184 2498 2214 ⁸
2532 2186 2675 2236 velut
2700 2183 2908 2245 ebrius,
2939 2182 3154 2236 domum
3198 2199 3304 2252 quo
3338 2184 3546 2237 tramite

1981 2285 2279 2332 revertatur
2301 2317 2316 2343 ,
2367 2278 2597 2344 ignorat.
2634 2279 2654 2310 θ
2685 2274 2817 2328 Nutu
2855 2277 2997 2330 enim
3025 2276 3273 2330 videntur
3293 2291 3474 2332 errare
3496 2277 3545 2329 bi

1977 2374 2066 2442 qui
2108 2373 2277 2427 nihilo
2326 2373 2566 2442 indigere
2603 2371 2880 2427 nituntur?
2935 2374 3090 2442 Atqui
3125 2389 3228 2425 non
3255 2381 3338 2427 est
3383 2370 3545 2433 aliud,

1641 2503 2211 2561 INTERI‘RETATIO.

438 2622 822 2694 Honoratum}

438 2693 524 2748 Ex
555 2693 825 2762 praedictis
851 2693 1024 2748 bonis.

381 2771 406 2801 ε
443 2763 681 2818 Summa.

371 2831 401 2870 ά
441 2834 726 2890 Bonorum.

2054 2626 2077 2653 (⁸
2125 2617 2369 2670 Omnibus
2395 2627 2546 2682 patet.

2054 2687 2071 2724 ί
2118 2685 2324 2754 Efﬁcere
2351 2697 2404 2738 ut
2446 2689 2631 2740 taleas.

2054 2768 2078 2802 Β
2120 2757 2327 2809 Mentis.

2053 2825 2078 2863 ιι
2124 2826 2420 2879 Obscuram.

1821 2963 2050 3019 ΝΟΤᾹΞ.

375 3084 392 3114 ⁸
435 3082 535 3134 Alii
565 3083 750 3135 bonum
775 3080 910 3147 quod
933 3089 995 3133 stt
1023 3080 1375 3151 dignissimum
1398 3081 1734 3144 veneratione,
1763 3088 1867 3134 etc.

303 3152 368 3206 ll.
396 3151 588 3220 Agitur
608 3154 676 3206 de
703 3151 1044 3220 dignitatibus
1071 3151 1186 3204 sive
1213 3151 1528 3216 honoribus,
1563 3151 1753 3220 quibus
1783 3153 1870 3216 qui

303 3224 521 3277 student
572 3223 650 3275 sic
703 3225 949 3274 videntur
976 3221 1278 3274 ratiocinari
1313 3238 1328 3276 ε
1360 3237 1626 3275 summum
1679 3223 1872 3274 bonum

303 3304 386 3347 est
430 3293 750 3346 veneratione
795 3292 1146 3358 dignissimum
1178 3306 1198 3345 :
1250 3307 1374 3346 vera
1406 3291 1700 3359 propositio
1733 3310 1748 3348 :
1781 3292 1875 3345 sed
1906 3287 1950 3348 Β

303 3366 651 3418 veneratione
672 3361 1014 3430 dignissimus
1060 3362 1218 3415 homo
1249 3369 1493 3426 nonest,
1530 3362 1627 3414 nisi
1680 3363 1722 3415 is
1772 3378 1883 3415 tua-

302 3431 528 3500 gistratu
558 3433 840 3486 decoretur
870 3448 883 3484 :
923 3432 1048 3484 falsa
1081 3433 1378 3500 assumptio
1411 3449 1424 3485 :
1455 3435 1500 3487 si
1527 3433 1740 3500 quidem
1769 3433 1883 3498 ipse

303 3503 651 3584 magistratus
681 3518 785 3556 non
815 3501 1035 3566 colitur,
1067 3503 1170 3557 nisi
1201 3502 1358 3557 fuerit
1383 3518 1504 3559 cum
1533 3504 1728 3556 virtute
1756 3517 1884 3558 ceu-

327 3583 542 3626 unctus.

303 3589 576 3715 Ἶι-Ιέεὲμιῗηι
595 3643 681 3715 qui
715 3658 970 3715 summum
991 3642 1176 3695 bonum
1197 3645 1248 3696 in
1261 3659 1460 3698 summa
1493 3645 1737 3714 potentia,
1757 3643 1884 3715 etc.]

305 3713 396 3768 Ill.
422 3715 612 3783 Agitur
633 3713 700 3767 de
729 3714 985 3782 petentia,
1017 3727 1176 3780 quam
1205 3719 1294 3783 qui
1326 3713 1548 3783 appetit,
1575 3717 1652 3769 sic
1682 3713 1888 3769 videtur

304 3785 669 3853 argumentari
703 3801 716 3837 :
765 3797 971 3836 summa
1003 3783 1235 3853 potentia
1287 3794 1369 3837 est
1418 3787 1682 3839 individua
1707 3801 1887 3839 comes

305 3852 510 3910 summi
537 3856 658 3910 boni
687 3872 699 3905 :
732 3868 854 3908 vera
887 3852 1179 3920 propositio
1213 3868 1227 3907 :
1277 3856 1371 3907 sed
1403 3855 1562 3908 homo
1601 3871 1702 3907 nou
1731 3857 1890 3908 habet

306 3941 576 3979 summam
607 3925 896 3993 potentiam
936 3923 1038 3976 nisi
1067 3925 1371 3990 regnattdo,
1425 3938 1515 3977 aut
1547 3928 1890 3993 regnantibus

307 3996 644 4050 adbaarendo
670 4014 682 4047 :
717 3996 848 4048 falsa
866 3993 1158 4060 assumptio
1191 4013 1202 4045 :
1235 3996 1661 4064 quandoquidem
1689 3996 1786 4062 ipsi
1806 4013 1891 4048 re-

307 4080 407 4133 ges
431 4082 536 4120 non
566 4076 688 4120 sunt
713 4075 988 4134 potentes,
1023 4065 1122 4118 nisi
1161 4065 1272 4118 suis
1304 4065 1570 4135 imperent
1617 4067 1893 4134 perturba-

309 4137 574 4190 tionibus.

385 4207 407 4237 ³
447 4208 513 4259 At
552 4205 733 4272 quibus
781 4205 1026 4275 Optimum
1054 4206 1300 4275 quiddam
1337 4207 1566 4270 claritas,
1619 4204 1768 4275 etc.]
1800 4206 1887 4260 IV.

314 4277 506 4345 Agitur
531 4277 599 4330 de
619 4276 778 4341 fama,
806 4290 963 4344 quam
987 4279 1074 4346 qui
1106 4277 1433 4341 desiderant,
1450 4292 1528 4330 src
1552 4278 1792 4331 \identur
1815 4292 1891 4329 ra-

314 4347 582 4400 tiocinari.
613 4348 816 4399 Summi
852 4347 974 4400 boni
1003 4355 1086 4400 est
1113 4361 1232 4400 esse
1260 4346 1492 4404 clarum:
1533 4348 1672 4415 quod
1706 4361 1888 4400 verum

314 4429 400 4471 est
432 4435 444 4468 :
477 4416 573 4470 sed
603 4419 778 4470 clarus
807 4418 966 4468 homo
993 4431 1114 4470 esse
1157 4418 1341 4484 nequit
1372 4419 1472 4471 nisi
1520 4419 1599 4470 vel
1649 4416 1773 4470 belli
1805 4418 1891 4470 vel

319 4488 462 4550 pacis
491 4489 696 4540 artibus
728 4503 742 4550 ;
774 4489 912 4555 quod
939 4486 1128 4540 falsum
1159 4496 1241 4541 est
1273 4503 1284 4536 :
1327 4501 1448 4540 cum
1498 4487 1579 4541 ha:
1606 4497 1749 4541 artes
1795 4501 1893 4540 sac-

316 4557 435 4625 pius
457 4557 564 4609 sint
592 4558 838 4610 vitiorum
868 4557 1137 4609 materies.

387 4626 410 4696 ἕ
449 4625 675 4679 Plurimi
723 4627 838 4696 boni
856 4629 1083 4694 fructum
1112 4627 1317 4694 gaudio.
1341 4625 1486 4696 etc.]
1519 4627 1583 4682 V.
1613 4629 1798 4695 Agitur
1827 4627 1893 4680 de

317 4695 703 4764 voluptatibus,
734 4695 924 4765 quibus
970 4696 1058 4764 qui
1103 4696 1408 4762 indulgent,
1444 4697 1496 4750 lti
1540 4715 1662 4752 vere
1693 4714 1888 4766 prono-

318 4775 453 4820 nunt
481 4781 744 4819 summum
774 4766 970 4819 bonum
1004 4781 1107 4818 non
1136 4781 1256 4820 esse
1281 4769 1397 4820 sine
1427 4767 1602 4821 laetitia
1635 4786 1646 4820 :
1673 4769 1767 4821 sed
1799 4770 1894 4820 fal-

319 4855 380 4892 so
406 4849 688 4892 assumunt
715 4840 852 4890 hanc
899 4835 1136 4888 laatitiaiu
1169 4838 1334 4906 accipi
1375 4851 1532 4904 posse
1557 4854 1584 4890 a
1615 4837 1774 4891 rebus
1799 4853 1892 4890 ca-

319 4911 492 4964 ducis.
549 4908 744 4976 Sicque
773 4917 946 4958 actum
983 4915 1065 4957 est
1098 4921 1336 4960 seorsum
1368 4908 1435 4962 de
1479 4908 1632 4962 ltonis
1656 4907 1892 4961 Caducis.

390 4982 413 5011 ⁸
451 4979 592 5035 Sunt
636 4981 786 5031 etiam
805 4977 904 5048 qui
919 4976 1100 5027 horum
1128 4977 1296 5044 ﬁneis,
1325 4987 1428 5029 etc.
1457 4977 1466 5048 Ι
1503 4977 1587 5030 Ἠ.
1618 4978 1807 5048 Agitur
1831 4979 1896 5031 de

317 5051 595 5121 praedictis
623 5049 868 5121 omnibus
895 5046 1110 5121 interse
1131 5046 1492 5121 comparatis:
1518 5047 1708 5121 quibus
1735 5050 1895 5121 modo

357 5121 584 5178 furibus.
619 5119 776 5171 modo
808 5115 1178 5182 paucioribus;
1229 5119 1385 5170 modo
1417 5115 1545 5182 his,
1579 5117 1738 5170 modo
1795 5119 1899 5170 illis

357 5138 584 5178 lurlDtIS.
619 5138 776 5171 moon
808 5138 1178 5182 [taucutrwtts;
1229 5138 1385 5170 mouit
1417 5138 1529 5182 IIIS,
1579 5138 1738 5170 111000
1795 5138 1894 5170 IIIIS

318 5138 486 5245 gomo
513 5190 768 5250 adlucret,
804 5203 899 5255 pro
920 5185 1128 5238 diversa
1152 5189 1514 5251 assump'ioue
1549 5204 1707 5257 quam
1733 5188 1894 5241 facit:

320 5264 464 5332 quod
489 5277 555 5315 ex
586 5260 705 5313 solo
729 5257 989 5313 orationis
1024 5268 1274 5311 eontexm
1309 5259 1518 5314 videtur
1548 5259 1708 5312 nobs
1735 5258 1902 5312 notis-

320 5334 542 5387 simum.

391 5404 414 5433 ⁸
452 5401 522 5455 In
570 5401 648 5454 his
689 5401 1026 5454 humanorum
1055 5411 1260 5454 actuum
1303 5409 1630 5467 votorumque
1676 5407 1906 5452 versatur

321 5474 557 5528 intentio.
584 5472 603 5544 ]
635 5472 848 5544 Summa
876 5474 977 5526 s’ve
996 5470 1244 5544 quidquid
1273 5479 1343 5522 est
1379 5469 1610 5544 desiderii
1642 5471 1907 5544 aperisque

321 5546 534 5599 humani
561 5540 750 5596 {sicut
783 5544 922 5595 enim
953 5557 1087 5604 opus
1119 5543 1402 5593 luunantuu
1437 5541 1674 5608 sequitur
1708 5540 1894 5592 huma-

322 5629 448 5668 num
475 5613 837 5675 desiderium;
869 5612 944 5664 sic
974 5611 1297 5664 desiderium
1341 5612 1622 5661 lunnaumn
1654 5610 1894 5678 sequitur

325 5684 631 5754 praedictam
662 5684 856 5754 mentis
885 5683 1300 5754 assumptiouem
1334 5681 1889 5754 protrusitionemque:

326 5749 589 5822 siquidem
622 5767 726 5804 non
759 5752 962 5817 agimus
987 5753 1354 5822 extrinsecus,
1389 5749 1666 5822 nisiquod
1707 5749 1895 5822 intrin-

327 5818 478 5880 secus
505 5826 772 5884 voiuntus,
797 5836 894 5874 nec
924 5823 1163 5874 volumus
1186 5865 1198 5885 ,
1231 5820 1332 5872 nisi
1373 5819 1514 5887 quod
1539 5818 1894 5881 jndicavimus

332 5904 608 5964 praestare;
641 5909 739 5948 nec
764 5893 1061 5962 iudicamus
1091 5894 1188 5945 nisi
1218 5891 1357 5960 quod
1391 5892 1464 5942 sic
1490 5891 1656 5942 rioun
1685 5900 1762 5942 est
1787 5890 1894 5942 si~e

1980 3081 2232 3144 obscure,
2258 3080 2372 3136 sive
2401 3080 2678 3134 evidenter
2701 3098 2715 3133 :
2747 3077 3254 3147 quod'Pbilosophia
3277 3081 3553 3134 confirmat

1981 3151 2240 3218 exemplis
2286 3153 2510 3218 primum
2542 3151 2754 3219 quidem
2785 3149 3146 3219 quotidianis;
3202 3149 3391 3203 deinde
3418 3152 3553 3205 anti-

1982 3223 2279 3290 quioribus,
2305 3230 2360 3274 ttt
2386 3222 2619 3284 Epicuri.

2053 3293 2072 3323 "
2119 3291 2245 3356 Qua:
2292 3292 2494 3360 quidem
2552 3291 2660 3344 sola
2715 3291 3040 3345 considerans
3075 3285 3347 3359 Epicurus.
3397 3289 3554 3360 etc.]

1990 3361 2282 3428 Epicurus,
2335 3363 2684 3431 philosophus
2730 3364 2859 3415 satis
2891 3372 3066 3414 notus.
3114 3361 3205 3413 Ille
3245 3361 3296 3415 in
3330 3362 3552 3429 Physica

1987 3434 2200 3500 quidem
2233 3433 2432 3495 docuit,
2454 3447 2675 3501 corpora
2702 3447 2766 3486 ex
2795 3434 2986 3486 atomis
3015 3441 3069 3484 et
3105 3431 3244 3484 inani
3269 3432 3513 3500 componi
3543 3450 3556 3483 :

1991 3504 2042 3555 in
2080 3503 2261 3556 l'ithiea
2290 3517 2440 3566 vero,
2468 3519 2730 3556 summum
2765 3505 2958 3556 bonum
2984 3501 3035 3556 in
3063 3503 3333 3567 voluptate
3357 3517 3508 3556 versa
3544 3504 3558 3553 i

1987 3573 2194 3638 statuit,
2231 3575 2379 3642 quasi
2411 3575 2485 3625 sic
2514 3582 2913 3641 argumentatus
2949 3589 2959 3624 :
3000 3587 3118 3626 euut
3153 3573 3290 3626 nulla
3325 3573 3424 3624 alia
3455 3572 3561 3625 sint

1991 3644 2124 3696 bona
2157 3655 2350 3710 praeter
2388 3660 2533 3714 popa,
2568 3650 2802 3706 honores,
2830 3645 3124 3710 potentiam.
3149 3644 3362 3714 gloriam
3391 3653 3434 3696 et
3467 3658 3557 3693 vo-

1989 3714 2228 3784 luptates,
2262 3713 2399 3780 quod
2428 3715 2620 3767 bonum
2656 3715 2796 3768 inter
2836 3715 2950 3784 haec
2975 3713 3158 3768 omnia
3181 3713 3389 3784 etcteris
3419 3728 3557 3780 pne-

1990 3783 2114 3846 stat,
2148 3785 2276 3838 illttd
2302 3800 2568 3838 summum
2599 3785 2804 3838 COIlSt'l‘i
2837 3783 3012 3838 debet.
3043 3785 3195 3852 Atqui
3212 3783 3453 3850 voluptas
3477 3784 3558 3835 in-

1995 3864 2072 3907 ter
2108 3858 2219 3907 lure
2243 3856 2416 3908 omnia
2447 3857 2654 3908 ca~teris
2677 3864 2882 3918 priestat
2908 3873 2919 3906 :
2953 3855 3090 3920 quod
3123 3859 3233 3906 lia-c
3250 3854 3426 3906 omnia
3453 3869 3558 3905 non

1991 3937 2300 3991 quaerantur
2324 3966 2337 3987 ,
2383 3925 2483 3977 nisi
2511 3926 2632 3990 quia
2661 3923 3042 3992 jucunditatem
3074 3923 3247 3976 animo
3277 3923 3558 3977 videantur

1994 3994 2391 4117 Effert-exlium
2443 3993 2687 4048 homines
2721 3995 3002 4061 voluptarii
3031 3994 3133 4048 diei
3167 4004 3562 4049 consueverunt

2047 4082 2256 4117 mcuret.

2082 4082 2256 4118 tcuret.

2167 4082 2188 4114 1⁸
2244 4105 2256 4117 ο

2045 4082 2282 4188 p'mi’e‘iitt
2330 4135 2516 4187 ebrius.
2547 4132 2566 4205 ]
2597 4134 2806 4202 Optima
2851 4134 3140 4186 similitudo
3190 4133 3253 4187 ad
3283 4148 3562 4203 exponen-

1994 4205 2114 4259 dam
2145 4207 2450 4273 praedictam
2482 4206 2894 4273 uniuscujusque
2923 4206 3154 4258 hominis
3191 4206 3329 4258 bono
3359 4206 3560 4258 caduco

1996 4277 2321 4330 adhaerentis
2367 4276 2846 4329 ratiocinationem.
2902 4277 3048 4328 Sicut
3075 4276 3215 4328 enim
3263 4275 3439 4327 ebrius
3466 4277 3562 4327 ho-

1996 4361 2121 4408 mo,
2167 4347 2220 4400 1⁸
2251 4346 2532 4415 quamdam
2560 4346 2716 4399 habet
2754 4361 2862 4398 sua:
2895 4346 3085 4398 domus
3132 4345 3334 4410 idenm,
3369 4360 3558 4412 quam,

1995 4428 2278 4484 antequam
2308 4430 2553 4484 egressus
2591 4416 2721 4468 tuiss
2759 4425 2777 4468 t
2823 4417 2998 4468 vinum
3043 4415 3326 4476 bibiturus,
3357 4417 3423 4468 ab
3451 4415 3561 4479 ipsa

1997 4488 2158 4539 domo
2193 4497 2469 4554 acceperat
2499 4504 2512 4550 ;
2543 4487 2599 4538 2°
2632 4487 2786 4552 hujus
2838 4487 2968 4539 idea:
2997 4500 3212 4554 semper
3239 4500 3444 4538 meumr
3469 4487 3561 4537 do-

2001 4573 2143 4610 mum
2177 4573 2326 4610 suam
2355 4557 2565 4611 caeteris
2621 4561 2862 4623 prtetcrt,
2913 4558 3073 4609 etiam
3117 4556 3354 4625 sepultus
3393 4557 3562 4607 vino:

1927 4657 1971 4713 ο
1999 4628 2142 4709 unde
2171 4627 2413 4706 eamdem
2438 4635 2681 4713 repetere
2711 4627 2920 4713 studet;
2953 4627 3009 4681 3°
3033 4626 3155 4679 vino
3183 4627 3431 4708 turbante
3457 4641 3568 4679 rne-

2003 4701 2250 4758 moriam,
2287 4699 2425 4749 viam
2465 4696 2820 4756 solummodo,
2853 4711 2955 4764 qua
2985 4707 3301 4759 revertatur,
3327 4697 3563 4758 ignorat;

1999 4768 2061 4818 4"
2089 4768 2324 4822 tenebris
2358 4769 2554 4820 sensim
2586 4767 2977 4829 crescentibus,
3009 4768 3198 4821 alienis
3238 4767 3466 4829 aedibus,
3511 4777 3568 4817 ut

2001 4841 2133 4898 suis.
2163 4839 2404 4891 adhaeret
2435 4838 2715 4889 immotus:
2751 4837 2820 4888 ita
2848 4853 2998 4891 mens
3021 4838 3270 4898 humana,
3304 4839 3357 4890 t"
3383 4852 3570 4906 quant-

2003 4910 2124 4961 dam
2158 4911 2316 4961 habet
2356 4907 2437 4961 sui
2470 4906 2711 4976 principii
2745 4907 2932 4971 suique
2984 4909 3133 4968 linis,
3192 4905 3438 4960 nimirum
3474 4905 3569 4959 Dei

2005 4979 2201 5040 idenm,
2227 4994 2406 5045 quam,
2431 4988 2711 5044 antequam
2748 4977 2894 5030 abeo
2924 4980 3252 5037 recessisset.
3283 4985 3571 5044 cerporeas

2004 5049 2306 5115 Voluptates
2325 5048 2598 5112 haustura,
2636 5049 2702 5099 ab
2733 5050 2847 5113 ipso
2876 5063 2972 5102 suo
3003 5052 3233 5101 Auctore
3260 5053 3566 5112 acceperat;

2007 5119 2065 5169 2°
2099 5118 2253 5184 hujus
2276 5118 2405 5171 idei-
2439 5120 2936 5187 nttnquamomnino
2969 5117 3568 5179 immemor,Auctorcm

2011 5203 2164 5240 suum
2198 5187 2407 5241 caeteris
2455 5187 2617 5241 rebus
2649 5188 3028 5254 prmferendum
3065 5197 3235 5255 putat,
3286 5187 3445 5238 etiam
3471 5199 3569 5236 vo-

2015 5258 2302 5325 luptatibus
2325 5259 2568 5320 corporis
2591 5258 2870 5322 indulgens
2898 5275 2912 5310 :
2949 5260 3086 5310 unde
3111 5257 3174 5308 ad
3209 5255 3452 5325 eumdem
3481 5269 3568 5325 re-

2014 5324 2146 5380 verti
2185 5331 2360 5397 cupit;
2393 5327 2447 5380 5⁸
2471 5342 2696 5394 corpore
2729 5327 3050 5397 impedieue
3077 5325 3347 5397 tuitionem
3387 5324 3569 5386 otticii,

2019 5399 2182 5462 \‘iam,
2214 5394 2315 5466 qua
2348 5397 2412 5450 ad
2447 5398 2611 5451 lieum
2645 5397 2844 5458 redeat,
2879 5396 3078 5461 nescit;
3110 5395 3170 5446 4ο
3199 5394 3422 5461 caligine
3443 5406 3574 5466 sen-

2017 5472 2114 5520 sim
2145 5463 2293 5522 aucta
2323 5469 2565 5524 externis
2603 5467 2922 5532 eadm-isque
2952 5468 3140 5530 rebus,
3169 5473 3222 5516 ut
3251 5477 3348 5516 soo
3379 5463 3576 5530 princi-

2018 5538 2105 5606 pio
2145 5553 2346 5607 suoque
2376 5539 2597 5608 proinde
2637 5537 2727 5608 lini
2756 5536 2992 5588 adbauet
3032 5535 3573 5608 immota:_q_uatnob-

2003 5603 2115 5662 rem
2147 5619 2200 5660 ut
2221 5603 2421 5671 ebrius,
2445 5611 2522 5662 sic
2545 5622 2693 5661 mens
2718 5605 2944 5656 humana
2969 5623 3070 5657 non
3091 5613 3231 5658 errat
3252 5603 3574 5657 nisiassum-

2005 5679 2182 5746 ptione
2213 5679 2487 5746 prieeipiti.

2074 5751 2094 5781 '
2142 5741 2278 5799 Nam
2304 5741 2433 5799 enim
2474 5747 2706 5798 ridentur
2733 5759 2902 5797 errare
2931 5744 3012 5808 lii,
3043 5753 3146 5797 etc.
3175 5741 3195 5814 ]
3229 5742 3568 5812 Philosophia

2004 5819 2232 5884 doluique
2255 5832 2490 5870 SCOI'SIIIII
2519 5813 2769 5883 expendit
2791 5815 3070 5878 praedictas
3099 5813 3488 5882 propositiones
3504 5816 3573 5867 de

2005 5889 2227 5955 opibus,
2259 5886 2544 5940 honoribus
2565 5926 2578 5951 ,
2614 5884 2880 5950 potentia,
2913 5886 3075 5949 gloria
3107 5896 3159 5940 et
3190 5887 3572 5947 voluptatibm.
