3984 6382
469 375 565 429 751

625 488 780 559 185
806 486 1079 553 Repclunl
1105 485 1352 556 proprios
1381 496 1607 552 qumque
1638 496 1905 545 recursus,

474 580 545 637 55
619 580 920 650 Redituque
946 596 1046 635 suo
1071 578 1279 649 singula
1310 575 1564 646 gaudent.

616 674 724 727 Nec
751 684 931 728 manet
960 673 1053 728 ulli
1087 672 1311 724 traditus
1339 667 1497 730 ordo,

615 763 725 818 Nisi
753 765 894 832 qttod
925 765 1015 818 ﬁni
1043 763 1283 834 junxerit
1309 771 1517 825 ortum,

620 859 985 929 Slabilcmque
1014 860 1094 914 sui
1128 858 1313 913 fecerit
1341 857 1553 911 orbem.

1022 966 1441 1050 neruosa
1472 964 1561 1019 ιιι.

472 1058 953 1132 Anaouenrou._—
969 1060 1324 1132 Philosophia,
1349 1056 1485 1124 quod
1506 1056 1756 1132 hactenus
1774 1052 2057 1132 generatim

546 1128 772 1195 probavit
792 1171 803 1184 .
829 1130 883 1182 id
905 1132 1139 1197 deinceps
1168 1122 1429 1195 speciatim
1455 1128 1727 1197 probatura
1751 1122 1813 1175 de
1843 1122 2055 1185 divitiis,

545 1199 896 1277 dignitatibus,
922 1217 1097 1277 regno,
1138 1199 1303 1277 gloria
1351 1196 1935 1277 etlooluptatia‘us,‘tam
1972 1208 2058 1243 sa-

544 1271 654 1320 luta
680 1286 835 1338 quam
883 1272 1057 1322 stricta
1088 1264 1354 1331 aratione,
1387 1267 1450 1319 de
1499 1264 1579 1341 Itis
1620 1264 1815 1341 scilicet
1834 1302 1849 1322 ,
1884 1277 2055 1341 rerum

547 1333 941 1408 prepositionem
958 1380 973 1404 ,
995 1350 1044 1391 at
1072 1341 1258 1408 falsum
1284 1337 1675 1402 assumptionem
1702 1333 1815 1401 ﬁeri
1834 1333 2056 1408 ,jncipit

544 1401 802 1471 adivitiis,
820 1425 947 1478 quas
961 1401 1280 1462 demonstrat
1303 1425 1404 1461 non
1429 1401 1535 1459 esse
1563 1420 1819 1459 summum
1849 1401 2055 1479 bonum,

545 1487 754 1546 propter
773 1472 1099 1537 anxietatem,
1124 1480 1374 1543 timorem,
1400 1486 1703 1544 cwterasque
1723 1472 2059 1541 perturbatio-

546 1563 634 1599 nes
653 1547 834 1616 quibus
855 1549 1187 1602 comitantur.

548 1634 656 1690 Vos
682 1651 891 1705 quoque
916 1652 948 1689 0
972 1638 989 1668 ⁸
1022 1646 1048 1675 ι
1078 1648 1287 1691 terrena
1315 1636 1562 1690 animalia
1582 1680 1595 1701 ,
1634 1638 1655 1666 '
1687 1634 1711 1673 ι’
1745 1634 1897 1689 tenui
1935 1631 2061 1686 licet

476 1727 732 1795 imagine,
761 1727 782 1757 ³
812 1738 1047 1783 vestrum
1096 1738 1275 1782 tamen
1327 1728 1646 1798 principium
1683 1738 1705 1765 ο
1754 1723 2059 1789 somniatis,

477 1816 501 1848 ⁸
534 1832 825 1888 verumque
850 1820 998 1874 illum
1030 1820 1373 1874 beatitudinis
1405 1820 1597 1882 ﬁnem,
1624 1819 1645 1850 '
1676 1819 1802 1873 licet
1839 1815 2059 1871 minime

479 1910 796 1978 perspicaci,
814 1912 1171 1981 qualicunque
1194 1921 1368 1965 tamen
1388 1909 1712 1979 cogitatione
1728 1905 2057 1978 prospicitis,

474 2012 648 2067 eoque
674 2014 793 2067 vos,
817 2013 867 2054 et
888 2000 988 2054 “ad
1017 2016 1199 2055 verum
1212 2001 1411 2055 bonum
1433 2000 1693 2055 naturalis
1722 1999 1868 2053 ducit
1890 1998 2063 2054 inten-

476 2090 740 2161 “0,187
765 2100 821 2145 et
842 2092 861 2122 ⁷
882 2093 949 2146 ab
971 2091 1159 2147 eodem
1188 2092 1465 2160 multiplex
1489 2106 1644 2147 error
1663 2091 1898 2145 abducit.
1919 2089 2061 2145 Con-

477 2178 651 2234 sidera
673 2195 901 2251 namque
923 2197 988 2235 an
1021 2197 1116 2252 per
1136 2198 1200 2238 ea
1243 2184 1435 2251 quibus
1448 2198 1504 2238 se
1518 2182 1761 2237 homines
1774 2182 2062 2252 adepturos

478 2268 860 2327 beatitudinem
907 2282 1130 2343 putant,
1159 2273 1227 2328 ad
1271 2274 1594 2329 destinatum
1636 2273 1798 2328 tinem
1844 2274 2063 2328 valeant

1684 367 1795 420 AN.
1839 367 2045 421 MANL.
2088 368 2241 424 SEV.
2286 367 2505 423 ΒΟΕΤΙΙ

3644 372 3743 427 752

2081 486 2128 544 Α
2159 482 2470 549 pervenire?
2492 481 2546 535 Si
2578 483 2718 537 enim
2744 482 2827 537 vel
2852 482 3075 551 pecunia
3094 527 3108 547 ,
3137 485 3219 539 vel
3244 480 3498 551 honores,
3524 497 3745 541 caetera-

2158 586 2260 639 que
2288 571 2394 625 tale
2421 571 2545 640 quid
2578 572 2837 638 all'eruot,
2864 574 2947 628 cui
2977 575 3106 627 nihil
3138 574 3399 629 bonorum
3445 577 3642 631 abesse
3670 578 3746 631 vi-

2159 672 2368 732 deatur,
2395 685 2491 726 nos
2518 688 2731 741 quoque
2762 674 2839 741 (5)
2877 672 3138 727 fateamur
3170 674 3283 728 ﬁeri
3316 674 3523 744 aliquos
3555 676 3743 729 borum

2160 769 2442 838 adeptione
2481 770 2680 826 felices.
2712 772 2862 838 Quod
2903 774 2947 826 si
2990 790 3161 837 neque
3210 775 3258 827 id
3310 776 3492 829 valent
3529 774 3747 832 elﬁcere

2161 870 2303 940 quod
2353 871 2696 939 promittunt,
2727 873 2985 942 bonisque
3028 876 3266 941 pluribus
3309 884 3535 942 carent,
3568 891 3747 931 nonne

2162 969 2188 1008 ἀ
2221 972 2419 1039 liquido
2447 973 2574 1025 falsa
2608 974 2659 1027 in
2707 974 2786 1028 eis
2830 974 3172 1029 beatitudinis
3198 976 3405 1042 species
3444 975 3750 1044 deprehen-

2159 1073 2337 1126 ditur?
2359 1076 2379 1103 κ
2404 1074 2641 1127 Primum
2672 1073 2829 1142 igitur
2852 1083 2903 1129 te
2927 1075 3132 1143 ipsum,
3160 1077 3250 1143 qui
3273 1075 3435 1145 paulo
3454 1086 3585 1130 ante
3614 1076 3750 1129 divi-

2161 1175 2248 1229 tiis
2269 1174 2548 1238 alﬁuebas,
2578 1175 2870 1246 interrogo.
2894 1181 2913 1211 9
2938 1177 3084 1231 Inter
3106 1177 3225 1233 illas
3251 1179 3745 1232 ahundantissimas

2159 1280 2288 1331 Opes
2331 1281 2690 1334 numquamne
2733 1269 2966 1321 animum
3012 1277 3162 1322 tuum
3192 1280 3449 1338 concepta
3501 1285 3569 1323 ex
3615 1284 3752 1337 qua-

2166 1356 2293 1411 libet
2328 1356 2440 1427 (10)
2471 1356 2663 1427 injuria
2695 1357 2938 1412 confudit
2963 1359 3246 1413 anxietas?
3274 1358 3465 1427 Atqui,
3494 1358 3747 1428 inquam,

2166 1457 2273 1502 tam
2306 1449 2474 1504 libero
2503 1466 2590 1505 me
2645 1450 2806 1505 fuisse
2840 1451 3017 1506 animo
3049 1495 3064 1518 ,
3117 1451 3245 1520 quin
3294 1450 3490 1519 aliquid
3530 1465 3748 1519 semper

2170 1550 2194 1576 ε
2218 1552 2459 1610 angeret,
2486 1541 2759 1594 reminisci
2792 1555 3020 1609 nequeo.
3040 1542 3228 1595 Nonne
3256 1541 3380 1609 quia
3409 1541 3490 1593 vel
3525 1541 3751 1606 aberat,

2168 1630 2310 1699 quod
2335 1631 2523 1685 abesse
2554 1647 2657 1685 non
2686 1631 2882 1695 velles;
2911 1635 2991 1685 vel
3024 1632 3238 1693 aderat,
3262 1630 3402 1699 quod
3429 1632 3631 1684 adesse
3660 1646 3755 1683 no-

2170 1721 2401 1777 luisses?
2426 1723 2505 1775 lla
2550 1734 2664 1788 e31,
2699 1722 2938 1792 inquam.
2970 1721 3117 1776 lllius
3165 1720 3325 1789 igitur
3371 1723 3754 1790 praesentiam,

2170 1812 2326 1881 hujus
2368 1811 2669 1867 absentiam
2739 1812 3109 1867 desiderabas.
3152 1811 3451 1877 Conﬁteor,
3510 1814 3754 1881 inquam.

2170 1903 2301 1972 Eget
2347 1917 2495 1968 vero,
2532 1904 2734 1975 inquit,
2765 1919 2830 1959 eo
2871 1905 3012 1974 quod
3066 1903 3290 1973 quisque
3317 1902 3433 1974 (15)
3459 1903 3755 1957 desiderat.

2166 1994 2333 2065 Eget,
2365 1994 2601 2065 inquam.
2626 1995 2726 2061 Qui
2756 2010 2886 2049 vero
2918 2007 3037 2065 eget
3066 1996 3267 2065 aliquo,
3294 2009 3419 2048 num
3451 2003 3535 2048 est
3559 2009 3759 2064 usque-

2163 2103 2375 2156 quaque
2420 2087 2523 2142 sibi
2582 2088 2696 2157 ipse
2742 2088 3045 2143 sufficiens?
3088 2088 3343 2154 Minime,
3391 2087 3636 2156 inquam.
3674 2086 3759 2140 Tu

2165 2181 2345 2247 itaque
2388 2180 2528 2234 hanc
2576 2179 3004 2235 insulﬁcientiam
3051 2180 3274 2251 plenus,
3319 2180 3527 2249 inquit,
3558 2179 3760 2248 opibus

2164 2273 2499 2328 sustinebas?
2540 2272 2678 2340 Quid
2708 2262 2795 2328 ni?
2823 2275 3059 2344 inquam.
3091 2274 3231 2343 Opes
3275 2274 3436 2344 igitur
3462 2272 3633 2326 nihilo
3675 2272 3763 2325 in-

1836 2412 2408 2469 INTERPRETATIO.

484 2542 672 2595 Omnia
699 2544 959 2616 requirunt
982 2560 1238 2616 regressus
1269 2561 1410 2603 suos.
1441 2555 1487 2599 et
1515 2553 1699 2599 cuncta
1725 2544 2042 2599 delectantur

482 2628 827 2685 recursusuo.
857 2613 997 2669 Ordo
1023 2613 1293 2684 unicuique
1316 2616 1387 2669 rei
1403 2617 1729 2685 praescriptus
1757 2632 1859 2669 non
1876 2633 2045 2669 serva-

484 2693 583 2757 tur,
609 2683 708 2757 nisi
735 2683 842 2757 htec
872 2688 1193 2757 conjunxerit
1212 2683 1368 2739 Suum
1393 2686 1547 2753 ﬁnem
1579 2683 1696 2739 cum
1723 2701 1824 2743 suo
1854 2687 2048 2753 princi-

484 2752 567 2817 pio
584 2762 632 2807 et
657 2755 828 2820 fecerit
850 2752 1098 2809 circulum
1115 2756 1197 2809 sui
1232 2764 1570 2810 constantem.

555 2829 581 2858 ⁸
624 2821 890 2876 Homines.

555 2829 581 2858 ⁸
624 2824 890 2879 Homines.

2220 2546 2249 2586 ι’
2292 2548 2525 2621 Obscura
2551 2549 2785 2619 quamvis
2802 2548 3129 2621 cogitatione.

2235 2628 2258 2688 ς
2300 2620 2565 2688 (Iogitatis.

2229 2685 2255 2724 ἀ
2299 2685 2592 2743 Evidenter.

2230 2769 2254 2797 ε
2293 2760 2576 2814 Cruciaret.

1995 2959 2227 3016 NOTAE.

606 3072 768 3136 1ardua
797 3076 948 3136 prima
973 3075 1048 3122 via
1070 3079 1165 3131 est,
1191 3081 1241 3123 et
1263 3087 1358 3136 qua
1384 3075 1463 3123 vix
1484 3086 1631 3123 mane
1650 3078 1888 3124 recentes

604 3134 865 3197 Enituntur
892 3136 1034 3197 equi;
1059 3137 1224 3185 medio
1241 3134 1320 3185 erit
1342 3137 1575 3185 altissima
1593 3136 1779 3185 cwlo...

608 3196 785 3259 Ultima
806 3196 958 3258 prona
976 3198 1050 3244 via
1073 3205 1168 3255 est,
1192 3206 1241 3245 et
1263 3205 1382 3259 eget
1399 3197 1736 3259 moderamine
1753 3203 1912 3247 certo.

612 3258 753 3308 Tunc
776 3261 923 3308 etiam
945 3270 1055 3318 quae
1076 3271 1155 3306 me
1173 3259 1410 3318 subjectis
1436 3259 1618 3318 excipit
1643 3258 1785 3306 undis

608 3318 686 3368 Ne
709 3320 840 3368 ferar
865 3320 914 3367 iu
940 3330 1163 3380 praeceps
1182 3318 1368 3381 Tethys
1386 3318 1515 3368 solet
1547 3319 1650 3380 ipsa
1675 3319 1859 3368 vereri.

556 3400 648 3456 34.
679 3400 929 3470 Repetunt
960 3401 1195 3470 praprios
1244 3416 1451 3469 quasque
1504 3417 1756 3462 recursus,
1783 3397 1917 3470 etc.]
1949 3400 2072 3455 Sin-

489 3471 615 3542 gula
639 3482 903 3542 conantur
944 3473 1009 3522 ad
1039 3486 1159 3523 eum
1184 3516 1197 3534 ,
1232 3471 1375 3523 unde
1404 3471 1642 3542 digressa
1672 3480 1819 3542 sunt
1838 3509 1853 3534 ,
1882 3480 2075 3542 statum

491 3538 1154 3611 Eecurrere,hocqueSIatu
1180 3538 1498 3611 recuperato
1522 3541 1681 3593 veluti
1709 3543 1975 3611 gaudent:
2003 3541 2078 3594 sic

492 3610 679 3666 bestiae
707 3609 912 3678 priores
946 3624 1143 3675 mores,
1174 3610 1373 3677 planta:
1409 3610 1616 3678 priores
1656 3609 1812 3672 situs,
1838 3610 1921 3663 sol
1962 3611 2077 3678 ipse

491 3683 724 3748 priorem
763 3680 938 3750 locum
983 3692 1237 3747 appetere
1268 3689 1325 3734 et
1352 3692 1609 3747 quantum
1639 3681 1690 3734 io
1722 3695 1782 3734 se
1809 3689 1895 3734 est
1920 3694 2079 3750 repe-

492 3760 608 3806 tere
633 3749 857 3804 vldetnr.
894 3749 1149 3804 Horatius
1179 3750 1351 3818 Epist.
1386 3750 1424 3803 ι.
1459 3765 1505 3815 ι,
1535 3765 1624 3819 ep.
1659 3752 1771 3804 tu:

614 3881 844 3931 Naturam
868 3893 927 3931 ex
938 3880 1091 3943 pellas
1114 3881 1267 3945 furca,
1293 3887 1457 3932 tamen
1477 3896 1632 3946 usque
1657 3889 1902 3935 recurret.

566 3985 658 4040 38.
692 3984 1038 4050 Stabilemque
1066 3987 1147 4038 sui
1185 3986 1358 4049 fecerit
1388 3986 1602 4055 orbem]
1632 3987 1701 4042 Ut
1729 4002 1867 4041 unus
1895 3988 1965 4041 sit
1992 4003 2084 4042 cu-

493 4054 711 4125 juslibet
762 4056 835 4106 rei
869 4057 920 4106 in
944 4056 1448 4125 suum‘principiutn
1483 4054 1774 4111 remeantis
1798 4059 2078 4113 circuitus.

495 4123 586 4180 Sic
618 4123 958 4177 Ecclesiasta:
994 4141 1007 4177 t
1039 4141 1054 4179 :
1093 4123 1272 4178 Oritur
1298 4127 1444 4181 solet
1476 4128 1696 4190 occidit,
1728 4137 1775 4180 et
1809 4129 1878 4179 ad
1914 4129 2084 4181 locum

497 4210 639 4268 suum
667 4196 934 4268 revertitur
961 4210 981 4248 :
1003 4196 1165 4268 ibique
1193 4212 1459 4268 renascens
1486 4208 1633 4268 gyrat
1663 4214 1751 4267 per
1778 4199 2075 4265 meridiem,

497 4274 544 4316 et
564 4265 787 4333 ﬂectitur
811 4266 879 4316 ad
906 4266 1214 4330 aquilonem.
1265 4264 1776 4321 Lustran's'universa
1796 4269 1847 4320 in
1870 4264 2085 4321 circuitu

497 4334 906 4407 pergit_spir.'tut,
925 4346 969 4387 et
1002 4336 1052 4387 in
1084 4334 1303 4388 circulos
1330 4353 1447 4390 suos
1470 4338 1751 4390 revertitur.
1782 4338 1964 4390 Omnia
1986 4341 2088 4407 [lu-

498 4404 638 4475 mina
663 4404 858 4456 intrant
882 4405 933 4456 in
958 4421 1120 4469 mare,
1145 4416 1191 4458 et
1212 4422 1354 4457 mare
1374 4424 1472 4458 non
1494 4408 1770 4471 redundat,
1797 4413 1862 4459 att
1887 4404 2052 4460 locum
2069 4450 2085 4475 ,

501 4474 636 4545 unde
654 4484 834 4527 exeunt
849 4475 1109 4545 ,Aﬂumina
1130 4485 1472 4540 revertuntur,
1496 4492 1548 4528 ut
1571 4479 1755 4530 iterant
1776 4480 1960 4545 ﬂuant.

576 4542 750 4614 Atque
783 4559 844 4614 ex
873 4542 956 4595 his
996 4546 1244 4598 omnibus
1284 4546 1625 4614 Philosophia
1654 4542 2081 4601 concludendum

504 4597 760 4686 relinquit
788 4613 1036 4667 homines
1062 4630 1091 4667 a
1128 4597 1238 4686 om.
1272 4597 1527 4685 t’anqitaiﬁ'
1545 4597 2080 4686 2."'...1{.;a'.;aa'a.ag;
2111 4597 2162 4657 D

504 4682 785 4744 quemdam
812 4686 892 4736 sui
925 4687 1107 4737 orbem
1141 4682 1398 4747 facturos,
1432 4688 1602 4740 instar
1626 4682 1947 4742 eteterorum
1969 4728 1982 4751 ,
2012 4682 2079 4742 ad

503 4752 668 4805 Deum
695 4764 941 4821 tanquam
965 4753 1030 4807 ad
1053 4771 1207 4809 suum
1229 4756 1390 4810 linem
1414 4772 1716 4812 recurrere.

506 4832 851 4963 dfrTerrena
902 4844 1213 4916 unimalia.]
1265 4845 1516 4901 Homines
1548 4848 1695 4901 rebus
1740 4849 1954 4902 terrenis
1993 4850 2089 4902 ad-

544 4926 653 4963 tet.

544 4926 653 4964 tcu.

577 4982 598 5012 ²
630 4979 792 5062 Tenui
832 4980 1077 5063 imagine.
1108 4983 1125 5055 ]
1162 4984 1344 5063 Specie
1383 4989 1486 5063 sjve
1528 4989 1645 5043 idea
1681 4990 1928 5059 ingenita,
1969 5005 2088 5059 qua:

508 5054 752 5122 corporis
778 5054 1039 5106 consortis
1065 5054 1508 5122 impressionibns
1532 5054 1866 5116 obscuratur.

510 5191 522 5204 .
645 5122 879 5203 Vestrum
936 5120 1241 5204 principium
1283 5127 1597 5204 septumum]
1626 5128 1796 5182 Deum
1839 5132 2091 5194 obscure,

510 5196 677 5246 instar
706 5196 1119 5261 somniantium,
1153 5196 1449 5265 percipitis,
1502 5196 1643 5254 sicut
1680 5202 1791 5270 jam
1838 5203 2094 5271 captioni-

509 5277 649 5316 mus.

580 5332 602 5363 ⁸
630 5331 917 5401 Verumque
932 5334 1207 5403 ﬁnem.lUt
1220 5338 1378 5393 homo
1392 5340 1558 5395 instar
1580 5353 1895 5399 czeterarom
1913 5359 2091 5398 rerum

510 5403 740 5485 stabilem
765 5406 846 5457 sui
877 5405 1034 5485 faciat
1060 5411 1263 5485 orbem,
1290 5426 1513 5485 necesse
1538 5423 1620 5467 est
1643 5426 1702 5465 ιιι
1724 5417 1863 5479 quod
1894 5414 1995 5468 fuit
2019 5416 2090 5468 illi

512 5477 829 5552 principium
850 5520 863 5540 ,
891 5477 1029 5530 idem
1051 5479 1138 5552 _sit
1171 5482 1293 5534 ﬁnis
1317 5482 1587 5552 cogitandi
1620 5502 1632 5534 :
1664 5477 2012 5551 quamobrem
2040 5486 2087 5539 si

514 5544 697 5623 homo,
719 5548 949 5623 obscure
984 5549 1204 5613 saltem,
1240 5544 1415 5623 suum"
1444 5544 1694 5617 agooscai
1741 5555 2086 5621 principium,

512 5613 651 5666 idem
686 5615 866 5680 homo,
894 5618 1119 5674 obscure
1143 5622 1367 5689 pariter,
1425 5613 1579 5675 suum
1615 5613 1771 5677 tinctu
1800 5613 2091 5694 cognoscat

514 5698 733 5737 ηρρθδςθ
757 5696 859 5739 CSI.

586 5754 608 5837 ξ
634 5751 805 5837 Licet“
823 5757 1027 5837 minime
1054 5762 1366 5837 persp'caci,
1394 5765 1734 5837 qualicunque
1760 5776 1929 5820 tamen
1955 5768 2087 5837 ragi-

517 5823 751 5893 tatione.l
769 5825 1028 5885 Praedicta
1050 5823 1254 5886 Scilicet
1271 5823 1450 5889 obscur
1466 5851 1601 5903 aque
1617 5823 1793 5903 specie
1810 5838 1921 5892 sive
1944 5823 2082 5902 idea,

2100 3205 2147 3265 C

2180 3092 2300 3147 quce
2331 3076 2471 3146 quod
2499 3076 2570 3129 sit
2598 3074 2650 3129 in
2679 3066 2833 3129 nobis
2859 3084 2927 3147 et
2955 3074 3114 3143 hujus
3145 3077 3388 3145 proxime
3415 3076 3621 3131 conscii
3671 3092 3765 3132 su-

2180 3146 2321 3209 mus,
2352 3147 2545 3200 merito
2573 3156 2795 3199 vocatur
2817 3146 3075 3216 cegitatio.

2259 3219 2280 3249 ⁶
2304 3218 2383 3269 Ad
2427 3233 2598 3270 verum
2626 3216 2825 3287 bonum
2851 3216 3107 3287 naturalis
3136 3216 3276 3269 ducit
3305 3216 3569 3287 intentio.]
3601 3218 3763 3285 Quod

2181 3288 2325 3343 enim
2348 3301 2499 3341 mens
2522 3296 2702 3339 nostra
2724 3285 2978 3338 divinitus
3006 3285 3326 3341 informetur
3352 3285 3608 3352 praedicta
3644 3304 3770 3356 spe-

2182 3362 2288 3420 cie,
2321 3358 2373 3411 in
2409 3372 2508 3418 qua
2536 3356 2777 3424 quaedam
2810 3356 3058 3409 attributa
3086 3358 3401 3411 naturaliter
3431 3359 3578 3411 videt
3611 3374 3766 3412 com-

2183 3428 2469 3496 prehendi,
2503 3436 2785 3493 proiitert-a
2825 3426 3009 3496 eadem
3042 3440 3219 3480 nosrra
3272 3442 3424 3480 meos
3466 3428 3768 3494 judicando

2180 3495 2334 3552 veras
2364 3496 2676 3551 naturaliter
2706 3498 2897 3549 format
2922 3495 2988 3549 de
3017 3512 3225 3548 summo
3255 3498 3393 3549 bono
3426 3499 3763 3563 propositio-

2182 3584 2298 3631 nes,
2344 3583 2476 3635 quas
2528 3576 2743 3633 propter
2797 3565 3280 3629 necessitudinem,
3326 3584 3444 3634 qua:
3493 3578 3580 3621 est
3628 3570 3770 3621 inter

2177 3637 2438 3707 judicium
2486 3637 2891 3705 appetitutnque
2938 3636 3094 3699 boni,
3126 3638 3375 3689 naturalis
3423 3638 3647 3691 intentio
3690 3654 3771 3691 se-

2220 3712 2379 3761 uitur.

2182 3726 2379 3830 quinti?
2423 3775 2601 3830 eodem
2620 3775 2888 3845 multiplex
2907 3790 3049 3828 error
3075 3774 3321 3845 abducit.]
3344 3776 3614 3829 Nimirum
3642 3778 3769 3831 dum

2185 3848 2371 3901 eadem
2431 3860 2585 3899 mens
2641 3845 2910 3915 praedictis
2963 3846 3419 3913 propositionibus
3475 3848 3767 3911 convicta,

2185 3916 2508 3988 prtejudiciis
2543 3917 2612 3968 ita
2644 3914 2976 3988 deflectitur,
3008 3924 3066 3988 ut
3117 3914 3262 3988 falsis
3310 3920 3773 3988 assumptionibus

2182 3986 2442 4058 judicium
2468 3987 2923 4058 intentionemque
2949 3986 3141 4039 habeat
3165 3987 3233 4039 de
3250 3987 3420 4058 cocui
3448 3996 3581 4041 ante
3602 3998 3775 4053 capta:

2186 4056 2381 4111 summi
2414 4056 2537 4109 boni
2588 4056 2936 4125 proprietates
2969 4069 3074 4108 non
3112 4056 3433 4109 conveniunt
3466 4073 3479 4107 :
3534 4060 3684 4111 sicut
3710 4060 3776 4111 de

2190 4141 2513 4195 unoquoque
2535 4141 2775 4180 seorsum
2806 4125 3138 4193 probandum
3169 4135 3282 4186 est,
3308 4126 3558 4179 videlicet
3591 4128 3667 4182 de
3696 4129 3776 4181 di-

2190 4198 2353 4258 vitiis,
2391 4196 2757 4264 dignitatibus,
2793 4211 2995 4261 regoo,
3042 4196 3210 4263 gloria
3257 4207 3312 4249 et
3360 4198 3773 4263 voluptatibus;

2188 4283 2251 4321 ac
2280 4268 2450 4335 primo
2478 4267 2690 4333 quidem
2722 4270 2789 4319 de
2816 4266 3040 4319 divitiis.

2260 4349 2282 4380 ⁸
2316 4347 2546 4417 Primum
2578 4357 2625 4398 te
2676 4347 2845 4416 ipsum
2866 4348 2949 4411 qui
2975 4345 3132 4413 paulo
3157 4356 3275 4399 ante
3297 4346 3484 4400 divitiis
3506 4349 3773 4417 afﬂuebas,

2189 4416 2488 4487 iuterroga.]
2514 4418 2726 4470 Boetius
2752 4419 2968 4485 quippe,
2988 4420 3292 4484 priusquam
3319 4417 3458 4484 apud
3476 4416 3777 4473 Theoderi-

2192 4503 2312 4540 cum
2360 4489 2499 4541 male
2546 4488 2787 4549 audiret,
2816 4487 3114 4557 ditissimus
3161 4487 3254 4539 fuit
3288 4503 3300 4538 :
3332 4487 3473 4541 unde
3514 4500 3777 4557 expertos

2195 4559 2379 4623 novit,
2411 4557 2679 4623 quomodo
2710 4559 2870 4610 homo
2897 4556 3160 4609 afﬁciatur
3190 4572 3311 4625 erga
3341 4556 3776 4622 amissas,’amit-

2194 4629 2380 4682 tendas
2436 4637 2490 4681 et
2520 4637 2806 4695 pra-sentes
2833 4642 3045 4694 quoque
3069 4627 3299 4690 divitias,
3331 4636 3619 4696 potestque
3658 4645 3778 4695 pro-

2199 4707 2386 4767 pterea
2416 4697 2765 4764 interroganti
2798 4697 3151 4764 Philosophiae
3188 4699 3541 4763 respondere,
3575 4701 3773 4753 divites

2196 4784 2293 4821 nec
2338 4769 2605 4823 anxietate
2647 4769 2840 4833 animi,
2874 4782 2973 4822 nec
3024 4777 3201 4832 metu,
3234 4784 3333 4822 nec
3373 4770 3619 4837 pluribus
3660 4771 3778 4824 aliis

2193 4840 2470 4893 affectibus
2502 4854 2714 4893 vacare.

2265 4922 2286 4953 ³
2318 4917 2460 4972 Ιηεει·
2515 4920 2661 4982 illas,
2695 4917 2823 4989 etc.]
2853 4918 2893 4971 1.
2926 4920 3065 4986 Ergo
3092 4929 3490 4987 argumentatur
3524 4919 3774 4975 Philoso-

2198 4988 2318 5058 phia
2367 4990 2435 5044 ab
2473 4992 2739 5044 anxietate
2764 4988 2948 5042 animi.
2992 4990 3234 5042 Anxietas
3277 4990 3425 5058 quasi
3468 4993 3773 5044 anctietasa

2196 5060 2389 5125 supino
2416 5062 2785 5132 anctumplioc
2824 5071 3000 5132 autem
3046 5060 3132 5132 alr
3157 5077 3307 5132 ango,
3342 5062 3482 5128 quod
3529 5072 3613 5114 est
3659 5078 3776 5132 caue

2198 5132 2414 5199 stringe.
2461 5131 2822 5198 Quamobrem
2858 5131 3092 5184 anxietas
3124 5130 3391 5183 ltic‘idcni
3430 5132 3577 5196 quod
3618 5131 3776 5183 animi

2198 5217 2405 5271 angor:
2447 5203 2539 5255 sed
2584 5216 2769 5269 angor,
2815 5212 2952 5255 teste
2981 5200 3177 5262 Tullio,
3220 5209 3304 5271 est
3345 5200 3610 5268 tegritmlo
3659 5218 3777 5266 pre-

2200 5270 2352 5327 mens
2382 5291 2394 5328 :
2432 5275 2498 5325 ita
2537 5281 2592 5325 ut
2634 5273 2869 5334 animos,
2906 5272 3072 5325 instar
3101 5270 3326 5339 partium
3356 5273 3601 5339 corporis
3631 5286 3777 5324 com-

2200 5343 2370 5412 pressi
2390 5386 2403 5404 ,
2440 5344 2679 5397 videatur
2717 5344 2961 5409 confundi
2993 5351 3207 5409 prOpter
3231 5341 3453 5409 aliquam
3480 5343 3727 5412 injuriam
3756 5356 3775 5395 :

2200 5414 2342 5468 unde
2378 5417 2456 5468 sic
2496 5412 2855 5484 argumentari
2896 5412 3108 5484 videtur
3157 5412 3510 5480 philosophia.
3555 5412 3653 5466 Ubi
3694 5422 3776 5464 est

2198 5485 2359 5538 animi
2390 5483 2651 5549 anxietas,
2682 5484 2751 5538 ibi
2787 5483 3015 5538 felicitas
3058 5497 3161 5535 non
3201 5492 3285 5535 est
3313 5498 3327 5534 :
3359 5484 3600 5536 anxietas
3629 5483 3771 5536 enim

2199 5555 2286 5607 illa
2308 5595 2322 5617 ,
2351 5564 2409 5608 ut
2434 5564 2557 5624 pote
2585 5555 2748 5609 animi
2780 5553 3061 5622 aegritudo,
3090 5562 3172 5607 est
3202 5554 3437 5606 felicitati
3477 5554 3769 5624 contraria.

2196 5628 2353 5692 Atqui
2386 5621 2448 5678 ιιι
2479 5626 2730 5679 divitibus
2760 5621 2974 5693 semper
3003 5624 3243 5691 quaedam
3275 5632 3359 5677 est
3387 5625 3547 5676 animi
3580 5621 3768 5678 anxie-

2200 5706 2278 5747 tas
2311 5712 2324 5747 :
2367 5695 2609 5761 qut'dbis
2655 5696 2735 5749 vel
2763 5696 2928 5757 absit,
2968 5694 3105 5761 quod
3145 5696 3337 5748 abesse
3386 5712 3488 5747 non
3537 5695 3766 5757 vellent,

2198 5767 2278 5817 vel
2308 5768 2446 5817 adsit
2470 5766 2607 5832 quod
2633 5767 2820 5820 adesse
2848 5767 3084 5820 nollent:
3116 5766 3251 5818 sicut
3280 5765 3493 5819 Boetius
3513 5776 3770 5835 expertus

2200 5837 2409 5890 fatetur.
2439 5837 2793 5905 [sufﬁcientia
2829 5854 2925 5917 vos
2963 5837 3283 5907 Latinatton
3321 5837 3545 5891 videtur.
