3984 6382
499 400 597 455 735

492 518 526 574 ε
562 515 672 572 Nec
696 528 823 568 cura
854 492 1078 565 mordax
1107 505 1309 563 deserit
1332 503 1702 573 superstitem,

634 606 1064 672 Deluttctumque
1106 600 1252 654 leves
1281 611 1386 652 non
1416 597 1749 675 comitantur
1778 606 1931 662 opes.

1032 694 1187 763 192
1213 688 1439 744 PROSA
1481 687 1571 742 tv.

493 790 889 846 Ancuueuruu.
921 811 992 826 -—
1024 782 1202 835 Honor
1231 781 1501 849 dignitates
1530 790 1873 849 consequens,
1916 774 2081 849 inquit

567 856 929 923 Philosophia,
952 854 1021 905 sic
1042 853 1105 905 ab
1127 844 1366 923 opinione
1394 849 1533 923 uulgi
1550 844 1753 923 pendet,
1778 854 1832 897 ut
1857 844 2079 923 necubi-

563 944 665 996 que
682 942 769 979 nec
786 916 990 994 semper
1018 916 1401 996 magistratibus
1426 916 1720 971 exilibeatur
1738 930 1757 969 :
1788 916 1920 967 unde
1944 916 2081 996 [also

563 986 755 1064 pariter
783 986 1127 1066 assumptione
1154 990 1428 1044 credideris
1453 1029 1481 1066 ,.
1510 986 2079 1066 summ-unthquodJna-

565 1056 798 1119 iuruliter
850 1056 1111 1134 cognoscis
1160 1070 1207 1114 et
1241 1075 1384 1113 amas
1411 1098 1427 1125 ,
1464 1058 1650 1111 bonum
1670 1057 1724 1109 in
1751 1056 2085 1123 dignitatibus

562 1152 1030 1295 gini-dignitates
1068 1231 1095 1259 ι
1142 1219 1543 1287 honorabilem,
1570 1215 2083 1284 reverendumque,

492 1318 578 1375 cui
611 1314 977 1386 provenerint.
1028 1312 1280 1367 reddunt.
1312 1313 1331 1343 ⁸
1360 1310 1497 1364 Num
1537 1308 1621 1363 vis
1646 1322 1709 1362 ea
1739 1306 2082 1376 magistrati.

492 1411 595 1465 bus
631 1405 662 1448 δ
690 1420 749 1462 ut
792 1407 1053 1462 utentium
1093 1405 1369 1460 mentibus
1396 1402 1623 1457 virtutes
1654 1402 1914 1463 inserant,
1948 1398 2080 1451 vitia

492 1499 802 1570 depellant?
834 1509 856 1537 ε
891 1498 1055 1567 Atqui
1090 1512 1195 1550 non
1230 1496 1436 1564 fugare,
1470 1494 1564 1547 sed
1597 1493 1871 1546 illustrare
1900 1487 2084 1559 potius

492 1592 787 1663 nequitiam
827 1590 1026 1659 solent,
1083 1604 1192 1658 quo
1224 1588 1317 1653 lit,
1364 1597 1423 1643 ut
1448 1587 1794 1656 indignemur
1818 1599 1911 1639 eas
1937 1598 2085 1652 saepe

1726 384 1838 439 AN.
1879 381 2089 439 MANL.
2132 379 2281 436 δεῖν.
2325 377 2547 435 BOETll

2104 498 2152 557 Α
2183 492 2531 563 aequissimis
2562 490 2876 547 hominibus
2907 491 2986 562 (5)
3027 490 3347 561 contigisse:
3376 490 3398 523 ⁸
3426 491 3572 548 unde
3593 491 3775 549 Catul.

3673 376 3771 430 τω

2187 584 2271 638 lus
2295 584 2458 653 193
2472 582 2493 613 ⁸
2510 581 2673 637 licetd
2693 583 2745 636 in
2764 582 2936 636 curuli
2954 582 3186 636 Nouium
3204 582 3773 648 sedentem,strumam

2188 673 2368 729 tamén
2420 674 2680 743 appellat.
2731 673 2972 728 Videsne
3018 683 3282 743 quantum
3337 676 3495 731 malis
3539 676 3777 732 dedecus

2188 766 2446 833 adjiciunt
2494 764 2821 834 dignitates?
2871 766 3034 835 Atqui
3097 767 3275 820 minus
3325 782 3515 822 eorum
3572 770 3781 838 patebit

2189 856 2511 925 indignitas,
2543 857 2589 910 si
2612 856 2777 910 nullis
2795 855 3093 910 honoribus
3127 857 3511 911 inclarescant.
3534 859 3618 912 'l‘u
3648 875 3780 926 quo-

2187 960 2291 1015 que
2322 961 2450 999 num
2493 946 2712 998 tandem
2773 954 2852 999 tot
2891 946 3142 1014 periculis
3177 948 3369 1001 adduci
3402 949 3665 1017 potuisﬁ,
3730 962 3784 1002 ut

2194 1036 2216 1067 '
2246 1052 2370 1089 cum
2391 1036 2657 1091 Decorato
2682 1050 2873 1105 gerere
2893 1036 2971 1107 (5)
2993 1038 3357 1106 magistratum
3389 1048 3633 1108 putares,
3662 1054 3781 1093 cum

2189 1128 2242 1181 in
2271 1143 2337 1182 eo
2366 1138 2605 1183 mentem
2647 1128 2964 1197 nequissimi
2998 1139 3022 1166 ο
3049 1144 3273 1193 scurrae,
3295 1131 3670 1200 delatorisque
3700 1148 3786 1187 re-

2187 1219 2457 1288 spiceres?
2478 1220 2593 1274 Non
2618 1219 2764 1273 enim
2798 1234 3088 1287 possumus
3111 1220 3182 1275 ob
3208 1221 3444 1275 honores
3473 1226 3784 1277 reverentia

2186 1310 2378 1380 dignos
2403 1310 2669 1380 judicare,
2711 1324 2853 1379 quos
2882 1310 3016 1378 ipsis
3043 1311 3336 1365 honoribus
3359 1311 3673 1379 judicamus
3705 1313 3785 1367 in-

2186 1399 2400 1469 dignos.
2428 1402 2497 1454 At
2522 1400 2568 1453 si
2592 1415 2751 1469 quem
2780 1400 3045 1467 sapientia
3071 1401 3354 1467 prmditum
3389 1403 3631 1465 videres,
3656 1418 3782 1456 nunt

2188 1506 2376 1560 posses
2397 1506 2522 1547 eum
2551 1494 2635 1547 vel
2662 1492 2992 1552 reverentia.
3022 1494 3108 1547 vel
3131 1508 3195 1547 ea
3224 1533 3240 1558 ,
3268 1510 3371 1562 qua
3398 1495 3666 1563 praeditus
3681 1506 3783 1558 est.

2190 1584 2484 1653 sapientia,
2534 1599 2642 1640 non
2692 1585 2913 1656 dignum
2958 1586 3185 1654 putare?
3220 1585 3459 1641 Minime.
3492 1586 3781 1657 lnest(10)

1876 1711 2461 1795 tarsumenno.

493 1844 617 1904 gunt
650 1834 917 1901 uiuentem,
961 1832 1040 1888 sic
1081 1833 1425 1887 inconstantes
1466 1845 1568 1884 non
1607 1828 1916 1882 comitantur
1946 1840 2078 1877 mor-
2130 1848 2135 1853 -

2112 1951 2161 2012 B

495 1919 661 1958 tuum.

568 1983 595 2010 ι
633 1973 828 2042 ()bjicit
855 1972 1091 2028 Boetius.

567 2056 595 2081 ι
635 2043 871 2113 Reponit
899 2041 1267 2113 Philosophia.

2259 1833 2283 1862 ε
2326 1824 2438 1876 Non
2470 1833 2639 1877 certe.

2258 1889 2285 1929 ἀ
2327 1892 2710 1961 Magistratum.

2261 1972 2287 2002 ο
2328 1964 2640 2044 Sannionis‘,
2665 1963 2753 2032 qui
2777 1963 3009 2019 uidelicet
3037 1966 3271 2019 omnibus
3297 1966 3461 2021 modis
3482 1967 3649 2022 risum
3679 1985 3782 2025 nta-

2190 2049 2303 2089 vere
2327 2042 2528 2086 nititur.

2020 2170 2251 2229 NOTIE.

621 2297 697 2361 Te
717 2309 902 2358 greges
917 2303 1116 2348 centum
1128 2296 1412 2361 Siculaeque
1437 2298 1620 2346 circum

620 2360 847 2420 Mugiuut
866 2373 1040 2409 vaccae.

498 2440 734 2510 Qualitas
755 2456 883 2496 vero
921 2443 1063 2512 agris
1091 2442 1293 2513 opimis.

568 2533 927 2609 5_._Nec__cura
955 2534 1191 2609 mordax,
1222 2529 1671 2609 etc.]_Quamvis.,
1701 2526 1873 2597 inquit
1892 2525 2080 2609 Philo-

493 2604 708 2670 sepltia,
753 2604 903 2658 dives
929 2606 1162 2657 abundet
1186 2600 1429 2671 pecunia,
1462 2600 1689 2669 gemmis
1717 2609 1772 2652 et
1794 2600 1936 2667 agris
1960 2600 2077 2666 opi-

496 2675 621 2749 mis,
670 2688 773 2727 non
832 2685 1111 2749 propterea
1151 2674 1289 2749 felix
1337 2671 1469 2743 erit:
1524 2686 1643 2749 nam
1676 2671 1761 2724 vel
1807 2678 2079 2749 superstes

493 2744 660 2797 vitam
704 2740 846 2812 aget,
872 2740 955 2799 vel
995 2746 1104 2799 vita
1132 2740 1417 2799 defunctus
1472 2740 1751 2812 morietur.
1806 2741 1861 2793 Si
1887 2740 2077 2812 _vivat.

502 2809 763 2869 auriferis
791 2815 1115 2870 crnciabitur
1136 2816 1300 2877 curis,
1331 2815 1446 2867 sive
1472 2811 1539 2865 ad
1566 2809 1965 2866 conservandus
1991 2824 2081 2862 ve-

492 2893 658 2951 teres,
686 2884 799 2939 sive
821 2886 888 2939 ad
914 2886 1302 2954 comparandas
1334 2897 1499 2937 novas
1525 2897 1675 2950 epes.
1709 2882 1765 2935 Si
1795 2895 1923 2934 vero
1961 2895 2078 2932 mo-

492 2953 685 3031 riatur,
715 2956 969 3031 quidquid
998 2971 1063 3031 ex
1092 2956 1202 3010 suis
1228 2956 1418 3023 opibus
1456 2967 1676 3031 sperare
1718 2960 1925 3021 poterat
1949 2965 2077 3031 cpu-

491 3024 789 3089 solationis,
820 3026 951 3088 illud
999 3026 1173 3094 ipsum
1221 3042 1324 3079 non
1354 3023 1677 3077 comitabitur
1697 3038 1716 3075 :
1745 3036 1875 3090 opes
1908 3023 2074 3088 enim,

493 3104 555 3148 ut
591 3104 713 3163 pote
733 3097 950 3151 caducae
980 3099 1099 3149 vita:
1127 3096 1470 3157 famulantes,
1486 3094 1585 3147 hac
1612 3095 1896 3148 recedente
1927 3107 2077 3146 rece-

490 3162 983 3245 duntLtransitura
1009 3167 1074 3245 ad
1108 3166 1417 3245 lttcredetrt,
1441 3178 1601 3233 quem
1632 3162 1902 3217 similibus
1925 3164 2071 3216 curis
2098 3184 2144 3245 ρ

490 3233 566 3286 ita
591 3235 855 3295 aﬂicient.
887 3247 943 3289 ut
981 3236 1028 3290 si
1051 3247 1102 3291 te
1144 3244 1324 3303 tangat
1347 3234 1486 3288 illius
1513 3248 1685 3296 amor,
1719 3247 1851 3301 opes
1872 3248 2069 3285 novum

490 3304 588 3357 tibi
633 3320 754 3359 esse
800 3308 1032 3361 debeant
1077 3302 1279 3360 doloris
1313 3315 1722 3373 argumentum:
1757 3305 1894 3357 l’also
1917 3302 2078 3371 igitur

490 3388 735 3428 assumes
759 3391 900 3439 eam,
933 3392 1090 3444 quant
1118 3376 1433 3429 naturaliter
1460 3374 1742 3443 cognoscis
1761 3374 2078 3444 appetisque

510 3444 842 3511 elit'itatem,
904 3447 957 3501 in
1009 3446 1210 3500 divitiis
1262 3443 1509 3513 reperiri.
1559 3444 1850 3501 Videamus
1904 3443 2080 3513 digni-

493 3520 652 3566 tates.

560 3584 577 3612 ⁸
624 3584 908 3657 Qigititates
941 3586 1293 3657 honorabilem
1322 3586 1756 3657 reverendumque
1782 3582 2077 3657 ireddunt.]

488 3649 545 3724 Id
564 3649 778 3721 quidem
803 3656 986 3724 objicit
1012 3659 1225 3710 Boetius
1242 3656 1629 3724 Philosophiae:
1660 3649 1754 3711 sed
1779 3656 1891 3710 haec
1922 3649 2079 3723 repel

488 3723 593 3796 nit,
623 3724 718 3777 ltas
741 3723 1027 3796 dignitates
1077 3742 1180 3781 non
1231 3736 1335 3779 tam
1387 3723 1598 3783 ratione
1626 3729 1744 3793 sui,
1777 3742 1938 3796 quam
1961 3728 2079 3793 api-

487 3791 651 3867 nione
670 3791 1193 3863 vulgihonorabilem
1219 3799 1687 3867 reverenduntque
1708 3791 2075 3866 magistratum

488 3862 747 3939 reddere;
768 3862 847 3919 ex
868 3870 1080 3939 quoilit,
1111 3879 1167 3921 ut
1194 3882 1291 3921 nec
1314 3868 1511 3939 ubique
1538 3862 1638 3923 ηιιό
1664 3862 1877 3938 semper
1908 3868 2077 3938 Inagi-

485 3940 685 3988 stratus
713 3936 915 3991 honore
936 3938 1254 3992 afﬁciantur.

557 4004 577 4032 '
617 4002 872 4081 Nummis
904 4024 962 4060 ea
992 4010 1393 4078 magistratibus,
1451 4009 1585 4081 δια]
1637 4009 1680 4062 1.
1721 4010 2073 4078 Philosophia

487 4075 705 4144 reponit
730 4077 1017 4144 dignitates
1064 4075 1271 4133 ratione
1300 4081 1382 4134 stti
1412 4097 1516 4134 non
1546 4075 1771 4134 reddere
1800 4075 2071 4135 ltoininem

486 4139 856 4197 ltonorabileiu
897 4158 949 4200 et
989 4150 1369 4205 rexerendum.
1421 4150 1555 4204 Cum
1606 4151 1747 4203 enim
1802 4150 1975 4205 honor
2019 4161 2075 4207 et

486 4215 786 4268 reverentia
815 4217 885 4270 sit
907 4218 1232 4278 intrinsecus
1255 4221 1469 4288 quidem
1512 4220 1779 4287 cogitatio,
1806 4222 2075 4277 extrinse-

486 4295 582 4333 cus
613 4301 738 4337 vero
767 4298 887 4340 nota
916 4290 1117 4357 optima
1146 4288 1331 4344 meriti
1376 4292 1559 4353 alieni.
1590 4290 1788 4345 idcirco
1817 4294 1992 4346 honor
2019 4301 2074 4347 et

486 4357 787 4431 reverentia
812 4360 884 4411 ita
916 4360 1242 4414 comitantur
1269 4365 1519 4415 virtutem
1540 4402 1557 4427 ,
1600 4372 1656 4413 ttt
1701 4362 1955 4431 quidquid
1986 4377 2073 4416 ra-

484 4427 634 4499 tione
654 4430 734 4499 sui
756 4427 1025 4499 hominem
1050 4431 1222 4484 reddit
1242 4431 1674 4487 houorubilemet
1691 4427 2068 4497 reverendam,

482 4490 615 4569 illud
642 4497 686 4549 si
716 4497 887 4569 virtus
908 4499 1024 4569 ipsa
1054 4516 1159 4554 non
1187 4502 1280 4564 sit,
1304 4504 1537 4555 virtutem
1568 4502 1818 4555 mentibus
1846 4490 2071 4556 inserere

485 4561 679 4641 debeat
701 4560 945 4637 adeoque
974 4572 1097 4625 uitia
1125 4560 1401 4641 depellere.
1443 4575 1602 4641 Atqui
1634 4573 1922 4641 dignitates
1958 4574 2071 4628 sive
2096 4560 2149 4620 Ι)

485 4637 829 4712 magisuatus
858 4657 962 4693 non
995 4642 1064 4695 ita
1106 4657 1165 4695 se
1192 4637 1441 4697 'ltabvnt:
1484 4637 1913 4712 quandoquidem
1945 4645 1961 4695 i
1990 4644 2071 4696 lu-

480 4710 647 4783 strare
687 4709 854 4775 potius
897 4713 1174 4779 nequitiam
1201 4718 1362 4767 solent
1384 4709 1539 4783 quam
1560 4709 1762 4782 fugare,
1797 4730 1899 4783 quo
1927 4716 1984 4780 ﬁt
2016 4724 2071 4767 ut

480 4774 808 4853 indignentur
844 4797 928 4833 eas
953 4774 1089 4847 stupe
1109 4774 1429 4852 aequissimis
1464 4774 1770 4853 contigisse}
1801 4774 1941 4838 sicui
1969 4784 2071 4838 Ca-

482 4844 649 4924 tullus
677 4848 934 4916 Nonium,
979 4844 1036 4906 et
1053 4844 1418 4923 ipse'lioetius
1441 4844 1751 4909 Decoratum
1777 4870 1920 4926 aegre
1949 4857 2069 4910 tulit

478 4926 847 4991 "mgistratum
868 4937 1076 4991 gerere.
1602 4978 1605 4981 -

554 4984 574 5013 ³
612 4985 767 5065 lfnde
813 4984 1098 5065 Cdtullus.]
1130 4995 1295 5051 Poeta
1328 4996 1659 5061 notissimus,
1704 4997 1816 5064 qui,
1842 4997 1981 5061 quod
2011 4997 2066 5053 in

479 5060 724 5138 versibus
750 5062 817 5112 ita
849 5062 1015 5138 fuerit
1035 5060 1255 5138 mordax
1278 5106 1291 5130 ,
1322 5078 1379 5121 ut
1407 5084 1473 5122 ne
1499 5068 1697 5121 thsari
1722 5060 1941 5137 quidem
1974 5083 2066 5136 pe-

484 5134 864 5207 |iercer_i_t,_nou
893 5134 1151 5207 dubitavit
1174 5136 1403 5191 Nonium
1434 5134 1826 5207 magistratum,
1854 5134 1988 5205 sive,
2014 5147 2072 5192 ut

483 5209 627 5281 nunc
654 5200 848 5255 dicitur
868 5244 884 5268 ,
910 5204 1159 5281 incum/1'
1184 5210 1438 5263 sedentem
1455 5253 1467 5270 ,
1500 5200 1741 5276 ejusdem
1764 5200 2068 5281 cognomini

479 5267 752 5337 alludens,
783 5267 1025 5330 convicio
1051 5282 1374 5333 consectari.
1398 5267 1579 5333 Curtii.
1607 5282 1709 5335 53:

603 5362 730 5433 Quid
752 5374 850 5433 est,
880 5367 1089 5433 Catulle,
1117 5372 1232 5433 quid
1252 5371 1458 5420 moraris
1479 5372 1675 5420 emori?

599 5423 731 5473 Sellt
756 5429 803 5476 in
830 5423 986 5481 curuli
1010 5423 1192 5481 str'urita
1216 5433 1403 5483 Nonius
1425 5435 1571 5482 sedet
1597 5445 1611 5481 :

601 5484 701 5561 Per
718 5491 1025 5561 consulatum
1051 5495 1242 5561 pejcrat
1268 5494 1502 5544 Vatinius.

600 5549 727 5605 Quid
751 5558 848 5614 est,
872 5549 1079 5613 Catulle,
1104 5549 1221 5618 Quid
1246 5560 1449 5606 moraris
1468 5557 1659 5607 emori?

553 5628 573 5659 ⁸
612 5631 751 5705 Licet
788 5637 841 5688 in
873 5639 1040 5693 curuli
1066 5640 1118 5695 Ν
1123 5642 1297 5694 auium
1323 5643 1605 5705 sedentem,
1627 5651 1875 5696 strumam
1897 5652 2065 5697 tamen

478 5703 751 5773 appellanl
780 5706 968 5763 Plures
999 5712 1086 5764 hic
1123 5722 1308 5783 putant
1343 5703 1889 5783 noctium-ignorasse
1922 5724 2062 5765 stru-

474 5784 616 5850 lllallt
646 5786 767 5850 e_~se
788 5791 1201 5850 cognomentum
1234 5781 1389 5836 Nonii
1417 5800 1430 5834 :
1474 5781 1679 5837 Boetius
1706 5781 2020 5835 allurinatur
2043 5825 2058 5849 ,

471 5843 640 5905 dludit
661 5843 931 5911 Joseplt'us
956 5851 1193 5916 Scaliger
1215 5852 1280 5908 ad
1311 5852 1597 5919 pra-dictos
1623 5870 1810 5909 versus
1839 5843 2054 5921 Catulli,

2229 2284 2282 2337 ui
2296 2292 2547 2356 strumam
2568 2300 2670 2338 non
2693 2299 2972 2356 cognomen
3000 2284 3164 2339 Nonii
3188 2295 3351 2356 putat,
3369 2286 3460 2341 sed
3474 2288 3783 2345 convicium.

2229 2302 2281 2337 ut
2296 2302 2547 2338 strumam
2568 2302 2670 2338 non
2693 2302 2972 2355 cognomen
3000 2302 3161 2339 tvonn
3188 2302 3351 2356 putat,
3369 2302 3458 2341 sea
3474 2303 3783 2345 convictum.

2192 2302 2350 2411 {inde
2390 2356 2696 2409 Sitzmanus
2726 2356 2840 2408 hic:
2878 2354 2928 2408 Ν
2934 2356 3144 2421 oranda,
3177 2360 3280 2424 ait,
3310 2357 3405 2410 hoc
3435 2360 3549 2411 loco
3579 2363 3788 2417 ἁνιστο-

2186 2428 2529 2499 ρησὶᾳ-ηυεινί
2552 2424 2739 2499 Boetii,
2767 2427 2821 2478 in
2850 2442 2906 2478 eo
2935 2428 3342 2499 quodstrumum
3370 2444 3471 2481 non
3501 2445 3786 2499 cognomen
3874 2470 3879 2473 ‹

2188 2496 2354 2565 Nonii
2404 2505 2573 2565 putat.
2623 2496 2686 2549 Et
2714 2497 3018 2550 Bernartius
3069 2497 3152 2550 hic
3200 2513 3441 2565 quoque:
3473 2496 3783 2565 videamus,

2184 2564 2359 2632 inquit
2381 2564 2416 2636 ,ί
2431 2583 2492 2619 ne
2516 2567 2767 2636 guttulam
2796 2569 3021 2619 hauserit
3046 2584 3074 2621 e
3102 2564 3311 2634 ﬂumine
3352 2568 3514 2623 lethes
3556 2572 3638 2623 vir
3673 2564 3785 2624 ma?

2182 2636 2370 2689 ximus.
2404 2635 2547 2690 Idem
2578 2647 2726 2705 putat
2748 2637 3078 2690 Mm'metius.
3108 2637 3178 2691 At
3205 2638 3453 2705 Boetius,
3498 2655 3635 2708 pace
3664 2651 3785 2695 tan-

2187 2714 2362 2759 torum
2400 2709 2653 2769 virorum,
2681 2709 3012 2761 accusandus
3044 2722 3147 2760 non
3182 2718 3266 2762 est
3296 2710 3378 2763 ltic
3405 2720 3497 2763 aut
3521 2711 3783 2777 ignoran-

2187 2776 2275 2848 tia:
2297 2787 2384 2829 aut
2400 2778 2631 2848 erroris:
2660 2778 2901 2840 quamvis
2923 2780 3065 2831 enim
3090 2789 3282 2831 struma
3302 2776 3602 2848 cognomen
3623 2782 3785 2836 fuerit

2186 2845 2597 2910 Nonii,.Nonius
2630 2856 2806 2900 tamen
2843 2862 2871 2899 a
2896 2849 3103 2902 Catullo
3135 2850 3300 2903 instar
3329 2845 3785 2905 conviciistruma

2185 2924 2366 2970 vocari
2398 2922 2586 2984 potuit.
2619 2918 3003 2989 Scilicetqnod
3036 2934 3332 2988 cognomen
3365 2921 3431 2974 ab
3459 2922 3645 2989 aliquo
3664 2924 3784 2977 sive

2186 2990 2425 3055 corporis
2451 2992 2562 3058 sive
2584 2991 2781 3042 mentis
2808 2988 2936 3042 vitio
2955 2988 3272 3055 desumitur,
3304 2990 3433 3044 illud
3460 2988 3640 3058 potest
3668 2994 3781 3047 vel—

2186 3059 2257 3130 uti
2307 3057 2610 3111 convicium
2645 3061 2901 3130 proponi,
2931 3059 2996 3112 iis
3029 3061 3324 3126 prtesertim
3361 3057 3556 3130 quibus
3607 3064 3785 3129 primo

2185 3127 2523 3195 impositum:
2573 3137 2630 3181 ttt
2674 3129 2721 3181 ei
2771 3130 2860 3197 qui
2895 3130 3122 3196 primum
3166 3130 3341 3184 dictus
3369 3127 3451 3185 est
3478 3127 3703 3185 Servius
3750 3151 3781 3186 a

2176 3212 2357 3268 servo,
2376 3215 2445 3250 un
2464 3198 2688 3258 esclove;
2711 3198 2935 3266 Spurius
2959 3214 2989 3252 a
3009 3202 3215 3268 Spurio,
3240 3216 3309 3253 un
3333 3201 3553 3265 bdtard;
3582 3203 3784 3257 Brutus

2181 3282 2210 3320 a
2235 3267 2413 3332 bruto,
2447 3285 2515 3321 un
2567 3269 2803 3334 stupide,
2835 3267 3133 3337 cognomen
3166 3280 3415 3338 tanquam
3466 3274 3779 3327 convicium

2183 3338 2345 3412 objici
2378 3349 2572 3406 potest.
2606 3338 2719 3412 l_nto
2748 3340 2798 3392 id
2833 3342 3169 3407 cognominis
3204 3356 3484 3412 nunquam
3535 3344 3783 3412 reperias

2181 3410 2320 3484 apud
2354 3419 2562 3464 veteres
2605 3408 2877 3484 Ro‘tttanos
2922 3408 3517 3484 cttmttominegeorum
3560 3408 3613 3467 iri
3642 3429 3783 3484 quos

2182 3479 2505 3534 invehuntur
2574 3480 2948 3548 conjunctum,
3008 3482 3107 3535 nisi
3154 3482 3386 3537 convicii
3439 3497 3618 3539 causa.
3659 3479 3783 3539 'Sic

2181 3548 2543 3620 Marrucinus,
2577 3566 2683 3616 quo
2728 3552 3047 3620 cognomine
3075 3553 3303 3606 donatur
3330 3552 3554 3607 Asinius
3604 3556 3783 3610 Asinii

2179 3618 2440 3692 Pollionis
2468 3618 2851 3692 frater,judice
2870 3623 3127 3689 praedicto
3148 3622 3444 3692 Scaligero,
3489 3631 3551 3677 ut
3585 3628 3783 3683 convi-

2181 3691 2327 3745 cium
2359 3690 2534 3745 eidem
2567 3691 2753 3745 Asinio
2782 3692 3030 3759 objicitur
3056 3707 3087 3746 a
3115 3690 3323 3748 Catullo
3350 3692 3532 3749 Carm.
3569 3693 3666 3749 ηε

2308 3781 2607 3843 Marrucine,
2631 3783 2763 3832 Asini
2790 3795 2934 3832 manu
2957 3786 3151 3834 sinistra

2305 3843 2413 3893 Noo
2436 3844 2570 3894 belle
2595 3847 2750 3894 uteris
2774 3847 2821 3893 in
2839 3846 2951 3905 joco
2974 3855 3122 3909 atque
3145 3847 3273 3896 vino.

2178 3926 2267 4002 Sic
2292 3925 3221 4002 Superbus,cognomen_'l‘arquinii,
3254 3924 3638 4002 utconvicium
3670 3930 3781 4002 ipsi

2177 3997 2472 4066 Tarquinio
2499 3998 2818 4066 proponitur
2840 4014 2870 4052 a
2898 3999 3179 4067 Propertio
3209 4000 3246 4053 l.
3277 4014 3356 4061 tu.
3385 4000 3522 4069 eleg.
3554 4003 3665 4058 10:

2301 4089 2427 4152 Quid
2451 4102 2579 4136 nunc
2601 4087 2853 4149 Tarquinii
2878 4088 3057 4152 fractas
3074 4090 3207 4148 juvat
3231 4102 3343 4137 esse
3366 4102 3600 4152 secures,

2362 4149 2568 4200 Nomine
2590 4164 2740 4212 quem
2764 4150 2906 4198 simili
2928 4154 3022 4215 vita
3045 4152 3257 4210 superba
3284 4153 3453 4201 notat?

2177 4233 2339 4303 Atqui
2387 4243 2584 4289 struma
2630 4249 2927 4303 cognomen
2956 4245 3039 4289 est
3066 4235 3259 4298 Nonii.
3309 4246 3363 4290 et
3410 4236 3636 4303 quidem
3669 4238 3783 4305 ipsi

2174 4306 2352 4372 primo
2378 4306 2583 4370 datum,
2608 4306 2749 4372 quod
2773 4320 3068 4373 cognomen
3093 4321 3160 4358 ex
3189 4306 3319 4359 vitio
3340 4306 3613 4375 corporis,
3638 4319 3784 4361 stru-

2176 4376 2279 4431 mis
2304 4375 2576 4443 videlicet,
2605 4375 2811 4430 Gallice
2840 4378 2928 4429 des
2950 4378 3246 4438 coronet/cs,
3272 4376 3592 4430 desumitur.
3620 4378 3784 4432 Adde

2176 4446 2317 4512 quod
2364 4446 2428 4499 ad
2478 4454 2754 4511 Strumas,
2804 4446 2963 4514 hujus
3007 4447 3340 4512 cognominis
3376 4447 3678 4515 originem,
3711 4464 3783 4502 eo

2178 4516 2354 4581 potius
2386 4516 2623 4570 alludere
2662 4516 2808 4569 visus
2832 4526 2915 4570 est
2942 4516 3204 4581 Catullus,
3240 4517 3385 4585 quod
3415 4518 3591 4571 Nonio
3635 4534 3784 4585 prae-

2176 4586 2279 4638 t0ri
2305 4587 2356 4639 in
2383 4586 2640 4655 praedicto
2660 4586 2899 4657 carmine
2917 4587 3153 4640 Catullus
3177 4588 3466 4657 conjungat
3492 4587 3779 4642 Vatinium

2177 4659 2453 4711 consulem
2480 4695 2494 4719 ,
2526 4658 2646 4725 qui,
2678 4656 2820 4724 quod
2843 4658 3062 4709 struutis
3090 4656 3395 4722 laboraret,
3428 4658 3496 4711 ab
3518 4659 3639 4726 ejus
3674 4660 3784 4713 ini-

2179 4727 2318 4781 mico
2346 4726 2605 4781 Cicerone
2654 4729 2851 4794 saepius
2894 4739 3101 4780 struma:
3149 4739 3241 4779 aut
3273 4729 3517 4781 strumosi
3550 4730 3783 4781 tumoris

2179 4798 2395 4851 nomine
2416 4799 2725 4869 denmatur.
2751 4797 2851 4849 Pro
2879 4797 3092 4851 Sestio:
3127 4796 3397 4851 Medentur
3425 4799 3619 4869 ciuitati
3642 4838 3658 4861 ,
3689 4801 3783 4869 qui

2178 4877 2415 4920 cxsecant
2447 4878 2633 4935 pestem
2655 4868 2882 4935 aliquant
2904 4876 3146 4936 tanquam
3165 4878 3411 4921 strumam
3433 4884 3452 4922 .'
3484 4868 3537 4921 in
3565 4868 3779 4934 ινδιξ-ι..

2178 4947 2385 4991 struma:
2424 4939 2638 5003 denique
2663 4937 2809 4990 ebore
2835 4939 3062 5007 improbo
3090 4939 3473 5007 demigrarunt;
3514 4948 3570 4993 et
3595 4940 3736 4993 alibi
3762 4955 3780 4993 :

2179 5007 2455 5061 Tumidum
2484 5009 2720 5060 habemus
2739 5018 3011 5061 oratorem.
3038 5008 3161 5062 Htec
3188 5008 3255 5062 de
3284 5009 3476 5063 Nonio.

2250 5078 2271 5109 ⁸
2312 5078 2441 5131 Cant
2481 5078 2756 5132 Decorato.
2782 5076 2802 5149 ]
2834 5078 3123 5132 Decoratus
3152 5079 3238 5131 hic
3267 5092 3348 5133 est
3378 5080 3473 5134 ille
3503 5078 3570 5133 ad
3600 5094 3780 5148 quem

2176 5147 2542 5203 Theodericus
2589 5150 2725 5215 apud
2777 5147 3153 5203 Cassiodorum
3211 5150 3333 5204 Var.
3379 5152 3416 5202 Ι.
3448 5165 3518 5214 v,
3546 5147 3636 5216 ep.
3680 5150 3779 5214 51,

2178 5221 2384 5287 scribit,
2415 5229 2471 5273 ut
2511 5220 2802 5287 compellat
2829 5219 3087 5287 quosdam
3113 5222 3387 5289 pecuniam
3414 5221 3634 5274 solvere
3680 5236 3783 5288 po-

2175 5291 2449 5352 stulatam,
2479 5291 2524 5342 si
2552 5304 2737 5343 revera
2781 5304 2876 5343 eos
2931 5290 3068 5343 forte
3095 5292 3397 5345 constiterit
3448 5291 3777 5345 debitores:

2172 5361 2315 5429 quod
2358 5360 2571 5428 adjutor
2600 5361 2854 5428 magistro
2881 5361 3175 5415 ol’liciorum
3204 5360 3459 5428 iudicanti
3506 5360 3774 5415 adesset:

2172 5442 2228 5484 et
2277 5441 2555 5499 propterea
2577 5471 2591 5493 ,
2623 5434 2782 5483 solito
2809 5430 2971 5484 ollicii
3003 5434 3220 5486 nomine
3242 5472 3256 5497 ,
3292 5433 3487 5486 ibidem
3537 5443 3771 5487 vocatur

2174 5501 2404 5565 devotus,
2434 5502 2633 5553 devotio
2656 5510 2773 5554 tua:
2801 5501 2942 5569 quod
2975 5517 3081 5555 non
3113 5502 3289 5555 obstat
3314 5502 3441 5569 quin
3464 5518 3591 5555 vere
3627 5515 3763 5558 nunt

2172 5572 2381 5625 dicatur
2400 5573 2735 5639 nequissimus
2763 5588 2939 5624 scurra
2966 5583 3020 5625 et
3045 5572 3246 5625 delator
3275 5571 3495 5641 (Scurra
3517 5574 3757 5641 quidem

2172 5643 2312 5710 quod
2342 5652 2587 5709 potentes
2611 5650 2852 5706 secutus,
2882 5643 3125 5696 dicteriis
3155 5643 3259 5697 sibi
3282 5646 3477 5699 victum
3499 5652 3599 5697 aut
3622 5645 3753 5704 aliut

2170 5714 2513 5767 commodum
2543 5723 2926 5779 aucuparetur.
2958 5712 3206 5771 Juvenal.

2697 5804 2891 5866 Mitnum
2914 5808 3015 5865 agit
3035 5805 3141 5866 ille,

2298 5863 2481 5914 l'rbani
2504 5865 2697 5929 qualem
2725 5863 2964 5917 facundus
2984 5863 3152 5918 scurra
3171 5866 3365 5919 Catulli.
