3984 6382
262 361 347 448 757

1139 387 1225 441 [ιε
1263 383 1778 443 CONSOLATIONE
1807 373 2279 440 Ριιιιοεοιδιιιί
2322 383 2450 437 LIB.
2492 380 2578 438 ill.

3391 381 3496 436 738

258 509 380 563 enim
413 502 634 571 dignitas
665 503 879 571 propria
905 501 1108 565 virtuti,
1139 515 1298 569 quam
1333 501 1579 568 protinus
1622 501 1674 552 in
1705 513 1799 552 eos
1828 505 1875 560 Α
1907 510 2000 548 eas
2025 509 2148 551 esse
2196 495 2216 565 (
2227 496 2312 564 l5)
2363 509 2468 550 non
2513 494 2807 550 aestimant.
2838 492 2944 550 Sed
2975 493 3076 548 hoc
3111 492 3249 564 apud
3277 502 3496 547 exteras

255 599 423 668 quibus
437 593 873 661 fueritadjnncta,
900 591 1240 646 transfundit.
1265 589 1422 661 194
1452 589 1632 655 'Qnod
1673 589 1796 655 quia

257 682 552 752 'populares
576 679 750 734 facere
781 688 1053 748 nequeunt
1082 680 1337 742 honores,
1362 679 1523 744 liquet
1551 693 1647 732 eos
1679 691 1800 745 pro-

255 777 402 844 pristn
427 772 692 840 dignitatis
734 771 1186 839 pulchritudinem
1213 785 1318 822 non
1350 769 1573 822 habere.
1605 768 1660 822 In
1692 783 1800 836 quo

255 867 367 920 illud
395 875 470 918 est
494 864 1025 919 animadvertendum
1059 865 1254 932 magis:
1299 878 1422 916 nam
1452 864 1495 915 si
1525 876 1590 915 eo
1617 863 1798 929 abjec-

255 959 344 1008 tior
369 965 464 1016 est,
494 969 598 1022 quo
623 956 794 1023 magis
825 970 852 1007 a
883 954 1128 1022 pluribus
1157 954 1383 1022 quisque
1409 953 1798 1017 contemnitur,

253 1062 357 1100 cum
387 1044 409 1082 δ
433 1045 748 1098 reverendus
778 1046 954 1100 facere
985 1055 1250 1114 nequeat,
1274 1059 1412 1115 quos
1439 1045 1686 1112 pluribus
1713 1059 1803 1098 os-

253 1147 401 1190 tentat
439 1136 545 1206 (5),
577 1139 595 1167 '
621 1138 981 1205 despectiores
1005 1139 1182 1206 potius
1209 1137 1482 1204 improbos
1518 1147 1539 1174 ε
1571 1137 1804 1206 dignitas

252 1226 380 1280 facit.
418 1226 602 1279 Verum
653 1242 755 1280 non
799 1224 825 1262 ά
877 1228 1122 1294 impune:
1168 1227 1398 1281 reddunt
1438 1242 1668 1296 namque
1699 1229 1805 1282 im-

252 1319 382 1386 probi
408 1332 579 1384 parem
609 1317 956 1383 dignitatibus
979 1319 1180 1385 vicem,
1205 1332 1340 1386 quas
1361 1333 1455 1371 sua
1483 1319 1804 1387 contagione

249 1411 629 1464 commacuiant.
663 1411 683 1440 ³
711 1409 884 1478 Atque
913 1420 970 1462 ιιι
991 1425 1248 1478 agnoscas
1271 1425 1449 1463 veram
1485 1411 1625 1463 illam
1651 1426 1806 1466 reve-

252 1503 452 1555 rentiatr.
478 1517 569 1569 per
588 1502 683 1554 has
706 1502 1019 1554 nmbratiles
1037 1502 1324 1569 dignitates
1354 1517 1459 1554 non
1485 1516 1643 1566 posse
1669 1515 1803 1555 con-

249 1595 460 1659 tingere;
501 1593 544 1644 si
578 1594 697 1661 quis
731 1593 1006 1660 multiplici
1037 1592 1317 1645 consulatu
1351 1591 1570 1644 functus
1597 1592 1648 1644 in
1681 1591 1806 1644 bar-

251 1685 646 1737 barasuationes
682 1685 819 1738 forte
858 1683 1157 1748 devenerit,
1210 1685 1650 1738 venerandumne
1679 1684 1797 1752 (l0)

249 1773 466 1826 barbaris
493 1773 666 1826 honor
694 1773 854 1828 faciet
883 1778 933 1824 et
965 1773 1123 1843 Atqui
1153 1774 1195 1827 si
1226 1774 1327 1827 hoc
1352 1774 1593 1827 naturale
1611 1789 1804 1828 munus

246 1863 562 1931 dignitatibus
590 1865 744 1926 foret,
775 1867 844 1917 ab
874 1864 1053 1918 officio
1080 1879 1214 1928 suo,
1255 1863 1271 1901 ί
1303 1880 1516 1932 quoquo
1541 1865 1802 1933 gentium,
1837 1878 1883 1936 Β

247 1955 374 2008 ιιιιΙΙο
401 1956 553 2010 modo
580 1966 893 2011 cessarent:
935 1957 1075 2010 sicut
1123 1957 1257 2026 ignis
1289 1956 1484 2025 ubique
1511 1965 1798 2021 terrarum,

248 2063 488 2115 nunquam
521 2058 700 2101 tamen
731 2050 910 2103 calere
938 2049 1172 2102 desistit.
1207 2048 1313 2102 Sed
1345 2049 1595 2112 quoniam
1640 2049 1691 2102 id
1720 2051 1802 2104 eis

245 2153 335 2191 non
363 2141 564 2209 propria
591 2141 693 2205 vis,
723 2142 816 2196 sed
851 2142 1124 2196 hominum
1151 2141 1307 2194 fallax
1332 2141 1570 2195 adnectit
1597 2143 1798 2206 opinio,

246 2244 514 2288 vanescunt
538 2234 706 2300 illico,
739 2248 860 2288 cum
884 2233 950 2288 ad
976 2249 1071 2290 eos
1098 2235 1368 2299 venerint,
1392 2233 1482 2303 qui
1514 2232 1803 2303 dignitates

1905 589 2178 644 natiOnes:
2221 588 2362 642 inter
2387 602 2484 642 eos
2509 601 2668 653 vero,
2697 585 2838 655 apud
2866 601 3000 654 quos
3030 595 3164 638 orta:
3191 593 3338 646 sunt.
3363 600 3491 638 num

1903 691 2159 749 perpetuo
2185 680 2475 748 perdurant
2504 679 2564 731 It?
2599 681 2754 750 195
2784 679 2943 747 Atqui
2969 677 2991 709 ⁸
3023 675 3047 714 ιι
3074 688 3340 746 praetura,
3383 690 3488 728 ma-

1901 789 2003 843 gna
2027 774 2154 828 olim
2192 782 2449 842 potestas,
2480 786 2620 826 nunc
2650 773 2808 825 inane
2837 786 3034 824 nomen
3066 779 3169 834 est,
3197 778 3252 821 et
3279 775 3497 822 senato-

1905 865 1967 918 rii
2007 878 2204 918 census
2229 863 2407 932 gravis
2441 861 2453 900 ί
2481 863 2714 916 sarcina.
2771 863 2791 894 ⁸
2821 861 2876 916 Si
2904 863 3024 928 quis
3051 860 3319 930 quondam
3354 870 3368 908 ι
3405 873 3499 927 po-

1905 956 2013 1024 puli
2042 964 2285 1010 curasset
2315 969 2614 1016 annonam,
2648 967 2874 1018 magnus
2902 952 3201 1007 habebatur
3221 990 3237 1015 ,
3269 963 3410 1003 nunc
3433 963 3497 1001 ea

1916 1046 2231 1115 przrfectura
2262 1045 2388 1112 quid
2417 1045 2715 1113 abiectius?
2747 1044 2815 1098 Ut
2839 1043 2981 1096 enim
3012 1043 3170 1109 paulo
3200 1054 3325 1094 ante
3353 1039 3497 1092 disi-

1905 1153 2058 1201 mus,
2115 1137 2254 1206 qnod
2313 1137 2443 1189 nihil
2499 1136 2658 1189 habet
2686 1136 2890 1205 proprii
2934 1135 3184 1196 decoris,
3243 1132 3500 1202 opinione

1906 1228 1984 1296 (5)
2016 1229 2276 1281 utentium
2311 1241 2452 1278 nunc
2479 1227 2826 1296 splendorem
2858 1226 3075 1292 accipit,
3104 1239 3245 1277 nunc
3278 1223 3497 1278 amittit.

1906 1319 1962 1373 Si
1997 1320 2158 1386 igitur
2203 1318 2530 1372 reverendus
2568 1318 2747 1372 facere
2791 1327 3070 1387 nequeunt
3095 1316 3422 1384 dignitates,
3454 1315 3500 1369 si

1909 1411 2052 1464 ultro
2093 1411 2462 1477 improborum
2511 1412 2833 1480 contagione
2881 1409 3228 1472 sordescunt,
3256 1409 3302 1461 si
3331 1415 3500 1460 muta-

1909 1499 2055 1553 tione
2077 1509 2384 1567 temporum
2416 1499 2704 1568 splendere
2729 1499 3003 1563 desinunt,
3030 1499 3072 1551 si
3098 1497 3337 1567 gentium
3360 1495 3502 1548 msti-

1909 1591 2142 1644 matione
2168 1591 2467 1653 vilescunt,
2519 1591 2646 1658 quid
2689 1590 2941 1660 estquod
2991 1590 3044 1644 in
3095 1604 3154 1644 se
3181 1586 3502 1656 expetenda!

1910 1681 2334 1751 pulchritudinis
2389 1680 2644 1747 habeant,
2679 1680 2876 1736 nedum
2912 1681 3032 1734 aliis
3060 1678 3362 1749 praestent?

2379 1842 2839 1912 ιθθιιετιιυιι
2881 1847 2897 1864 ο
2943 1841 3032 1896 tv.

1913 1977 2305 2029 ABGUIENTUI.
2345 2006 2394 2015 —-
2421 1976 2762 2044 Philosophia
2797 1979 3028 2043 exemplo
3076 1973 3246 2025 miseri
3282 1971 3500 2044 Neronis

1982 2047 2252 2113 dignitates
2295 2041 2649 2114 conferentis,
2687 2041 2958 2115 conﬁrmat
3021 2044 3292 2116 dignitates
3342 2041 3501 2096 nemi-

1982 2131 2093 2168 nem
2112 2132 2258 2182 posse
2273 2116 2437 2170 beare.

2054 2235 2310 2302 Quamvis
2337 2250 2395 2291 se
2420 2234 2585 2306 Tyrio
2615 2236 2880 2306 superbus
2903 2244 3077 2300 ostro,

1615 2365 2202 2423 INTERPRETATIU.

305 2494 326 2521 ⁸
367 2482 589 2556 Exhibiti
609 2503 640 2538 a
670 2487 876 2556 populo.

306 2555 328 2594 δ
367 2555 627 2625 Dignitas.

309 2637 328 2662 ε
369 2627 588 2681 Eadem.

304 2696 326 2732 ἀ
365 2697 485 2751 Sine
508 2714 680 2764 poena.

305 2777 326 2803 ⁶
365 2769 471 2820 Non
499 2783 652 2822 sane.

309 2835 325 2873 ¹
373 2837 587 2907 Ubique.

1990 2497 2015 2533 ε
2059 2487 2274 2541 Minime
2323 2502 2469 2540 vero.

1987 2555 2014 2627 ξι
2059 2557 2297 2627 Dignitas
2321 2558 2567 2623 prartoris.

1994 2626 2008 2664 ί
2058 2626 2218 2680 Unus.

1993 2698 2006 2743 ι
2067 2697 2348 2761 Pra'fectus
2375 2713 2613 2750 annona'.

1997 2765 2213 2819 Etiamsi
2241 2767 2379 2820 Nero
2407 2781 2460 2818 se
2482 2769 2769 2838 adornaret,
2801 2768 3015 2838 insignis
3047 2785 3272 2838 purpura
3303 2769 3465 2838 Tyria
3483 2813 3498 2834 ,

1922 2838 2228 2909 gemmisque
2248 2838 2481 2890 candidis
2496 2878 2512 2902 ,
2529 2837 2668 2891 idem
2692 2837 3024 2890 nihilominus
3048 2837 3338 2906 imperator
3354 2844 3500 2898 luxus

1776 2972 1987 3030 (ΟΤᾹΕ.

240 3086 418 3139 delator
445 3100 574 3139 vero
599 3125 613 3146 ,
655 3083 794 3152 quod
824 3083 958 3137 alios
1002 3082 1358 3136 calumniatus
1387 3083 1594 3137 occulte
1644 3097 1802 3137 accn-

1980 3087 2002 3115 δ
2043 3083 2276 3139 Pratum
2317 3102 2504 3155 magna
2529 3085 2651 3138 olim
2697 3088 3249 3153 pot.'stas.mmcinane
3281 3105 3498 3144 nomen.

241 3156 410 3235 sarci),
438 3155 709 3236 eius-modi
756 3155 914 3235 enim.
952 3154 1202 3236 homines
1229 3153 1401 3223 puniri
1431 3154 1590 3221 jussit
1635 3153 1812 3236 ρρηιί-
1842 3173 1888 3235 C
1922 3153 2194 3236 Praetores
2236 3153 2560 3236 Ilomani,_.ut
2590 3157 2784 3211 docent
2827 3159 3117 3236 jurisperiti
3147 3200 3161 3218 ,
3194 3161 3262 3211 ab
3295 3161 3493 3236 initio,

242 3227 420 3279 tianus.
472 3227 747 3292 Princeps,
775 3223 1045 3291 inquiebat
1077 3224 1158 3276 hic
1189 3224 1480 3292 imperator
1509 3223 1648 3285 apud
1674 3224 1811 3278 Sue-

242 3298 428 3349 tonium
447 3338 461 3360 ,
501 3298 592 3361 qui
625 3295 874 3347 delatores
903 3311 1004 3346 non
1034 3295 1272 3362 castigat,
1300 3297 1490 3348 irritat.
1523 3295 1812 3362 Propterea

243 3366 438 3419 Boetius
463 3368 742 3420 convictus
765 3365 1128 3426 magistratum
1153 3381 1254 3417 non
1278 3364 1492 3419 efficere
1521 3363 1773 3418 meliores
1795 3405 1811 3431 ,

239 3437 431 3501 adduci,
465 3439 632 3490 etiam
666 3434 936 3502 periculis,
964 3451 1062 3487 non
1091 3436 1282 3502 potuit,
1311 3446 1366 3489 ut
1387 3451 1502 3488 cum
1529 3436 1623 3489 illo
1647 3433 1814 3490 Deco-

238 3517 340 3558 rato
391 3509 745 3575 magistratum
774 3517 986 3572 gereret.

312 3577 324 3606 ¹
368 3577 515 3640 Quod
556 3578 682 3646 quia
736 3575 1008 3646 populares
1055 3576 1220 3644 facere
1249 3585 1515 3646 nequeunt,
1550 3575 1812 3646 honores.]

238 3643 296 3698 ll.
329 3646 523 3700 Eadem
561 3643 904 3715 l‘hiloSOphia
944 3643 1154 3708 innuit,
1202 3643 1461 3699 honorem
1488 3643 1807 3715 dignitatum

235 3716 297 3786 ab
316 3718 564 3782 opinione
597 3718 738 3784 vulgi
765 3713 1028 3786 pendere:
1063 3716 1202 3769 unde
1233 3713 1619 3786 nuucvocat'ur
1640 3734 1809 3786 papu-

238 3785 352 3838 laris
378 3789 490 3842 sive
517 3804 547 3842 ει
583 3786 782 3854 populo
823 3785 1108 3840 exhibitas.
1143 3785 1358 3839 Scilicet
1387 3785 1557 3840 honor
1581 3785 1812 3840 et’reve-

238 3858 417 3923 rentia,
447 3867 503 3912 nt
527 3859 642 3922 jam
670 3855 992 3916 monuimus,
1019 3855 1152 3909 nihil
1177 3855 1424 3908 estaliud
1448 3871 1604 3924 quam
1631 3857 1811 3910 intrin-

235 3940 378 3980 secus
404 3929 624 3996 quidem
651 3925 931 3993 cogitatio;
957 3927 1288 3996 extrinsecus
1315 3939 1442 3996 vero
1468 3936 1590 3996 nota
1608 3927 1809 3995 optima

237 3998 400 4050 meriti
426 3995 625 4052 alieni:
661 3996 802 4050 unde
831 3996 944 4049 sive
973 3995 1058 4049 illa
1088 3996 1365 4064 cogitatio,
1395 3995 1508 4048 sive
1543 3995 1654 4050 haec
1684 4007 1806 4051 nota

236 4064 301 4119 ita
345 4067 666 4122 bonorantis
693 4075 776 4120 est
800 4106 814 4126 ,
849 4075 904 4118 ut
935 4067 1254 4120 honoratum
1305 4074 1532 4134 nequeat
1581 4067 1810 4122 reddere

235 4137 575 4191 honorabilem
604 4147 650 4191 et
695 4137 1059 4190 reverendam:
1089 4137 1256 4191 solius
1283 4133 1493 4190 virtutis
1522 4146 1605 4190 est
1635 4136 1811 4190 hono-

234 4215 394 4261 ratum
451 4210 684 4262 reddere
745 4207 1148 4260 honorabilem:
1183 4206 1326 4261 unde
1373 4208 1483 4261 sola
1523 4209 1693 4262 virtus
1725 4216 1809 4263 est

233 4281 432 4343 prppria
445 4279 719 4346 dignitatis
746 4276 1093 4347 pulchritudo.

305 4349 324 4377 ¹
365 4345 720 4412 Despectiores
747 4345 1014 4410 improbos
1036 4347 1258 4416 dignitas
1272 4345 1439 4417 facit]
1457 4347 1807 4416 Contemptus

230 4416 386 4479 enim,
422 4428 478 4471 nt
510 4430 637 4487 pote
667 4417 851 4470 honori
883 4421 1204 4483 contrarius,
1239 4416 1560 4472 intrinsecus
1589 4419 1805 4487 quidem

230 4497 304 4558 est
329 4489 618 4558 cogitatio,
651 4487 982 4542 extrinsecus
1010 4504 1136 4542 vero
1183 4499 1307 4543 uota
1357 4490 1586 4556 pessima
1625 4489 1803 4543 meriti

1913 3228 2034 3298 jure
2059 3228 2398 3298 magistratus
2425 3228 2596 3298 edicta
2627 3238 2830 3281 tantum
2857 3229 3246 3294 proponebant,
3274 3231 3342 3282 de
3365 3231 3493 3298 qui-

1920 3295 2016 3349 bus
2042 3297 2225 3361 rebus,
2249 3305 2302 3349 et
2332 3297 2599 3364 quotnodo
2621 3298 2707 3359 jns
2740 3299 2928 3350 dicturi
2957 3310 3167 3351 essent:
3207 3295 3490 3364 progressu

1915 3377 2094 3419 autem
2125 3367 2402 3433 temporis,
2457 3383 2562 3420 non
2593 3367 2868 3421 obnitente
2901 3369 3094 3436 popqu
3115 3409 3129 3430 ,
3185 3371 3285 3422 hoc
3331 3372 3488 3424 simul

1917 3447 2268 3503 usurparunt,
2301 3447 2358 3490 ut
2403 3438 2670 3492 edicendo
2721 3439 2880 3492 etiam
2929 3441 3014 3506 jns
3066 3442 3494 3493 constituerent:

1914 3507 2008 3560 sed
2062 3509 2276 3561 tandem
2329 3507 2440 3560 suis
2490 3507 2793 3572 sumptibus
2838 3510 3108 3563 circenses
3150 3519 3205 3562 et
3252 3510 3499 3563 scenicos

1913 3577 2176 3630 duntaxat
2221 3579 2372 3631 ludos
2425 3578 2794 3633 exhibebant:
2849 3580 2988 3632 unde
3033 3581 3185 3632 inane
3229 3597 3410 3632 nomen
3453 3590 3501 3634 st

1913 3649 2081 3771 ﬂavis
2119 3648 2322 3701 sarcina
2351 3657 2476 3702 tunc
2502 3657 2618 3703 erat
2647 3648 2736 3702 illa
2774 3650 3016 3716 przetoris
3042 3650 3300 3718 dignitas.
3335 3651 3498 3706 Simi-

1936 3734 1949 3770 ι
1978 3733 2038 3771 er

1936 3726 2038 3771 iter

1984 3788 2004 3818 '
2044 3788 2104 3842 Si
2144 3791 2255 3852 quis
2299 3787 2477 3854 papuli
2511 3799 2735 3840 curasset
2761 3787 3498 3858 annonam,etc.]Praefectus

1912 3870 2140 3911 annona:
2169 3867 2345 3911 lautus
2367 3859 2494 3910 olim
2521 3869 2634 3908 erat
2656 3857 2796 3923 apud
2829 3858 3116 3918 liomanos,
3143 3857 3196 3909 ut
3224 3861 3495 3926 Angustus

1913 3927 2028 3997 ipse
2053 3937 2323 3992 acceptam
2353 3943 2380 3979 a
2409 3928 2604 3994 populo
2651 3942 2878 3997 annona:
2909 3928 3280 3994 praefecturam
3307 3969 3322 3989 ,
3361 3946 3497 3997 quo-

1911 3996 1977 4050 ad
2002 3999 2153 4062 visit,
2189 3997 2440 4062 tenuerit,
2471 4006 2557 4049 aut
2589 4005 2734 4050 certe
2761 3996 2920 4064 paulo
2950 4007 3076 4050 ante
3109 4007 3333 4050 mortem
3365 3996 3493 4050 sub-

1912 4067 2144 4122 stituerit
2195 4068 2295 4122 sibi
2348 4067 2412 4121 C.
2462 4065 2818 4128 Turrianum,
2852 4067 2940 4133 qui
2993 4068 3133 4120 inter
3187 4068 3386 4134 primos
3431 4069 3482 4122 in

1909 4138 2072 4192 verba
2106 4138 2303 4195 Tiberii
2351 4138 2587 4204 juravit,
2635 4137 2792 4208 quasi,
2823 4138 2960 4191 inter
2991 4137 3287 4208 praecipuos
3333 4141 3498 4208 magi-

1910 4217 2137 4264 stratus:
2195 4209 2290 4264 Scd
2337 4207 2500 4262 lioetii
2553 4207 2883 4274 temporibus
2936 4207 3220 4274 prmfecttis
3267 4207 3497 4262 annonae

1912 4279 2112 4332 nullam
2144 4280 2243 4334 nisi
2275 4279 2325 4333 in
2353 4280 2585 4345 pistores
2616 4279 2762 4331 urbis
2801 4278 3264 4344 negotiatoresque
3290 4281 3500 4334 snarios

1910 4362 2192 4403 censuram
2225 4360 2276 4403 et
2307 4348 2825 4404 animadversionem
2855 4349 3080 4403 habebat
3106 4366 3117 4400 :
3151 4359 3207 4400 ut
3228 4349 3501 4416 colligitur

1909 4435 1974 4473 ex
2008 4421 2231 4474 lormula
2263 4419 2418 4482 hu;us
2452 4419 2784 4486 prtelecturte
2812 4434 2976 4488 quam
3005 4419 3174 4472 refert
3214 4416 3501 4474 Cassiodo-

1911 4504 2002 4544 rus
2025 4491 2059 4542 l.
2096 4507 2142 4544 \‘l
2180 4491 2409 4546 Variar..
2437 4491 2593 4542 form.
2621 4490 2707 4541 18.

231 4547 424 4610 alieni?
445 4547 620 4628 quare
643 4574 762 4611 eum
787 4559 1060 4626 improbus
1080 4575 1145 4612 eo
1167 4547 1410 4612 vitiosior
1434 4558 1673 4612 videatur
1699 4574 1806 4627 quo
1835 4547 1884 4608 D
1985 4560 2264 4614 Falluntur
2288 4576 2416 4628 ergo
2450 4574 2544 4612 sua
2587 4559 2956 4626 as+ttmptione
2977 4558 3066 4626 qui
3097 4572 3364 4612 summum
3409 4561 3502 4613 bo-

227 4628 521 4683 snblimiori
575 4629 829 4697 dignitate
876 4628 1097 4682 affectus
1139 4640 1242 4692 est,
1281 4632 1418 4682 sicut
1469 4630 1666 4683 dietum
1725 4640 1807 4684 est

230 4711 366 4770 pros.
427 4702 481 4762 6,
538 4715 572 4753 ιι
623 4701 758 4752 Μ).;
815 4710 1094 4768 propterea
1127 4701 1348 4770 dignitas
1377 4700 1634 4767 improbos
1684 4703 1808 4768 facit

227 4769 519 4839 objections
567 4771 1018 4836 despectioresque.

291 4839 310 4869 ³
348 4844 514 4902 Atque
568 4852 622 4894 ut
654 4856 922 4906 agnoscas,
957 4839 1083 4910 etc]
1119 4841 1201 4897 Ill.
1237 4840 1407 4906 Inquit
1435 4839 1798 4909 Philosophia,

225 4906 265 4979 si
303 4910 598 4978 dignitates
641 4914 846 4964 ratione
875 4912 954 4963 sui
987 4906 1162 4979 potius
1192 4927 1348 4979 quam
1383 4911 1526 4979 vulgi
1553 4906 1804 4978 opinione

226 4977 491 5036 hominem
548 4983 834 5036 redderent
887 4977 1247 5035 honorabileut
1297 4989 1350 5034 et
1396 4977 1799 5048 venerandum,

221 5053 348 5104 sicut
369 5055 504 5121 ignis
529 5070 731 5117 semper
755 5063 802 5106 et
827 5052 1006 5120 ubique
1027 5062 1275 5104 terrarum
1297 5053 1444 5114 calet,
1474 5053 1550 5104 sic
1576 5053 1800 5120 quicun-

223 5133 317 5186 que
361 5126 714 5191 dignitatibus
763 5123 1102 5177 afﬁcerentur
1128 5164 1142 5184 ,
1185 5123 1235 5175 hi
1260 5138 1472 5190 semper
1509 5131 1562 5177 et
1605 5123 1798 5190 ubique

219 5203 391 5245 essent
417 5195 784 5247 honorabiles.
813 5193 917 5246 Sed
942 5209 1030 5247 res
1049 5209 1151 5246 non
1177 5194 1246 5247 ita
1277 5208 1334 5246 se
1353 5192 1541 5247 habet:
1570 5193 1796 5261 primum

220 5263 352 5333 enim
380 5267 471 5333 qui
504 5266 855 5331 dignitatibus
875 5264 1194 5327 afﬁciuntur,
1238 5264 1291 5317 bi
1317 5280 1423 5317 non
1451 5274 1574 5317 sunt
1603 5264 1800 5333 ubique

221 5327 600 5402 honorabiles?
635 5351 751 5387 nam
777 5335 820 5388 si
859 5335 971 5399 quis
1001 5335 1267 5402 multiplici
1307 5335 1572 5388 consulatu
1596 5327 1800 5402 functus

219 5401 266 5451 in
291 5407 536 5456 tarbaras
564 5407 789 5456 nationes
820 5405 948 5473 forte
972 5401 1239 5467 devenerit,
1272 5420 1374 5458 non
1407 5401 1684 5473 propterea
1716 5404 1800 5460 his

221 5473 484 5545 videbitur
509 5475 840 5528 honorabilis
864 5493 877 5529 :
905 5475 994 5528 sed
1024 5477 1085 5528 iis
1103 5476 1272 5528 solum
1299 5477 1386 5543 qui
1412 5476 1641 5545 quodam
1667 5492 1799 5538 pra:-

221 5540 410 5611 [ttdicio
490 5545 832 5598 consulatum
903 5549 1101 5598 honore
1169 5540 1385 5611 dignum
1431 5540 1795 5600 vexistimant.

239 5614 412 5684 lenide
459 5617 552 5680 qui
587 5615 928 5683 dignitatibus
971 5618 1318 5675 decorantur,
1351 5617 1402 5668 hi
1453 5632 1555 5668 non
1585 5631 1801 5684 semper

217 5683 459 5738 Videntur
494 5686 869 5738 honorabiles:
897 5686 1176 5752 siquidem
1205 5685 1342 5752 apud
1367 5687 1580 5739 easdem
1611 5683 1800 5751 gentes

216 5769 324 5826 quae
367 5771 479 5809 uno
534 5767 777 5821 tempore
822 5757 1016 5825 magni,
1053 5759 1132 5811 ha:
1172 5757 1275 5811 alio
1308 5758 1458 5825 parvi
1491 5757 1798 5826 penduntur

217 5823 531 5892 dignitates:
557 5839 680 5878 nam

1915 4637 2240 4700 num'putaut
2258 4631 2455 4685 versari
2483 4632 2533 4683 in
2557 4630 2903 4699 dignitatibus
2933 4628 3048 4683 sive
3075 4631 3503 4698 magistratibus.

1985 4728 2001 4744 '
2039 4721 2266 4776 Carmen
2295 4730 2547 4776 Constans
2573 4737 2640 4774 ex
2688 4721 2884 4788 duplici
2912 4737 3112 4789 genere
3139 4737 3386 4776 versuum
3419 4724 3502 4775 al.

1915 4803 2188 4847 ternorum
2211 4835 2224 4855 ,
2257 4809 2480 4862 quorum
2515 4792 2660 4857 prior
2691 4790 3004 4845 Phaleucius
3051 4794 3292 4861 quinque.
3333 4793 3500 4859 pedes

1914 4864 2093 4927 habet,
2121 4879 2310 4930 nempe
2333 4864 2650 4929 spondeum,
2672 4863 2942 4930 dactylum
2991 4873 3042 4915 et
3071 4875 3181 4917 tres
3205 4866 3495 4916 trocltmos:

1913 4937 2175 5004 posterior
2197 4933 2553 4988 Archilochius
2583 4934 2718 4987 duos
2759 4933 3004 5004 dactylos
3029 4934 3358 5003 totidemque
3389 4943 3498 4986 tro-

1911 5007 2113 5061 chaeos.

1982 5122 2033 5175 i.
2074 5120 2230 5189 Tyrio
2261 5119 2505 5188 superbus
2530 5117 2710 5189 ostro.]
2740 5118 2954 5174 Ostrum
2978 5118 3046 5173 ab
3074 5130 3256 5184 ostrea,
3276 5119 3494 5173 dicitur.

1913 5188 2149 5265 Ostreum
2171 5201 2369 5250 autem.
2395 5189 2592 5265 Cra-eis
2614 5188 2844 5265 ὄστρεον,
2869 5193 3161 5265 generatim
3184 5191 3314 5244 illud
3339 5205 3500 5265 omne

1910 5262 2155 5315 animalis
2194 5276 2362 5328 genus
2395 5261 2656 5326 signilicnt
2683 5261 2824 5328 q'nod
2859 5270 2990 5313 testa
3035 5261 3298 5314 inclusum
3345 5261 3494 5313 latet.

1911 5335 1980 5388 At
2009 5336 2146 5386 inter
2179 5335 2276 5384 ista
2309 5331 2585 5400 Conchylia
2619 5347 2780 5382 unutn
2813 5341 2896 5384 est
2918 5372 2931 5392 ,
2967 5331 3138 5397 inquit
3166 5331 3367 5383 Plinius
3389 5371 3404 5391 ,
3433 5345 3498 5384 ex

1910 5404 2062 5472 Cujus
2084 5402 2284 5455 concha
2309 5402 2472 5472 incisa
2510 5401 2779 5472 colligitur
2808 5416 3002 5472 succus
3032 5400 3297 5468 tingendis
3336 5400 3498 5472 vesti-

1906 5470 2005 5528 bus
2038 5473 2340 5541 expetitus;
2370 5481 2422 5525 et
2454 5471 2553 5523 hoc
2586 5471 2800 5539 proprie
2852 5470 3049 5524 dicitur
3100 5481 3312 5523 ostrum.
3362 5470 3497 5524 llinc

1907 5557 2099 5598 ostrum
2119 5543 2377 5609 accipitur
2403 5558 2505 5595 non
2531 5545 2702 5594 solum
2731 5555 2826 5606 pro
2851 5542 3072 5603 concha,
3103 5542 3194 5593 sed
3220 5541 3378 5593 ctiam
3401 5557 3497 5605 pro

1909 5617 2090 5669 colore
2122 5629 2388 5682 purpureo
2409 5655 2423 5677 ,
2457 5615 2542 5674 qui
2573 5628 2635 5666 ex
2668 5610 2889 5664 concha:
2923 5611 3072 5664 i~tins
3099 5612 3248 5682 sanie
3275 5612 3492 5664 contici-

1913 5697 2019 5748 tur,
2053 5681 2159 5738 imo
2189 5701 2286 5752 pro
2335 5685 2602 5739 vestibus.
2635 5698 2751 5742 ane
2807 5682 2904 5734 hoc
2925 5682 3105 5734 colore
3162 5681 3494 5735 imbuuntur.

1913 5758 2083 5826 'l‘yrus
2116 5765 2293 5807 autezu
2328 5756 2452 5808 urbs
2482 5753 2771 5826 l’btpnicize
2818 5753 3396 5826 ejusmodiconclglii
3419 5755 3493 5820 pi.

1914 5813 2062 5882 sdatu
2085 5827 2435 5881 celeberrima
2476 5825 2603 5877 fuit:
2638 5813 2801 5892 quare
2824 5813 3024 5876 ostrum
3055 5823 3251 5891 dicitur
3276 5813 3494 5893 Tyrium
