3984 6382
512 361 618 415 743

508 486 632 529 cum
652 470 851 526 habere
880 468 1039 533 velis,
1062 474 1205 520 tutus
1233 465 1328 529 sis,
1352 472 1409 519 et
1437 475 1558 516 cum
1590 460 1862 530 deponere
1886 461 2093 530 cupias,
2124 471 2165 524 Α

510 564 679 618 vitare
706 577 813 615 non
851 557 1066 629 possis?
1091 559 1107 589 ί
1130 556 1215 611 An
1258 554 1511 626 praesidio
1538 563 1665 608 sunt
1700 553 1856 606 amici
1880 562 1927 617 ι,
1960 566 2095 621 quos

509 670 616 710 non
646 655 839 718 vlrtus,
865 652 959 706 sed
993 650 1201 705 fortuna
1230 647 1520 704 conciliat?
1547 642 1626 715 (5)
1659 644 1763 700 Sed
1788 659 1948 714 quem
1976 644 2095 699 feli-

509 746 646 801 citas
675 744 904 797 amicum
947 741 1075 796 fecit
1100 740 1152 805 δ,
1198 737 1546 793 infortunium
1590 736 1747 791 faciet
1793 735 2092 789 inimicum.

515 837 535 866 '
560 834 692 902 Quae
722 849 851 888 vero
881 836 1047 901 pestis
1075 830 1347 887 efficacior
1374 828 1440 883 ad
1475 827 1796 893 nocendum,
1824 841 1987 896 quam
2018 825 2095 880 fa-

513 926 736 981 miliaris
758 926 1004 980 inimicus
1023 924 1047 978 ?

963 1077 1127 1148 202
1174 1070 1469 1129 uernum
1500 1074 1519 1093 ·
1575 1067 1637 1123 v.

513 1198 901 1252 Anouunuruu.
925 1218 996 1230 —-
1026 1187 1259 1240 Domitor
1296 1182 1502 1242 mundi,
1531 1181 1694 1251 inquit
1723 1179 2090 1249 Philosophia,

548 1266 645 1318 nisi
674 1264 780 1317 suis
799 1261 1085 1314 dominetur
1119 1254 1599 1327 perturbationibus,
1632 1262 1807 1321 potens
1829 1269 1932 1306 non
1958 1267 2053 1310 est.

1743 352 1854 405 ΑΝ.
1897 348 2104 406 ΜΑΝι.
2144 348 2295 405 SEV.
2339 348 2562 403 BOETII

3646 352 3732 405 7M

2342 457 2443 523 Qui
2472 472 2532 512 se
2552 455 2693 512 volet
2718 469 2838 511 esse
2866 464 3157 525 potentem,

2342 548 2564 602 Animos
2588 548 2770 601 domet
2793 546 2882 602 ille
2914 548 3147 613 feroces,

2342 636 2453 691 Nec
2482 637 2618 691 victa
2646 637 2864 691 libidine
2892 637 3034 691 colla

2343 725 2525 780 Fiedis
2552 726 2835 780 submittat
2859 725 3101 781 habenis.

2199 815 2235 871 Β
2341 818 2500 889 203
2528 819 2739 872 Etenim
2772 819 2896 873 licet
2923 819 3103 875 Indica
3136 818 3290 889 longe

2344 907 2524 964 Tellus
2554 917 2642 963 tua
2672 909 2792 978 jura
2820 910 3125 975 tremiseat,

2344 998 2410 1054 Et
2447 1002 2647 1056 serviat
2674 1002 2858 1055 ultima
2882 1002 3088 1067 Thule;

2339 1090 2542 1146 Tamen
2570 1102 2712 1145 atras
2740 1092 2941 1162 pellere
2968 1107 3158 1159 curas,

2342 1181 2667 1252 Miserasque
2695 1184 2877 1253 fugare
2905 1184 3151 1249 querelas

2201 1267 2271 1323 i0
2341 1269 2458 1325 Non
2490 1287 2668 1341 posse,
2705 1274 2938 1339 potentia
2968 1288 3077 1328 non
3103 1283 3205 1329 est.

1891 1409 2472 1480 INTERPRETATIO.

590 1559 617 1586 ι
655 1547 880 1604 Nomine
908 1554 1085 1601 tenus.

589 1619 617 1657 δ
657 1620 796 1672 Tibi.
1318 1664 1329 1672 .

590 1688 888 1756 Quicunque
932 1686 1069 1748 cupit
1117 1682 1291 1735 haberi
1341 1692 1534 1756 potens,
1581 1681 1669 1738 hic
1712 1682 1914 1756 subigat
1966 1699 2094 1742 suos

517 1758 726 1828 spiritus
748 1752 1083 1828 contumaces,
1114 1768 1271 1828 neque
1300 1752 1534 1828 subjiciat
1565 1769 1619 1805 se
1646 1752 1904 1828 uoluptati
1940 1771 2096 1828 supe-

518 1820 688 1881 ratum
734 1827 959 1895 imperiis
1008 1820 1257 1893 turpibus.
1292 1820 1430 1875 Nam
1456 1822 1683 1890 quamvis
1724 1821 1879 1876 India
1908 1820 2091 1893 procul

2197 1554 2387 1635 dissita
2407 1568 2601 1635 metuat
2629 1568 2767 1614 tuam
2794 1563 3058 1635 ditionem,
3088 1573 3133 1635 et
3160 1562 3326 1635 Thule
3349 1564 3531 1617 ultima
3556 1564 3745 1635 imperii

2198 1624 2425 1681 Romani
2466 1631 2636 1703 insula
2669 1642 2845 1699 pareat
2886 1633 3014 1695 tibi;
3046 1624 3388 1687 nihilominus
3414 1651 3516 1687 non
3541 1624 3641 1688 eris.
3672 1652 3749 1703 po-

2196 1703 2327 1759 tens,
2350 1700 2575 1773 quandiu
2597 1718 2697 1754 non
2740 1702 2925 1769 poteris
2954 1718 3205 1756 remot-ere
3232 1704 3494 1757 libidinem
3527 1700 3747 1773 fuitestam

2196 1776 2245 1817 et
2272 1769 2520 1836 repellere
2546 1773 2889 1840 querimonias
2919 1776 3151 1826 miseras.

2042 1961 2269 2017 NOTAE.

593 2099 613 2129 ί
650 2097 736 2172 Αη⁸
757 2094 992 2172 prandio
1022 2102 1140 2145 sunt
1167 2089 1840 2172 amici,__et.c.].Arnicorum
1881 2092 2091 2172 duplex
2123 2107 2169 2166 Β
2199 2112 2444 2172 corpore,
2478 2098 2721 2164 libidine,
2764 2100 2878 2156 sive
2906 2102 3047 2156 mala
3075 2101 3348 2157 voluntate
3370 2104 3526 2159 victis
3553 2120 3565 2155 :
3609 2102 3755 2157 libido

521 2182 687 2239 genus
723 2161 808 2219 hic
837 2173 1075 2239 notatur,
1112 2177 1208 2239 pro
1236 2161 1432 2239 dupliri
1472 2161 1721 2239 nimirum
1772 2162 1950 2227 modo,
1984 2179 2092 2239 quo

522 2232 660 2291 alius
707 2244 763 2290 et
814 2234 987 2288 aliena
1026 2232 1275 2285 aestimari
1320 2233 1591 2298 alnarique
1622 2242 1863 2300 possunt,
1894 2234 2095 2286 amicus

524 2306 729 2361 scilicet
768 2304 1003 2367 virtutis,
1035 2314 1087 2356 et
1140 2301 1342 2354 amicus
1396 2302 1639 2354 lortunte.
1701 2302 1850 2355 Prior
1898 2313 2091 2357 caetera

524 2378 661 2431 bona
685 2374 834 2428 flocci
861 2373 1057 2427 faciens
1082 2371 1249 2425 solam
1272 2372 1518 2423 virtutem
1546 2372 1764 2425 alterius
1785 2373 2011 2426 aestimat
2038 2382 2093 2427 et

525 2453 671 2499 amat
700 2462 712 2495 :
744 2444 884 2497 unde
916 2444 1001 2496 hic
1035 2456 1190 2509 atquo
1222 2455 1449 2512 semper
1477 2441 1655 2494 animo
1682 2452 1767 2496 est
1793 2457 1918 2512 erga
1960 2445 2095 2496 ami-

523 2530 645 2569 cum
674 2514 868 2568 virtute
890 2512 1187 2579 prmditnm.
1220 2510 1491 2564 Posterior
1520 2511 1770 2566 virtutem
1801 2510 1947 2579 parvi
1995 2513 2095 2565 dti-

525 2600 654 2638 ccns
680 2594 869 2638 caetera
898 2597 1017 2649 qua:
1062 2582 1218 2647 vulgo
1256 2579 1517 2634 habentur
1573 2580 1707 2634 bona
1759 2582 1987 2635 aestimat
2040 2593 2095 2637 et

525 2652 1079 2722 amatzquamobrem
1118 2650 1205 2705 hic
1256 2651 1600 2722 inconstantis
1653 2653 1816 2705 instar
1868 2652 2094 2705 fortuna:

524 2735 608 2803 est
637 2719 879 2803 volubilis
905 2740 917 2774 ε
953 2722 1087 2802 adeo
1111 2732 1201 2803 ,ιη’
1238 2736 1386 2803 quem
1419 2719 1638 2803 [elicitos
1689 2723 1910 2775 amicum
1940 2722 2094 2802 fecit,

525 2794 698 2848 eidem
725 2793 1065 2864 infortunium
1103 2791 1256 2860 faciat
1286 2791 1546 2843 inimicum
1571 2806 1590 2845 :
1612 2806 1783 2860 eaque
1814 2796 1983 2861 magis
2004 2806 2098 2846 uo-

523 2876 666 2919 ceat.

596 2935 618 2965 ⁸
661 2933 788 2998 Qua:
828 2932 980 3001 pestis
1006 2930 1254 3000 efﬁcacior
1287 2930 1354 2982 ad
1382 2927 1732 2999 nocendum]
1775 2931 1926 2997 Quod
1957 2932 2098 2986 enim

525 3002 800 3057 familiaris
850 3003 935 3066 sit,
989 3001 1113 3054 hinc
1158 3001 1305 3054 novit
1351 3001 1589 3065 modum,
1641 3016 1747 3068 quo
1777 3002 1866 3055 tibi
1901 3017 2096 3057 nocere

525 3074 728 3155 possit,
771 3072 893 3155 inde
924 3086 1049 3125 vero
1076 3078 1133 3153 tu
1166 3085 1283 3155 non
1310 3070 1535 3155 cogitasz
1560 3071 1828 3155 quomodo
1856 3072 2096 3153 ejusdem

524 3140 745 3197 insidias
762 3142 928 3196 vitare
950 3143 1141 3209 possis.
1166 3140 1343 3208 Usque
1366 3140 1499 3193 adeo
1514 3140 1643 3193 falsa
1672 3150 1756 3194 est
1781 3145 2094 3207 assumptio,

523 3228 626 3281 qua
674 3222 845 3281 putas,
873 3226 1096 3280 regnum
1131 3224 1417 3281 regumque
1458 3209 1872 3266 familiaritatem
1905 3213 2099 3268 habere
2125 3214 2170 3273 C

526 3279 789 3337 rationem
814 3282 1006 3334 summi
1044 3279 1189 3333 boni.

594 3396 614 3415 ‘
651 3392 803 3457 Quod
838 3391 1030 3445 dicitur
1056 3389 1443 3443 Parthenicum.
1475 3390 1704 3443 Carmen
1729 3398 1812 3445 est
1837 3404 2093 3448 constans

520 3477 587 3515 ex
620 3477 726 3515 uno
752 3476 949 3528 genere
1002 3474 1284 3523 versuum,
1338 3474 1564 3527 quorum
1593 3461 1819 3528 quilibet
1852 3465 2099 3518 trimeter

520 3541 647 3604 ante
677 3532 891 3585 tertium
919 3529 1104 3604 pedem
1130 3538 1482 3596 anapaestum,
1523 3544 1684 3604 quem
1723 3533 1965 3604 sequitur
1991 3538 2103 3604 syl-

521 3601 640 3655 laba
670 3612 976 3668 superstes,
1021 3601 1250 3667 primum
1283 3610 1336 3653 et
1372 3600 1667 3655 secundum
1715 3603 1903 3668 pedem
1935 3600 2098 3659 habet

521 3671 819 3739 spondeum
849 3671 931 3723 vel
969 3679 1299 3738 anapaestum
1328 3670 1815 3725 indiscriminatim.

591 3782 614 3834 1
664 3781 766 3845 Qui
803 3797 856 3834 se
882 3778 1011 3834 volet
1041 3795 1149 3852 esse
1187 3778 1485 3849 potentem.]
1519 3778 1790 3850 Przecipua
1812 3782 1892 3836 sui
1924 3793 2093 3852 parte,

519 3850 769 3905 nimirum
794 3861 987 3914 mente,
1023 3850 1203 3903 haberi
1233 3859 1525 3916 potentem.

585 3920 621 3973 2
659 3921 869 3974 Animos
898 3922 1064 3972 domet
1092 3920 1179 3972 ille
1207 3918 1442 3989 [ποίει]
1474 3918 1694 3991 Animus
1733 3921 2093 3991 primasigni-

516 3992 986 4064 licationeventus
1009 3997 1112 4064 est,
1144 4004 1251 4064 non
1282 4002 1436 4043 secus
1464 4003 1528 4042 ac
1553 3989 1740 4064 G_ra:ca_
1762 4006 1864 4044 vox
1886 3989 2090 4064 ἄνεμος,

515 4060 657 4113 unde
700 4060 911 4114 videtur
956 4060 1107 4112 oriri.
1161 4059 1341 4125 Quare
1386 4060 1837 4127 quemadmodum
1878 4059 2090 4128 ventus,

514 4138 774 4198 quatenus
826 4129 911 4182 hic
957 4143 987 4182 a
1033 4137 1352 4196 tempestate
1392 4128 1589 4191 differt,
1645 4131 1775 4182 nihil
1823 4131 1967 4186 aliud
2008 4144 2092 4186 e.t

514 4214 670 4267 quam
697 4200 871 4252 tenuis
900 4213 1051 4268 aqua:
1077 4212 1239 4267 vapor
1263 4200 1365 4251 huc
1396 4199 1642 4266 illucque,
1672 4215 1774 4269 qua
1802 4202 1976 4255 minus
2001 4218 2092 4256 re-

514 4269 741 4340 sistitur,
784 4268 1123 4340 discurrens;
1168 4269 1239 4340 ita
1269 4269 1478 4340 animus
1504 4270 1675 4340 prima
1694 4268 2093 4340 significatione

516 4338 646 4408 nihil
676 4346 760 4392 est
783 4339 923 4393 aliud
950 4354 1108 4407 quam
1136 4338 1384 4393 subtilior
1404 4339 1675 4407 sanguinis
1705 4338 1870 4408 vapor
1891 4357 1921 4395 e
1944 4357 2093 4396 cere-

516 4406 616 4479 bro
660 4422 775 4479 perA
802 4406 1018 4474 nervos,
1070 4424 1173 4479 qua
1218 4410 1344 4462 data
1397 4406 1569 4476 porta,
1607 4406 1940 4479 egressurus.
2004 4413 2092 4467 Sic

518 4476 707 4546 VirgJI
739 4476 958 4546 Georg.,
993 4493 1043 4531 v.
1073 4478 1218 4532 420:

633 4591 902 4653 Yertuntur
924 4592 1120 4653 species
1143 4592 1428 4653 animorum,
1455 4598 1506 4639 et
1529 4598 1729 4650 pectora
1754 4596 1914 4644 motus

634 4651 775 4716 Hunc
797 4652 934 4713 alios,
956 4651 1083 4716 alios
1099 4653 1215 4701 dum
1238 4652 1407 4702 nubila
1430 4661 1605 4702 ventus
1621 4654 1820 4716 agebat,

636 4710 939 4775 Concipiunt.
1078 4710 1084 4722 ⁸

513 4818 578 4874 Et
598 4817 793 4886 Georg.
821 4833 891 4881 iv,
910 4832 964 4871 v.
988 4817 1098 4873 86:
1150 4784 1153 4787 Δ

633 4929 693 4978 Hi
714 4936 873 4978 motus
895 4928 1162 4977 animorum
1186 4938 1335 4990 atque
1354 4929 1456 4977 haec
1479 4930 1745 4978 certamina
1772 4934 1905 4980 tanta

634 4991 859 5040 l’ulveris
880 4991 1047 5053 exigui
1065 4991 1197 5053 jactu
1223 5004 1499 5052 compressa
1522 4994 1797 5053 quiescent.

508 5094 599 5150 Sic
624 5094 783 5149 etiam
816 5109 955 5148 nunc
1002 5096 1237 5162 potentia
1285 5094 1480 5149 dicitur
1537 5096 1737 5149 versari
1786 5096 1837 5150 in
1891 5096 2085 5152 animis

507 5164 829 5219 domandis:
883 5167 1023 5234 quod
1072 5166 1321 5218 nimirum
1369 5180 1519 5218 mens
1550 5175 1727 5219 nostra
1759 5167 1888 5220 nihil
1919 5171 2085 5235 possit

509 5238 560 5289 in
594 5246 833 5289 nostrum
864 5245 1079 5304 corpus,
1107 5236 1206 5287 nisi
1248 5250 1348 5303 ope
1394 5235 1674 5303 spirituum
1725 5237 1975 5290 illorum:
2029 5248 2085 5293 at

507 5305 646 5374 quod
694 5306 853 5359 iidem
885 5306 1103 5373 spiritus
1140 5306 1241 5358 iter
1270 5305 1449 5358 tritum
1484 5304 1623 5358 facto
1661 5307 1872 5373 agmine
1901 5308 2080 5362 subire

517 5376 927 5437 contendentes,
948 5374 1114 5428 instar
1142 5376 1369 5428 ferarum
1406 5376 1673 5429 dillicilius
1704 5380 1810 5443 regi
1834 5386 1889 5431 et
1916 5378 2078 5433 veluti

507 5446 844 5499 mansuefieri
894 5448 1118 5512 possint,
1169 5446 1365 5499 idcirco
1414 5461 1552 5498 nunc
1593 5446 1839 5516 dicuntur
1864 5451 2077 5516 feroces,

508 5517 576 5569 ita
606 5528 661 5568 ut
684 5517 920 5581 ipsorum
963 5516 1303 5570 moderamen
1346 5516 1517 5582 majus
1561 5517 1631 5568 sit
1679 5514 1999 5571 fortitudinis
2028 5528 2081 5572 et

508 5591 758 5653 potentia:
786 5594 1174 5654 argumentum.

582 5658 616 5709 5
637 5655 748 5727 Nec
774 5656 902 5714 ricta
935 5655 1143 5727 libidine
1165 5654 1343 5727 colla.]
1373 5653 1672 5727 Similitudo
1702 5656 1980 5722 desumpta
2006 5672 2075 5710 ex

510 5726 755 5795 captivis,
774 5729 862 5791 qui
884 5725 1019 5779 colla
1046 5727 1248 5780 catenis
1274 5725 1445 5781 vincta
1461 5725 1631 5779 solent
1655 5739 1870 5794 gerere:
1893 5743 2079 5795 quam-

514 5793 696 5848 obrem
751 5795 884 5848 colla
938 5795 1022 5851 hic
1072 5796 1431 5865 intelliguntur
1479 5807 1532 5851 et
1574 5796 1640 5850 de
1686 5805 1863 5851 mente
1912 5793 1967 5851 et
2010 5798 2078 5855 do

2117 4573 2171 4632 D

2196 2169 2729 2243 quippe__generatim
2782 2179 2874 2243 est
2922 2173 3057 2243 mala
3106 2174 3369 2237 voluntas,
3416 2175 3569 2243 quasi
3626 2179 3755 2229 niens

2196 2241 2340 2292 malo
2370 2240 2523 2294 lihitu
2557 2256 2589 2294 a
2639 2250 2783 2295 recta
2829 2241 2910 2294 via
2966 2242 3257 2298 deflectens
3312 2240 3541 2298 labatur.
3593 2243 3754 2307 Omne,

2195 2308 2333 2383 quod
2381 2310 2515 2363 male
2551 2309 2691 2377 libet,
2739 2311 2897 2365 libido
2929 2322 3025 2377 est,
3051 2312 3223 2382 inquit
3240 2313 3299 2369 S.
3327 2314 3558 2383 August.
3599 2314 3688 2368 lib.
3714 2329 3757 2367 iv

2198 2378 2441 2448 Hypogn.

2268 2467 2321 2522 5.
2365 2467 2549 2521 Indica
2575 2467 2769 2540 tellus]
2816 2469 2964 2525 India
3007 2472 3076 2526 ab
3104 2471 3233 2526 Indo
3257 2471 3481 2528 flumine
3510 2474 3587 2528 sic
3612 2471 3759 2527 dicta.

2201 2537 2295 2613 Est
2319 2550 2495 2593 autem
2525 2550 2670 2592 vasta
2692 2537 2955 2613 terrarum
2983 2542 3131 2613 regio
3161 2544 3339 2597 Asiam
3371 2545 3440 2596 ad
3469 2555 3642 2597 ortum
3668 2553 3763 2597 ter-

2203 2610 2411 2662 minans
2444 2625 2457 2661 :
2492 2610 2836 2676 quamobrem
2871 2612 2957 2665 hic
2980 2610 3236 2681 accipitur
3268 2627 3364 2681 pro
3387 2623 3535 2668 ortu.

2274 2701 2327 2772 _6.
2370 2697 2482 2754 Tua
2507 2703 2634 2771 jura
2663 2698 2964 2772 tremisrat.]
3009 2700 3133 2765 lus,
3165 2703 3299 2756 sicut
3324 2705 3489 2757 docet
3516 2702 3763 2768 Sanctius,

2203 2769 2374 2840 prima
2403 2769 2911 2841 sua'signilicatione
2944 2769 3133 2841 _signat
3180 2774 3326 2825 olera
3373 2783 3471 2826 aut
3526 2774 3755 2841 pultem:

2205 2840 2298 2893 sed
2330 2841 2451 2911 quia
2478 2841 2529 2895 in
2576 2840 2833 2895 eonviviis
2879 2840 3033 2908 pares
3077 2842 3360 2911 unicuique
3385 2840 3567 2911 partes
3594 2842 3764 2895 dabau.

2205 2917 2312 2974 tur,
2356 2910 2477 2964 ideo
2502 2912 2587 2977 ius
2616 2912 2930 2964 translatum
2961 2913 3026 2965 ad
3074 2910 3480 2979 signiﬁcandum
3507 2913 3644 2982 quod
3667 2913 3765 2965 cui~

2203 2996 2308 3046 que
2336 2994 2491 3033 suum
2523 2989 2605 3033 est
2634 2998 2647 3032 :
2670 2995 2736 3033 ex
2764 2996 2871 3049 quo
2895 2982 3125 3036 societas
3149 2983 3422 3035 hominum
3457 2984 3685 3036 instituta
3708 2982 3764 3035 ad

2202 3050 2531 3123 reddendum
2559 3051 2843 3123 unicuique
2864 3053 3004 3120 quod
3032 3065 3183 3105 suum
3210 3060 3310 3115 est,
3342 3053 3436 3123 jus
3467 3052 3671 3106 forense
3693 3051 3765 3105 di-

2205 3120 2385 3173 citur:
2435 3121 2503 3192 ita
2544 3130 2601 3174 ut
2647 3121 2806 3174 homo
2848 3123 3055 3175 dicatur
3096 3124 3271 3192 vocari
3302 3120 3355 3175 in
3377 3125 3495 3192 jus.
3528 3123 3765 3188 Quoniam

2206 3203 2338 3243 vero
2380 3191 2646 3258 principes
2702 3195 2995 3258 praesertim
3030 3207 3060 3244 a
3091 3191 3203 3245 Deo
3230 3191 3513 3245 constituti
3539 3203 3679 3255 sunt,
3719 3202 3765 3244 ut

2204 3260 2379 3327 populi
2411 3276 2563 3314 suum
2599 3263 2796 3329 quique
2845 3262 3120 3326 baberent,
3166 3270 3452 3330 propterea
3486 3261 3765 3330 principum

2204 3331 2451 3402 voluntas
2477 3339 2531 3384 et
2556 3332 2784 3402 edictum
2815 3332 3109 3402 appellatur
3141 3334 3232 3402 jus
3260 3341 3316 3386 et
3340 3332 3407 3402 ad
3452 3332 3610 3401 hujus
3636 3330 3765 3402 simi-

2202 3397 2475 3472 litudinem
2504 3402 2623 3453 alia:
2646 3400 2792 3472 leges
2822 3397 2950 3472 jura
3000 3397 3293 3455 dicuntur:
3349 3400 3481 3456 hinc
3516 3397 3642 3472 jura
3691 3400 3764 3454 his

2207 3470 2494 3535 Cujuslibet
2516 3472 2745 3539 potentis
2767 3469 2916 3539 ju'ssa
2944 3479 3089 3525 sunt.
3459 3484 3479 3503 °

2271 3561 2324 3614 7.
2356 3559 2563 3632 _Serviat
2585 3562 2766 3632 ultima
2803 3560 3011 3632 Thule]
3051 3561 3223 3616 Thule
3270 3558 3449 3616 insula
3497 3569 3764 3623 terrarum,

2197 3644 2329 3698 quas
2354 3630 2574 3684 Romani
2596 3630 2723 3684 olim
2767 3630 3030 3699 noverini,
3062 3634 3270 3697 ultima,
3298 3640 3353 3686 et
3395 3633 3633 3685 maxime
3651 3634 3763 3698 sep-

2201 3700 2532 3754 tentrionalis
2552 3714 2738 3754 versus
2753 3701 3084 3756 occidentem
3115 3718 3127 3753 :
3164 3702 3304 3756 unde
3342 3701 3430 3756 hic
3462 3709 3769 3755 notatocca'

2198 3783 2364 3855 sum...
2379 3770 2541 3855 Vulgo
2558 3770 2764 3855 dicitur
2785 3770 3043 3855 glandia.
3077 3772 3151 3827 De
3178 3772 3279 3827 hac
3299 3772 3525 3841 regione
3552 3772 3765 3841 loquitur

2200 3838 2387 3911 Virgil.
2420 3855 2437 3893 ι
2462 3838 2687 3911 Georg.,
2715 3856 2774 3894 v.
2801 3841 2893 3895 29.

2319 3996 2395 4058 An
2418 3995 2555 4045 Deus
2576 3997 2796 4058 immensi
2823 3998 2992 4045 venias
3012 3998 3174 4058 maris,
3200 4009 3256 4045 ac
3277 4001 3358 4045 tua
3382 4004 3553 4045 nauta

2317 4057 2521 4109 Numina
2542 4058 2642 4106 sola
2656 4057 2835 4119 colant,
2864 4060 2949 4108 tibi
2978 4057 3167 4108 serviat
3188 4060 3356 4108 ultima
3381 4058 3570 4107 Thule.

2265 4203 2320 4258 8.
2360 4202 2509 4256 Atros
2527 4202 2712 4274 pellere
2731 4202 2923 4274 σαῖσι]
2944 4201 3079 4256 Cura
3095 4210 3208 4255 atra
3230 4215 3370 4257 nunc
3394 4209 3626 4274 voratur
3639 4214 3763 4274 prai-

2193 4272 2334 4328 dicta
2366 4270 2548 4326 libido.
2583 4275 2674 4327 Est
2689 4270 3091 4341 quidem'libido
3134 4273 3451 4341 cura,lquod
3486 4285 3641 4325 mens
3666 4270 3767 4323 libi.

2194 4344 2317 4398 dine
2344 4344 2640 4468 p;aesertim
2665 4338 2845 4398 saucia
2870 4352 3086 4408 uratur;
3106 4343 3245 4397 unde
3264 4338 3408 4412 Virg.
3439 4352 3494 4396 iv
3523 4341 3731 4396 Eneid.
3750 4376 3764 4402 ,

2196 4429 2341 4467 vers.
2430 4429 2445 4468 :

2315 4562 2381 4612 At
2394 4564 2568 4625 regina
2591 4564 2727 4625 gravi
2747 4564 2842 4623 jam
2860 4562 3041 4612 dudum
3063 4564 3231 4612 saucia
3254 4576 3397 4624 cura,

2318 4625 2506 4674 Vulnus
2527 4624 2612 4673 alit
2636 4626 2792 4687 venis,
2819 4633 2872 4674 et
2892 4637 3023 4674 casco
3046 4639 3118 4673 ca:
3133 4626 3264 4688 pitur
3289 4627 3412 4688 igni.

2195 4777 2262 4830 At
2292 4775 2477 4830 eadem
2499 4774 2661 4829 libido
2690 4783 2771 4829 est
2801 4789 2926 4829 cura
2970 4785 3081 4828 atra
3125 4777 3238 4831 sive
3286 4777 3551 4832 damnosa
3586 4794 3599 4829 :
3647 4787 3757 4828 nam

2195 4846 2333 4914 apud
2361 4847 2607 4917 antiquos
2629 4844 2833 4917 candor
2872 4845 3231 4917 boni,rnigrnr
3264 4848 3387 4901 inali
3419 4848 3723 4917 utuinisest
3752 4863 3764 4896 :

2197 4917 2337 4973 unde
2404 4915 2670 4983 AStbiOpis
2707 4929 2961 4970 occursus
3027 4914 3372 4971 infortunium
3452 4914 3765 4972 credebatur

2198 4985 2555 5056 portendere:
2598 4984 2719 5039 liinc
2761 4984 3132 5049 melancliolia,
3183 5002 3300 5054 quae
3347 4988 3596 5056 pluribus
3621 4986 3763 5056 malis

2191 5055 2467 5109 effectibth
2505 5055 2717 5109 infamis
2747 5065 2851 5120 est,
2888 5056 3116 5107 atrabilis
3146 5054 3485 5125 appellatur:
3525 5054 3765 5125 praedicta

2187 5136 2365 5249 autem
2399 5126 2559 5181 libido
2578 5141 2684 5179 non
2709 5125 2881 5179 solum
2898 5125 3145 5196 corpori,
3175 5127 3269 5181 sed
3294 5129 3457 5183 etiam
3490 5126 3656 5183 menti
3692 5138 3765 5183 est

2225 5210 2467 5249 amnosa.

2225 5210 2443 5248 amnusa
2455 5236 2467 5249 .

2254 5289 2308 5343 9.
2353 5287 2661 5355 Miserasque
2689 5288 2867 5358 fugare
2917 5287 3191 5358 querelam]
3230 5287 3476 5354 Quercla:
3519 5304 3660 5344 nunc
3684 5289 3761 5343 di-

2181 5367 2374 5431 cuntur
2400 5359 2607 5431 miserae
2633 5366 2688 5411 et
2713 5372 2741 5411 a
2772 5370 2928 5411 causa
2956 5369 3009 5411 et
3035 5359 3103 5431 ab
3131 5359 3341 5431 eliectu,
3372 5360 3519 5431 quod
3550 5376 3581 5415 a
3612 5361 3763 5416 miseo

2187 5426 2280 5483 riis
2307 5438 2438 5482 ortze
2466 5428 2760 5497 producant
2789 5442 2953 5481 novas
2978 5428 3240 5482 miserias.

2258 5518 2344 5573 10.
2389 5517 2509 5571 Non
2534 5534 2677 5585 posse
2715 5518 2938 5590 potentia
2965 5533 3069 5590 non
3093 5517 3211 5590 est.]
3254 5518 3399 5573 Mens
3421 5520 3569 5573 enim
3613 5535 3675 5572 ex
3700 5532 3758 5571 eo

2183 5590 2351 5642 solum
2386 5599 2572 5657 potens
2599 5596 2701 5659 est,
2725 5588 2865 5653 quod
2896 5588 2976 5639 Siti
3012 5588 3225 5644 domina
3278 5592 3759 5659 perturbationibus

2184 5660 2532 5729 moderetur:
2565 5657 2705 5727 quod
2737 5659 2835 5710 nisi
2877 5668 3129 5724 praestent
3159 5657 3313 5729 reges
3363 5675 3654 5729 regumque
3682 5659 3757 5711 fa-

2184 5728 2436 5851 mitiores,
2493 5728 2627 5786 falso
2674 5740 2950 5783 assumunt
2990 5741 3049 5784 se
3090 5728 3462 5787 esse’felices.
3510 5729 3755 5801 Sequitur

2184 5814 2209 5851 ιι
2235 5810 2368 5851 om.

2181 5810 2368 5866 gloria.
