  <div class='ocr_page' id='page_1' title='image "/cluster/home/n/w/nwhite01/storage/ocr_20150623/63/hvd.32044015469307/377.png"; bbox 0 0 3984 6382; ppageno 0'>
   <div class='ocr_carea' id='block_1_1' title="bbox 1496 290 1525 305">
    <p class='ocr_par' dir='ltr' id='par_1_1' title="bbox 1496 290 1525 305">
     <span class='ocr_line' id='line_1_1' title="bbox 1496 290 1525 305; baseline 0 -2"><span class='ocrx_word' id='word_1_1' title='bbox 1496 290 1525 305; x_wconf 48' lang='grc' dir='ltr'><strong>ν</strong></span> 
     </span>
    </p>
   </div>
   <div class='ocr_carea' id='block_1_2' title="bbox 478 326 581 380">
    <p class='ocr_par' dir='ltr' id='par_1_2' title="bbox 478 326 581 380">
     <span class='ocr_line' id='line_1_2' title="bbox 478 326 581 380; baseline 0.01 -3"><span class='ocrx_word' id='word_1_2' title='bbox 478 326 581 380; x_wconf 72' lang='grc' dir='ltr'><strong>’ΜἹ</strong></span> 
     </span>
    </p>
   </div>
   <div class='ocr_carea' id='block_1_3' title="bbox 627 436 1462 506">
    <p class='ocr_par' dir='ltr' id='par_1_3' title="bbox 627 436 1462 506">
     <span class='ocr_line' id='line_1_3' title="bbox 627 436 1462 506; baseline -0.006 -11"><span class='ocrx_word' id='word_1_3' title='bbox 627 436 777 495; x_wconf 84' lang='lat' dir='ltr'><strong>Unus</strong></span> <span class='ocrx_word' id='word_1_4' title='bbox 793 439 936 492; x_wconf 83' lang='lat' dir='ltr'><strong>enim</strong></span> <span class='ocrx_word' id='word_1_5' title='bbox 967 449 1146 493; x_wconf 84' lang='lat' dir='ltr'><strong>rerum</strong></span> <span class='ocrx_word' id='word_1_6' title='bbox 1178 441 1333 505; x_wconf 86' lang='lat' dir='ltr'><strong>pater</strong></span> <span class='ocrx_word' id='word_1_7' title='bbox 1357 444 1462 506; x_wconf 90' lang='lat' dir='ltr'><strong>est,</strong></span> 
     </span>
    </p>
   </div>
   <div class='ocr_carea' id='block_1_4' title="bbox 703 528 1380 586">
    <p class='ocr_par' dir='ltr' id='par_1_4' title="bbox 703 528 1380 586">
     <span class='ocr_line' id='line_1_4' title="bbox 703 528 1380 586; baseline -0.001 0"><span class='ocrx_word' id='word_1_8' title='bbox 703 530 846 586; x_wconf 90' lang='lat' dir='ltr'><strong>Unus</strong></span> <span class='ocrx_word' id='word_1_9' title='bbox 868 539 1062 585; x_wconf 89' lang='lat' dir='ltr'><strong>cuncta</strong></span> <span class='ocrx_word' id='word_1_10' title='bbox 1082 528 1380 585; x_wconf 91' lang='lat' dir='ltr'><strong>ministrat.</strong></span> 
     </span>
    </p>
   </div>
   <div class='ocr_carea' id='block_1_5' title="bbox 480 622 1517 698">
    <p class='ocr_par' dir='ltr' id='par_1_5' title="bbox 480 622 1517 698">
     <span class='ocr_line' id='line_1_5' title="bbox 480 622 1517 698; baseline -0.003 -18"><span class='ocrx_word' id='word_1_11' title='bbox 480 623 516 680; x_wconf 82' lang='lat'><strong>5</strong></span> <span class='ocrx_word' id='word_1_12' title='bbox 588 624 747 698; x_wconf 66' lang='lat'><strong>207</strong></span> <span class='ocrx_word' id='word_1_13' title='bbox 777 623 872 679; x_wconf 92' lang='lat' dir='ltr'><strong>llle</strong></span> <span class='ocrx_word' id='word_1_14' title='bbox 902 622 1055 677; x_wconf 87' lang='lat' dir='ltr'><strong>dedit</strong></span> <span class='ocrx_word' id='word_1_15' title='bbox 1077 622 1283 678; x_wconf 74' lang='lat' dir='ltr'><strong>Phoebo</strong></span> <span class='ocrx_word' id='word_1_16' title='bbox 1308 622 1517 694; x_wconf 78' lang='lat' dir='ltr'><strong>radios,</strong></span> 
     </span>
    </p>
   </div>
   <div class='ocr_carea' id='block_1_6' title="bbox 696 716 1361 771">
    <p class='ocr_par' dir='ltr' id='par_1_6' title="bbox 696 716 1361 771">
     <span class='ocr_line' id='line_1_6' title="bbox 696 716 1361 771; baseline -0.005 0"><span class='ocrx_word' id='word_1_17' title='bbox 696 716 857 771; x_wconf 84' lang='lat' dir='ltr'><strong>Dedit</strong></span> <span class='ocrx_word' id='word_1_18' title='bbox 883 724 936 771; x_wconf 84' lang='lat' dir='ltr'><strong>et</strong></span> <span class='ocrx_word' id='word_1_19' title='bbox 962 730 1165 771; x_wconf 82' lang='lat' dir='ltr'><strong>cornua</strong></span> <span class='ocrx_word' id='word_1_20' title='bbox 1197 716 1361 771; x_wconf 67' lang='lat' dir='ltr'><strong>lunae.</strong></span> 
     </span>
    </p>
   </div>
   <div class='ocr_carea' id='block_1_7' title="bbox 623 806 1369 862">
    <p class='ocr_par' dir='ltr' id='par_1_7' title="bbox 623 806 1369 862">
     <span class='ocr_line' id='line_1_7' title="bbox 623 806 1369 862; baseline 0 -1"><span class='ocrx_word' id='word_1_21' title='bbox 623 806 717 862; x_wconf 85' lang='lat' dir='ltr'><strong>Ille</strong></span> <span class='ocrx_word' id='word_1_22' title='bbox 741 806 990 862; x_wconf 84' lang='lat' dir='ltr'><strong>homines</strong></span> <span class='ocrx_word' id='word_1_23' title='bbox 1014 808 1178 862; x_wconf 87' lang='lat' dir='ltr'><strong>etiam</strong></span> <span class='ocrx_word' id='word_1_24' title='bbox 1209 808 1369 862; x_wconf 90' lang='lat' dir='ltr'><strong>terris</strong></span> 
     </span>
    </p>
   </div>
   <div class='ocr_carea' id='block_1_8' title="bbox 694 898 1365 964">
    <p class='ocr_par' dir='ltr' id='par_1_8' title="bbox 694 898 1365 964">
     <span class='ocr_line' id='line_1_8' title="bbox 694 898 1365 964; baseline -0.004 -10"><span class='ocrx_word' id='word_1_25' title='bbox 694 898 880 964; x_wconf 80' lang='lat' dir='ltr'><strong>Dedit,</strong></span> <span class='ocrx_word' id='word_1_26' title='bbox 908 910 963 953; x_wconf 91' lang='lat' dir='ltr'><strong>et</strong></span> <span class='ocrx_word' id='word_1_27' title='bbox 991 898 1170 955; x_wconf 82' lang='lat' dir='ltr'><strong>sidera</strong></span> <span class='ocrx_word' id='word_1_28' title='bbox 1197 898 1365 954; x_wconf 74' lang='lat' dir='ltr'><strong>cmlo.</strong></span> 
     </span>
    </p>
   </div>
   <div class='ocr_carea' id='block_1_9' title="bbox 624 989 1464 1049">
    <p class='ocr_par' dir='ltr' id='par_1_9' title="bbox 624 989 1464 1049">
     <span class='ocr_line' id='line_1_9' title="bbox 624 989 1464 1049; baseline 0.005 -4"><span class='ocrx_word' id='word_1_29' title='bbox 624 989 722 1046; x_wconf 78' lang='lat' dir='ltr'><strong>llic</strong></span> <span class='ocrx_word' id='word_1_30' title='bbox 742 992 936 1047; x_wconf 87' lang='lat' dir='ltr'><strong>clausit</strong></span> <span class='ocrx_word' id='word_1_31' title='bbox 963 990 1221 1047; x_wconf 82' lang='lat' dir='ltr'><strong>membris</strong></span> <span class='ocrx_word' id='word_1_32' title='bbox 1249 990 1464 1049; x_wconf 71' lang='lat' dir='ltr'><strong>animos</strong></span> 
     </span>
    </p>
   </div>
   <div class='ocr_carea' id='block_1_10' title="bbox 476 1082 1265 1165">
    <p class='ocr_par' dir='ltr' id='par_1_10' title="bbox 476 1082 1265 1165">
     <span class='ocr_line' id='line_1_10' title="bbox 476 1082 1265 1165; baseline -0.005 -21"><span class='ocrx_word' id='word_1_33' title='bbox 476 1086 549 1144; x_wconf 72' lang='grc'><strong>10</strong></span> <span class='ocrx_word' id='word_1_34' title='bbox 693 1082 849 1145; x_wconf 88' lang='lat' dir='ltr'><strong>Celsa</strong></span> <span class='ocrx_word' id='word_1_35' title='bbox 876 1085 1009 1142; x_wconf 89' lang='lat' dir='ltr'><strong>sede</strong></span> <span class='ocrx_word' id='word_1_36' title='bbox 1045 1085 1265 1165; x_wconf 88' lang='lat' dir='ltr'><strong>petitos.</strong></span> 
     </span>
    </p>
   </div>
   <div class='ocr_carea' id='block_1_11' title="bbox 1715 307 2090 379">
    <p class='ocr_par' dir='ltr' id='par_1_11' title="bbox 1715 319 2080 379">
     <span class='ocr_line' id='line_1_11' title="bbox 1715 319 2080 379; baseline -0.011 0"><span class='ocrx_word' id='word_1_37' title='bbox 1715 319 1828 379; x_wconf 74' lang='lat' dir='ltr'><strong>AN.</strong></span> <span class='ocrx_word' id='word_1_38' title='bbox 1868 319 2080 377; x_wconf 67' lang='lat' dir='ltr'><strong>MANL.</strong></span> 
     </span>
    </p>
   </div>
   <div class='ocr_carea' id='block_1_12' title="bbox 2202 307 3727 379">
    <p class='ocr_par' dir='ltr' id='par_1_12' title="bbox 2202 307 3727 375">
     <span class='ocr_line' id='line_1_12' title="bbox 2202 307 3727 375; baseline -0.007 -2"><span class='ocrx_word' id='word_1_39' title='bbox 2202 318 2275 375; x_wconf 80' lang='lat' dir='ltr'><strong>LV.</strong></span> <span class='ocrx_word' id='word_1_40' title='bbox 2316 314 2551 374; x_wconf 60' lang='lat' dir='ltr'><strong>BOETI.</strong></span> <span class='ocrx_word' id='word_1_41' title='bbox 3649 307 3727 363; x_wconf 71' lang='lat'><strong>748</strong></span> 
     </span>
    </p>
   </div>
   <div class='ocr_carea' id='block_1_13' title="bbox 2102 439 2158 499">
    <p class='ocr_par' dir='ltr' id='par_1_13' title="bbox 2102 439 2158 499">
     <span class='ocr_line' id='line_1_13' title="bbox 2102 439 2158 499; baseline 0 0"><span class='ocrx_word' id='word_1_42' title='bbox 2102 439 2158 499; x_wconf 76' lang='grc' dir='ltr'><strong>Δ</strong></span> 
     </span>
    </p>
   </div>
   <div class='ocr_carea' id='block_1_14' title="bbox 2330 431 3217 507">
    <p class='ocr_par' dir='ltr' id='par_1_14' title="bbox 2330 431 3217 507">
     <span class='ocr_line' id='line_1_14' title="bbox 2330 431 3217 507; baseline -0.011 -13"><span class='ocrx_word' id='word_1_43' title='bbox 2330 436 2494 507; x_wconf 77' lang='lat'><strong>208</strong></span> <span class='ocrx_word' id='word_1_44' title='bbox 2515 431 2769 489; x_wconf 84' lang='lat' dir='ltr'><strong>Mortales</strong></span> <span class='ocrx_word' id='word_1_45' title='bbox 2796 433 2959 507; x_wconf 87' lang='lat' dir='ltr'><strong>igitur</strong></span> <span class='ocrx_word' id='word_1_46' title='bbox 2984 438 3217 493; x_wconf 68' lang='lat' dir='ltr'><strong>cunctae</strong></span> 
     </span>
    </p>
   </div>
   <div class='ocr_carea' id='block_1_15' title="bbox 2410 522 3010 596">
    <p class='ocr_par' dir='ltr' id='par_1_15' title="bbox 2410 522 3010 596">
     <span class='ocr_line' id='line_1_15' title="bbox 2410 522 3010 596; baseline -0.002 -15"><span class='ocrx_word' id='word_1_47' title='bbox 2410 522 2530 581; x_wconf 62' lang='lat' dir='ltr'><strong>Eilis</strong></span> <span class='ocrx_word' id='word_1_48' title='bbox 2560 526 2742 583; x_wconf 85' lang='lat' dir='ltr'><strong>nobile</strong></span> <span class='ocrx_word' id='word_1_49' title='bbox 2769 542 3010 596; x_wconf 88' lang='lat' dir='ltr'><strong>germen.</strong></span> 
     </span>
    </p>
   </div>
   <div class='ocr_carea' id='block_1_16' title="bbox 2332 617 3337 690">
    <p class='ocr_par' dir='ltr' id='par_1_16' title="bbox 2332 617 3337 690">
     <span class='ocr_line' id='line_1_16' title="bbox 2332 617 3337 690; baseline 0.003 -20"><span class='ocrx_word' id='word_1_50' title='bbox 2332 618 2471 685; x_wconf 82' lang='lat' dir='ltr'><strong>Quid</strong></span> <span class='ocrx_word' id='word_1_51' title='bbox 2507 633 2694 689; x_wconf 86' lang='lat' dir='ltr'><strong>genus,</strong></span> <span class='ocrx_word' id='word_1_52' title='bbox 2724 628 2780 675; x_wconf 91' lang='lat' dir='ltr'><strong>et</strong></span> <span class='ocrx_word' id='word_1_53' title='bbox 2812 634 3045 690; x_wconf 85' lang='lat' dir='ltr'><strong>proavos</strong></span> <span class='ocrx_word' id='word_1_54' title='bbox 3070 617 3337 688; x_wconf 71' lang='lat' dir='ltr'><strong>strepitis?</strong></span> 
     </span>
    </p>
   </div>
   <div class='ocr_carea' id='block_1_17' title="bbox 2402 710 3019 781">
    <p class='ocr_par' dir='ltr' id='par_1_17' title="bbox 2402 710 3019 781">
     <span class='ocr_line' id='line_1_17' title="bbox 2402 710 3019 781; baseline -0.006 -14"><span class='ocrx_word' id='word_1_55' title='bbox 2402 710 2458 767; x_wconf 90' lang='lat' dir='ltr'><strong>Si</strong></span> <span class='ocrx_word' id='word_1_56' title='bbox 2492 712 2784 781; x_wconf 89' lang='lat' dir='ltr'><strong>primordia</strong></span> <span class='ocrx_word' id='word_1_57' title='bbox 2816 721 3019 779; x_wconf 87' lang='lat' dir='ltr'><strong>vestra,</strong></span> 
     </span>
    </p>
   </div>
   <div class='ocr_carea' id='block_1_18' title="bbox 2190 803 3195 874">
    <p class='ocr_par' dir='ltr' id='par_1_18' title="bbox 2190 803 3195 874">
     <span class='ocr_line' id='line_1_18' title="bbox 2190 803 3195 874; baseline 0 -15"><span class='ocrx_word' id='word_1_58' title='bbox 2190 806 2258 861; x_wconf 82' lang='grc'><strong>15</strong></span> <span class='ocrx_word' id='word_1_59' title='bbox 2334 804 2737 873; x_wconf 82' lang='lat' dir='ltr'><strong>Auctoremque</strong></span> <span class='ocrx_word' id='word_1_60' title='bbox 2767 803 2935 857; x_wconf 89' lang='lat' dir='ltr'><strong>Deum</strong></span> <span class='ocrx_word' id='word_1_61' title='bbox 2962 812 3195 874; x_wconf 76' lang='lat' dir='ltr'><strong>spectes,</strong></span> 
     </span>
    </p>
   </div>
   <div class='ocr_carea' id='block_1_19' title="bbox 2405 894 3079 965">
    <p class='ocr_par' dir='ltr' id='par_1_19' title="bbox 2405 894 3079 965">
     <span class='ocr_line' id='line_1_19' title="bbox 2405 894 3079 965; baseline 0 -16"><span class='ocrx_word' id='word_1_62' title='bbox 2405 894 2593 949; x_wconf 90' lang='lat' dir='ltr'><strong>Nullus</strong></span> <span class='ocrx_word' id='word_1_63' title='bbox 2620 894 2856 965; x_wconf 69' lang='lat' dir='ltr'><strong>degener</strong></span> <span class='ocrx_word' id='word_1_64' title='bbox 2882 905 3079 963; x_wconf 70' lang='lat' dir='ltr'><strong>exstat,</strong></span> 
     </span>
    </p>
   </div>
   <div class='ocr_carea' id='block_1_20' title="bbox 2334 985 2997 1054">
    <p class='ocr_par' dir='ltr' id='par_1_20' title="bbox 2334 985 2997 1054">
     <span class='ocr_line' id='line_1_20' title="bbox 2334 985 2997 1054; baseline -0.002 -13"><span class='ocrx_word' id='word_1_65' title='bbox 2334 985 2397 1041; x_wconf 80' lang='lat' dir='ltr'><strong>Ni</strong></span> <span class='ocrx_word' id='word_1_66' title='bbox 2431 986 2575 1039; x_wconf 83' lang='lat' dir='ltr'><strong>vitiis</strong></span> <span class='ocrx_word' id='word_1_67' title='bbox 2604 987 2785 1054; x_wconf 82' lang='lat' dir='ltr'><strong>pejora</strong></span> <span class='ocrx_word' id='word_1_68' title='bbox 2810 985 2997 1040; x_wconf 82' lang='lat' dir='ltr'><strong>fovens</strong></span> 
     </span>
    </p>
   </div>
   <div class='ocr_carea' id='block_1_21' title="bbox 2409 1075 3139 1147">
    <p class='ocr_par' dir='ltr' id='par_1_21' title="bbox 2409 1075 3139 1147">
     <span class='ocr_line' id='line_1_21' title="bbox 2409 1075 3139 1147; baseline 0.001 -15"><span class='ocrx_word' id='word_1_69' title='bbox 2409 1075 2690 1147; x_wconf 86' lang='lat' dir='ltr'><strong>Proprium</strong></span> <span class='ocrx_word' id='word_1_70' title='bbox 2705 1076 2921 1132; x_wconf 77' lang='lat' dir='ltr'><strong>deserat</strong></span> <span class='ocrx_word' id='word_1_71' title='bbox 2941 1087 3139 1133; x_wconf 91' lang='lat' dir='ltr'><strong>ortum.</strong></span> 
     </span>
    </p>
   </div>
   <div class='ocr_carea' id='block_1_22' title="bbox 1896 1210 2481 1271">
    <p class='ocr_par' dir='ltr' id='par_1_22' title="bbox 1896 1210 2481 1271">
     <span class='ocr_line' id='line_1_22' title="bbox 1896 1210 2481 1271; baseline -0.009 -1"><span class='ocrx_word' id='word_1_72' title='bbox 1896 1210 2481 1271; x_wconf 74' lang='lat' dir='ltr'><strong>INTERPRETATIO.</strong></span> 
     </span>
    </p>
   </div>
   <div class='ocr_carea' id='block_1_23' title="bbox 477 1323 2070 1402">
    <p class='ocr_par' dir='ltr' id='par_1_23' title="bbox 477 1323 2070 1402">
     <span class='ocr_line' id='line_1_23' title="bbox 477 1323 2070 1402; baseline -0.011 -10"><span class='ocrx_word' id='word_1_73' title='bbox 477 1337 642 1397; x_wconf 80' lang='lat' dir='ltr'><strong>Deus,</strong></span> <span class='ocrx_word' id='word_1_74' title='bbox 670 1348 801 1388; x_wconf 87' lang='lat' dir='ltr'><strong>unus</strong></span> <span class='ocrx_word' id='word_1_75' title='bbox 831 1330 1077 1402; x_wconf 84' lang='lat' dir='ltr'><strong>gubernat</strong></span> <span class='ocrx_word' id='word_1_76' title='bbox 1091 1328 1282 1402; x_wconf 85' lang='lat' dir='ltr'><strong>omnia.</strong></span> <span class='ocrx_word' id='word_1_77' title='bbox 1308 1326 1413 1382; x_wconf 86' lang='lat' dir='ltr'><strong>Hic</strong></span> <span class='ocrx_word' id='word_1_78' title='bbox 1437 1326 1578 1382; x_wconf 88' lang='lat' dir='ltr'><strong>dedit</strong></span> <span class='ocrx_word' id='word_1_79' title='bbox 1600 1325 1925 1402; x_wconf 72' lang='lat' dir='ltr'><strong>splendorem</strong></span> <span class='ocrx_word' id='word_1_80' title='bbox 1949 1323 2070 1391; x_wconf 83' lang='lat' dir='ltr'><strong>soli,</strong></span> 
     </span>
    </p>
   </div>
   <div class='ocr_carea' id='block_1_24' title="bbox 478 1397 2070 1465">
    <p class='ocr_par' dir='ltr' id='par_1_24' title="bbox 478 1397 2070 1465">
     <span class='ocr_line' id='line_1_24' title="bbox 478 1397 2070 1465; baseline -0.009 -3"><span class='ocrx_word' id='word_1_81' title='bbox 478 1416 530 1463; x_wconf 87' lang='lat' dir='ltr'><strong>et</strong></span> <span class='ocrx_word' id='word_1_82' title='bbox 549 1408 688 1461; x_wconf 69' lang='lat' dir='ltr'><strong>lunae</strong></span> <span class='ocrx_word' id='word_1_83' title='bbox 713 1397 908 1458; x_wconf 75' lang='lat' dir='ltr'><strong>vultum</strong></span> <span class='ocrx_word' id='word_1_84' title='bbox 937 1402 1207 1455; x_wconf 85' lang='lat' dir='ltr'><strong>crescentis</strong></span> <span class='ocrx_word' id='word_1_85' title='bbox 1231 1400 1690 1461; x_wconf 80' lang='lat' dir='ltr'><strong>decrescentisque.</strong></span> <span class='ocrx_word' id='word_1_86' title='bbox 1720 1397 1823 1450; x_wconf 85' lang='lat' dir='ltr'><strong>Hic</strong></span> <span class='ocrx_word' id='word_1_87' title='bbox 1870 1410 2070 1465; x_wconf 83' lang='lat' dir='ltr'><strong>quoque</strong></span> 
     </span>
    </p>
   </div>
   <div class='ocr_carea' id='block_1_25' title="bbox 480 1468 2080 1538">
    <p class='ocr_par' dir='ltr' id='par_1_25' title="bbox 480 1468 2080 1538">
     <span class='ocr_line' id='line_1_25' title="bbox 480 1468 2080 1538; baseline -0.009 -5"><span class='ocrx_word' id='word_1_88' title='bbox 480 1478 626 1533; x_wconf 82' lang='lat' dir='ltr'><strong>dedit</strong></span> <span class='ocrx_word' id='word_1_89' title='bbox 649 1476 877 1529; x_wconf 77' lang='lat' dir='ltr'><strong>homines</strong></span> <span class='ocrx_word' id='word_1_90' title='bbox 913 1473 1084 1538; x_wconf 82' lang='lat' dir='ltr'><strong>terris,</strong></span> <span class='ocrx_word' id='word_1_91' title='bbox 1123 1480 1170 1526; x_wconf 89' lang='lat' dir='ltr'><strong>et</strong></span> <span class='ocrx_word' id='word_1_92' title='bbox 1193 1481 1336 1523; x_wconf 77' lang='lat' dir='ltr'><strong>astra</strong></span> <span class='ocrx_word' id='word_1_93' title='bbox 1357 1472 1505 1526; x_wconf 79' lang='lat' dir='ltr'><strong>ctelo.</strong></span> <span class='ocrx_word' id='word_1_94' title='bbox 1544 1469 1639 1523; x_wconf 80' lang='lat' dir='ltr'><strong>llic</strong></span> <span class='ocrx_word' id='word_1_95' title='bbox 1666 1468 1874 1522; x_wconf 82' lang='lat' dir='ltr'><strong>inclusit</strong></span> <span class='ocrx_word' id='word_1_96' title='bbox 1898 1482 2080 1538; x_wconf 79' lang='lat' dir='ltr'><strong>corpo-</strong></span> 
     </span>
    </p>
   </div>
   <div class='ocr_carea' id='block_1_26' title="bbox 481 1535 2086 1604">
    <p class='ocr_par' dir='ltr' id='par_1_26' title="bbox 481 1535 2086 1604">
     <span class='ocr_line' id='line_1_26' title="bbox 481 1535 2086 1604; baseline -0.008 0"><span class='ocrx_word' id='word_1_97' title='bbox 481 1550 619 1604; x_wconf 83' lang='lat' dir='ltr'><strong>ribus</strong></span> <span class='ocrx_word' id='word_1_98' title='bbox 668 1546 916 1600; x_wconf 85' lang='lat' dir='ltr'><strong>humanis</strong></span> <span class='ocrx_word' id='word_1_99' title='bbox 950 1535 1143 1599; x_wconf 83' lang='lat' dir='ltr'><strong>mentes</strong></span> <span class='ocrx_word' id='word_1_100' title='bbox 1191 1553 1331 1597; x_wconf 81' lang='lat' dir='ltr'><strong>ortas</strong></span> <span class='ocrx_word' id='word_1_101' title='bbox 1374 1558 1441 1598; x_wconf 76' lang='lat' dir='ltr'><strong>ex</strong></span> <span class='ocrx_word' id='word_1_102' title='bbox 1475 1544 1586 1595; x_wconf 86' lang='lat' dir='ltr'><strong>loco</strong></span> <span class='ocrx_word' id='word_1_103' title='bbox 1636 1540 1860 1594; x_wconf 83' lang='lat' dir='ltr'><strong>sublimi.</strong></span> <span class='ocrx_word' id='word_1_104' title='bbox 1894 1535 2086 1591; x_wconf 82' lang='lat' dir='ltr'><strong>Nobile</strong></span> 
     </span>
    </p>
   </div>
   <div class='ocr_carea' id='block_1_27' title="bbox 481 1607 2089 1692">
    <p class='ocr_par' dir='ltr' id='par_1_27' title="bbox 481 1607 2089 1692">
     <span class='ocr_line' id='line_1_27' title="bbox 481 1607 2089 1692; baseline -0.01 -17"><span class='ocrx_word' id='word_1_105' title='bbox 481 1637 599 1692; x_wconf 85' lang='lat' dir='ltr'><strong>ergo</strong></span> <span class='ocrx_word' id='word_1_106' title='bbox 619 1634 789 1673; x_wconf 83' lang='lat' dir='ltr'><strong>semen</strong></span> <span class='ocrx_word' id='word_1_107' title='bbox 815 1617 999 1670; x_wconf 77' lang='lat' dir='ltr'><strong>emittit</strong></span> <span class='ocrx_word' id='word_1_108' title='bbox 1038 1630 1211 1668; x_wconf 88' lang='lat' dir='ltr'><strong>omnes</strong></span> <span class='ocrx_word' id='word_1_109' title='bbox 1250 1613 1505 1668; x_wconf 78' lang='lat' dir='ltr'><strong>homines.</strong></span> <span class='ocrx_word' id='word_1_110' title='bbox 1541 1615 1717 1678; x_wconf 78' lang='lat' dir='ltr'><strong>Quare</strong></span> <span class='ocrx_word' id='word_1_111' title='bbox 1747 1609 1959 1684; x_wconf 83' lang='lat' dir='ltr'><strong>jactatis</strong></span> <span class='ocrx_word' id='word_1_112' title='bbox 1980 1607 2089 1661; x_wconf 88' lang='lat' dir='ltr'><strong>ori-</strong></span> 
     </span>
    </p>
   </div>
   <div class='ocr_carea' id='block_1_28' title="bbox 2184 1323 3743 1395">
    <p class='ocr_par' dir='ltr' id='par_1_28' title="bbox 2184 1323 3743 1395">
     <span class='ocr_line' id='line_1_28' title="bbox 2184 1323 3743 1395; baseline 0.003 -19"><span class='ocrx_word' id='word_1_113' title='bbox 2184 1326 2354 1395; x_wconf 74' lang='lat' dir='ltr'><strong>ginem</strong></span> <span class='ocrx_word' id='word_1_114' title='bbox 2378 1323 2697 1393; x_wconf 75' lang='lat' dir='ltr'><strong>majoresque</strong></span> <span class='ocrx_word' id='word_1_115' title='bbox 2721 1331 2931 1378; x_wconf 83' lang='lat' dir='ltr'><strong>vestros</strong></span> <span class='ocrx_word' id='word_1_116' title='bbox 2958 1326 3212 1380; x_wconf 83' lang='lat' dir='ltr'><strong>mortales</strong></span> <span class='ocrx_word' id='word_1_117' title='bbox 3230 1329 3254 1380; x_wconf 80' lang='lat'><strong>?</strong></span> <span class='ocrx_word' id='word_1_118' title='bbox 3272 1329 3321 1381; x_wconf 83' lang='lat' dir='ltr'><strong>si</strong></span> <span class='ocrx_word' id='word_1_119' title='bbox 3349 1332 3654 1390; x_wconf 76' lang='lat' dir='ltr'><strong>considentis</strong></span> <span class='ocrx_word' id='word_1_120' title='bbox 3670 1352 3743 1390; x_wconf 85' lang='lat' dir='ltr'><strong>ve.</strong></span> 
     </span>
    </p>
   </div>
   <div class='ocr_carea' id='block_1_29' title="bbox 2187 1395 3744 1464">
    <p class='ocr_par' dir='ltr' id='par_1_29' title="bbox 2187 1395 3744 1464">
     <span class='ocr_line' id='line_1_29' title="bbox 2187 1395 3744 1464; baseline 0.008 -16"><span class='ocrx_word' id='word_1_121' title='bbox 2187 1405 2359 1450; x_wconf 84' lang='lat' dir='ltr'><strong>strum</strong></span> <span class='ocrx_word' id='word_1_122' title='bbox 2396 1395 2710 1464; x_wconf 70' lang='lat' dir='ltr'><strong>principium</strong></span> <span class='ocrx_word' id='word_1_123' title='bbox 2752 1403 2800 1448; x_wconf 84' lang='lat' dir='ltr'><strong>et</strong></span> <span class='ocrx_word' id='word_1_124' title='bbox 2825 1406 3061 1449; x_wconf 83' lang='lat' dir='ltr'><strong>vestrum</strong></span> <span class='ocrx_word' id='word_1_125' title='bbox 3093 1399 3405 1454; x_wconf 75' lang='lat' dir='ltr'><strong>conditorem</strong></span> <span class='ocrx_word' id='word_1_126' title='bbox 3432 1402 3598 1464; x_wconf 77' lang='lat' dir='ltr'><strong>Deum,</strong></span> <span class='ocrx_word' id='word_1_127' title='bbox 3626 1424 3744 1461; x_wconf 81' lang='lat' dir='ltr'><strong>nemo</strong></span> 
     </span>
    </p>
   </div>
   <div class='ocr_carea' id='block_1_30' title="bbox 2191 1467 3743 1548">
    <p class='ocr_par' dir='ltr' id='par_1_30' title="bbox 2191 1467 3743 1548">
     <span class='ocr_line' id='line_1_30' title="bbox 2191 1467 3743 1548; baseline 0.008 -30"><span class='ocrx_word' id='word_1_128' title='bbox 2191 1477 2308 1548; x_wconf 79' lang='lat' dir='ltr'><strong>ante</strong></span> <span class='ocrx_word' id='word_1_129' title='bbox 2330 1467 2619 1537; x_wconf 82' lang='lat' dir='ltr'><strong>degenerat,</strong></span> <span class='ocrx_word' id='word_1_130' title='bbox 2650 1482 2805 1535; x_wconf 78' lang='lat' dir='ltr'><strong>quam</strong></span> <span class='ocrx_word' id='word_1_131' title='bbox 2835 1467 3095 1534; x_wconf 79' lang='lat' dir='ltr'><strong>peccando</strong></span> <span class='ocrx_word' id='word_1_132' title='bbox 3120 1472 3322 1527; x_wconf 80' lang='lat' dir='ltr'><strong>recedat</strong></span> <span class='ocrx_word' id='word_1_133' title='bbox 3348 1490 3380 1526; x_wconf 89' lang='lat' dir='ltr'><strong>a</strong></span> <span class='ocrx_word' id='word_1_134' title='bbox 3400 1472 3506 1529; x_wconf 77' lang='lat' dir='ltr'><strong>Deo</strong></span> <span class='ocrx_word' id='word_1_135' title='bbox 3529 1493 3611 1530; x_wconf 83' lang='lat' dir='ltr'><strong>suo</strong></span> <span class='ocrx_word' id='word_1_136' title='bbox 3629 1482 3743 1545; x_wconf 83' lang='lat' dir='ltr'><strong>prin-</strong></span> 
     </span>
    </p>
   </div>
   <div class='ocr_carea' id='block_1_31' title="bbox 2196 1553 2349 1608">
    <p class='ocr_par' dir='ltr' id='par_1_31' title="bbox 2196 1553 2349 1608">
     <span class='ocr_line' id='line_1_31' title="bbox 2196 1553 2349 1608; baseline -0.007 -18"><span class='ocrx_word' id='word_1_137' title='bbox 2196 1553 2349 1608; x_wconf 80' lang='lat' dir='ltr'><strong>Clplo.</strong></span> 
     </span>
    </p>
   </div>
   <div class='ocr_carea' id='block_1_32' title="bbox 2021 1743 2255 1802">
    <p class='ocr_par' dir='ltr' id='par_1_32' title="bbox 2021 1743 2255 1802">
     <span class='ocr_line' id='line_1_32' title="bbox 2021 1743 2255 1802; baseline -0.013 0"><span class='ocrx_word' id='word_1_138' title='bbox 2021 1743 2255 1802; x_wconf 70' lang='grc' dir='ltr'><strong>ΝΟΤᾹΣ.</strong></span> 
     </span>
    </p>
   </div>
   <div class='ocr_carea' id='block_1_33' title="bbox 553 1860 3745 1952">
    <p class='ocr_par' dir='ltr' id='par_1_33' title="bbox 553 1860 3745 1952">
     <span class='ocr_line' id='line_1_33' title="bbox 553 1860 3745 1952; baseline 0 -24"><span class='ocrx_word' id='word_1_139' title='bbox 553 1874 606 1928; x_wconf 81' lang='lat'><strong>&#39;5.</strong></span> <span class='ocrx_word' id='word_1_140' title='bbox 638 1871 783 1952; x_wconf 66' lang='lat' dir='ltr'><strong>Unus</strong></span> <span class='ocrx_word' id='word_1_141' title='bbox 822 1886 995 1952; x_wconf 65' lang='lat' dir='ltr'><strong>rerum</strong></span> <span class='ocrx_word' id='word_1_142' title='bbox 1020 1879 1166 1952; x_wconf 75' lang='lat' dir='ltr'><strong>pater</strong></span> <span class='ocrx_word' id='word_1_143' title='bbox 1203 1869 1393 1952; x_wconf 40' lang='lat' dir='ltr'><strong>est.].l.</strong></span> <span class='ocrx_word' id='word_1_144' title='bbox 1435 1867 1744 1952; x_wconf 83' lang='lat' dir='ltr'><strong>Generatim</strong></span> <span class='ocrx_word' id='word_1_145' title='bbox 1772 1865 2083 1952; x_wconf 20' lang='lat' dir='ltr'><strong>omniakita</strong></span> <span class='ocrx_word' id='word_1_146' title='bbox 2112 1861 2165 1922; x_wconf 90' lang='lat' dir='ltr'><strong>B</strong></span> <span class='ocrx_word' id='word_1_147' title='bbox 2201 1860 3214 1952; x_wconf 21' lang='grc' dir='ltr'><strong>ἢρηξζιξςιφὶεὐηςέηκήξμαίπιᾳξλ</strong></span> <span class='ocrx_word' id='word_1_148' title='bbox 3247 1866 3335 1922; x_wconf 86' lang='grc'><strong>111.</strong></span> <span class='ocrx_word' id='word_1_149' title='bbox 3384 1867 3521 1950; x_wconf 64' lang='lat' dir='ltr'><strong>idem</strong></span> <span class='ocrx_word' id='word_1_150' title='bbox 3560 1871 3745 1952; x_wconf 65' lang='lat' dir='ltr'><strong>homo:</strong></span> 
     </span>
    </p>
   </div>
   <div class='ocr_carea' id='block_1_34' title="bbox 482 1936 2081 2009">
    <p class='ocr_par' dir='ltr' id='par_1_34' title="bbox 482 1936 2081 2009">
     <span class='ocr_line' id='line_1_34' title="bbox 482 1936 2081 2009; baseline -0.009 -6"><span class='ocrx_word' id='word_1_151' title='bbox 482 1956 607 2003; x_wconf 84' lang='lat' dir='ltr'><strong>sunt</strong></span> <span class='ocrx_word' id='word_1_152' title='bbox 632 1962 661 1997; x_wconf 89' lang='lat' dir='ltr'><strong>a</strong></span> <span class='ocrx_word' id='word_1_153' title='bbox 698 1946 826 2007; x_wconf 87' lang='lat' dir='ltr'><strong>Deo,</strong></span> <span class='ocrx_word' id='word_1_154' title='bbox 852 1952 909 1996; x_wconf 90' lang='lat' dir='ltr'><strong>ut</strong></span> <span class='ocrx_word' id='word_1_155' title='bbox 941 1936 1082 1997; x_wconf 81' lang='lat' dir='ltr'><strong>Deus</strong></span> <span class='ocrx_word' id='word_1_156' title='bbox 1106 1945 1174 1996; x_wconf 87' lang='lat' dir='ltr'><strong>sit</strong></span> <span class='ocrx_word' id='word_1_157' title='bbox 1204 1936 1442 1994; x_wconf 78' lang='lat' dir='ltr'><strong>omnium</strong></span> <span class='ocrx_word' id='word_1_158' title='bbox 1471 1950 1621 2009; x_wconf 88' lang='lat' dir='ltr'><strong>pater</strong></span> <span class='ocrx_word' id='word_1_159' title='bbox 1652 1957 1665 1992; x_wconf 90' lang='lat'><strong>:</strong></span> <span class='ocrx_word' id='word_1_160' title='bbox 1701 1948 1850 2006; x_wconf 85' lang='lat' dir='ltr'><strong>pater</strong></span> <span class='ocrx_word' id='word_1_161' title='bbox 1880 1936 2081 2003; x_wconf 87' lang='lat' dir='ltr'><strong>quippe</strong></span> 
     </span>
    </p>
   </div>
   <div class='ocr_carea' id='block_1_35' title="bbox 482 2008 2080 2083">
    <p class='ocr_par' dir='ltr' id='par_1_35' title="bbox 482 2008 2080 2083">
     <span class='ocr_line' id='line_1_35' title="bbox 482 2008 2080 2083; baseline -0.009 -10"><span class='ocrx_word' id='word_1_162' title='bbox 482 2019 624 2073; x_wconf 92' lang='lat' dir='ltr'><strong>idem</strong></span> <span class='ocrx_word' id='word_1_163' title='bbox 655 2025 736 2070; x_wconf 67' lang='lat' dir='ltr'><strong>est</strong></span> <span class='ocrx_word' id='word_1_164' title='bbox 765 2015 906 2083; x_wconf 90' lang='lat' dir='ltr'><strong>quod</strong></span> <span class='ocrx_word' id='word_1_165' title='bbox 938 2028 1097 2067; x_wconf 87' lang='lat' dir='ltr'><strong>causa</strong></span> <span class='ocrx_word' id='word_1_166' title='bbox 1118 2028 1222 2066; x_wconf 89' lang='lat' dir='ltr'><strong>non</strong></span> <span class='ocrx_word' id='word_1_167' title='bbox 1246 2014 1420 2065; x_wconf 87' lang='lat' dir='ltr'><strong>solum</strong></span> <span class='ocrx_word' id='word_1_168' title='bbox 1452 2008 1774 2077; x_wconf 82' lang='lat' dir='ltr'><strong>producens,</strong></span> <span class='ocrx_word' id='word_1_169' title='bbox 1800 2008 2080 2083; x_wconf 73' lang='lat' dir='ltr'><strong>sedetiam</strong></span> 
     </span>
    </p>
   </div>
   <div class='ocr_carea' id='block_1_36' title="bbox 484 2079 2084 2148">
    <p class='ocr_par' dir='ltr' id='par_1_36' title="bbox 484 2079 2084 2148">
     <span class='ocr_line' id='line_1_36' title="bbox 484 2079 2084 2148; baseline -0.008 -3"><span class='ocrx_word' id='word_1_170' title='bbox 484 2079 822 2145; x_wconf 71' lang='lat' dir='ltr'><strong>conservans</strong></span> <span class='ocrx_word' id='word_1_171' title='bbox 852 2103 864 2137; x_wconf 91' lang='lat'>:</span> <span class='ocrx_word' id='word_1_172' title='bbox 892 2086 1031 2138; x_wconf 90' lang='lat' dir='ltr'><strong>Deus</strong></span> <span class='ocrx_word' id='word_1_173' title='bbox 1058 2099 1185 2137; x_wconf 89' lang='lat' dir='ltr'><strong>vero</strong></span> <span class='ocrx_word' id='word_1_174' title='bbox 1210 2093 1292 2137; x_wconf 89' lang='lat' dir='ltr'><strong>est</strong></span> <span class='ocrx_word' id='word_1_175' title='bbox 1331 2086 1571 2136; x_wconf 88' lang='lat' dir='ltr'><strong>omnium</strong></span> <span class='ocrx_word' id='word_1_176' title='bbox 1600 2096 1757 2133; x_wconf 89' lang='lat' dir='ltr'><strong>causa</strong></span> <span class='ocrx_word' id='word_1_177' title='bbox 1786 2079 2084 2148; x_wconf 88' lang='lat' dir='ltr'><strong>producens</strong></span> 
     </span>
    </p>
   </div>
   <div class='ocr_carea' id='block_1_37' title="bbox 485 2150 2086 2216">
    <p class='ocr_par' dir='ltr' id='par_1_37' title="bbox 485 2150 2086 2216">
     <span class='ocr_line' id='line_1_37' title="bbox 485 2150 2086 2216; baseline -0.009 0"><span class='ocrx_word' id='word_1_178' title='bbox 485 2171 541 2216; x_wconf 90' lang='lat' dir='ltr'><strong>et</strong></span> <span class='ocrx_word' id='word_1_179' title='bbox 568 2172 916 2213; x_wconf 84' lang='lat' dir='ltr'><strong>conservans.</strong></span> <span class='ocrx_word' id='word_1_180' title='bbox 946 2157 1079 2209; x_wconf 88' lang='lat' dir='ltr'><strong>Hinc</strong></span> <span class='ocrx_word' id='word_1_181' title='bbox 1112 2156 1251 2207; x_wconf 87' lang='lat' dir='ltr'><strong>Dens</strong></span> <span class='ocrx_word' id='word_1_182' title='bbox 1281 2164 1499 2207; x_wconf 84' lang='lat' dir='ltr'><strong>vocatur</strong></span> <span class='ocrx_word' id='word_1_183' title='bbox 1536 2151 1695 2205; x_wconf 81' lang='lat' dir='ltr'><strong>Pater</strong></span> <span class='ocrx_word' id='word_1_184' title='bbox 1745 2166 1775 2204; x_wconf 89' lang='lat' dir='ltr'><strong>a</strong></span> <span class='ocrx_word' id='word_1_185' title='bbox 1819 2150 2086 2204; x_wconf 88' lang='lat' dir='ltr'><strong>Christia-</strong></span> 
     </span>
    </p>
   </div>
   <div class='ocr_carea' id='block_1_38' title="bbox 486 2220 2083 2296">
    <p class='ocr_par' dir='ltr' id='par_1_38' title="bbox 486 2220 2083 2296">
     <span class='ocr_line' id='line_1_38' title="bbox 486 2220 2083 2296; baseline -0.009 -10"><span class='ocrx_word' id='word_1_186' title='bbox 486 2234 594 2296; x_wconf 89' lang='lat' dir='ltr'><strong>nis,</strong></span> <span class='ocrx_word' id='word_1_187' title='bbox 625 2228 844 2294; x_wconf 79' lang='lat' dir='ltr'><strong>Judteis,</strong></span> <span class='ocrx_word' id='word_1_188' title='bbox 870 2236 922 2279; x_wconf 89' lang='lat' dir='ltr'><strong>et</strong></span> <span class='ocrx_word' id='word_1_189' title='bbox 964 2228 1094 2294; x_wconf 86' lang='lat' dir='ltr'><strong>ipsis</strong></span> <span class='ocrx_word' id='word_1_190' title='bbox 1117 2228 1277 2279; x_wconf 90' lang='lat' dir='ltr'><strong>etiam</strong></span> <span class='ocrx_word' id='word_1_191' title='bbox 1309 2226 1541 2279; x_wconf 88' lang='lat' dir='ltr'><strong>ethnicis</strong></span> <span class='ocrx_word' id='word_1_192' title='bbox 1568 2242 1580 2275; x_wconf 91' lang='lat'><strong>:</strong></span> <span class='ocrx_word' id='word_1_193' title='bbox 1622 2220 2083 2296; x_wconf 74' lang='lat' dir='ltr'><strong>Christianienim</strong></span> 
     </span>
    </p>
   </div>
   <div class='ocr_carea' id='block_1_39' title="bbox 486 2292 2083 2363">
    <p class='ocr_par' dir='ltr' id='par_1_39' title="bbox 486 2292 2083 2363">
     <span class='ocr_line' id='line_1_39' title="bbox 486 2292 2083 2363; baseline -0.009 -6"><span class='ocrx_word' id='word_1_194' title='bbox 486 2292 692 2357; x_wconf 80' lang='lat' dir='ltr'><strong>orando</strong></span> <span class='ocrx_word' id='word_1_195' title='bbox 721 2292 926 2361; x_wconf 85' lang='lat' dir='ltr'><strong>dicunt,</strong></span> <span class='ocrx_word' id='word_1_196' title='bbox 962 2292 1116 2348; x_wconf 81' lang='lat' dir='ltr'><strong>Pater</strong></span> <span class='ocrx_word' id='word_1_197' title='bbox 1138 2306 1307 2349; x_wconf 86' lang='lat' dir='ltr'><strong>noster</strong></span> <span class='ocrx_word' id='word_1_198' title='bbox 1327 2299 1411 2363; x_wconf 86' lang='lat' dir='ltr'><strong>qui</strong></span> <span class='ocrx_word' id='word_1_199' title='bbox 1439 2311 1488 2349; x_wconf 86' lang='lat' dir='ltr'><strong>es</strong></span> <span class='ocrx_word' id='word_1_200' title='bbox 1515 2296 1567 2347; x_wconf 90' lang='lat' dir='ltr'><strong>in</strong></span> <span class='ocrx_word' id='word_1_201' title='bbox 1597 2294 1756 2356; x_wconf 75' lang='lat' dir='ltr'><strong>cwlis,</strong></span> <span class='ocrx_word' id='word_1_202' title='bbox 1783 2292 1970 2346; x_wconf 82' lang='lat' dir='ltr'><strong>Matth.</strong></span> <span class='ocrx_word' id='word_1_203' title='bbox 2004 2306 2083 2344; x_wconf 81' lang='lat' dir='ltr'><strong>Vl.</strong></span> 
     </span>
    </p>
   </div>
   <div class='ocr_carea' id='block_1_40' title="bbox 488 2364 2087 2432">
    <p class='ocr_par' dir='ltr' id='par_1_40' title="bbox 488 2364 2087 2432">
     <span class='ocr_line' id='line_1_40' title="bbox 488 2364 2087 2432; baseline -0.009 -3"><span class='ocrx_word' id='word_1_204' title='bbox 488 2373 693 2429; x_wconf 75' lang='lat' dir='ltr'><strong>Judzeis</strong></span> <span class='ocrx_word' id='word_1_205' title='bbox 722 2369 917 2423; x_wconf 91' lang='lat' dir='ltr'><strong>dicitur</strong></span> <span class='ocrx_word' id='word_1_206' title='bbox 953 2368 1244 2421; x_wconf 75' lang='lat' dir='ltr'><strong>Deuteron.</strong></span> <span class='ocrx_word' id='word_1_207' title='bbox 1294 2382 1440 2419; x_wconf 67' lang='grc' dir='ltr'>χχχιι</span> <span class='ocrx_word' id='word_1_208' title='bbox 1483 2381 1498 2420; x_wconf 89' lang='lat'>:</span> <span class='ocrx_word' id='word_1_209' title='bbox 1537 2364 1787 2432; x_wconf 82' lang='lat' dir='ltr'><strong>Nunquid</strong></span> <span class='ocrx_word' id='word_1_210' title='bbox 1835 2379 1936 2416; x_wconf 89' lang='lat' dir='ltr'><strong>non</strong></span> <span class='ocrx_word' id='word_1_211' title='bbox 1976 2364 2087 2426; x_wconf 85' lang='lat' dir='ltr'><strong>ipse</strong></span> 
     </span>
    </p>
   </div>
   <div class='ocr_carea' id='block_1_41' title="bbox 487 2432 2087 2507">
    <p class='ocr_par' dir='ltr' id='par_1_41' title="bbox 487 2432 2087 2507">
     <span class='ocr_line' id='line_1_41' title="bbox 487 2432 2087 2507; baseline -0.008 -9"><span class='ocrx_word' id='word_1_212' title='bbox 487 2455 561 2499; x_wconf 87' lang='lat' dir='ltr'><strong>est</strong></span> <span class='ocrx_word' id='word_1_213' title='bbox 586 2442 739 2495; x_wconf 87' lang='lat' dir='ltr'><strong>Pater</strong></span> <span class='ocrx_word' id='word_1_214' title='bbox 762 2450 898 2503; x_wconf 91' lang='lat' dir='ltr'><strong>tuus,</strong></span> <span class='ocrx_word' id='word_1_215' title='bbox 923 2441 1008 2507; x_wconf 88' lang='lat' dir='ltr'><strong>qui</strong></span> <span class='ocrx_word' id='word_1_216' title='bbox 1035 2438 1255 2506; x_wconf 78' lang='lat' dir='ltr'><strong>possedit</strong></span> <span class='ocrx_word' id='word_1_217' title='bbox 1286 2447 1355 2500; x_wconf 90' lang='lat' dir='ltr'><strong>te,</strong></span> <span class='ocrx_word' id='word_1_218' title='bbox 1386 2446 1432 2490; x_wconf 88' lang='lat' dir='ltr'><strong>et</strong></span> <span class='ocrx_word' id='word_1_219' title='bbox 1455 2437 1574 2502; x_wconf 78' lang='lat' dir='ltr'><strong>fecit</strong></span> <span class='ocrx_word' id='word_1_220' title='bbox 1608 2446 1654 2490; x_wconf 89' lang='lat' dir='ltr'><strong>et</strong></span> <span class='ocrx_word' id='word_1_221' title='bbox 1674 2435 1859 2488; x_wconf 83' lang='lat' dir='ltr'><strong>creavit</strong></span> <span class='ocrx_word' id='word_1_222' title='bbox 1882 2444 1947 2488; x_wconf 86' lang='lat' dir='ltr'><strong>te.</strong></span> <span class='ocrx_word' id='word_1_223' title='bbox 1982 2432 2087 2486; x_wconf 88' lang='lat' dir='ltr'><strong>De-</strong></span> 
     </span>
    </p>
   </div>
   <div class='ocr_carea' id='block_1_42' title="bbox 488 2507 2085 2583">
    <p class='ocr_par' dir='ltr' id='par_1_42' title="bbox 488 2507 2085 2583">
     <span class='ocr_line' id='line_1_42' title="bbox 488 2507 2085 2583; baseline -0.01 -13"><span class='ocrx_word' id='word_1_224' title='bbox 488 2517 652 2583; x_wconf 83' lang='lat' dir='ltr'><strong>nique</strong></span> <span class='ocrx_word' id='word_1_225' title='bbox 685 2513 932 2583; x_wconf 79' lang='lat' dir='ltr'><strong>Horatius</strong></span> <span class='ocrx_word' id='word_1_226' title='bbox 978 2511 1082 2583; x_wconf 80' lang='lat' dir='ltr'><strong>ait:</strong></span> <span class='ocrx_word' id='word_1_227' title='bbox 1124 2507 1303 2583; x_wconf 80' lang='lat' dir='ltr'><strong>Gentis</strong></span> <span class='ocrx_word' id='word_1_228' title='bbox 1334 2508 1771 2583; x_wconf 39' lang='lat' dir='ltr'><strong>humanmpater‘</strong></span> <span class='ocrx_word' id='word_1_229' title='bbox 1801 2513 1951 2583; x_wconf 72' lang='lat' dir='ltr'><strong>atque</strong></span> <span class='ocrx_word' id='word_1_230' title='bbox 1997 2518 2085 2555; x_wconf 89' lang='lat' dir='ltr'><strong>cu-</strong></span> 
     </span>
    </p>
   </div>
   <div class='ocr_carea' id='block_1_43' title="bbox 489 2576 2086 2651">
    <p class='ocr_par' dir='ltr' id='par_1_43' title="bbox 489 2576 2086 2651">
     <span class='ocr_line' id='line_1_43' title="bbox 489 2576 2086 2651; baseline -0.007 -12"><span class='ocrx_word' id='word_1_231' title='bbox 489 2576 639 2639; x_wconf 75' lang='lat' dir='ltr'><strong>stos:</strong></span> <span class='ocrx_word' id='word_1_232' title='bbox 680 2593 734 2638; x_wconf 90' lang='lat' dir='ltr'><strong>et</strong></span> <span class='ocrx_word' id='word_1_233' title='bbox 766 2582 936 2651; x_wconf 85' lang='lat' dir='ltr'><strong>Virg.,</strong></span> <span class='ocrx_word' id='word_1_234' title='bbox 986 2581 1146 2634; x_wconf 88' lang='lat' dir='ltr'><strong>Pater</strong></span> <span class='ocrx_word' id='word_1_235' title='bbox 1184 2582 1293 2649; x_wconf 83' lang='lat' dir='ltr'><strong>ipse</strong></span> <span class='ocrx_word' id='word_1_236' title='bbox 1324 2578 1525 2634; x_wconf 86' lang='lat' dir='ltr'><strong>colendi</strong></span> <span class='ocrx_word' id='word_1_237' title='bbox 1574 2576 1711 2631; x_wconf 87' lang='lat' dir='ltr'><strong>haud</strong></span> <span class='ocrx_word' id='word_1_238' title='bbox 1744 2576 1949 2647; x_wconf 75' lang='lat' dir='ltr'><strong>facilem</strong></span> <span class='ocrx_word' id='word_1_239' title='bbox 1977 2590 2086 2629; x_wconf 84' lang='lat' dir='ltr'><strong>esse</strong></span> 
     </span>
    </p>
   </div>
   <div class='ocr_carea' id='block_1_44' title="bbox 488 2654 832 2711">
    <p class='ocr_par' dir='ltr' id='par_1_44' title="bbox 488 2654 832 2711">
     <span class='ocr_line' id='line_1_44' title="bbox 488 2654 832 2711; baseline -0.017 0"><span class='ocrx_word' id='word_1_240' title='bbox 488 2659 626 2711; x_wconf 74' lang='lat' dir='ltr'><strong>viam</strong></span> <span class='ocrx_word' id='word_1_241' title='bbox 652 2654 832 2707; x_wconf 82' lang='lat' dir='ltr'><strong>voluit.</strong></span> 
     </span>
    </p>
   </div>
   <div class='ocr_carea' id='block_1_45' title="bbox 565 2717 2087 2791">
    <p class='ocr_par' dir='ltr' id='par_1_45' title="bbox 565 2717 2087 2791">
     <span class='ocr_line' id='line_1_45' title="bbox 565 2717 2087 2791; baseline -0.008 -10"><span class='ocrx_word' id='word_1_242' title='bbox 565 2727 619 2781; x_wconf 88' lang='lat'><strong>5.</strong></span> <span class='ocrx_word' id='word_1_243' title='bbox 665 2725 764 2778; x_wconf 78' lang='lat' dir='ltr'><strong>Ille</strong></span> <span class='ocrx_word' id='word_1_244' title='bbox 819 2723 961 2778; x_wconf 84' lang='lat' dir='ltr'><strong>dedit</strong></span> <span class='ocrx_word' id='word_1_245' title='bbox 1008 2719 1202 2775; x_wconf 80' lang='lat' dir='ltr'><strong>Phoebo</strong></span> <span class='ocrx_word' id='word_1_246' title='bbox 1248 2717 1605 2791; x_wconf 65' lang='lat' dir='ltr'><strong>radios.]g‘Sol</strong></span> <span class='ocrx_word' id='word_1_247' title='bbox 1659 2718 1841 2791; x_wconf 85' lang='lat' dir='ltr'><strong>poetis</strong></span> <span class='ocrx_word' id='word_1_248' title='bbox 1858 2725 2087 2791; x_wconf 81' lang='lat' dir='ltr'><strong>vocatur</strong></span> 
     </span>
    </p>
   </div>
   <div class='ocr_carea' id='block_1_46' title="bbox 490 2788 2089 2866">
    <p class='ocr_par' dir='ltr' id='par_1_46' title="bbox 490 2788 2089 2866">
     <span class='ocr_line' id='line_1_46' title="bbox 490 2788 2089 2866; baseline -0.008 -14"><span class='ocrx_word' id='word_1_249' title='bbox 490 2797 715 2852; x_wconf 70' lang='lat' dir='ltr'><strong>Phoebus</strong></span> <span class='ocrx_word' id='word_1_250' title='bbox 744 2810 773 2848; x_wconf 89' lang='lat' dir='ltr'><strong>a</strong></span> <span class='ocrx_word' id='word_1_251' title='bbox 804 2794 985 2866; x_wconf 88' lang='lat' dir='ltr'><strong>specie</strong></span> <span class='ocrx_word' id='word_1_252' title='bbox 1016 2804 1068 2866; x_wconf 87' lang='lat' dir='ltr'><strong>et</strong></span> <span class='ocrx_word' id='word_1_253' title='bbox 1090 2798 1269 2866; x_wconf 81' lang='lat' dir='ltr'><strong>nitore</strong></span> <span class='ocrx_word' id='word_1_254' title='bbox 1300 2810 1312 2845; x_wconf 91' lang='lat'><strong>:</strong></span> <span class='ocrx_word' id='word_1_255' title='bbox 1362 2788 1534 2866; x_wconf 70' lang='grc' dir='ltr'><strong>φοξϐος</strong></span> <span class='ocrx_word' id='word_1_256' title='bbox 1581 2792 1725 2845; x_wconf 90' lang='lat' dir='ltr'><strong>enim</strong></span> <span class='ocrx_word' id='word_1_257' title='bbox 1771 2788 2089 2866; x_wconf 70' lang='lat' dir='ltr'><strong>adjectivum</strong></span> 
     </span>
    </p>
   </div>
   <div class='ocr_carea' id='block_1_47' title="bbox 491 2858 2086 2936">
    <p class='ocr_par' dir='ltr' id='par_1_47' title="bbox 491 2858 2086 2936">
     <span class='ocr_line' id='line_1_47' title="bbox 491 2858 2086 2936; baseline -0.008 -12"><span class='ocrx_word' id='word_1_258' title='bbox 491 2881 572 2924; x_wconf 89' lang='lat' dir='ltr'><strong>est</strong></span> <span class='ocrx_word' id='word_1_259' title='bbox 602 2858 926 2936; x_wconf 85' lang='lat' dir='ltr'><strong>splendidus,</strong></span> <span class='ocrx_word' id='word_1_260' title='bbox 958 2864 1180 2929; x_wconf 84' lang='lat' dir='ltr'><strong>lucidus,</strong></span> <span class='ocrx_word' id='word_1_261' title='bbox 1210 2858 1389 2930; x_wconf 67' lang='lat' dir='ltr'><strong>purus&#39;.</strong></span> <span class='ocrx_word' id='word_1_262' title='bbox 1415 2864 1526 2917; x_wconf 88' lang='lat' dir='ltr'><strong>Soli</strong></span> <span class='ocrx_word' id='word_1_263' title='bbox 1557 2871 1736 2936; x_wconf 74' lang='lat' dir='ltr'><strong>autem</strong></span> <span class='ocrx_word' id='word_1_264' title='bbox 1770 2858 1907 2936; x_wconf 77' lang='lat' dir='ltr'><strong>Deus</strong></span> <span class='ocrx_word' id='word_1_265' title='bbox 1934 2858 2086 2936; x_wconf 77' lang='lat' dir='ltr'><strong>dedit</strong></span> 
     </span>
    </p>
   </div>
   <div class='ocr_carea' id='block_1_48' title="bbox 490 2930 2083 3005">
    <p class='ocr_par' dir='ltr' id='par_1_48' title="bbox 490 2930 2083 3005">
     <span class='ocr_line' id='line_1_48' title="bbox 490 2930 2083 3005; baseline -0.007 -10"><span class='ocrx_word' id='word_1_266' title='bbox 490 2930 673 2995; x_wconf 85' lang='lat' dir='ltr'><strong>radios</strong></span> <span class='ocrx_word' id='word_1_267' title='bbox 704 2956 717 2989; x_wconf 90' lang='lat'><strong>:</strong></span> <span class='ocrx_word' id='word_1_268' title='bbox 754 2930 998 3005; x_wconf 82' lang='lat' dir='ltr'><strong>quamvis</strong></span> <span class='ocrx_word' id='word_1_269' title='bbox 1025 2936 1169 2990; x_wconf 89' lang='lat' dir='ltr'><strong>enim</strong></span> <span class='ocrx_word' id='word_1_270' title='bbox 1198 2950 1228 2988; x_wconf 89' lang='lat' dir='ltr'><strong>a</strong></span> <span class='ocrx_word' id='word_1_271' title='bbox 1257 2936 1579 3005; x_wconf 83' lang='lat' dir='ltr'><strong>corporibus</strong></span> <span class='ocrx_word' id='word_1_272' title='bbox 1597 2933 1774 3005; x_wconf 88' lang='lat' dir='ltr'><strong>obviis</strong></span> <span class='ocrx_word' id='word_1_273' title='bbox 1795 2930 2083 3005; x_wconf 67' lang='lat' dir='ltr'><strong>sqividea-</strong></span> 
     </span>
    </p>
   </div>
   <div class='ocr_carea' id='block_1_49' title="bbox 492 3002 2088 3074">
    <p class='ocr_par' dir='ltr' id='par_1_49' title="bbox 492 3002 2088 3074">
     <span class='ocr_line' id='line_1_49' title="bbox 492 3002 2088 3074; baseline -0.007 -10"><span class='ocrx_word' id='word_1_274' title='bbox 492 3020 579 3066; x_wconf 78' lang='lat' dir='ltr'><strong>tur</strong></span> <span class='ocrx_word' id='word_1_275' title='bbox 604 3002 822 3071; x_wconf 82' lang='lat' dir='ltr'><strong>habere,</strong></span> <span class='ocrx_word' id='word_1_276' title='bbox 857 3006 999 3074; x_wconf 90' lang='lat' dir='ltr'><strong>quod</strong></span> <span class='ocrx_word' id='word_1_277' title='bbox 1032 3009 1131 3060; x_wconf 84' lang='lat' dir='ltr'><strong>hoc</strong></span> <span class='ocrx_word' id='word_1_278' title='bbox 1160 3006 1239 3061; x_wconf 87' lang='lat' dir='ltr'><strong>vel</strong></span> <span class='ocrx_word' id='word_1_279' title='bbox 1272 3002 1369 3058; x_wconf 89' lang='lat' dir='ltr'><strong>illo</strong></span> <span class='ocrx_word' id='word_1_280' title='bbox 1394 3004 1553 3058; x_wconf 90' lang='lat' dir='ltr'><strong>modo</strong></span> <span class='ocrx_word' id='word_1_281' title='bbox 1599 3004 1796 3067; x_wconf 82' lang='lat' dir='ltr'><strong>luceat,</strong></span> <span class='ocrx_word' id='word_1_282' title='bbox 1838 3002 1981 3074; x_wconf 84' lang='lat' dir='ltr'><strong>idem</strong></span> <span class='ocrx_word' id='word_1_283' title='bbox 2008 3008 2088 3074; x_wconf 82' lang='lat' dir='ltr'><strong>ta-</strong></span> 
     </span>
    </p>
   </div>
   <div class='ocr_carea' id='block_1_50' title="bbox 492 3071 2086 3144">
    <p class='ocr_par' dir='ltr' id='par_1_50' title="bbox 492 3071 2086 3144">
     <span class='ocr_line' id='line_1_50' title="bbox 492 3071 2086 3144; baseline -0.007 -8"><span class='ocrx_word' id='word_1_284' title='bbox 492 3099 616 3135; x_wconf 90' lang='lat' dir='ltr'><strong>men</strong></span> <span class='ocrx_word' id='word_1_285' title='bbox 648 3096 676 3133; x_wconf 86' lang='lat' dir='ltr'><strong>a</strong></span> <span class='ocrx_word' id='word_1_286' title='bbox 704 3082 820 3134; x_wconf 87' lang='lat' dir='ltr'><strong>solo</strong></span> <span class='ocrx_word' id='word_1_287' title='bbox 856 3071 965 3131; x_wconf 86' lang='lat' dir='ltr'><strong>Deo</strong></span> <span class='ocrx_word' id='word_1_288' title='bbox 993 3078 1181 3141; x_wconf 85' lang='lat' dir='ltr'><strong>habet,</strong></span> <span class='ocrx_word' id='word_1_289' title='bbox 1210 3077 1349 3144; x_wconf 89' lang='lat' dir='ltr'><strong>quod</strong></span> <span class='ocrx_word' id='word_1_290' title='bbox 1384 3075 1577 3129; x_wconf 71' lang='lat' dir='ltr'><strong>lui-eat.</strong></span> <span class='ocrx_word' id='word_1_291' title='bbox 1612 3074 1831 3128; x_wconf 74' lang='lat' dir='ltr'><strong>Scilicet</strong></span> <span class='ocrx_word' id='word_1_292' title='bbox 1850 3072 1959 3127; x_wconf 90' lang='lat' dir='ltr'><strong>duo</strong></span> <span class='ocrx_word' id='word_1_293' title='bbox 1986 3071 2086 3126; x_wconf 90' lang='lat' dir='ltr'><strong>ob-</strong></span> 
     </span>
    </p>
   </div>
   <div class='ocr_carea' id='block_1_51' title="bbox 494 3145 2086 3218">
    <p class='ocr_par' dir='ltr' id='par_1_51' title="bbox 494 3145 2086 3218">
     <span class='ocr_line' id='line_1_51' title="bbox 494 3145 2086 3218; baseline -0.007 -11"><span class='ocrx_word' id='word_1_294' title='bbox 494 3151 699 3208; x_wconf 84' lang='lat' dir='ltr'><strong>servari</strong></span> <span class='ocrx_word' id='word_1_295' title='bbox 733 3159 956 3218; x_wconf 83' lang='lat' dir='ltr'><strong>possunt</strong></span> <span class='ocrx_word' id='word_1_296' title='bbox 988 3149 1047 3218; x_wconf 86' lang='lat' dir='ltr'><strong>in</strong></span> <span class='ocrx_word' id='word_1_297' title='bbox 1088 3146 1289 3218; x_wconf 87' lang='lat' dir='ltr'><strong>mundo</strong></span> <span class='ocrx_word' id='word_1_298' title='bbox 1310 3145 1622 3201; x_wconf 81' lang='lat' dir='ltr'><strong>effectarum</strong></span> <span class='ocrx_word' id='word_1_299' title='bbox 1652 3158 1895 3218; x_wconf 66' lang='lat' dir='ltr'><strong>genera:</strong></span> <span class='ocrx_word' id='word_1_300' title='bbox 1922 3157 2086 3218; x_wconf 81' lang='lat' dir='ltr'><strong>gene-</strong></span> 
     </span>
    </p>
   </div>
   <div class='ocr_carea' id='block_1_52' title="bbox 496 3213 2083 3289">
    <p class='ocr_par' dir='ltr' id='par_1_52' title="bbox 496 3213 2083 3289">
     <span class='ocr_line' id='line_1_52' title="bbox 496 3213 2083 3289; baseline -0.007 -11"><span class='ocrx_word' id='word_1_301' title='bbox 496 3224 627 3278; x_wconf 87' lang='lat' dir='ltr'><strong>ralia</strong></span> <span class='ocrx_word' id='word_1_302' title='bbox 655 3213 899 3289; x_wconf 68' lang='lat' dir='ltr'><strong>qttindani</strong></span> <span class='ocrx_word' id='word_1_303' title='bbox 920 3234 936 3282; x_wconf 86' lang='lat'><strong>;</strong></span> <span class='ocrx_word' id='word_1_304' title='bbox 959 3217 1083 3283; x_wconf 88' lang='lat' dir='ltr'><strong>alia,</strong></span> <span class='ocrx_word' id='word_1_305' title='bbox 1108 3228 1166 3271; x_wconf 88' lang='lat' dir='ltr'><strong>ut</strong></span> <span class='ocrx_word' id='word_1_306' title='bbox 1196 3213 1732 3289; x_wconf 26' lang='lat' dir='ltr'><strong>barbareloquunt‘ur</strong></span> <span class='ocrx_word' id='word_1_307' title='bbox 1752 3213 2083 3289; x_wconf 81' lang='lat' dir='ltr'><strong>philosOphi,</strong></span> 
     </span>
    </p>
   </div>
   <div class='ocr_carea' id='block_1_53' title="bbox 496 3286 2093 3363">
    <p class='ocr_par' dir='ltr' id='par_1_53' title="bbox 496 3286 2093 3363">
     <span class='ocr_line' id='line_1_53' title="bbox 496 3286 2093 3363; baseline -0.006 -17"><span class='ocrx_word' id='word_1_308' title='bbox 496 3286 832 3363; x_wconf 67' lang='lat' dir='ltr'><strong>particitlaria</strong></span> <span class='ocrx_word' id='word_1_309' title='bbox 862 3306 881 3342; x_wconf 92' lang='lat'><strong><em>:</em></strong></span> <span class='ocrx_word' id='word_1_310' title='bbox 935 3291 1174 3357; x_wconf 87' lang='lat' dir='ltr'><strong>priorum</strong></span> <span class='ocrx_word' id='word_1_311' title='bbox 1223 3288 1518 3363; x_wconf 49' lang='lat' dir='ltr'><strong>generalis,</strong></span> <span class='ocrx_word' id='word_1_312' title='bbox 1566 3286 1925 3363; x_wconf 79' lang='lat' dir='ltr'><strong>posteriorum</strong></span> <span class='ocrx_word' id='word_1_313' title='bbox 1961 3298 2093 3339; x_wconf 91' lang='lat' dir='ltr'><strong>vero</strong></span> 
     </span>
    </p>
   </div>
   <div class='ocr_carea' id='block_1_54' title="bbox 497 3358 2094 3434">
    <p class='ocr_par' dir='ltr' id='par_1_54' title="bbox 497 3358 2094 3434">
     <span class='ocr_line' id='line_1_54' title="bbox 497 3358 2094 3434; baseline -0.007 -14"><span class='ocrx_word' id='word_1_314' title='bbox 497 3358 786 3434; x_wconf 72' lang='lat' dir='ltr'><strong>peculiaris</strong></span> <span class='ocrx_word' id='word_1_315' title='bbox 807 3373 970 3434; x_wconf 72' lang='lat' dir='ltr'><strong>causa</strong></span> <span class='ocrx_word' id='word_1_316' title='bbox 1000 3359 1289 3427; x_wconf 55' lang='lat' dir='ltr'><strong>qurerenda</strong></span> <span class='ocrx_word' id='word_1_317' title='bbox 1317 3369 1421 3411; x_wconf 76' lang='lat' dir='ltr'><strong>eet.</strong></span> <span class='ocrx_word' id='word_1_318' title='bbox 1466 3358 1557 3413; x_wconf 87' lang='lat' dir='ltr'><strong>Sic</strong></span> <span class='ocrx_word' id='word_1_319' title='bbox 1585 3358 1843 3434; x_wconf 49' lang='lat' dir='ltr'><strong>«manenti</strong></span> <span class='ocrx_word' id='word_1_320' title='bbox 1872 3371 1968 3434; x_wconf 78' lang='lat' dir='ltr'><strong>cur</strong></span> <span class='ocrx_word' id='word_1_321' title='bbox 2006 3369 2094 3410; x_wconf 92' lang='lat' dir='ltr'><strong>me</strong></span> 
     </span>
    </p>
   </div>
   <div class='ocr_carea' id='block_1_55' title="bbox 500 3427 2093 3502">
    <p class='ocr_par' dir='ltr' id='par_1_55' title="bbox 500 3427 2093 3502">
     <span class='ocr_line' id='line_1_55' title="bbox 500 3427 2093 3502; baseline -0.006 -13"><span class='ocrx_word' id='word_1_322' title='bbox 500 3427 751 3502; x_wconf 81' lang='lat' dir='ltr'><strong>loquente</strong></span> <span class='ocrx_word' id='word_1_323' title='bbox 777 3431 990 3485; x_wconf 89' lang='lat' dir='ltr'><strong>auditor</strong></span> <span class='ocrx_word' id='word_1_324' title='bbox 1021 3442 1315 3502; x_wconf 85' lang='lat' dir='ltr'><strong>moveatur,</strong></span> <span class='ocrx_word' id='word_1_325' title='bbox 1346 3445 1454 3483; x_wconf 91' lang='lat' dir='ltr'><strong>non</strong></span> <span class='ocrx_word' id='word_1_326' title='bbox 1483 3430 1775 3498; x_wconf 77' lang='lat' dir='ltr'><strong>generalis,</strong></span> <span class='ocrx_word' id='word_1_327' title='bbox 1806 3427 1901 3481; x_wconf 88' lang='lat' dir='ltr'><strong>sed</strong></span> <span class='ocrx_word' id='word_1_328' title='bbox 1933 3442 2093 3502; x_wconf 79' lang='lat' dir='ltr'><strong>pecu-</strong></span> 
     </span>
    </p>
   </div>
   <div class='ocr_carea' id='block_1_56' title="bbox 501 3497 2086 3568">
    <p class='ocr_par' dir='ltr' id='par_1_56' title="bbox 501 3497 2086 3568">
     <span class='ocr_line' id='line_1_56' title="bbox 501 3497 2086 3568; baseline -0.007 -8"><span class='ocrx_word' id='word_1_329' title='bbox 501 3497 652 3560; x_wconf 77' lang='lat' dir='ltr'><strong>liaris</strong></span> <span class='ocrx_word' id='word_1_330' title='bbox 680 3517 839 3557; x_wconf 84' lang='lat' dir='ltr'><strong>causa</strong></span> <span class='ocrx_word' id='word_1_331' title='bbox 871 3501 1160 3565; x_wconf 79' lang='lat' dir='ltr'><strong>atlcrenda,</strong></span> <span class='ocrx_word' id='word_1_332' title='bbox 1195 3510 1250 3552; x_wconf 88' lang='lat' dir='ltr'><strong>ut</strong></span> <span class='ocrx_word' id='word_1_333' title='bbox 1291 3502 1431 3568; x_wconf 85' lang='lat' dir='ltr'><strong>quod</strong></span> <span class='ocrx_word' id='word_1_334' title='bbox 1459 3497 1553 3555; x_wconf 81' lang='lat' dir='ltr'><strong>aer</strong></span> <span class='ocrx_word' id='word_1_335' title='bbox 1578 3515 1607 3552; x_wconf 89' lang='lat' dir='ltr'><strong>a</strong></span> <span class='ocrx_word' id='word_1_336' title='bbox 1654 3514 1775 3553; x_wconf 84' lang='lat' dir='ltr'><strong>meo</strong></span> <span class='ocrx_word' id='word_1_337' title='bbox 1798 3512 1892 3551; x_wconf 90' lang='lat' dir='ltr'><strong>ore</strong></span> <span class='ocrx_word' id='word_1_338' title='bbox 1916 3499 1991 3568; x_wconf 15' lang='lat' dir='ltr'><strong>ad,</strong></span> <span class='ocrx_word' id='word_1_339' title='bbox 2015 3497 2086 3551; x_wconf 88' lang='lat' dir='ltr'><strong>it-</strong></span> 
     </span>
    </p>
   </div>
   <div class='ocr_carea' id='block_1_57' title="bbox 501 3567 2096 3637">
    <p class='ocr_par' dir='ltr' id='par_1_57' title="bbox 501 3567 2096 3637">
     <span class='ocr_line' id='line_1_57' title="bbox 501 3567 2096 3637; baseline -0.006 -7"><span class='ocrx_word' id='word_1_340' title='bbox 501 3576 605 3630; x_wconf 90' lang='lat' dir='ltr'><strong>lius</strong></span> <span class='ocrx_word' id='word_1_341' title='bbox 632 3590 790 3628; x_wconf 85' lang='lat' dir='ltr'><strong>aures</strong></span> <span class='ocrx_word' id='word_1_342' title='bbox 817 3582 1162 3626; x_wconf 78' lang='lat' dir='ltr'><strong>continuatus</strong></span> <span class='ocrx_word' id='word_1_343' title='bbox 1191 3567 1323 3623; x_wconf 83' lang='lat' dir='ltr'><strong>meis</strong></span> <span class='ocrx_word' id='word_1_344' title='bbox 1347 3572 1706 3637; x_wconf 72' lang='lat' dir='ltr'><strong>pulmonibus,</strong></span> <span class='ocrx_word' id='word_1_345' title='bbox 1732 3570 1932 3637; x_wconf 84' lang='lat' dir='ltr'><strong>lingua,</strong></span> <span class='ocrx_word' id='word_1_346' title='bbox 1961 3567 2096 3622; x_wconf 88' lang='lat' dir='ltr'><strong>den-</strong></span> 
     </span>
    </p>
   </div>
   <div class='ocr_carea' id='block_1_58' title="bbox 502 3639 2095 3709">
    <p class='ocr_par' dir='ltr' id='par_1_58' title="bbox 502 3639 2095 3709">
     <span class='ocr_line' id='line_1_58' title="bbox 502 3639 2095 3709; baseline -0.005 -8"><span class='ocrx_word' id='word_1_347' title='bbox 502 3647 668 3709; x_wconf 81' lang='lat' dir='ltr'><strong>tibus,</strong></span> <span class='ocrx_word' id='word_1_348' title='bbox 697 3654 751 3699; x_wconf 90' lang='lat' dir='ltr'><strong>et</strong></span> <span class='ocrx_word' id='word_1_349' title='bbox 793 3644 957 3697; x_wconf 84' lang='lat' dir='ltr'><strong>labris</strong></span> <span class='ocrx_word' id='word_1_350' title='bbox 1007 3643 1085 3695; x_wconf 89' lang='lat' dir='ltr'><strong>sic</strong></span> <span class='ocrx_word' id='word_1_351' title='bbox 1115 3650 1413 3705; x_wconf 82' lang='lat' dir='ltr'><strong>moveatur,</strong></span> <span class='ocrx_word' id='word_1_352' title='bbox 1464 3652 1521 3695; x_wconf 89' lang='lat' dir='ltr'><strong>ut</strong></span> <span class='ocrx_word' id='word_1_353' title='bbox 1554 3644 1744 3696; x_wconf 86' lang='lat' dir='ltr'><strong>eodem</strong></span> <span class='ocrx_word' id='word_1_354' title='bbox 1764 3655 1923 3694; x_wconf 87' lang='lat' dir='ltr'><strong>aures</strong></span> <span class='ocrx_word' id='word_1_355' title='bbox 1949 3639 2095 3693; x_wconf 82' lang='lat' dir='ltr'><strong>audi-</strong></span> 
     </span>
    </p>
   </div>
   <div class='ocr_carea' id='block_1_59' title="bbox 503 3712 2096 3781">
    <p class='ocr_par' dir='ltr' id='par_1_59' title="bbox 503 3712 2096 3781">
     <span class='ocr_line' id='line_1_59' title="bbox 503 3712 2096 3781; baseline -0.005 -11"><span class='ocrx_word' id='word_1_356' title='bbox 503 3719 637 3771; x_wconf 88' lang='lat' dir='ltr'><strong>toris</strong></span> <span class='ocrx_word' id='word_1_357' title='bbox 667 3724 1129 3769; x_wconf 85' lang='lat' dir='ltr'><strong>commoveantur.</strong></span> <span class='ocrx_word' id='word_1_358' title='bbox 1161 3712 1229 3766; x_wconf 82' lang='lat' dir='ltr'><strong>At</strong></span> <span class='ocrx_word' id='word_1_359' title='bbox 1259 3714 1519 3781; x_wconf 59' lang='lat' dir='ltr'><strong>quaerenti</strong></span> <span class='ocrx_word' id='word_1_360' title='bbox 1551 3727 1646 3765; x_wconf 72' lang='lat' dir='ltr'><strong>cur</strong></span> <span class='ocrx_word' id='word_1_361' title='bbox 1692 3720 1962 3766; x_wconf 89' lang='lat' dir='ltr'><strong>commoto</strong></span> <span class='ocrx_word' id='word_1_362' title='bbox 1999 3725 2096 3763; x_wconf 90' lang='lat' dir='ltr'><strong>au-</strong></span> 
     </span>
    </p>
   </div>
   <div class='ocr_carea' id='block_1_60' title="bbox 505 3780 2095 3853">
    <p class='ocr_par' dir='ltr' id='par_1_60' title="bbox 505 3780 2095 3853">
     <span class='ocr_line' id='line_1_60' title="bbox 505 3780 2095 3853; baseline -0.006 -10"><span class='ocrx_word' id='word_1_363' title='bbox 505 3788 694 3843; x_wconf 70' lang='lat' dir='ltr'><strong>ditoﬁs</strong></span> <span class='ocrx_word' id='word_1_364' title='bbox 744 3785 971 3840; x_wconf 86' lang='lat' dir='ltr'><strong>cerebro</strong></span> <span class='ocrx_word' id='word_1_365' title='bbox 1029 3780 1381 3853; x_wconf 80' lang='lat' dir='ltr'><strong>cogitationes</strong></span> <span class='ocrx_word' id='word_1_366' title='bbox 1439 3785 1493 3838; x_wconf 87' lang='lat' dir='ltr'><strong>in</strong></span> <span class='ocrx_word' id='word_1_367' title='bbox 1541 3781 1785 3851; x_wconf 83' lang='lat' dir='ltr'><strong>ejusdem</strong></span> <span class='ocrx_word' id='word_1_368' title='bbox 1837 3780 2095 3837; x_wconf 85' lang='lat' dir='ltr'><strong>auditoris</strong></span> 
     </span>
    </p>
   </div>
   <div class='ocr_carea' id='block_1_61' title="bbox 502 3854 2095 3923">
    <p class='ocr_par' dir='ltr' id='par_1_61' title="bbox 502 3854 2095 3923">
     <span class='ocr_line' id='line_1_61' title="bbox 502 3854 2095 3923; baseline -0.006 -10"><span class='ocrx_word' id='word_1_369' title='bbox 502 3869 684 3913; x_wconf 80' lang='lat' dir='ltr'><strong>mente</strong></span> <span class='ocrx_word' id='word_1_370' title='bbox 708 3861 1025 3911; x_wconf 80' lang='lat' dir='ltr'><strong>excitentur:</strong></span> <span class='ocrx_word' id='word_1_371' title='bbox 1064 3870 1168 3923; x_wconf 76' lang='lat' dir='ltr'><strong>non</strong></span> <span class='ocrx_word' id='word_1_372' title='bbox 1194 3854 1497 3923; x_wconf 86' lang='lat' dir='ltr'><strong>peculiaris,</strong></span> <span class='ocrx_word' id='word_1_373' title='bbox 1527 3856 1621 3909; x_wconf 91' lang='lat' dir='ltr'><strong>sed</strong></span> <span class='ocrx_word' id='word_1_374' title='bbox 1643 3854 1912 3923; x_wconf 75' lang='lat' dir='ltr'><strong>generalis</strong></span> <span class='ocrx_word' id='word_1_375' title='bbox 1934 3865 2095 3905; x_wconf 88' lang='lat' dir='ltr'><strong>causa</strong></span> 
     </span>
    </p>
   </div>
   <div class='ocr_carea' id='block_1_62' title="bbox 502 3917 2097 3995">
    <p class='ocr_par' dir='ltr' id='par_1_62' title="bbox 502 3917 2097 3995">
     <span class='ocr_line' id='line_1_62' title="bbox 502 3917 2097 3995; baseline -0.005 -10"><span class='ocrx_word' id='word_1_376' title='bbox 502 3929 816 3995; x_wconf 65' lang='lat' dir='ltr'><strong>restionderi</strong></span> <span class='ocrx_word' id='word_1_377' title='bbox 848 3928 1027 3981; x_wconf 88' lang='lat' dir='ltr'><strong>debet.</strong></span> <span class='ocrx_word' id='word_1_378' title='bbox 1079 3917 1335 3980; x_wconf 84' lang='lat' dir='ltr'><strong>Similiter</strong></span> <span class='ocrx_word' id='word_1_379' title='bbox 1363 3917 1763 3993; x_wconf 59' lang='lat' dir='ltr'><strong>quaerenti&#39;cur</strong></span> <span class='ocrx_word' id='word_1_380' title='bbox 1816 3926 1908 3977; x_wconf 86' lang='lat' dir='ltr'><strong>iris</strong></span> <span class='ocrx_word' id='word_1_381' title='bbox 1950 3923 2097 3977; x_wconf 91' lang='lat' dir='ltr'><strong>mille</strong></span> 
     </span>
    </p>
   </div>
   <div class='ocr_carea' id='block_1_63' title="bbox 502 3996 2093 4063">
    <p class='ocr_par' dir='ltr' id='par_1_63' title="bbox 502 3996 2093 4063">
     <span class='ocr_line' id='line_1_63' title="bbox 502 3996 2093 4063; baseline -0.006 -8"><span class='ocrx_word' id='word_1_382' title='bbox 502 4004 682 4055; x_wconf 83' lang='lat' dir='ltr'><strong>trahat</strong></span> <span class='ocrx_word' id='word_1_383' title='bbox 706 4000 883 4052; x_wconf 88' lang='lat' dir='ltr'><strong>varios</strong></span> <span class='ocrx_word' id='word_1_384' title='bbox 910 3997 1138 4051; x_wconf 89' lang='lat' dir='ltr'><strong>adverso</strong></span> <span class='ocrx_word' id='word_1_385' title='bbox 1169 3999 1281 4049; x_wconf 88' lang='lat' dir='ltr'><strong>sole</strong></span> <span class='ocrx_word' id='word_1_386' title='bbox 1316 3997 1547 4061; x_wconf 88' lang='lat' dir='ltr'><strong>colores,</strong></span> <span class='ocrx_word' id='word_1_387' title='bbox 1578 4010 1741 4050; x_wconf 87' lang='lat' dir='ltr'><strong>causa</strong></span> <span class='ocrx_word' id='word_1_388' title='bbox 1783 3996 2093 4063; x_wconf 87' lang='lat' dir='ltr'><strong>peculiaris,</strong></span> 
     </span>
    </p>
   </div>
   <div class='ocr_carea' id='block_1_64' title="bbox 503 4067 2098 4139">
    <p class='ocr_par' dir='ltr' id='par_1_64' title="bbox 503 4067 2098 4139">
     <span class='ocr_line' id='line_1_64' title="bbox 503 4067 2098 4139; baseline -0.005 -12"><span class='ocrx_word' id='word_1_389' title='bbox 503 4086 701 4139; x_wconf 87' lang='lat' dir='ltr'><strong>nempe</strong></span> <span class='ocrx_word' id='word_1_390' title='bbox 728 4069 904 4137; x_wconf 86' lang='lat' dir='ltr'><strong>pluvia</strong></span> <span class='ocrx_word' id='word_1_391' title='bbox 929 4068 1127 4122; x_wconf 88' lang='lat' dir='ltr'><strong>cadens</strong></span> <span class='ocrx_word' id='word_1_392' title='bbox 1154 4067 1510 4139; x_wconf 88' lang='lat' dir='ltr'><strong>respondetur</strong></span> <span class='ocrx_word' id='word_1_393' title='bbox 1543 4088 1553 4119; x_wconf 90' lang='lat'>:</span> <span class='ocrx_word' id='word_1_394' title='bbox 1586 4067 1678 4139; x_wconf 85' lang='lat' dir='ltr'><strong>sed</strong></span> <span class='ocrx_word' id='word_1_395' title='bbox 1709 4068 1967 4139; x_wconf 52' lang='lat' dir='ltr'><strong>quingenti</strong></span> <span class='ocrx_word' id='word_1_396' title='bbox 2001 4080 2098 4119; x_wconf 92' lang='lat' dir='ltr'><strong>cur</strong></span> 
     </span>
    </p>
   </div>
   <div class='ocr_carea' id='block_1_65' title="bbox 504 4136 2099 4205">
    <p class='ocr_par' dir='ltr' id='par_1_65' title="bbox 504 4136 2099 4205">
     <span class='ocr_line' id='line_1_65' title="bbox 504 4136 2099 4205; baseline -0.004 -9"><span class='ocrx_word' id='word_1_397' title='bbox 504 4142 587 4196; x_wconf 84' lang='lat' dir='ltr'><strong>sul</strong></span> <span class='ocrx_word' id='word_1_398' title='bbox 616 4136 793 4195; x_wconf 76' lang='lat' dir='ltr'><strong>radios</strong></span> <span class='ocrx_word' id='word_1_399' title='bbox 821 4141 1015 4198; x_wconf 77' lang='lat' dir='ltr'><strong>mittat.</strong></span> <span class='ocrx_word' id='word_1_400' title='bbox 1044 4152 1207 4192; x_wconf 77' lang='lat' dir='ltr'><strong>eausa</strong></span> <span class='ocrx_word' id='word_1_401' title='bbox 1236 4138 1525 4205; x_wconf 76' lang='lat' dir='ltr'><strong>generalis,</strong></span> <span class='ocrx_word' id='word_1_402' title='bbox 1552 4138 1805 4192; x_wconf 86' lang='lat' dir='ltr'><strong>nimirum</strong></span> <span class='ocrx_word' id='word_1_403' title='bbox 1838 4136 1980 4191; x_wconf 88' lang='lat' dir='ltr'><strong>Deus</strong></span> <span class='ocrx_word' id='word_1_404' title='bbox 2009 4151 2099 4204; x_wconf 88' lang='lat' dir='ltr'><strong>op-</strong></span> 
     </span>
    </p>
   </div>
   <div class='ocr_carea' id='block_1_66' title="bbox 505 4210 1211 4267">
    <p class='ocr_par' dir='ltr' id='par_1_66' title="bbox 505 4210 1211 4267">
     <span class='ocr_line' id='line_1_66' title="bbox 505 4210 1211 4267; baseline -0.01 0"><span class='ocrx_word' id='word_1_405' title='bbox 505 4214 636 4267; x_wconf 88' lang='lat' dir='ltr'><strong>time</strong></span> <span class='ocrx_word' id='word_1_406' title='bbox 664 4211 925 4265; x_wconf 87' lang='lat' dir='ltr'><strong>redditur.</strong></span> <span class='ocrx_word' id='word_1_407' title='bbox 956 4211 1041 4263; x_wconf 80' lang='lat' dir='ltr'><strong>Sis</strong></span> <span class='ocrx_word' id='word_1_408' title='bbox 1073 4210 1211 4261; x_wconf 88' lang='lat' dir='ltr'><strong>Deus</strong></span> 
     </span>
    </p>
   </div>
   <div class='ocr_carea' id='block_1_67' title="bbox 580 4277 2098 4350">
    <p class='ocr_par' dir='ltr' id='par_1_67' title="bbox 580 4277 2098 4350">
     <span class='ocr_line' id='line_1_67' title="bbox 580 4277 2098 4350; baseline -0.003 -12"><span class='ocrx_word' id='word_1_409' title='bbox 580 4286 634 4339; x_wconf 85' lang='lat'><strong>6.</strong></span> <span class='ocrx_word' id='word_1_410' title='bbox 653 4281 805 4335; x_wconf 84' lang='lat' dir='ltr'><strong>Dedit</strong></span> <span class='ocrx_word' id='word_1_411' title='bbox 830 4290 875 4333; x_wconf 89' lang='lat' dir='ltr'><strong>et</strong></span> <span class='ocrx_word' id='word_1_412' title='bbox 895 4296 1088 4333; x_wconf 86' lang='lat' dir='ltr'><strong>cornua</strong></span> <span class='ocrx_word' id='word_1_413' title='bbox 1110 4278 1474 4349; x_wconf 78' lang='lat' dir='ltr'><strong>lume.]Luna,</strong></span> <span class='ocrx_word' id='word_1_414' title='bbox 1501 4279 1642 4350; x_wconf 86' lang='lat' dir='ltr'><strong>quod</strong></span> <span class='ocrx_word' id='word_1_415' title='bbox 1667 4278 1781 4333; x_wconf 57' lang='lat' dir='ltr'><strong>haec</strong></span> <span class='ocrx_word' id='word_1_416' title='bbox 1806 4277 1876 4333; x_wconf 88' lang='lat' dir='ltr'><strong>sit</strong></span> <span class='ocrx_word' id='word_1_417' title='bbox 1900 4292 2098 4345; x_wconf 88' lang='lat' dir='ltr'><strong>corpus</strong></span> 
     </span>
    </p>
   </div>
   <div class='ocr_carea' id='block_1_68' title="bbox 506 4349 2098 4424">
    <p class='ocr_par' dir='ltr' id='par_1_68' title="bbox 506 4349 2098 4424">
     <span class='ocr_line' id='line_1_68' title="bbox 506 4349 2098 4424; baseline -0.004 -14"><span class='ocrx_word' id='word_1_418' title='bbox 506 4369 755 4424; x_wconf 89' lang='lat' dir='ltr'><strong>opacum,</strong></span> <span class='ocrx_word' id='word_1_419' title='bbox 786 4352 963 4424; x_wconf 82' lang='lat' dir='ltr'><strong>lumen</strong></span> <span class='ocrx_word' id='word_1_420' title='bbox 994 4367 1021 4424; x_wconf 81' lang='lat' dir='ltr'><strong>a</strong></span> <span class='ocrx_word' id='word_1_421' title='bbox 1048 4351 1162 4406; x_wconf 92' lang='lat' dir='ltr'><strong>sole</strong></span> <span class='ocrx_word' id='word_1_422' title='bbox 1182 4360 1460 4418; x_wconf 88' lang='lat' dir='ltr'><strong>acceptum</strong></span> <span class='ocrx_word' id='word_1_423' title='bbox 1476 4349 1559 4424; x_wconf 82' lang='lat' dir='ltr'><strong>ita</strong></span> <span class='ocrx_word' id='word_1_424' title='bbox 1582 4352 1829 4417; x_wconf 87' lang='lat' dir='ltr'><strong>remittit,</strong></span> <span class='ocrx_word' id='word_1_425' title='bbox 1860 4360 1917 4424; x_wconf 85' lang='lat' dir='ltr'><strong>ut</strong></span> <span class='ocrx_word' id='word_1_426' title='bbox 1938 4349 2098 4424; x_wconf 87' lang='lat' dir='ltr'><strong>modo</strong></span> 
     </span>
    </p>
   </div>
   <div class='ocr_carea' id='block_1_69' title="bbox 507 4421 2100 4490">
    <p class='ocr_par' dir='ltr' id='par_1_69' title="bbox 507 4421 2100 4490">
     <span class='ocr_line' id='line_1_69' title="bbox 507 4421 2100 4490; baseline -0.004 -10"><span class='ocrx_word' id='word_1_427' title='bbox 507 4421 781 4490; x_wconf 79' lang='lat' dir='ltr'><strong>crescens,</strong></span> <span class='ocrx_word' id='word_1_428' title='bbox 811 4422 972 4476; x_wconf 91' lang='lat' dir='ltr'><strong>modo</strong></span> <span class='ocrx_word' id='word_1_429' title='bbox 990 4422 1332 4487; x_wconf 88' lang='lat' dir='ltr'><strong>decrescens,</strong></span> <span class='ocrx_word' id='word_1_430' title='bbox 1364 4422 1525 4476; x_wconf 90' lang='lat' dir='ltr'><strong>modo</strong></span> <span class='ocrx_word' id='word_1_431' title='bbox 1544 4425 1731 4485; x_wconf 90' lang='lat' dir='ltr'><strong>silens,</strong></span> <span class='ocrx_word' id='word_1_432' title='bbox 1762 4421 1919 4476; x_wconf 88' lang='lat' dir='ltr'><strong>modo</strong></span> <span class='ocrx_word' id='word_1_433' title='bbox 1945 4423 2100 4489; x_wconf 89' lang='lat' dir='ltr'><strong>plena</strong></span> 
     </span>
    </p>
   </div>
   <div class='ocr_carea' id='block_1_70' title="bbox 506 4492 2101 4555">
    <p class='ocr_par' dir='ltr' id='par_1_70' title="bbox 506 4492 2101 4555">
     <span class='ocr_line' id='line_1_70' title="bbox 506 4492 2101 4555; baseline -0.004 -5"><span class='ocrx_word' id='word_1_434' title='bbox 506 4496 793 4551; x_wconf 83' lang='lat' dir='ltr'><strong>videatur:</strong></span> <span class='ocrx_word' id='word_1_435' title='bbox 827 4495 940 4548; x_wconf 87' lang='lat' dir='ltr'><strong>sive</strong></span> <span class='ocrx_word' id='word_1_436' title='bbox 968 4504 1025 4545; x_wconf 89' lang='lat' dir='ltr'><strong>ut</strong></span> <span class='ocrx_word' id='word_1_437' title='bbox 1054 4493 1127 4546; x_wconf 85' lang='lat' dir='ltr'><strong>ait</strong></span> <span class='ocrx_word' id='word_1_438' title='bbox 1169 4492 1395 4555; x_wconf 86' lang='lat' dir='ltr'><strong>Plinius,</strong></span> <span class='ocrx_word' id='word_1_439' title='bbox 1442 4495 1592 4546; x_wconf 88' lang='lat' dir='ltr'><strong>modo</strong></span> <span class='ocrx_word' id='word_1_440' title='bbox 1630 4502 1840 4546; x_wconf 80' lang='lat' dir='ltr'><strong>curvata</strong></span> <span class='ocrx_word' id='word_1_441' title='bbox 1891 4493 1945 4545; x_wconf 89' lang='lat' dir='ltr'><strong>in</strong></span> <span class='ocrx_word' id='word_1_442' title='bbox 1995 4507 2101 4544; x_wconf 87' lang='lat' dir='ltr'><strong>cor-</strong></span> 
     </span>
    </p>
   </div>
   <div class='ocr_carea' id='block_1_71' title="bbox 507 4563 2101 4634">
    <p class='ocr_par' dir='ltr' id='par_1_71' title="bbox 507 4563 2101 4634">
     <span class='ocr_line' id='line_1_71' title="bbox 507 4563 2101 4634; baseline -0.004 -14"><span class='ocrx_word' id='word_1_443' title='bbox 507 4583 643 4632; x_wconf 85' lang='lat' dir='ltr'><strong>nua,</strong></span> <span class='ocrx_word' id='word_1_444' title='bbox 697 4566 848 4618; x_wconf 90' lang='lat' dir='ltr'><strong>modo</strong></span> <span class='ocrx_word' id='word_1_445' title='bbox 878 4579 1025 4634; x_wconf 71' lang='lat' dir='ltr'><strong>requa</strong></span> <span class='ocrx_word' id='word_1_446' title='bbox 1051 4564 1279 4632; x_wconf 88' lang='lat' dir='ltr'><strong>portione</strong></span> <span class='ocrx_word' id='word_1_447' title='bbox 1307 4564 1492 4629; x_wconf 76' lang='lat' dir='ltr'><strong>divisa,</strong></span> <span class='ocrx_word' id='word_1_448' title='bbox 1525 4563 1676 4617; x_wconf 89' lang='lat' dir='ltr'><strong>modo</strong></span> <span class='ocrx_word' id='word_1_449' title='bbox 1706 4564 1907 4616; x_wconf 85' lang='lat' dir='ltr'><strong>sinuata</strong></span> <span class='ocrx_word' id='word_1_450' title='bbox 1936 4564 1988 4615; x_wconf 88' lang='lat' dir='ltr'><strong>in</strong></span> <span class='ocrx_word' id='word_1_451' title='bbox 2017 4579 2101 4614; x_wconf 90' lang='lat' dir='ltr'><strong>or-</strong></span> 
     </span>
    </p>
   </div>
   <div class='ocr_carea' id='block_1_72' title="bbox 508 4629 2182 4703">
    <p class='ocr_par' dir='ltr' id='par_1_72' title="bbox 508 4629 2182 4703">
     <span class='ocr_line' id='line_1_72' title="bbox 508 4629 2182 4703; baseline -0.002 -13"><span class='ocrx_word' id='word_1_452' title='bbox 508 4629 638 4703; x_wconf 78' lang='lat' dir='ltr'><strong>bem,</strong></span> <span class='ocrx_word' id='word_1_453' title='bbox 693 4629 955 4690; x_wconf 77' lang='lat' dir='ltr'><strong>maculosa</strong></span> <span class='ocrx_word' id='word_1_454' title='bbox 995 4629 1269 4702; x_wconf 47' lang='lat' dir='ltr'><strong>ea&#39;d’emque</strong></span> <span class='ocrx_word' id='word_1_455' title='bbox 1306 4636 1471 4687; x_wconf 86' lang='lat' dir='ltr'><strong>subito</strong></span> <span class='ocrx_word' id='word_1_456' title='bbox 1530 4636 1801 4703; x_wconf 77' lang='lat' dir='ltr'><strong>prwnitens</strong></span> <span class='ocrx_word' id='word_1_457' title='bbox 1850 4636 2097 4686; x_wconf 89' lang='lat' dir='ltr'><strong>immensa</strong></span> <span class='ocrx_word' id='word_1_458' title='bbox 2126 4629 2182 4692; x_wconf 71' lang='grc' dir='ltr'><strong><em>Β</em></strong></span> 
     </span>
    </p>
   </div>
   <div class='ocr_carea' id='block_1_73' title="bbox 507 4703 2020 4777">
    <p class='ocr_par' dir='ltr' id='par_1_73' title="bbox 507 4703 2020 4777">
     <span class='ocr_line' id='line_1_73' title="bbox 507 4703 2020 4777; baseline -0.004 -15"><span class='ocrx_word' id='word_1_459' title='bbox 507 4709 627 4762; x_wconf 82' lang='lat' dir='ltr'><strong>orbe</strong></span> <span class='ocrx_word' id='word_1_460' title='bbox 657 4708 809 4777; x_wconf 87' lang='lat' dir='ltr'><strong>pleno</strong></span> <span class='ocrx_word' id='word_1_461' title='bbox 836 4722 897 4758; x_wconf 92' lang='lat' dir='ltr'><strong>ac</strong></span> <span class='ocrx_word' id='word_1_462' title='bbox 924 4715 1129 4772; x_wconf 86' lang='lat' dir='ltr'><strong>repente</strong></span> <span class='ocrx_word' id='word_1_463' title='bbox 1151 4706 1316 4758; x_wconf 75' lang='lat' dir='ltr'><strong>nulla.</strong></span> <span class='ocrx_word' id='word_1_464' title='bbox 1346 4705 1492 4775; x_wconf 81' lang='lat' dir='ltr'><strong>Virg.</strong></span> <span class='ocrx_word' id='word_1_465' title='bbox 1526 4721 1580 4759; x_wconf 82' lang='grc' dir='ltr'><strong>ιιι</strong></span> <span class='ocrx_word' id='word_1_466' title='bbox 1607 4703 1762 4769; x_wconf 62' lang='lat' dir='ltr'><strong>Ern,</strong></span> <span class='ocrx_word' id='word_1_467' title='bbox 1794 4720 1843 4757; x_wconf 75' lang='grc' dir='ltr'><strong>ν.</strong></span> <span class='ocrx_word' id='word_1_468' title='bbox 1878 4705 2020 4759; x_wconf 64' lang='grc' dir='ltr'><strong>645ς</strong></span> 
     </span>
    </p>
   </div>
   <div class='ocr_carea' id='block_1_74' title="bbox 630 4794 1845 4858">
    <p class='ocr_par' dir='ltr' id='par_1_74' title="bbox 630 4794 1845 4858">
     <span class='ocr_line' id='line_1_74' title="bbox 630 4794 1845 4858; baseline -0.002 -12"><span class='ocrx_word' id='word_1_469' title='bbox 630 4797 799 4846; x_wconf 87' lang='lat' dir='ltr'><strong>Tertia</strong></span> <span class='ocrx_word' id='word_1_470' title='bbox 814 4798 911 4858; x_wconf 82' lang='lat' dir='ltr'><strong>jam</strong></span> <span class='ocrx_word' id='word_1_471' title='bbox 935 4794 1065 4843; x_wconf 65' lang='lat' dir='ltr'><strong>lunae</strong></span> <span class='ocrx_word' id='word_1_472' title='bbox 1084 4807 1141 4844; x_wconf 85' lang='lat' dir='ltr'><strong>se</strong></span> <span class='ocrx_word' id='word_1_473' title='bbox 1168 4806 1350 4844; x_wconf 89' lang='lat' dir='ltr'><strong>cornua</strong></span> <span class='ocrx_word' id='word_1_474' title='bbox 1374 4795 1559 4845; x_wconf 85' lang='lat' dir='ltr'><strong>lumine</strong></span> <span class='ocrx_word' id='word_1_475' title='bbox 1582 4794 1845 4857; x_wconf 84' lang='lat' dir='ltr'><strong>complent.</strong></span> 
     </span>
    </p>
   </div>
   <div class='ocr_carea' id='block_1_75' title="bbox 506 4877 2097 4950">
    <p class='ocr_par' dir='ltr' id='par_1_75' title="bbox 506 4877 2097 4950">
     <span class='ocr_line' id='line_1_75' title="bbox 506 4877 2097 4950; baseline -0.001 -13"><span class='ocrx_word' id='word_1_476' title='bbox 506 4881 711 4937; x_wconf 75' lang='lat' dir='ltr'><strong>Verum</strong></span> <span class='ocrx_word' id='word_1_477' title='bbox 734 4880 874 4950; x_wconf 91' lang='lat' dir='ltr'><strong>quod</strong></span> <span class='ocrx_word' id='word_1_478' title='bbox 906 4894 1099 4948; x_wconf 89' lang='lat' dir='ltr'><strong>corpus</strong></span> <span class='ocrx_word' id='word_1_479' title='bbox 1122 4877 1253 4933; x_wconf 88' lang='lat' dir='ltr'><strong>illud</strong></span> <span class='ocrx_word' id='word_1_480' title='bbox 1277 4894 1498 4948; x_wconf 88' lang='lat' dir='ltr'><strong>opacum</strong></span> <span class='ocrx_word' id='word_1_481' title='bbox 1522 4880 1700 4933; x_wconf 88' lang='lat' dir='ltr'><strong>lumen</strong></span> <span class='ocrx_word' id='word_1_482' title='bbox 1734 4879 1813 4935; x_wconf 91' lang='lat' dir='ltr'><strong>sic</strong></span> <span class='ocrx_word' id='word_1_483' title='bbox 1837 4880 2097 4947; x_wconf 81' lang='lat' dir='ltr'><strong>remittat,</strong></span> 
     </span>
    </p>
   </div>
   <div class='ocr_carea' id='block_1_76' title="bbox 505 4950 2099 5021">
    <p class='ocr_par' dir='ltr' id='par_1_76' title="bbox 505 4950 2099 5021">
     <span class='ocr_line' id='line_1_76' title="bbox 505 4950 2099 5021; baseline -0.001 -14"><span class='ocrx_word' id='word_1_484' title='bbox 505 4952 610 5007; x_wconf 89' lang='lat' dir='ltr'><strong>hoc</strong></span> <span class='ocrx_word' id='word_1_485' title='bbox 657 4963 709 5005; x_wconf 90' lang='lat' dir='ltr'><strong>ut</strong></span> <span class='ocrx_word' id='word_1_486' title='bbox 737 4960 859 5021; x_wconf 84' lang='lat' dir='ltr'><strong>pote</strong></span> <span class='ocrx_word' id='word_1_487' title='bbox 889 4950 1135 5005; x_wconf 79' lang='lat' dir='ltr'><strong>elfectum</strong></span> <span class='ocrx_word' id='word_1_488' title='bbox 1174 4950 1430 5021; x_wconf 82' lang='lat' dir='ltr'><strong>generale</strong></span> <span class='ocrx_word' id='word_1_489' title='bbox 1466 4951 1576 5004; x_wconf 92' lang='lat' dir='ltr'><strong>Deo</strong></span> <span class='ocrx_word' id='word_1_490' title='bbox 1621 4962 1870 5019; x_wconf 86' lang='lat' dir='ltr'><strong>tauquam</strong></span> <span class='ocrx_word' id='word_1_491' title='bbox 1921 4965 2099 5007; x_wconf 76' lang='lat' dir='ltr'><strong>causa:</strong></span> 
     </span>
    </p>
   </div>
   <div class='ocr_carea' id='block_1_77' title="bbox 511 5019 1508 5095">
    <p class='ocr_par' dir='ltr' id='par_1_77' title="bbox 511 5019 1508 5095">
     <span class='ocr_line' id='line_1_77' title="bbox 511 5019 1508 5095; baseline -0.006 -16"><span class='ocrx_word' id='word_1_492' title='bbox 511 5019 750 5095; x_wconf 76' lang='lat' dir='ltr'><strong>generali</strong></span> <span class='ocrx_word' id='word_1_493' title='bbox 782 5032 1059 5090; x_wconf 82' lang='lat' dir='ltr'><strong>acceptum</strong></span> <span class='ocrx_word' id='word_1_494' title='bbox 1100 5020 1289 5095; x_wconf 66' lang='lat' dir='ltr'><strong>referri</strong></span> <span class='ocrx_word' id='word_1_495' title='bbox 1321 5019 1508 5095; x_wconf 69' lang='lat' dir='ltr'><strong>debet.</strong></span> 
     </span>
    </p>
   </div>
   <div class='ocr_carea' id='block_1_78' title="bbox 585 5090 2099 5165">
    <p class='ocr_par' dir='ltr' id='par_1_78' title="bbox 585 5090 2099 5165">
     <span class='ocr_line' id='line_1_78' title="bbox 585 5090 2099 5165; baseline -0.001 -17"><span class='ocrx_word' id='word_1_496' title='bbox 585 5097 639 5151; x_wconf 91' lang='lat'><strong>7.</strong></span> <span class='ocrx_word' id='word_1_497' title='bbox 667 5093 769 5147; x_wconf 87' lang='lat' dir='ltr'><strong>Ille</strong></span> <span class='ocrx_word' id='word_1_498' title='bbox 801 5095 1027 5145; x_wconf 83' lang='lat' dir='ltr'><strong>homines</strong></span> <span class='ocrx_word' id='word_1_499' title='bbox 1056 5090 1439 5165; x_wconf 7' lang='lat' dir='ltr'><strong>terrisgdedit.]</strong></span> <span class='ocrx_word' id='word_1_500' title='bbox 1460 5092 1522 5147; x_wconf 92' lang='lat' dir='ltr'><strong>ll.</strong></span> <span class='ocrx_word' id='word_1_501' title='bbox 1562 5090 1851 5165; x_wconf 85' lang='lat' dir='ltr'><strong>Speciatim</strong></span> <span class='ocrx_word' id='word_1_502' title='bbox 1888 5092 2099 5161; x_wconf 76' lang='lat' dir='ltr'><strong>homoa</strong></span> 
     </span>
    </p>
   </div>
   <div class='ocr_carea' id='block_1_79' title="bbox 507 5163 2103 5233">
    <p class='ocr_par' dir='ltr' id='par_1_79' title="bbox 507 5163 2103 5233">
     <span class='ocr_line' id='line_1_79' title="bbox 507 5163 2103 5233; baseline -0.001 -12"><span class='ocrx_word' id='word_1_503' title='bbox 507 5166 621 5221; x_wconf 90' lang='lat' dir='ltr'><strong>Deo</strong></span> <span class='ocrx_word' id='word_1_504' title='bbox 645 5174 893 5233; x_wconf 86' lang='lat' dir='ltr'><strong>tanquam</strong></span> <span class='ocrx_word' id='word_1_505' title='bbox 919 5178 950 5215; x_wconf 93' lang='lat' dir='ltr'><strong>a</strong></span> <span class='ocrx_word' id='word_1_506' title='bbox 980 5173 1130 5232; x_wconf 90' lang='lat' dir='ltr'><strong>patre</strong></span> <span class='ocrx_word' id='word_1_507' title='bbox 1154 5163 1347 5227; x_wconf 88' lang='lat' dir='ltr'><strong>oritur,</strong></span> <span class='ocrx_word' id='word_1_508' title='bbox 1394 5163 1623 5231; x_wconf 78' lang='lat' dir='ltr'><strong>primum</strong></span> <span class='ocrx_word' id='word_1_509' title='bbox 1655 5163 1869 5233; x_wconf 86' lang='lat' dir='ltr'><strong>quidem</strong></span> <span class='ocrx_word' id='word_1_510' title='bbox 1893 5165 2103 5229; x_wconf 74' lang='lat' dir='ltr'><strong>ratione</strong></span> 
     </span>
    </p>
   </div>
   <div class='ocr_carea' id='block_1_80' title="bbox 504 5232 2105 5303">
    <p class='ocr_par' dir='ltr' id='par_1_80' title="bbox 504 5232 2105 5303">
     <span class='ocr_line' id='line_1_80' title="bbox 504 5232 2105 5303; baseline -0.001 -12"><span class='ocrx_word' id='word_1_511' title='bbox 504 5232 772 5303; x_wconf 87' lang='lat' dir='ltr'><strong>corporis,</strong></span> <span class='ocrx_word' id='word_1_512' title='bbox 807 5234 948 5303; x_wconf 92' lang='lat' dir='ltr'><strong>quod</strong></span> <span class='ocrx_word' id='word_1_513' title='bbox 978 5248 1045 5288; x_wconf 82' lang='lat' dir='ltr'><strong>ex</strong></span> <span class='ocrx_word' id='word_1_514' title='bbox 1085 5241 1226 5303; x_wconf 64' lang='lat' dir='ltr'><strong>terra</strong></span> <span class='ocrx_word' id='word_1_515' title='bbox 1270 5232 1556 5289; x_wconf 81' lang='lat' dir='ltr'><strong>formatum</strong></span> <span class='ocrx_word' id='word_1_516' title='bbox 1606 5232 1849 5288; x_wconf 86' lang='lat' dir='ltr'><strong>interris</strong></span> <span class='ocrx_word' id='word_1_517' title='bbox 1878 5236 2105 5290; x_wconf 69' lang='lat' dir='ltr'><strong>colloca-</strong></span> 
     </span>
    </p>
   </div>
   <div class='ocr_carea' id='block_1_81' title="bbox 504 5300 2101 5377">
    <p class='ocr_par' dir='ltr' id='par_1_81' title="bbox 504 5300 2101 5377">
     <span class='ocr_line' id='line_1_81' title="bbox 504 5300 2101 5377; baseline 0.001 -18"><span class='ocrx_word' id='word_1_518' title='bbox 504 5308 582 5361; x_wconf 90' lang='lat' dir='ltr'><strong>vit</strong></span> <span class='ocrx_word' id='word_1_519' title='bbox 607 5300 767 5360; x_wconf 33' lang='lat' dir='ltr'><strong>Deus’</strong></span> <span class='ocrx_word' id='word_1_520' title='bbox 785 5300 1042 5377; x_wconf 85' lang='lat' dir='ltr'><strong>(Genes.t</strong></span> <span class='ocrx_word' id='word_1_521' title='bbox 1072 5320 1085 5356; x_wconf 87' lang='lat'>:</span> <span class='ocrx_word' id='word_1_522' title='bbox 1118 5300 1385 5357; x_wconf 86' lang='lat' dir='ltr'><strong>Formavit</strong></span> <span class='ocrx_word' id='word_1_523' title='bbox 1411 5304 1659 5377; x_wconf 86' lang='lat' dir='ltr'><strong>Dominus</strong></span> <span class='ocrx_word' id='word_1_524' title='bbox 1681 5305 1822 5360; x_wconf 85' lang='lat' dir='ltr'><strong>Deus</strong></span> <span class='ocrx_word' id='word_1_525' title='bbox 1847 5306 2101 5361; x_wconf 84' lang='lat' dir='ltr'><strong>hominem</strong></span> 
     </span>
    </p>
   </div>
   <div class='ocr_carea' id='block_1_82' title="bbox 503 5373 2097 5445">
    <p class='ocr_par' dir='ltr' id='par_1_82' title="bbox 503 5373 2097 5445">
     <span class='ocr_line' id='line_1_82' title="bbox 503 5373 2097 5445; baseline 0.001 -14"><span class='ocrx_word' id='word_1_526' title='bbox 503 5379 567 5431; x_wconf 85' lang='lat' dir='ltr'><strong>de</strong></span> <span class='ocrx_word' id='word_1_527' title='bbox 594 5378 716 5430; x_wconf 88' lang='lat' dir='ltr'><strong>limo</strong></span> <span class='ocrx_word' id='word_1_528' title='bbox 746 5373 942 5445; x_wconf 70' lang='lat' dir='ltr'><strong>terrm),</strong></span> <span class='ocrx_word' id='word_1_529' title='bbox 993 5388 1096 5445; x_wconf 84' lang='lat' dir='ltr'><strong>non</strong></span> <span class='ocrx_word' id='word_1_530' title='bbox 1142 5387 1297 5430; x_wconf 89' lang='lat' dir='ltr'><strong>secus</strong></span> <span class='ocrx_word' id='word_1_531' title='bbox 1321 5389 1387 5445; x_wconf 70' lang='lat' dir='ltr'><strong>ac</strong></span> <span class='ocrx_word' id='word_1_532' title='bbox 1416 5376 1596 5431; x_wconf 87' lang='lat' dir='ltr'><strong>sidera</strong></span> <span class='ocrx_word' id='word_1_533' title='bbox 1622 5392 1688 5431; x_wconf 80' lang='lat' dir='ltr'><strong>ex</strong></span> <span class='ocrx_word' id='word_1_534' title='bbox 1715 5378 1852 5432; x_wconf 80' lang='lat' dir='ltr'><strong>ccelo</strong></span> <span class='ocrx_word' id='word_1_535' title='bbox 1874 5379 2097 5432; x_wconf 79' lang='lat' dir='ltr'><strong>formata</strong></span> 
     </span>
    </p>
   </div>
   <div class='ocr_carea' id='block_1_83' title="bbox 504 5443 2099 5515">
    <p class='ocr_par' dir='ltr' id='par_1_83' title="bbox 504 5443 2099 5515">
     <span class='ocr_line' id='line_1_83' title="bbox 504 5443 2099 5515; baseline 0 -13"><span class='ocrx_word' id='word_1_536' title='bbox 504 5450 559 5503; x_wconf 89' lang='lat' dir='ltr'><strong>itt</strong></span> <span class='ocrx_word' id='word_1_537' title='bbox 590 5449 729 5502; x_wconf 60' lang='lat' dir='ltr'><strong>caelo</strong></span> <span class='ocrx_word' id='word_1_538' title='bbox 754 5443 929 5515; x_wconf 80' lang='lat' dir='ltr'><strong>posuit</strong></span> <span class='ocrx_word' id='word_1_539' title='bbox 956 5462 970 5497; x_wconf 89' lang='lat'><strong>:</strong></span> <span class='ocrx_word' id='word_1_540' title='bbox 1002 5444 1198 5500; x_wconf 87' lang='lat' dir='ltr'><strong>Genes.</strong></span> <span class='ocrx_word' id='word_1_541' title='bbox 1226 5462 1243 5500; x_wconf 91' lang='grc' dir='ltr'>ι</span> <span class='ocrx_word' id='word_1_542' title='bbox 1274 5463 1288 5499; x_wconf 87' lang='lat'><strong>:</strong></span> <span class='ocrx_word' id='word_1_543' title='bbox 1313 5443 1553 5515; x_wconf 77' lang='lat' dir='ltr'><strong>Fecitque</strong></span> <span class='ocrx_word' id='word_1_544' title='bbox 1578 5446 1713 5501; x_wconf 84' lang='lat' dir='ltr'><strong>Deus</strong></span> <span class='ocrx_word' id='word_1_545' title='bbox 1737 5451 1840 5501; x_wconf 87' lang='lat' dir='ltr'><strong>duo</strong></span> <span class='ocrx_word' id='word_1_546' title='bbox 1874 5450 2099 5503; x_wconf 81' lang='lat' dir='ltr'><strong>lumina-</strong></span> 
     </span>
    </p>
   </div>
   <div class='ocr_carea' id='block_1_84' title="bbox 504 5518 2103 5589">
    <p class='ocr_par' dir='ltr' id='par_1_84' title="bbox 504 5518 2103 5589">
     <span class='ocr_line' id='line_1_84' title="bbox 504 5518 2103 5589; baseline 0.001 -17"><span class='ocrx_word' id='word_1_547' title='bbox 504 5520 585 5589; x_wconf 81' lang='lat' dir='ltr'><strong>ria</strong></span> <span class='ocrx_word' id='word_1_548' title='bbox 611 5534 819 5585; x_wconf 81' lang='lat' dir='ltr'><strong>magna,</strong></span> <span class='ocrx_word' id='word_1_549' title='bbox 844 5518 1096 5570; x_wconf 87' lang='lat' dir='ltr'><strong>luminare</strong></span> <span class='ocrx_word' id='word_1_550' title='bbox 1124 5519 1310 5589; x_wconf 86' lang='lat' dir='ltr'><strong>majus,</strong></span> <span class='ocrx_word' id='word_1_551' title='bbox 1344 5530 1399 5571; x_wconf 88' lang='lat' dir='ltr'><strong>ut</strong></span> <span class='ocrx_word' id='word_1_552' title='bbox 1432 5529 1665 5589; x_wconf 68' lang='lat' dir='ltr'><strong>pra’esset</strong></span> <span class='ocrx_word' id='word_1_553' title='bbox 1702 5520 1837 5585; x_wconf 86' lang='lat' dir='ltr'><strong>diei,</strong></span> <span class='ocrx_word' id='word_1_554' title='bbox 1872 5534 1917 5573; x_wconf 89' lang='lat' dir='ltr'><strong>et</strong></span> <span class='ocrx_word' id='word_1_555' title='bbox 1950 5520 2103 5575; x_wconf 83' lang='lat' dir='ltr'><strong>lumi-</strong></span> 
     </span>
    </p>
   </div>
   <div class='ocr_carea' id='block_1_85' title="bbox 505 5586 2101 5659">
    <p class='ocr_par' dir='ltr' id='par_1_85' title="bbox 505 5586 2101 5659">
     <span class='ocr_line' id='line_1_85' title="bbox 505 5586 2101 5659; baseline 0.001 -15"><span class='ocrx_word' id='word_1_556' title='bbox 505 5586 629 5644; x_wconf 77' lang='lat' dir='ltr'><strong>nare</strong></span> <span class='ocrx_word' id='word_1_557' title='bbox 655 5589 847 5651; x_wconf 88' lang='lat' dir='ltr'><strong>minus,</strong></span> <span class='ocrx_word' id='word_1_558' title='bbox 874 5596 928 5641; x_wconf 91' lang='lat' dir='ltr'><strong>ut</strong></span> <span class='ocrx_word' id='word_1_559' title='bbox 978 5586 1215 5659; x_wconf 65' lang='lat' dir='ltr'><strong>pra’esset</strong></span> <span class='ocrx_word' id='word_1_560' title='bbox 1246 5591 1403 5648; x_wconf 87' lang='lat' dir='ltr'><strong>nocti,</strong></span> <span class='ocrx_word' id='word_1_561' title='bbox 1432 5586 1501 5641; x_wconf 74' lang='grc' dir='ltr'><strong>ἐι</strong></span> <span class='ocrx_word' id='word_1_562' title='bbox 1552 5588 1750 5644; x_wconf 86' lang='lat' dir='ltr'><strong>stellas.</strong></span> <span class='ocrx_word' id='word_1_563' title='bbox 1799 5589 1932 5643; x_wconf 78' lang='lat' dir='ltr'><strong>Hinc</strong></span> <span class='ocrx_word' id='word_1_564' title='bbox 1964 5590 2101 5657; x_wconf 86' lang='lat' dir='ltr'><strong>psal.</strong></span> 
     </span>
    </p>
   </div>
   <div class='ocr_carea' id='block_1_86' title="bbox 506 5658 2105 5728">
    <p class='ocr_par' dir='ltr' id='par_1_86' title="bbox 506 5658 2105 5728">
     <span class='ocr_line' id='line_1_86' title="bbox 506 5658 2105 5728; baseline -0.002 -14"><span class='ocrx_word' id='word_1_565' title='bbox 506 5674 631 5716; x_wconf 81' lang='lat' dir='ltr'><strong>cxtu</strong></span> <span class='ocrx_word' id='word_1_566' title='bbox 664 5678 677 5711; x_wconf 86' lang='lat'>:</span> <span class='ocrx_word' id='word_1_567' title='bbox 714 5658 905 5712; x_wconf 68' lang='lat' dir='ltr'><strong>Caium</strong></span> <span class='ocrx_word' id='word_1_568' title='bbox 934 5659 1046 5711; x_wconf 74' lang='grc' dir='ltr'><strong>οαιιί</strong></span> <span class='ocrx_word' id='word_1_569' title='bbox 1100 5660 1338 5722; x_wconf 87' lang='lat' dir='ltr'><strong>Do-nino,</strong></span> <span class='ocrx_word' id='word_1_570' title='bbox 1388 5666 1573 5711; x_wconf 84' lang='lat' dir='ltr'><strong>terram</strong></span> <span class='ocrx_word' id='word_1_571' title='bbox 1606 5669 1774 5712; x_wconf 77' lang='lat' dir='ltr'><strong>autem</strong></span> <span class='ocrx_word' id='word_1_572' title='bbox 1816 5662 1954 5713; x_wconf 86' lang='lat' dir='ltr'><strong>dedit</strong></span> <span class='ocrx_word' id='word_1_573' title='bbox 1982 5662 2105 5728; x_wconf 78' lang='lat' dir='ltr'><strong>ﬁliis</strong></span> 
     </span>
    </p>
   </div>
   <div class='ocr_carea' id='block_1_87' title="bbox 507 5730 2104 5799">
    <p class='ocr_par' dir='ltr' id='par_1_87' title="bbox 507 5730 2104 5799">
     <span class='ocr_line' id='line_1_87' title="bbox 507 5730 2104 5799; baseline 0.003 -17"><span class='ocrx_word' id='word_1_574' title='bbox 507 5730 793 5786; x_wconf 65' lang='lat' dir='ltr'><strong>hominum.</strong></span> <span class='ocrx_word' id='word_1_575' title='bbox 817 5731 954 5797; x_wconf 75' lang='lat' dir='ltr'><strong>Quin</strong></span> <span class='ocrx_word' id='word_1_576' title='bbox 987 5730 1102 5799; x_wconf 83' lang='lat' dir='ltr'><strong>ipse</strong></span> <span class='ocrx_word' id='word_1_577' title='bbox 1130 5730 1424 5796; x_wconf 71' lang='lat' dir='ltr'><strong>Tullius,.tt</strong></span> <span class='ocrx_word' id='word_1_578' title='bbox 1457 5732 1523 5783; x_wconf 86' lang='lat' dir='ltr'><strong>de</strong></span> <span class='ocrx_word' id='word_1_579' title='bbox 1553 5730 1671 5783; x_wconf 83' lang='lat' dir='ltr'><strong>Nat.</strong></span> <span class='ocrx_word' id='word_1_580' title='bbox 1706 5732 1951 5796; x_wconf 85' lang='lat' dir='ltr'><strong>deorum,</strong></span> <span class='ocrx_word' id='word_1_581' title='bbox 1985 5730 2104 5786; x_wconf 77' lang='lat' dir='ltr'><strong>Ho-</strong></span> 
     </span>
    </p>
   </div>
   <div class='ocr_carea' id='block_1_88' title="bbox 509 5800 2107 5870">
    <p class='ocr_par' dir='ltr' id='par_1_88' title="bbox 509 5800 2107 5870">
     <span class='ocr_line' id='line_1_88' title="bbox 509 5800 2107 5870; baseline 0.003 -16"><span class='ocrx_word' id='word_1_582' title='bbox 509 5805 693 5868; x_wconf 87' lang='lat' dir='ltr'><strong>mines,</strong></span> <span class='ocrx_word' id='word_1_583' title='bbox 722 5802 915 5870; x_wconf 88' lang='lat' dir='ltr'><strong>inquit,</strong></span> <span class='ocrx_word' id='word_1_584' title='bbox 957 5801 1114 5855; x_wconf 87' lang='lat' dir='ltr'><strong>humo</strong></span> <span class='ocrx_word' id='word_1_585' title='bbox 1155 5800 1363 5855; x_wconf 65' lang='lat' dir='ltr'><strong>excitati</strong></span> <span class='ocrx_word' id='word_1_586' title='bbox 1390 5802 1540 5870; x_wconf 80' lang='lat' dir='ltr'><strong>quasi</strong></span> <span class='ocrx_word' id='word_1_587' title='bbox 1569 5803 1789 5856; x_wconf 83' lang='lat' dir='ltr'><strong>cultores</strong></span> <span class='ocrx_word' id='word_1_588' title='bbox 1813 5810 1960 5857; x_wconf 78' lang='lat' dir='ltr'><strong>teme</strong></span> <span class='ocrx_word' id='word_1_589' title='bbox 1989 5819 2107 5859; x_wconf 83' lang='lat' dir='ltr'><strong>con-</strong></span> 
     </span>
    </p>
   </div>
   <div class='ocr_carea' id='block_1_89' title="bbox 512 5871 841 5927">
    <p class='ocr_par' dir='ltr' id='par_1_89' title="bbox 512 5871 841 5927">
     <span class='ocr_line' id='line_1_89' title="bbox 512 5871 841 5927; baseline -0.006 0"><span class='ocrx_word' id='word_1_590' title='bbox 512 5871 680 5927; x_wconf 82' lang='lat' dir='ltr'><strong>stituti</strong></span> <span class='ocrx_word' id='word_1_591' title='bbox 720 5878 841 5926; x_wconf 81' lang='lat' dir='ltr'><strong>sunt</strong></span> 
     </span>
    </p>
   </div>
   <div class='ocr_carea' id='block_1_90' title="bbox 2200 1932 3748 2016">
    <p class='ocr_par' dir='ltr' id='par_1_90' title="bbox 2200 1932 3748 2016">
     <span class='ocr_line' id='line_1_90' title="bbox 2200 1932 3748 2016; baseline 0.01 -32"><span class='ocrx_word' id='word_1_592' title='bbox 2200 1932 2308 2013; x_wconf 72' lang='lat' dir='ltr'><strong>Deo</strong></span> <span class='ocrx_word' id='word_1_593' title='bbox 2333 1945 2583 2002; x_wconf 84' lang='lat' dir='ltr'><strong>tanquam</strong></span> <span class='ocrx_word' id='word_1_594' title='bbox 2612 1949 2639 1986; x_wconf 88' lang='lat' dir='ltr'><strong>a</strong></span> <span class='ocrx_word' id='word_1_595' title='bbox 2670 1942 2843 2016; x_wconf 57' lang='lat' dir='ltr'><strong>patre</strong></span> <span class='ocrx_word' id='word_1_596' title='bbox 2868 1938 3051 2016; x_wconf 62' lang='lat' dir='ltr'><strong>oritur</strong></span> <span class='ocrx_word' id='word_1_597' title='bbox 3091 1932 3253 2016; x_wconf 67' lang='lat' dir='ltr'><strong>etiam</strong></span> <span class='ocrx_word' id='word_1_598' title='bbox 3310 1942 3516 2016; x_wconf 73' lang='lat' dir='ltr'><strong>ratione</strong></span> <span class='ocrx_word' id='word_1_599' title='bbox 3551 1932 3748 2016; x_wconf 71' lang='lat' dir='ltr'><strong>tuentis,</strong></span> 
     </span>
    </p>
   </div>
   <div class='ocr_carea' id='block_1_91' title="bbox 2194 2005 3752 2086">
    <p class='ocr_par' dir='ltr' id='par_1_91' title="bbox 2194 2005 3752 2086">
     <span class='ocr_line' id='line_1_91' title="bbox 2194 2005 3752 2086; baseline 0.002 -18"><span class='ocrx_word' id='word_1_600' title='bbox 2194 2005 2552 2086; x_wconf 56' lang='grc' dir='ltr'><strong>(ιυὶρρθμιξίε,</strong></span> <span class='ocrx_word' id='word_1_601' title='bbox 2581 2020 2711 2086; x_wconf 71' lang='lat' dir='ltr'><strong>cum</strong></span> <span class='ocrx_word' id='word_1_602' title='bbox 2755 2005 2913 2086; x_wconf 77' lang='lat' dir='ltr'><strong>hujus</strong></span> <span class='ocrx_word' id='word_1_603' title='bbox 2944 2009 3085 2061; x_wconf 88' lang='lat' dir='ltr'><strong>nulla</strong></span> <span class='ocrx_word' id='word_1_604' title='bbox 3125 2011 3217 2070; x_wconf 87' lang='lat' dir='ltr'><strong>sit,</strong></span> <span class='ocrx_word' id='word_1_605' title='bbox 3269 2011 3621 2086; x_wconf 70' lang='lat' dir='ltr'><strong>nisiexterior</strong></span> <span class='ocrx_word' id='word_1_606' title='bbox 3646 2005 3752 2071; x_wconf 52' lang='lat' dir='ltr'><strong>catt;</strong></span> 
     </span>
    </p>
   </div>
   <div class='ocr_carea' id='block_1_92' title="bbox 2196 2075 3755 2144">
    <p class='ocr_par' dir='ltr' id='par_1_92' title="bbox 2196 2075 3755 2144">
     <span class='ocr_line' id='line_1_92' title="bbox 2196 2075 3755 2144; baseline 0.01 -16"><span class='ocrx_word' id='word_1_607' title='bbox 2196 2090 2251 2128; x_wconf 90' lang='lat' dir='ltr'><strong>sa</strong></span> <span class='ocrx_word' id='word_1_608' title='bbox 2276 2120 2289 2141; x_wconf 85' lang='lat'><strong>,</strong></span> <span class='ocrx_word' id='word_1_609' title='bbox 2314 2075 2521 2144; x_wconf 85' lang='lat' dir='ltr'><strong>judicio</strong></span> <span class='ocrx_word' id='word_1_610' title='bbox 2547 2076 2985 2144; x_wconf 64' lang='lat' dir='ltr'><strong>philosophorum</strong></span> <span class='ocrx_word' id='word_1_611' title='bbox 3018 2090 3219 2134; x_wconf 87' lang='lat' dir='ltr'><strong>creatur</strong></span> <span class='ocrx_word' id='word_1_612' title='bbox 3245 2096 3265 2135; x_wconf 90' lang='lat'><strong><em>:</em></strong></span> <span class='ocrx_word' id='word_1_613' title='bbox 3291 2081 3457 2135; x_wconf 88' lang='lat' dir='ltr'><strong>solius</strong></span> <span class='ocrx_word' id='word_1_614' title='bbox 3478 2093 3639 2139; x_wconf 87' lang='lat' dir='ltr'><strong>autem</strong></span> <span class='ocrx_word' id='word_1_615' title='bbox 3674 2089 3755 2143; x_wconf 88' lang='lat' dir='ltr'><strong>Dei</strong></span> 
     </span>
    </p>
   </div>
   <div class='ocr_carea' id='block_1_93' title="bbox 2196 2148 3758 2218">
    <p class='ocr_par' dir='ltr' id='par_1_93' title="bbox 2196 2148 3758 2218">
     <span class='ocr_line' id='line_1_93' title="bbox 2196 2148 3758 2218; baseline 0.008 -18"><span class='ocrx_word' id='word_1_616' title='bbox 2196 2154 2282 2201; x_wconf 84' lang='lat' dir='ltr'><strong>est</strong></span> <span class='ocrx_word' id='word_1_617' title='bbox 2307 2162 2482 2201; x_wconf 85' lang='lat' dir='ltr'><strong>creare</strong></span> <span class='ocrx_word' id='word_1_618' title='bbox 2509 2163 2529 2201; x_wconf 88' lang='lat'><strong><em>:</em></strong></span> <span class='ocrx_word' id='word_1_619' title='bbox 2560 2148 2686 2202; x_wconf 87' lang='lat' dir='ltr'><strong>hinc</strong></span> <span class='ocrx_word' id='word_1_620' title='bbox 2722 2148 3068 2218; x_wconf 83' lang='lat' dir='ltr'><strong>Philosophia</strong></span> <span class='ocrx_word' id='word_1_621' title='bbox 3099 2167 3241 2207; x_wconf 79' lang='lat' dir='ltr'><strong>tuine</strong></span> <span class='ocrx_word' id='word_1_622' title='bbox 3268 2152 3402 2206; x_wconf 87' lang='lat' dir='ltr'><strong>dicit</strong></span> <span class='ocrx_word' id='word_1_623' title='bbox 3428 2156 3612 2209; x_wconf 78' lang='lat' dir='ltr'><strong>animos</strong></span> <span class='ocrx_word' id='word_1_624' title='bbox 3641 2160 3758 2217; x_wconf 81' lang='lat' dir='ltr'><strong>celsa</strong></span> 
     </span>
    </p>
   </div>
   <div class='ocr_carea' id='block_1_94' title="bbox 2194 2218 3758 2294">
    <p class='ocr_par' dir='ltr' id='par_1_94' title="bbox 2194 2218 3758 2294">
     <span class='ocr_line' id='line_1_94' title="bbox 2194 2218 3758 2294; baseline 0.009 -24"><span class='ocrx_word' id='word_1_625' title='bbox 2194 2218 2312 2294; x_wconf 64' lang='lat' dir='ltr'><strong>sede</strong></span> <span class='ocrx_word' id='word_1_626' title='bbox 2332 2220 2531 2294; x_wconf 64' lang='lat' dir='ltr'><strong>petitos.</strong></span> <span class='ocrx_word' id='word_1_627' title='bbox 2566 2220 3137 2294; x_wconf 77' lang='lat' dir='ltr'><strong>Neque_verocorpus</strong></span> <span class='ocrx_word' id='word_1_628' title='bbox 3176 2233 3229 2276; x_wconf 91' lang='lat' dir='ltr'><strong>et</strong></span> <span class='ocrx_word' id='word_1_629' title='bbox 3279 2239 3434 2277; x_wconf 88' lang='lat' dir='ltr'><strong>mens</strong></span> <span class='ocrx_word' id='word_1_630' title='bbox 3483 2226 3692 2281; x_wconf 88' lang='lat' dir='ltr'><strong>humana</strong></span> <span class='ocrx_word' id='word_1_631' title='bbox 3734 2247 3758 2285; x_wconf 89' lang='lat' dir='ltr'><strong>a</strong></span> 
     </span>
    </p>
   </div>
   <div class='ocr_carea' id='block_1_95' title="bbox 2196 2289 3759 2367">
    <p class='ocr_par' dir='ltr' id='par_1_95' title="bbox 2196 2289 3759 2367">
     <span class='ocr_line' id='line_1_95' title="bbox 2196 2289 3759 2367; baseline 0.008 -25"><span class='ocrx_word' id='word_1_632' title='bbox 2196 2289 2308 2367; x_wconf 78' lang='lat' dir='ltr'><strong>Deo</strong></span> <span class='ocrx_word' id='word_1_633' title='bbox 2337 2289 2517 2344; x_wconf 83' lang='lat' dir='ltr'><strong>solum</strong></span> <span class='ocrx_word' id='word_1_634' title='bbox 2541 2289 2813 2367; x_wconf 76' lang='lat' dir='ltr'><strong>creantur,</strong></span> <span class='ocrx_word' id='word_1_635' title='bbox 2839 2291 2934 2346; x_wconf 89' lang='lat' dir='ltr'><strong>sed</strong></span> <span class='ocrx_word' id='word_1_636' title='bbox 2959 2307 2987 2345; x_wconf 86' lang='lat' dir='ltr'><strong>a</strong></span> <span class='ocrx_word' id='word_1_637' title='bbox 3038 2289 3148 2347; x_wconf 85' lang='lat' dir='ltr'><strong>Deo</strong></span> <span class='ocrx_word' id='word_1_638' title='bbox 3172 2296 3338 2348; x_wconf 89' lang='lat' dir='ltr'><strong>veluti</strong></span> <span class='ocrx_word' id='word_1_639' title='bbox 3386 2310 3415 2347; x_wconf 86' lang='lat' dir='ltr'><strong>a</strong></span> <span class='ocrx_word' id='word_1_640' title='bbox 3439 2311 3589 2350; x_wconf 87' lang='lat' dir='ltr'><strong>causa</strong></span> <span class='ocrx_word' id='word_1_641' title='bbox 3615 2314 3759 2367; x_wconf 82' lang='lat' dir='ltr'><strong>gene-</strong></span> 
     </span>
    </p>
   </div>
   <div class='ocr_carea' id='block_1_96' title="bbox 2193 2360 3756 2432">
    <p class='ocr_par' dir='ltr' id='par_1_96' title="bbox 2193 2360 3756 2432">
     <span class='ocr_line' id='line_1_96' title="bbox 2193 2360 3756 2432; baseline 0.008 -18"><span class='ocrx_word' id='word_1_642' title='bbox 2193 2361 2291 2414; x_wconf 88' lang='lat' dir='ltr'><strong>rali</strong></span> <span class='ocrx_word' id='word_1_643' title='bbox 2322 2368 2511 2415; x_wconf 87' lang='lat' dir='ltr'><strong>mutuo</strong></span> <span class='ocrx_word' id='word_1_644' title='bbox 2539 2360 2937 2431; x_wconf 72' lang='lat' dir='ltr'><strong>coniunguntur</strong></span> <span class='ocrx_word' id='word_1_645' title='bbox 2964 2380 2977 2415; x_wconf 93' lang='lat'><strong>:</strong></span> <span class='ocrx_word' id='word_1_646' title='bbox 3026 2368 3291 2432; x_wconf 61' lang='lat' dir='ltr'><strong>quaerenti</strong></span> <span class='ocrx_word' id='word_1_647' title='bbox 3346 2368 3485 2421; x_wconf 84' lang='lat' dir='ltr'><strong>enim</strong></span> <span class='ocrx_word' id='word_1_648' title='bbox 3516 2360 3756 2427; x_wconf 61' lang='lat' dir='ltr'><strong>curinens</strong></span> 
     </span>
    </p>
   </div>
   <div class='ocr_carea' id='block_1_97' title="bbox 2195 2432 3753 2507">
    <p class='ocr_par' dir='ltr' id='par_1_97' title="bbox 2195 2432 3753 2507">
     <span class='ocr_line' id='line_1_97' title="bbox 2195 2432 3753 2507; baseline 0.001 -22"><span class='ocrx_word' id='word_1_649' title='bbox 2195 2432 2429 2485; x_wconf 87' lang='lat' dir='ltr'><strong>humana</strong></span> <span class='ocrx_word' id='word_1_650' title='bbox 2454 2432 2743 2507; x_wconf 78' lang='lat' dir='ltr'><strong>aliquando</strong></span> <span class='ocrx_word' id='word_1_651' title='bbox 2795 2442 2850 2486; x_wconf 87' lang='lat' dir='ltr'><strong>et</strong></span> <span class='ocrx_word' id='word_1_652' title='bbox 2874 2434 3187 2507; x_wconf 81' lang='lat' dir='ltr'><strong>aliquandiu</strong></span> <span class='ocrx_word' id='word_1_653' title='bbox 3243 2452 3367 2491; x_wconf 90' lang='lat' dir='ltr'><strong>cum</strong></span> <span class='ocrx_word' id='word_1_654' title='bbox 3419 2452 3631 2507; x_wconf 84' lang='lat' dir='ltr'><strong>corpore</strong></span> <span class='ocrx_word' id='word_1_655' title='bbox 3674 2443 3753 2496; x_wconf 84' lang='lat' dir='ltr'><strong>ltu.</strong></span> 
     </span>
    </p>
   </div>
   <div class='ocr_carea' id='block_1_98' title="bbox 2196 2501 3757 2580">
    <p class='ocr_par' dir='ltr' id='par_1_98' title="bbox 2196 2501 3757 2580">
     <span class='ocr_line' id='line_1_98' title="bbox 2196 2501 3757 2580; baseline 0.009 -25"><span class='ocrx_word' id='word_1_656' title='bbox 2196 2518 2356 2557; x_wconf 79' lang='lat' dir='ltr'><strong>manu</strong></span> <span class='ocrx_word' id='word_1_657' title='bbox 2379 2501 2759 2580; x_wconf 60' lang='lat' dir='ltr'><strong>coniungatur,</strong></span> <span class='ocrx_word' id='word_1_658' title='bbox 2795 2506 2940 2580; x_wconf 84' lang='lat' dir='ltr'><strong>nulla</strong></span> <span class='ocrx_word' id='word_1_659' title='bbox 2967 2501 3070 2580; x_wconf 75' lang='lat' dir='ltr'><strong>alia</strong></span> <span class='ocrx_word' id='word_1_660' title='bbox 3107 2510 3379 2575; x_wconf 83' lang='lat' dir='ltr'><strong>generalis</strong></span> <span class='ocrx_word' id='word_1_661' title='bbox 3412 2501 3583 2564; x_wconf 76' lang='lat' dir='ltr'><strong>afferri</strong></span> <span class='ocrx_word' id='word_1_662' title='bbox 3612 2522 3757 2580; x_wconf 74' lang='lat' dir='ltr'><strong>pateat</strong></span> 
     </span>
    </p>
   </div>
   <div class='ocr_carea' id='block_1_99' title="bbox 2195 2576 3754 2650">
    <p class='ocr_par' dir='ltr' id='par_1_99' title="bbox 2195 2576 3754 2650">
     <span class='ocr_line' id='line_1_99' title="bbox 2195 2576 3754 2650; baseline 0.004 -22"><span class='ocrx_word' id='word_1_663' title='bbox 2195 2588 2379 2650; x_wconf 80' lang='lat' dir='ltr'><strong>causa,</strong></span> <span class='ocrx_word' id='word_1_664' title='bbox 2413 2576 2519 2650; x_wconf 80' lang='lat' dir='ltr'><strong>nisi</strong></span> <span class='ocrx_word' id='word_1_665' title='bbox 2544 2576 2790 2650; x_wconf 89' lang='lat' dir='ltr'><strong>voluntas</strong></span> <span class='ocrx_word' id='word_1_666' title='bbox 2815 2576 2929 2642; x_wconf 89' lang='lat' dir='ltr'><strong>Dei,</strong></span> <span class='ocrx_word' id='word_1_667' title='bbox 2953 2578 3044 2650; x_wconf 89' lang='lat' dir='ltr'><strong>qui</strong></span> <span class='ocrx_word' id='word_1_668' title='bbox 3071 2580 3244 2631; x_wconf 87' lang='lat' dir='ltr'><strong>omnia</strong></span> <span class='ocrx_word' id='word_1_669' title='bbox 3264 2595 3577 2649; x_wconf 70' lang='lat' dir='ltr'><strong>qurecunque</strong></span> <span class='ocrx_word' id='word_1_670' title='bbox 3602 2576 3754 2650; x_wconf 69' lang='lat' dir='ltr'><strong>ioluit,</strong></span> 
     </span>
    </p>
   </div>
   <div class='ocr_carea' id='block_1_100' title="bbox 2195 2644 3757 2723">
    <p class='ocr_par' dir='ltr' id='par_1_100' title="bbox 2195 2644 3757 2723">
     <span class='ocr_line' id='line_1_100' title="bbox 2195 2644 3757 2723; baseline 0.008 -26"><span class='ocrx_word' id='word_1_671' title='bbox 2195 2646 2317 2723; x_wconf 77' lang='lat' dir='ltr'><strong>fecit</strong></span> <span class='ocrx_word' id='word_1_672' title='bbox 2341 2644 2618 2723; x_wconf 65' lang='lat' dir='ltr'><strong>incwloet</strong></span> <span class='ocrx_word' id='word_1_673' title='bbox 2648 2649 2701 2701; x_wconf 86' lang='lat' dir='ltr'><strong>in</strong></span> <span class='ocrx_word' id='word_1_674' title='bbox 2730 2656 2887 2723; x_wconf 78' lang='lat' dir='ltr'><strong>terra,</strong></span> <span class='ocrx_word' id='word_1_675' title='bbox 2939 2644 3077 2723; x_wconf 71' lang='lat' dir='ltr'><strong>pSal.</strong></span> <span class='ocrx_word' id='word_1_676' title='bbox 3096 2664 3253 2705; x_wconf 71' lang='lat' dir='ltr'><strong>cxttt.</strong></span> <span class='ocrx_word' id='word_1_677' title='bbox 3275 2644 3431 2705; x_wconf 49' lang='lat' dir='ltr'><strong>&#39;Hinc</strong></span> <span class='ocrx_word' id='word_1_678' title='bbox 3458 2644 3608 2723; x_wconf 75' lang='lat' dir='ltr'><strong>Deus,</strong></span> <span class='ocrx_word' id='word_1_679' title='bbox 3633 2644 3757 2723; x_wconf 49' lang='lat' dir='ltr'><strong>indi;</strong></span> 
     </span>
    </p>
   </div>
   <div class='ocr_carea' id='block_1_101' title="bbox 2193 2716 3758 2790">
    <p class='ocr_par' dir='ltr' id='par_1_101' title="bbox 2193 2716 3758 2790">
     <span class='ocr_line' id='line_1_101' title="bbox 2193 2716 3758 2790; baseline 0.008 -21"><span class='ocrx_word' id='word_1_680' title='bbox 2193 2716 2279 2790; x_wconf 82' lang='lat' dir='ltr'><strong>cio</strong></span> <span class='ocrx_word' id='word_1_681' title='bbox 2302 2716 2677 2790; x_wconf 67' lang='lat' dir='ltr'><strong>phil050phiaa,</strong></span> <span class='ocrx_word' id='word_1_682' title='bbox 2722 2717 2907 2771; x_wconf 87' lang='lat' dir='ltr'><strong>clausit</strong></span> <span class='ocrx_word' id='word_1_683' title='bbox 2931 2721 3163 2790; x_wconf 77' lang='lat' dir='ltr'><strong>membris</strong></span> <span class='ocrx_word' id='word_1_684' title='bbox 3208 2722 3429 2776; x_wconf 87' lang='lat' dir='ltr'><strong>animos.</strong></span> <span class='ocrx_word' id='word_1_685' title='bbox 3462 2716 3758 2790; x_wconf 74' lang='lat' dir='ltr'><strong>Lactantius,</strong></span> 
     </span>
    </p>
   </div>
   <div class='ocr_carea' id='block_1_102' title="bbox 2193 2788 3757 2862">
    <p class='ocr_par' dir='ltr' id='par_1_102' title="bbox 2193 2788 3757 2862">
     <span class='ocr_line' id='line_1_102' title="bbox 2193 2788 3757 2862; baseline 0.005 -21"><span class='ocrx_word' id='word_1_686' title='bbox 2193 2788 2233 2842; x_wconf 91' lang='lat' dir='ltr'><strong>l.</strong></span> <span class='ocrx_word' id='word_1_687' title='bbox 2267 2789 2423 2862; x_wconf 80' lang='lat' dir='ltr'><strong>tDiv.</strong></span> <span class='ocrx_word' id='word_1_688' title='bbox 2457 2790 2661 2862; x_wconf 69' lang='lat' dir='ltr'><strong>|_nstit.,»&#39;</strong></span> <span class='ocrx_word' id='word_1_689' title='bbox 2690 2804 2808 2862; x_wconf 92' lang='lat' dir='ltr'><strong>cap.</strong></span> <span class='ocrx_word' id='word_1_690' title='bbox 2842 2790 2905 2842; x_wconf 73' lang='grc'><strong>21</strong></span> <span class='ocrx_word' id='word_1_691' title='bbox 2929 2807 2957 2862; x_wconf 12' lang='grc' dir='ltr'><strong>γε</strong></span> <span class='ocrx_word' id='word_1_692' title='bbox 3004 2788 3386 2860; x_wconf 86' lang='lat' dir='ltr'><strong>Corpusculum</strong></span> <span class='ocrx_word' id='word_1_693' title='bbox 3436 2795 3547 2854; x_wconf 87' lang='lat' dir='ltr'><strong>hoc.</strong></span> <span class='ocrx_word' id='word_1_694' title='bbox 3581 2788 3757 2862; x_wconf 77' lang='lat' dir='ltr'><strong>inquit,</strong></span> 
     </span>
    </p>
   </div>
   <div class='ocr_carea' id='block_1_103' title="bbox 2191 2858 3765 2983">
    <p class='ocr_par' dir='ltr' id='par_1_103' title="bbox 2191 2858 3765 2983">
     <span class='ocr_line' id='line_1_103' title="bbox 2191 2858 3765 2983; baseline 0.008 -74"><span class='ocrx_word' id='word_1_695' title='bbox 2191 2876 2291 2983; x_wconf 59' lang='lat' dir='ltr'><strong>Zuo</strong></span> <span class='ocrx_word' id='word_1_696' title='bbox 2312 2858 2478 2911; x_wconf 88' lang='lat' dir='ltr'><strong>induti</strong></span> <span class='ocrx_word' id='word_1_697' title='bbox 2505 2876 2702 2925; x_wconf 83' lang='lat' dir='ltr'><strong>sumus,</strong></span> <span class='ocrx_word' id='word_1_698' title='bbox 2742 2860 2963 2914; x_wconf 83' lang='lat' dir='ltr'><strong>hominis</strong></span> <span class='ocrx_word' id='word_1_699' title='bbox 2985 2858 3367 2929; x_wconf 74' lang='lat' dir='ltr'><strong>receptaculum</strong></span> <span class='ocrx_word' id='word_1_700' title='bbox 3396 2877 3485 2921; x_wconf 82' lang='lat' dir='ltr'><strong>est.</strong></span> <span class='ocrx_word' id='word_1_701' title='bbox 3528 2858 3658 2923; x_wconf 76' lang='lat' dir='ltr'><strong>Nam</strong></span> <span class='ocrx_word' id='word_1_702' title='bbox 3675 2870 3765 2932; x_wconf 81' lang='lat' dir='ltr'><strong>ipse</strong></span> 
     </span>
     <span class='ocr_line' id='line_1_104' title="bbox 2232 2932 3765 2983; baseline 0.001 -1"><span class='ocrx_word' id='word_1_703' title='bbox 2232 2944 2347 2983; x_wconf 87' lang='lat' dir='ltr'><strong>omo</strong></span> <span class='ocrx_word' id='word_1_704' title='bbox 2382 2946 2542 2983; x_wconf 72' lang='lat' dir='ltr'><strong>neque</strong></span> <span class='ocrx_word' id='word_1_705' title='bbox 2582 2932 2725 2983; x_wconf 82' lang='grc' dir='ltr'><strong>ιαηαὶ</strong></span> <span class='ocrx_word' id='word_1_706' title='bbox 2770 2973 2785 2983; x_wconf 91' lang='grc'>.</span> <span class='ocrx_word' id='word_1_707' title='bbox 2816 2948 2978 2983; x_wconf 84' lang='lat' dir='ltr'><strong>neaue</strong></span> <span class='ocrx_word' id='word_1_708' title='bbox 3011 2934 3194 2983; x_wconf 82' lang='lat' dir='ltr'><strong>amici.</strong></span> <span class='ocrx_word' id='word_1_709' title='bbox 3238 2952 3402 2983; x_wconf 77' lang='lat' dir='ltr'><strong>netme</strong></span> <span class='ocrx_word' id='word_1_710' title='bbox 3440 2940 3765 2983; x_wconf 74' lang='lat' dir='ltr'><strong>camnrehendi</strong></span> 
     </span>
    </p>
   </div>
   <div class='ocr_carea' id='block_1_104' title="bbox 2232 2932 3766 3004">
    <p class='ocr_par' dir='ltr' id='par_1_104' title="bbox 2232 2932 3766 3004">
     <span class='ocr_line' id='line_1_105' title="bbox 2232 2932 3766 3004; baseline 0.006 -22"><span class='ocrx_word' id='word_1_711' title='bbox 2232 2944 2347 2983; x_wconf 87' lang='lat' dir='ltr'><strong>omo</strong></span> <span class='ocrx_word' id='word_1_712' title='bbox 2382 2932 2725 3004; x_wconf 12' lang='lat' dir='ltr'><strong>nequetangri</strong></span> <span class='ocrx_word' id='word_1_713' title='bbox 2770 2973 2785 2995; x_wconf 90' lang='lat'><strong>,</strong></span> <span class='ocrx_word' id='word_1_714' title='bbox 2816 2948 2978 3001; x_wconf 82' lang='lat' dir='ltr'><strong>neque</strong></span> <span class='ocrx_word' id='word_1_715' title='bbox 3011 2934 3194 3003; x_wconf 84' lang='lat' dir='ltr'><strong>aspici,</strong></span> <span class='ocrx_word' id='word_1_716' title='bbox 3238 2952 3402 3004; x_wconf 81' lang='lat' dir='ltr'><strong>neque</strong></span> <span class='ocrx_word' id='word_1_717' title='bbox 3440 2940 3766 3001; x_wconf 79' lang='lat' dir='ltr'><strong>comprehendi</strong></span> 
     </span>
    </p>
   </div>
   <div class='ocr_carea' id='block_1_105' title="bbox 2192 3002 3764 3072">
    <p class='ocr_par' dir='ltr' id='par_1_105' title="bbox 2192 3002 3764 3072">
     <span class='ocr_line' id='line_1_106' title="bbox 2192 3002 3764 3072; baseline 0.005 -18"><span class='ocrx_word' id='word_1_718' title='bbox 2192 3009 2375 3071; x_wconf 85' lang='lat' dir='ltr'><strong>potest,</strong></span> <span class='ocrx_word' id='word_1_719' title='bbox 2398 3002 2516 3070; x_wconf 73' lang='lat' dir='ltr'><strong>quia</strong></span> <span class='ocrx_word' id='word_1_720' title='bbox 2548 3002 2666 3055; x_wconf 87' lang='lat' dir='ltr'><strong>latet</strong></span> <span class='ocrx_word' id='word_1_721' title='bbox 2692 3003 2833 3055; x_wconf 87' lang='lat' dir='ltr'><strong>intra</strong></span> <span class='ocrx_word' id='word_1_722' title='bbox 2858 3004 2954 3056; x_wconf 90' lang='lat' dir='ltr'><strong>hoc</strong></span> <span class='ocrx_word' id='word_1_723' title='bbox 2982 3002 3117 3072; x_wconf 86' lang='lat' dir='ltr'><strong>quod</strong></span> <span class='ocrx_word' id='word_1_724' title='bbox 3141 3002 3365 3059; x_wconf 81' lang='lat' dir='ltr'><strong>videtur.</strong></span> <span class='ocrx_word' id='word_1_725' title='bbox 3397 3005 3664 3062; x_wconf 72' lang='lat' dir='ltr'><strong>Claudian.</strong></span> <span class='ocrx_word' id='word_1_726' title='bbox 3694 3013 3723 3061; x_wconf 88' lang='lat' dir='ltr'><strong>l.</strong></span> <span class='ocrx_word' id='word_1_727' title='bbox 3751 3023 3764 3063; x_wconf 89' lang='grc' dir='ltr'>ι</span> 
     </span>
    </p>
   </div>
   <div class='ocr_carea' id='block_1_106' title="bbox 2194 3072 3768 3143">
    <p class='ocr_par' dir='ltr' id='par_1_106' title="bbox 2194 3072 3768 3143">
     <span class='ocr_line' id='line_1_107' title="bbox 2194 3072 3768 3143; baseline 0.006 -16"><span class='ocrx_word' id='word_1_728' title='bbox 2194 3072 2263 3143; x_wconf 89' lang='lat' dir='ltr'><strong>de</strong></span> <span class='ocrx_word' id='word_1_729' title='bbox 2322 3072 2493 3139; x_wconf 81' lang='lat' dir='ltr'><strong>Raptu</strong></span> <span class='ocrx_word' id='word_1_730' title='bbox 2548 3073 2824 3143; x_wconf 89' lang='lat' dir='ltr'><strong>Proserp.,</strong></span> <span class='ocrx_word' id='word_1_731' title='bbox 2866 3088 2917 3127; x_wconf 89' lang='lat' dir='ltr'><strong>v.</strong></span> <span class='ocrx_word' id='word_1_732' title='bbox 2969 3073 3060 3141; x_wconf 83' lang='lat'><strong>55,</strong></span> <span class='ocrx_word' id='word_1_733' title='bbox 3126 3077 3331 3132; x_wconf 85' lang='lat' dir='ltr'><strong>inducit</strong></span> <span class='ocrx_word' id='word_1_734' title='bbox 3389 3077 3662 3134; x_wconf 83' lang='lat' dir='ltr'><strong>Lacltesim</strong></span> <span class='ocrx_word' id='word_1_735' title='bbox 3705 3080 3768 3137; x_wconf 88' lang='lat' dir='ltr'><strong>sic</strong></span> 
     </span>
    </p>
   </div>
   <div class='ocr_carea' id='block_1_107' title="bbox 2191 3142 2553 3214">
    <p class='ocr_par' dir='ltr' id='par_1_107' title="bbox 2191 3142 2553 3214">
     <span class='ocr_line' id='line_1_108' title="bbox 2191 3142 2553 3214; baseline -0.003 -18"><span class='ocrx_word' id='word_1_736' title='bbox 2191 3142 2506 3214; x_wconf 84' lang='lat' dir='ltr'><strong>loquentem</strong></span> <span class='ocrx_word' id='word_1_737' title='bbox 2541 3161 2553 3195; x_wconf 95' lang='lat'>:</span> 
     </span>
    </p>
   </div>
   <div class='ocr_carea' id='block_1_108' title="bbox 2912 3301 3376 3356">
    <p class='ocr_par' dir='ltr' id='par_1_108' title="bbox 2912 3301 3376 3356">
     <span class='ocr_line' id='line_1_109' title="bbox 2912 3301 3376 3356; baseline 0.006 -4"><span class='ocrx_word' id='word_1_738' title='bbox 2912 3301 2953 3352; x_wconf 92' lang='grc' dir='ltr'><strong>Ο</strong></span> <span class='ocrx_word' id='word_1_739' title='bbox 2978 3306 3193 3355; x_wconf 84' lang='lat' dir='ltr'><strong>maxime</strong></span> <span class='ocrx_word' id='word_1_740' title='bbox 3217 3308 3376 3356; x_wconf 89' lang='lat' dir='ltr'><strong>noctis</strong></span> 
     </span>
    </p>
   </div>
   <div class='ocr_carea' id='block_1_109' title="bbox 2291 3364 3675 3429">
    <p class='ocr_par' dir='ltr' id='par_1_109' title="bbox 2291 3364 3675 3429">
     <span class='ocr_line' id='line_1_110' title="bbox 2291 3364 3675 3429; baseline 0.007 -18"><span class='ocrx_word' id='word_1_741' title='bbox 2291 3364 2514 3429; x_wconf 50' lang='lat' dir='ltr'><strong>.grbiter,</strong></span> <span class='ocrx_word' id='word_1_742' title='bbox 2541 3364 2926 3429; x_wconf 71' lang='lat' dir='ltr'><strong>umbrarumque</strong></span> <span class='ocrx_word' id='word_1_743' title='bbox 2950 3375 3146 3429; x_wconf 87' lang='lat' dir='ltr'><strong>potens,</strong></span> <span class='ocrx_word' id='word_1_744' title='bbox 3169 3370 3249 3417; x_wconf 92' lang='lat' dir='ltr'><strong>cui</strong></span> <span class='ocrx_word' id='word_1_745' title='bbox 3274 3379 3441 3419; x_wconf 76' lang='lat' dir='ltr'><strong>nostra</strong></span> <span class='ocrx_word' id='word_1_746' title='bbox 3467 3370 3675 3422; x_wconf 88' lang='lat' dir='ltr'><strong>laborant</strong></span> 
     </span>
    </p>
   </div>
   <div class='ocr_carea' id='block_1_110' title="bbox 2292 3425 3559 3496">
    <p class='ocr_par' dir='ltr' id='par_1_110' title="bbox 2292 3425 3559 3496">
     <span class='ocr_line' id='line_1_111' title="bbox 2292 3425 3559 3496; baseline 0.008 -23"><span class='ocrx_word' id='word_1_747' title='bbox 2292 3427 2535 3496; x_wconf 84' lang='lat' dir='ltr'><strong>_S_tamina_;_</strong></span> <span class='ocrx_word' id='word_1_748' title='bbox 2560 3428 2643 3488; x_wconf 89' lang='lat' dir='ltr'><strong>qui</strong></span> <span class='ocrx_word' id='word_1_749' title='bbox 2666 3425 2810 3496; x_wconf 80' lang='lat' dir='ltr'><strong>linem</strong></span> <span class='ocrx_word' id='word_1_750' title='bbox 2826 3425 3025 3496; x_wconf 71' lang='lat' dir='ltr'><strong>cunctis</strong></span> <span class='ocrx_word' id='word_1_751' title='bbox 3050 3435 3103 3477; x_wconf 86' lang='lat' dir='ltr'><strong>et</strong></span> <span class='ocrx_word' id='word_1_752' title='bbox 3125 3425 3318 3479; x_wconf 79' lang='lat' dir='ltr'><strong>semina</strong></span> <span class='ocrx_word' id='word_1_753' title='bbox 3342 3434 3559 3496; x_wconf 75' lang='lat' dir='ltr'><strong>prtebes,</strong></span> 
     </span>
    </p>
   </div>
   <div class='ocr_carea' id='block_1_111' title="bbox 2294 3488 3492 3556">
    <p class='ocr_par' dir='ltr' id='par_1_111' title="bbox 2294 3488 3492 3556">
     <span class='ocr_line' id='line_1_112' title="bbox 2294 3488 3492 3556; baseline 0.008 -22"><span class='ocrx_word' id='word_1_754' title='bbox 2294 3488 2802 3556; x_wconf 55' lang='lat' dir='ltr'><strong>gascetidique_t-ices</strong></span> <span class='ocrx_word' id='word_1_755' title='bbox 2823 3488 3011 3556; x_wconf 76' lang='lat' dir='ltr'><strong>alterna</strong></span> <span class='ocrx_word' id='word_1_756' title='bbox 3044 3500 3199 3540; x_wconf 85' lang='lat' dir='ltr'><strong>morte</strong></span> <span class='ocrx_word' id='word_1_757' title='bbox 3220 3488 3492 3556; x_wconf 69' lang='lat' dir='ltr'><strong>rependis;</strong></span> 
     </span>
    </p>
   </div>
   <div class='ocr_carea' id='block_1_112' title="bbox 2293 3549 3629 3619">
    <p class='ocr_par' dir='ltr' id='par_1_112' title="bbox 2293 3549 3629 3619">
     <span class='ocr_line' id='line_1_113' title="bbox 2293 3549 3629 3619; baseline 0.007 -23"><span class='ocrx_word' id='word_1_758' title='bbox 2293 3551 2385 3619; x_wconf 61' lang='lat' dir='ltr'><strong>qui</strong></span> <span class='ocrx_word' id='word_1_759' title='bbox 2408 3549 2865 3619; x_wconf 70' lang='lat' dir='ltr'><strong>vitamlethumque</strong></span> <span class='ocrx_word' id='word_1_760' title='bbox 2892 3553 3026 3619; x_wconf 81' lang='lat' dir='ltr'><strong>regis</strong></span> <span class='ocrx_word' id='word_1_761' title='bbox 3054 3567 3065 3599; x_wconf 93' lang='lat'>:</span> <span class='ocrx_word' id='word_1_762' title='bbox 3087 3566 3195 3601; x_wconf 84' lang='lat' dir='ltr'><strong>nam</strong></span> <span class='ocrx_word' id='word_1_763' title='bbox 3213 3549 3465 3617; x_wconf 81' lang='lat' dir='ltr'><strong>quidquid</strong></span> <span class='ocrx_word' id='word_1_764' title='bbox 3481 3549 3629 3619; x_wconf 56' lang='lat' dir='ltr'><strong>&#39;ubiqu</strong></span> 
     </span>
    </p>
   </div>
   <div class='ocr_carea' id='block_1_113' title="bbox 2294 3613 3432 3679">
    <p class='ocr_par' dir='ltr' id='par_1_113' title="bbox 2294 3613 3432 3679">
     <span class='ocr_line' id='line_1_114' title="bbox 2294 3613 3432 3679; baseline 0.007 -20"><span class='ocrx_word' id='word_1_765' title='bbox 2294 3613 2467 3679; x_wconf 61' lang='lat' dir='ltr'><strong>(jiguit</strong></span> <span class='ocrx_word' id='word_1_766' title='bbox 2492 3614 2748 3679; x_wconf 79' lang='lat' dir='ltr'><strong>materies,</strong></span> <span class='ocrx_word' id='word_1_767' title='bbox 2777 3613 2867 3662; x_wconf 86' lang='lat' dir='ltr'><strong>hoc</strong></span> <span class='ocrx_word' id='word_1_768' title='bbox 2892 3621 2945 3679; x_wconf 81' lang='lat' dir='ltr'><strong>te</strong></span> <span class='ocrx_word' id='word_1_769' title='bbox 2964 3614 3177 3663; x_wconf 76' lang='lat' dir='ltr'><strong>donante</strong></span> <span class='ocrx_word' id='word_1_770' title='bbox 3202 3613 3432 3679; x_wconf 75' lang='lat' dir='ltr'><strong>creatur,</strong></span> 
     </span>
    </p>
   </div>
   <div class='ocr_carea' id='block_1_114' title="bbox 2292 3674 3473 3740">
    <p class='ocr_par' dir='ltr' id='par_1_114' title="bbox 2292 3674 3473 3740">
     <span class='ocr_line' id='line_1_115' title="bbox 2292 3674 3473 3740; baseline 0.008 -19"><span class='ocrx_word' id='word_1_771' title='bbox 2292 3674 2621 3740; x_wconf 68' lang='lat' dir='ltr'><strong>petimurque</strong></span> <span class='ocrx_word' id='word_1_772' title='bbox 2647 3675 2755 3734; x_wconf 88' lang='lat' dir='ltr'><strong>tibi,</strong></span> <span class='ocrx_word' id='word_1_773' title='bbox 2780 3677 3352 3740; x_wconf 82' lang='lat' dir='ltr'><strong>certisqueamhagibns</strong></span> <span class='ocrx_word' id='word_1_774' title='bbox 3377 3674 3473 3731; x_wconf 69' lang='lat' dir='ltr'><strong>aevi</strong></span> 
     </span>
    </p>
   </div>
   <div class='ocr_carea' id='block_1_115' title="bbox 2293 3734 3509 3798">
    <p class='ocr_par' dir='ltr' id='par_1_115' title="bbox 2293 3734 3509 3798">
     <span class='ocr_line' id='line_1_116' title="bbox 2293 3734 3509 3798; baseline 0.008 -15"><span class='ocrx_word' id='word_1_775' title='bbox 2293 3734 2480 3785; x_wconf 80' lang='lat' dir='ltr'><strong>Rursus</strong></span> <span class='ocrx_word' id='word_1_776' title='bbox 2502 3734 2768 3798; x_wconf 74' lang='lat' dir='ltr'><strong>carporcos</strong></span> <span class='ocrx_word' id='word_1_777' title='bbox 2791 3734 2968 3787; x_wconf 65' lang='lat' dir='ltr'><strong>animae</strong></span> <span class='ocrx_word' id='word_1_778' title='bbox 2991 3734 3255 3789; x_wconf 73' lang='lat' dir='ltr'><strong>mittuntur</strong></span> <span class='ocrx_word' id='word_1_779' title='bbox 3282 3744 3329 3791; x_wconf 90' lang='lat' dir='ltr'><strong>in</strong></span> <span class='ocrx_word' id='word_1_780' title='bbox 3352 3750 3509 3793; x_wconf 84' lang='lat' dir='ltr'><strong>artus.</strong></span> 
     </span>
    </p>
   </div>
   <div class='ocr_carea' id='block_1_116' title="bbox 2274 3884 3778 3964">
    <p class='ocr_par' dir='ltr' id='par_1_116' title="bbox 2274 3884 3778 3964">
     <span class='ocr_line' id='line_1_117' title="bbox 2274 3884 3778 3964; baseline 0.001 -22"><span class='ocrx_word' id='word_1_781' title='bbox 2274 3888 2362 3942; x_wconf 83' lang='lat' dir='ltr'><strong>H.</strong></span> <span class='ocrx_word' id='word_1_782' title='bbox 2424 3884 2673 3964; x_wconf 77' lang='lat' dir='ltr'><strong>Mortales</strong></span> <span class='ocrx_word' id='word_1_783' title='bbox 2720 3894 2927 3964; x_wconf 80' lang='lat' dir='ltr'><strong>cunctos</strong></span> <span class='ocrx_word' id='word_1_784' title='bbox 2966 3886 3077 3964; x_wconf 73' lang='lat' dir='ltr'><strong>edit</strong></span> <span class='ocrx_word' id='word_1_785' title='bbox 3115 3887 3283 3943; x_wconf 89' lang='lat' dir='ltr'><strong>nobile</strong></span> <span class='ocrx_word' id='word_1_786' title='bbox 3328 3892 3585 3964; x_wconf 70' lang='lat' dir='ltr'><strong>germen.)</strong></span> <span class='ocrx_word' id='word_1_787' title='bbox 3647 3891 3778 3957; x_wconf 69' lang='lat' dir='ltr'><strong>Quod</strong></span> 
     </span>
    </p>
   </div>
   <div class='ocr_carea' id='block_1_117' title="bbox 2201 3958 3774 4031">
    <p class='ocr_par' dir='ltr' id='par_1_117' title="bbox 2201 3958 3774 4031">
     <span class='ocr_line' id='line_1_118' title="bbox 2201 3958 3774 4031; baseline 0.001 -18"><span class='ocrx_word' id='word_1_788' title='bbox 2201 3974 2422 4031; x_wconf 84' lang='lat' dir='ltr'><strong>germen</strong></span> <span class='ocrx_word' id='word_1_789' title='bbox 2447 3959 2518 4031; x_wconf 81' lang='lat' dir='ltr'><strong>sit</strong></span> <span class='ocrx_word' id='word_1_790' title='bbox 2537 3958 2910 4031; x_wconf 6' lang='lat' dir='ltr'><strong>etgpraceuntis</strong></span> <span class='ocrx_word' id='word_1_791' title='bbox 2931 3958 3202 4031; x_wconf 75' lang='lat' dir='ltr'><strong>ellectutn.</strong></span> <span class='ocrx_word' id='word_1_792' title='bbox 3234 3968 3289 4015; x_wconf 91' lang='lat' dir='ltr'><strong>et</strong></span> <span class='ocrx_word' id='word_1_793' title='bbox 3321 3958 3610 4017; x_wconf 76' lang='lat' dir='ltr'><strong>subeuntis</strong></span> <span class='ocrx_word' id='word_1_794' title='bbox 3636 3976 3774 4018; x_wconf 78' lang='lat' dir='ltr'><strong>causa</strong></span> 
     </span>
    </p>
   </div>
   <div class='ocr_carea' id='block_1_118' title="bbox 2202 4027 3781 4102">
    <p class='ocr_par' dir='ltr' id='par_1_118' title="bbox 2202 4027 3781 4102">
     <span class='ocr_line' id='line_1_119' title="bbox 2202 4027 3781 4102; baseline 0.001 -18"><span class='ocrx_word' id='word_1_795' title='bbox 2202 4027 2465 4097; x_wconf 76' lang='lat' dir='ltr'><strong>corporis,</strong></span> <span class='ocrx_word' id='word_1_796' title='bbox 2509 4027 2709 4102; x_wconf 84' lang='lat' dir='ltr'><strong>idcirco</strong></span> <span class='ocrx_word' id='word_1_797' title='bbox 2736 4029 2894 4102; x_wconf 84' lang='lat' dir='ltr'><strong>video</strong></span> <span class='ocrx_word' id='word_1_798' title='bbox 2940 4028 3210 4102; x_wconf 65' lang='lat' dir='ltr'><strong>duplicem</strong></span> <span class='ocrx_word' id='word_1_799' title='bbox 3250 4045 3377 4087; x_wconf 87' lang='lat' dir='ltr'><strong>esse</strong></span> <span class='ocrx_word' id='word_1_800' title='bbox 3428 4032 3589 4102; x_wconf 88' lang='lat' dir='ltr'><strong>hujus</strong></span> <span class='ocrx_word' id='word_1_801' title='bbox 3622 4044 3781 4089; x_wconf 77' lang='lat' dir='ltr'><strong>textus</strong></span> 
     </span>
    </p>
   </div>
   <div class='ocr_carea' id='block_1_119' title="bbox 2203 4099 3778 4171">
    <p class='ocr_par' dir='ltr' id='par_1_119' title="bbox 2203 4099 3778 4171">
     <span class='ocr_line' id='line_1_120' title="bbox 2203 4099 3778 4171; baseline 0.006 -17"><span class='ocrx_word' id='word_1_802' title='bbox 2203 4100 2725 4167; x_wconf 84' lang='lat' dir='ltr'><strong>interpretationem.</strong></span> <span class='ocrx_word' id='word_1_803' title='bbox 2761 4099 2943 4171; x_wconf 59' lang='grc' dir='ltr'><strong>Διἰιὶιῐια</strong></span> <span class='ocrx_word' id='word_1_804' title='bbox 2975 4110 3060 4155; x_wconf 86' lang='lat' dir='ltr'><strong>est</strong></span> <span class='ocrx_word' id='word_1_805' title='bbox 3083 4100 3360 4156; x_wconf 85' lang='lat' dir='ltr'><strong>Theodori</strong></span> <span class='ocrx_word' id='word_1_806' title='bbox 3395 4099 3778 4171; x_wconf 67' lang='lat' dir='ltr'><strong>Sitimani.qtﬂi</strong></span> 
     </span>
    </p>
   </div>
   <div class='ocr_carea' id='block_1_120' title="bbox 2202 4168 3782 4240">
    <p class='ocr_par' dir='ltr' id='par_1_120' title="bbox 2202 4168 3782 4240">
     <span class='ocr_line' id='line_1_121' title="bbox 2202 4168 3782 4240; baseline 0.002 -14"><span class='ocrx_word' id='word_1_807' title='bbox 2202 4172 2491 4226; x_wconf 87' lang='lat' dir='ltr'><strong>arbitratus</strong></span> <span class='ocrx_word' id='word_1_808' title='bbox 2512 4185 2735 4240; x_wconf 85' lang='lat' dir='ltr'><strong>germen</strong></span> <span class='ocrx_word' id='word_1_809' title='bbox 2761 4168 2863 4224; x_wconf 88' lang='lat' dir='ltr'><strong>hoc</strong></span> <span class='ocrx_word' id='word_1_810' title='bbox 2883 4170 3188 4239; x_wconf 78' lang='lat' dir='ltr'><strong>signiﬁcare</strong></span> <span class='ocrx_word' id='word_1_811' title='bbox 3212 4174 3486 4239; x_wconf 82' lang='lat' dir='ltr'><strong>sobolem,</strong></span> <span class='ocrx_word' id='word_1_812' title='bbox 3522 4177 3596 4230; x_wconf 92' lang='lat' dir='ltr'><strong>ait</strong></span> <span class='ocrx_word' id='word_1_813' title='bbox 3625 4168 3782 4231; x_wconf 81' lang='lat' dir='ltr'><strong>nobils</strong></span> 
     </span>
    </p>
   </div>
   <div class='ocr_carea' id='block_1_121' title="bbox 2201 4241 3782 4315">
    <p class='ocr_par' dir='ltr' id='par_1_121' title="bbox 2201 4241 3782 4315">
     <span class='ocr_line' id='line_1_122' title="bbox 2201 4241 3782 4315; baseline 0.001 -17"><span class='ocrx_word' id='word_1_814' title='bbox 2201 4258 2423 4315; x_wconf 79' lang='lat' dir='ltr'><strong>germen</strong></span> <span class='ocrx_word' id='word_1_815' title='bbox 2448 4257 2569 4296; x_wconf 89' lang='lat' dir='ltr'><strong>esse</strong></span> <span class='ocrx_word' id='word_1_816' title='bbox 2605 4241 3021 4315; x_wconf 74' lang='lat' dir='ltr'><strong>appositionem,</strong></span> <span class='ocrx_word' id='word_1_817' title='bbox 3062 4253 3124 4297; x_wconf 91' lang='lat' dir='ltr'><strong>ut</strong></span> <span class='ocrx_word' id='word_1_818' title='bbox 3159 4243 3504 4313; x_wconf 78' lang='lat' dir='ltr'><strong>signiﬁcetur</strong></span> <span class='ocrx_word' id='word_1_819' title='bbox 3538 4248 3689 4310; x_wconf 86' lang='lat' dir='ltr'><strong>Deus,</strong></span> <span class='ocrx_word' id='word_1_820' title='bbox 3727 4248 3782 4300; x_wconf 76' lang='lat' dir='ltr'><strong>de</strong></span> 
     </span>
    </p>
   </div>
   <div class='ocr_carea' id='block_1_122' title="bbox 2203 4312 3782 4384">
    <p class='ocr_par' dir='ltr' id='par_1_122' title="bbox 2203 4312 3782 4384">
     <span class='ocr_line' id='line_1_123' title="bbox 2203 4312 3782 4384; baseline 0.001 -17"><span class='ocrx_word' id='word_1_821' title='bbox 2203 4312 2311 4384; x_wconf 85' lang='lat' dir='ltr'><strong>quo</strong></span> <span class='ocrx_word' id='word_1_822' title='bbox 2339 4315 2393 4384; x_wconf 88' lang='lat' dir='ltr'><strong>in</strong></span> <span class='ocrx_word' id='word_1_823' title='bbox 2439 4312 3074 4384; x_wconf 79' lang='lat' dir='ltr'><strong>superioribusversibus</strong></span> <span class='ocrx_word' id='word_1_824' title='bbox 3129 4312 3326 4383; x_wconf 79' lang='lat' dir='ltr'><strong>agitur,</strong></span> <span class='ocrx_word' id='word_1_825' title='bbox 3375 4319 3549 4373; x_wconf 80' lang='lat' dir='ltr'><strong>edere</strong></span> <span class='ocrx_word' id='word_1_826' title='bbox 3599 4326 3782 4374; x_wconf 75' lang='lat' dir='ltr'><strong>cunctos</strong></span> 
     </span>
    </p>
   </div>
   <div class='ocr_carea' id='block_1_123' title="bbox 2203 4382 3784 4461">
    <p class='ocr_par' dir='ltr' id='par_1_123' title="bbox 2203 4382 3784 4461">
     <span class='ocr_line' id='line_1_124' title="bbox 2203 4382 3784 4461; baseline 0.006 -24"><span class='ocrx_word' id='word_1_827' title='bbox 2203 4382 2475 4461; x_wconf 60' lang='lat' dir='ltr'><strong>mortales,</strong></span> <span class='ocrx_word' id='word_1_828' title='bbox 2493 4386 2582 4451; x_wconf 92' lang='lat' dir='ltr'><strong>qui</strong></span> <span class='ocrx_word' id='word_1_829' title='bbox 2630 4382 2887 4461; x_wconf 80' lang='lat' dir='ltr'><strong>mortales</strong></span> <span class='ocrx_word' id='word_1_830' title='bbox 2914 4382 3237 4461; x_wconf 85' lang='lat' dir='ltr'><strong>sunt_nobile</strong></span> <span class='ocrx_word' id='word_1_831' title='bbox 3265 4402 3513 4457; x_wconf 86' lang='lat' dir='ltr'><strong>germen,</strong></span> <span class='ocrx_word' id='word_1_832' title='bbox 3542 4390 3683 4461; x_wconf 87' lang='lat' dir='ltr'><strong>quod</strong></span> <span class='ocrx_word' id='word_1_833' title='bbox 3707 4404 3784 4457; x_wconf 84' lang='lat' dir='ltr'><strong>po-</strong></span> 
     </span>
    </p>
   </div>
   <div class='ocr_carea' id='block_1_124' title="bbox 2206 4454 3781 4533">
    <p class='ocr_par' dir='ltr' id='par_1_124' title="bbox 2206 4454 3781 4533">
     <span class='ocr_line' id='line_1_125' title="bbox 2206 4454 3781 4533; baseline 0.001 -24"><span class='ocrx_word' id='word_1_834' title='bbox 2206 4465 2311 4533; x_wconf 75' lang='lat' dir='ltr'><strong>test</strong></span> <span class='ocrx_word' id='word_1_835' title='bbox 2339 4455 2648 4533; x_wconf 70' lang='lat' dir='ltr'><strong>conﬁrmari</strong></span> <span class='ocrx_word' id='word_1_836' title='bbox 2700 4468 2768 4507; x_wconf 81' lang='lat' dir='ltr'><strong>ex</strong></span> <span class='ocrx_word' id='word_1_837' title='bbox 2808 4468 2880 4533; x_wconf 78' lang='lat' dir='ltr'><strong>eo</strong></span> <span class='ocrx_word' id='word_1_838' title='bbox 2927 4454 3069 4523; x_wconf 87' lang='lat' dir='ltr'><strong>quod</strong></span> <span class='ocrx_word' id='word_1_839' title='bbox 3099 4454 3307 4533; x_wconf 59' lang='lat' dir='ltr'><strong>germen</strong></span> <span class='ocrx_word' id='word_1_840' title='bbox 3348 4454 3511 4525; x_wconf 85' lang='lat' dir='ltr'><strong>quasi</strong></span> <span class='ocrx_word' id='word_1_841' title='bbox 3553 4454 3781 4533; x_wconf 54' lang='lat' dir='ltr'><strong>peninten,</strong></span> 
     </span>
    </p>
   </div>
   <div class='ocr_carea' id='block_1_125' title="bbox 2205 4524 3780 4596">
    <p class='ocr_par' dir='ltr' id='par_1_125' title="bbox 2205 4524 3780 4596">
     <span class='ocr_line' id='line_1_126' title="bbox 2205 4524 3780 4596; baseline 0.002 -15"><span class='ocrx_word' id='word_1_842' title='bbox 2205 4527 2413 4581; x_wconf 89' lang='lat' dir='ltr'><strong>dicatur</strong></span> <span class='ocrx_word' id='word_1_843' title='bbox 2438 4525 2491 4579; x_wconf 91' lang='lat' dir='ltr'><strong>id</strong></span> <span class='ocrx_word' id='word_1_844' title='bbox 2511 4524 2651 4593; x_wconf 90' lang='lat' dir='ltr'><strong>quod</strong></span> <span class='ocrx_word' id='word_1_845' title='bbox 2667 4540 2733 4578; x_wconf 78' lang='lat' dir='ltr'><strong>ex</strong></span> <span class='ocrx_word' id='word_1_846' title='bbox 2749 4525 2954 4580; x_wconf 88' lang='lat' dir='ltr'><strong>semine</strong></span> <span class='ocrx_word' id='word_1_847' title='bbox 2972 4542 3071 4596; x_wconf 85' lang='lat' dir='ltr'><strong>gen</strong></span> <span class='ocrx_word' id='word_1_848' title='bbox 3091 4524 3196 4581; x_wconf 77' lang='lat' dir='ltr'><strong>tur.</strong></span> <span class='ocrx_word' id='word_1_849' title='bbox 3230 4524 3418 4583; x_wconf 76' lang='lat' dir='ltr'><strong>Altera</strong></span> <span class='ocrx_word' id='word_1_850' title='bbox 3445 4542 3533 4586; x_wconf 87' lang='lat' dir='ltr'><strong>est</strong></span> <span class='ocrx_word' id='word_1_851' title='bbox 3553 4524 3780 4595; x_wconf 69' lang='lat' dir='ltr'><strong>aliorum,</strong></span> 
     </span>
    </p>
   </div>
   <div class='ocr_carea' id='block_1_126' title="bbox 2206 4596 3785 4671">
    <p class='ocr_par' dir='ltr' id='par_1_126' title="bbox 2206 4596 3785 4671">
     <span class='ocr_line' id='line_1_127' title="bbox 2206 4596 3785 4671; baseline -0.001 -14"><span class='ocrx_word' id='word_1_852' title='bbox 2206 4598 2296 4668; x_wconf 89' lang='lat' dir='ltr'><strong>qui</strong></span> <span class='ocrx_word' id='word_1_853' title='bbox 2326 4607 2571 4664; x_wconf 77' lang='lat' dir='ltr'><strong>putantes</strong></span> <span class='ocrx_word' id='word_1_854' title='bbox 2616 4610 2835 4671; x_wconf 74' lang='lat' dir='ltr'><strong>germen</strong></span> <span class='ocrx_word' id='word_1_855' title='bbox 2879 4596 2965 4653; x_wconf 80' lang='lat' dir='ltr'><strong>hic</strong></span> <span class='ocrx_word' id='word_1_856' title='bbox 2991 4598 3297 4667; x_wconf 78' lang='lat' dir='ltr'><strong>signiﬁcare</strong></span> <span class='ocrx_word' id='word_1_857' title='bbox 3355 4602 3686 4671; x_wconf 79' lang='lat' dir='ltr'><strong>principium</strong></span> <span class='ocrx_word' id='word_1_858' title='bbox 3714 4602 3785 4655; x_wconf 81' lang='lat' dir='ltr'><strong>di-</strong></span> 
     </span>
    </p>
   </div>
   <div class='ocr_carea' id='block_1_127' title="bbox 2206 4667 3785 4737">
    <p class='ocr_par' dir='ltr' id='par_1_127' title="bbox 2206 4667 3785 4737">
     <span class='ocr_line' id='line_1_128' title="bbox 2206 4667 3785 4737; baseline 0.001 -13"><span class='ocrx_word' id='word_1_859' title='bbox 2206 4667 2339 4724; x_wconf 86' lang='lat' dir='ltr'><strong>cunt</strong></span> <span class='ocrx_word' id='word_1_860' title='bbox 2366 4682 2486 4722; x_wconf 88' lang='lat' dir='ltr'><strong>esse</strong></span> <span class='ocrx_word' id='word_1_861' title='bbox 2537 4667 2821 4737; x_wconf 76' lang='lat' dir='ltr'><strong>syntaxim,</strong></span> <span class='ocrx_word' id='word_1_862' title='bbox 2854 4682 3015 4735; x_wconf 90' lang='lat' dir='ltr'><strong>quam</strong></span> <span class='ocrx_word' id='word_1_863' title='bbox 3051 4671 3393 4737; x_wconf 83' lang='lat' dir='ltr'><strong>grammatici</strong></span> <span class='ocrx_word' id='word_1_864' title='bbox 3435 4667 3625 4728; x_wconf 78' lang='lat' dir='ltr'><strong>dicunt</strong></span> <span class='ocrx_word' id='word_1_865' title='bbox 3652 4672 3785 4726; x_wconf 79' lang='lat' dir='ltr'><strong>nomi-</strong></span> 
     </span>
    </p>
   </div>
   <div class='ocr_carea' id='block_1_128' title="bbox 2206 4738 3786 4813">
    <p class='ocr_par' dir='ltr' id='par_1_128' title="bbox 2206 4738 3786 4813">
     <span class='ocr_line' id='line_1_129' title="bbox 2206 4738 3786 4813; baseline 0.002 -20"><span class='ocrx_word' id='word_1_866' title='bbox 2206 4741 2362 4813; x_wconf 87' lang='lat' dir='ltr'><strong>nativi</strong></span> <span class='ocrx_word' id='word_1_867' title='bbox 2394 4747 2439 4792; x_wconf 87' lang='lat' dir='ltr'><strong>et</strong></span> <span class='ocrx_word' id='word_1_868' title='bbox 2482 4738 2637 4813; x_wconf 81' lang='lat' dir='ltr'><strong>verbi,</strong></span> <span class='ocrx_word' id='word_1_869' title='bbox 2667 4746 2726 4792; x_wconf 88' lang='lat' dir='ltr'><strong>ut</strong></span> <span class='ocrx_word' id='word_1_870' title='bbox 2769 4739 3100 4813; x_wconf 77' lang='lat' dir='ltr'><strong>signiﬁcetur</strong></span> <span class='ocrx_word' id='word_1_871' title='bbox 3142 4741 3341 4813; x_wconf 84' lang='lat' dir='ltr'><strong>nobilis</strong></span> <span class='ocrx_word' id='word_1_872' title='bbox 3391 4745 3555 4813; x_wconf 86' lang='lat' dir='ltr'><strong>origo</strong></span> <span class='ocrx_word' id='word_1_873' title='bbox 3610 4753 3786 4799; x_wconf 78' lang='lat' dir='ltr'><strong>morta-</strong></span> 
     </span>
    </p>
   </div>
   <div class='ocr_carea' id='block_1_129' title="bbox 2206 4808 3788 4885">
    <p class='ocr_par' dir='ltr' id='par_1_129' title="bbox 2206 4808 3788 4885">
     <span class='ocr_line' id='line_1_130' title="bbox 2206 4808 3788 4885; baseline 0.002 -19"><span class='ocrx_word' id='word_1_874' title='bbox 2206 4812 2335 4866; x_wconf 89' lang='lat' dir='ltr'><strong>lium</strong></span> <span class='ocrx_word' id='word_1_875' title='bbox 2365 4827 2379 4863; x_wconf 91' lang='lat'>:</span> <span class='ocrx_word' id='word_1_876' title='bbox 2408 4808 2549 4885; x_wconf 85' lang='lat' dir='ltr'><strong>quod</strong></span> <span class='ocrx_word' id='word_1_877' title='bbox 2579 4819 2753 4885; x_wconf 84' lang='lat' dir='ltr'><strong>potest</strong></span> <span class='ocrx_word' id='word_1_878' title='bbox 2778 4809 3083 4885; x_wconf 73' lang='lat' dir='ltr'><strong>conﬁrmari</strong></span> <span class='ocrx_word' id='word_1_879' title='bbox 3116 4810 3282 4885; x_wconf 75' lang='lat' dir='ltr'><strong>etiam</strong></span> <span class='ocrx_word' id='word_1_880' title='bbox 3307 4826 3379 4885; x_wconf 75' lang='lat' dir='ltr'><strong>ex</strong></span> <span class='ocrx_word' id='word_1_881' title='bbox 3411 4808 3660 4884; x_wconf 60' lang='lat' dir='ltr'><strong>eo&#39;quod</strong></span> <span class='ocrx_word' id='word_1_882' title='bbox 3698 4828 3788 4885; x_wconf 50' lang='lat' dir='ltr'><strong>gas</strong></span> 
     </span>
    </p>
   </div>
   <div class='ocr_carea' id='block_1_130' title="bbox 2206 4879 3786 4957">
    <p class='ocr_par' dir='ltr' id='par_1_130' title="bbox 2206 4879 3786 4957">
     <span class='ocr_line' id='line_1_131' title="bbox 2206 4879 3786 4957; baseline 0.001 -22"><span class='ocrx_word' id='word_1_883' title='bbox 2206 4881 2492 4957; x_wconf 78' lang='lat' dir='ltr'><strong>menquasi</strong></span> <span class='ocrx_word' id='word_1_884' title='bbox 2516 4881 2738 4957; x_wconf 77' lang='lat' dir='ltr'><strong>gerimen</strong></span> <span class='ocrx_word' id='word_1_885' title='bbox 2781 4879 2991 4957; x_wconf 80' lang='lat' dir='ltr'><strong>dicatur</strong></span> <span class='ocrx_word' id='word_1_886' title='bbox 3025 4880 3165 4950; x_wconf 92' lang='lat' dir='ltr'><strong>quod</strong></span> <span class='ocrx_word' id='word_1_887' title='bbox 3202 4882 3458 4957; x_wconf 72' lang='lat' dir='ltr'><strong>sobolem</strong></span> <span class='ocrx_word' id='word_1_888' title='bbox 3501 4879 3644 4957; x_wconf 75' lang='lat' dir='ltr'><strong>gerit</strong></span> <span class='ocrx_word' id='word_1_889' title='bbox 3670 4879 3786 4938; x_wconf 50' lang='lat' dir='ltr'><strong>{sed</strong></span> 
     </span>
    </p>
   </div>
   <div class='ocr_carea' id='block_1_131' title="bbox 2206 4951 3789 5025">
    <p class='ocr_par' dir='ltr' id='par_1_131' title="bbox 2206 4951 3789 5025">
     <span class='ocr_line' id='line_1_132' title="bbox 2206 4951 3789 5025; baseline 0.001 -18"><span class='ocrx_word' id='word_1_890' title='bbox 2206 4951 2463 5023; x_wconf 90' lang='lat' dir='ltr'><strong>quidquid</strong></span> <span class='ocrx_word' id='word_1_891' title='bbox 2494 4957 2565 5005; x_wconf 87' lang='lat' dir='ltr'><strong>sit</strong></span> <span class='ocrx_word' id='word_1_892' title='bbox 2598 4951 2915 5025; x_wconf 83' lang='lat' dir='ltr'><strong>deutraque</strong></span> <span class='ocrx_word' id='word_1_893' title='bbox 2955 4951 3055 5025; x_wconf 78' lang='lat' dir='ltr'><strong>hac</strong></span> <span class='ocrx_word' id='word_1_894' title='bbox 3081 4952 3314 5025; x_wconf 86' lang='lat' dir='ltr'><strong>nominis</strong></span> <span class='ocrx_word' id='word_1_895' title='bbox 3348 4951 3530 5024; x_wconf 63' lang='lat' dir='ltr'><strong>hujus</strong></span> <span class='ocrx_word' id='word_1_896' title='bbox 3547 4957 3789 5025; x_wconf 78' lang='lat' dir='ltr'><strong>interpre-</strong></span> 
     </span>
    </p>
   </div>
   <div class='ocr_carea' id='block_1_132' title="bbox 2207 5022 3789 5091">
    <p class='ocr_par' dir='ltr' id='par_1_132' title="bbox 2207 5022 3789 5091">
     <span class='ocr_line' id='line_1_133' title="bbox 2207 5022 3789 5091; baseline -0.002 -13"><span class='ocrx_word' id='word_1_897' title='bbox 2207 5027 2432 5089; x_wconf 89' lang='lat' dir='ltr'><strong>tatione,</strong></span> <span class='ocrx_word' id='word_1_898' title='bbox 2479 5022 2747 5091; x_wconf 88' lang='lat' dir='ltr'><strong>posterior</strong></span> <span class='ocrx_word' id='word_1_899' title='bbox 2774 5022 3039 5077; x_wconf 83' lang='lat' dir='ltr'><strong>sententia</strong></span> <span class='ocrx_word' id='word_1_900' title='bbox 3092 5024 3244 5077; x_wconf 89' lang='lat' dir='ltr'><strong>nobis</strong></span> <span class='ocrx_word' id='word_1_901' title='bbox 3274 5022 3500 5080; x_wconf 81' lang='lat' dir='ltr'><strong>videtur</strong></span> <span class='ocrx_word' id='word_1_902' title='bbox 3530 5022 3722 5084; x_wconf 82' lang='lat' dir='ltr'><strong>rectius</strong></span> <span class='ocrx_word' id='word_1_903' title='bbox 3746 5033 3789 5076; x_wconf 84' lang='lat' dir='ltr'><strong>et</strong></span> 
     </span>
    </p>
   </div>
   <div class='ocr_carea' id='block_1_133' title="bbox 2205 5092 3787 5165">
    <p class='ocr_par' dir='ltr' id='par_1_133' title="bbox 2205 5092 3787 5165">
     <span class='ocr_line' id='line_1_134' title="bbox 2205 5092 3787 5165; baseline -0.001 -15"><span class='ocrx_word' id='word_1_904' title='bbox 2205 5094 2455 5150; x_wconf 89' lang='lat' dir='ltr'><strong>concludi</strong></span> <span class='ocrx_word' id='word_1_905' title='bbox 2485 5109 2549 5148; x_wconf 78' lang='lat' dir='ltr'><strong>ex</strong></span> <span class='ocrx_word' id='word_1_906' title='bbox 2569 5092 2753 5165; x_wconf 79' lang='lat' dir='ltr'><strong>dictis,</strong></span> <span class='ocrx_word' id='word_1_907' title='bbox 2766 5101 2835 5165; x_wconf 87' lang='lat' dir='ltr'><strong>_et</strong></span> <span class='ocrx_word' id='word_1_908' title='bbox 2875 5098 3032 5165; x_wconf 72' lang='lat' dir='ltr'><strong>statui</strong></span> <span class='ocrx_word' id='word_1_909' title='bbox 3060 5108 3180 5165; x_wconf 81' lang='lat' dir='ltr'><strong>pro</strong></span> <span class='ocrx_word' id='word_1_910' title='bbox 3210 5096 3485 5165; x_wconf 88' lang='lat' dir='ltr'><strong>principio</strong></span> <span class='ocrx_word' id='word_1_911' title='bbox 3527 5103 3701 5153; x_wconf 86' lang='lat' dir='ltr'><strong>statim</strong></span> <span class='ocrx_word' id='word_1_912' title='bbox 3727 5094 3787 5149; x_wconf 89' lang='lat' dir='ltr'><strong>di-</strong></span> 
     </span>
    </p>
   </div>
   <div class='ocr_carea' id='block_1_134' title="bbox 2204 5161 3789 5233">
    <p class='ocr_par' dir='ltr' id='par_1_134' title="bbox 2204 5161 3789 5233">
     <span class='ocr_line' id='line_1_135' title="bbox 2204 5161 3789 5233; baseline -0.002 -12"><span class='ocrx_word' id='word_1_913' title='bbox 2204 5166 2521 5221; x_wconf 90' lang='lat' dir='ltr'><strong>cendorum.</strong></span> <span class='ocrx_word' id='word_1_914' title='bbox 2556 5163 2723 5231; x_wconf 87' lang='lat' dir='ltr'><strong>Quasi</strong></span> <span class='ocrx_word' id='word_1_915' title='bbox 2748 5162 2944 5218; x_wconf 82' lang='lat' dir='ltr'><strong>dixerit</strong></span> <span class='ocrx_word' id='word_1_916' title='bbox 2974 5161 3318 5233; x_wconf 81' lang='lat' dir='ltr'><strong>Philosophia</strong></span> <span class='ocrx_word' id='word_1_917' title='bbox 3354 5161 3540 5223; x_wconf 75' lang='lat' dir='ltr'><strong>:Cutn</strong></span> <span class='ocrx_word' id='word_1_918' title='bbox 3568 5170 3789 5224; x_wconf 79' lang='lat' dir='ltr'><strong>homines</strong></span> 
     </span>
    </p>
   </div>
   <div class='ocr_carea' id='block_1_135' title="bbox 2205 5235 3787 5307">
    <p class='ocr_par' dir='ltr' id='par_1_135' title="bbox 2205 5235 3787 5307">
     <span class='ocr_line' id='line_1_136' title="bbox 2205 5235 3787 5307; baseline -0.003 -16"><span class='ocrx_word' id='word_1_919' title='bbox 2205 5250 2393 5291; x_wconf 85' lang='lat' dir='ltr'><strong>omnes</strong></span> <span class='ocrx_word' id='word_1_920' title='bbox 2420 5250 2541 5290; x_wconf 87' lang='lat' dir='ltr'><strong>cum</strong></span> <span class='ocrx_word' id='word_1_921' title='bbox 2588 5235 2798 5307; x_wconf 83' lang='lat' dir='ltr'><strong>ratione</strong></span> <span class='ocrx_word' id='word_1_922' title='bbox 2826 5236 3069 5303; x_wconf 89' lang='lat' dir='ltr'><strong>corporis</strong></span> <span class='ocrx_word' id='word_1_923' title='bbox 3098 5238 3434 5307; x_wconf 85' lang='lat' dir='ltr'><strong>mentisque,</strong></span> <span class='ocrx_word' id='word_1_924' title='bbox 3482 5250 3595 5294; x_wconf 89' lang='lat' dir='ltr'><strong>tum</strong></span> <span class='ocrx_word' id='word_1_925' title='bbox 3647 5240 3787 5293; x_wconf 84' lang='lat' dir='ltr'><strong>etiam</strong></span> 
     </span>
    </p>
   </div>
   <div class='ocr_carea' id='block_1_136' title="bbox 2204 5305 3787 5375">
    <p class='ocr_par' dir='ltr' id='par_1_136' title="bbox 2204 5305 3787 5375">
     <span class='ocr_line' id='line_1_137' title="bbox 2204 5305 3787 5375; baseline -0.001 -12"><span class='ocrx_word' id='word_1_926' title='bbox 2204 5309 2411 5364; x_wconf 83' lang='lat' dir='ltr'><strong>ratione</strong></span> <span class='ocrx_word' id='word_1_927' title='bbox 2447 5316 2644 5359; x_wconf 69' lang='lat' dir='ltr'><strong>mutua:</strong></span> <span class='ocrx_word' id='word_1_928' title='bbox 2687 5305 2875 5359; x_wconf 89' lang='lat' dir='ltr'><strong>harum</strong></span> <span class='ocrx_word' id='word_1_929' title='bbox 2920 5307 3148 5375; x_wconf 88' lang='lat' dir='ltr'><strong>partium</strong></span> <span class='ocrx_word' id='word_1_930' title='bbox 3178 5305 3593 5375; x_wconf 80' lang='lat' dir='ltr'><strong>coniunctionis</strong></span> <span class='ocrx_word' id='word_1_931' title='bbox 3634 5324 3665 5364; x_wconf 89' lang='lat' dir='ltr'><strong>a</strong></span> <span class='ocrx_word' id='word_1_932' title='bbox 3694 5308 3787 5361; x_wconf 87' lang='lat' dir='ltr'><strong>Deo</strong></span> 
     </span>
    </p>
   </div>
   <div class='ocr_carea' id='block_1_137' title="bbox 2204 5376 3788 5448">
    <p class='ocr_par' dir='ltr' id='par_1_137' title="bbox 2204 5376 3788 5448">
     <span class='ocr_line' id='line_1_138' title="bbox 2204 5376 3788 5448; baseline 0.001 -15"><span class='ocrx_word' id='word_1_933' title='bbox 2204 5382 2465 5439; x_wconf 86' lang='lat' dir='ltr'><strong>oriantur,</strong></span> <span class='ocrx_word' id='word_1_934' title='bbox 2486 5386 2767 5448; x_wconf 86' lang='lat' dir='ltr'><strong>propterea</strong></span> <span class='ocrx_word' id='word_1_935' title='bbox 2792 5376 3035 5431; x_wconf 88' lang='lat' dir='ltr'><strong>homines</strong></span> <span class='ocrx_word' id='word_1_936' title='bbox 3063 5393 3250 5432; x_wconf 74' lang='lat' dir='ltr'><strong>omnes</strong></span> <span class='ocrx_word' id='word_1_937' title='bbox 3275 5394 3301 5431; x_wconf 92' lang='lat' dir='ltr'><strong>a</strong></span> <span class='ocrx_word' id='word_1_938' title='bbox 3340 5381 3685 5436; x_wconf 64' lang='lat' dir='ltr'><strong>nobilissimo</strong></span> <span class='ocrx_word' id='word_1_939' title='bbox 3715 5392 3788 5443; x_wconf 47' lang='lat' dir='ltr'><strong>pa.</strong></span> 
     </span>
    </p>
   </div>
   <div class='ocr_carea' id='block_1_138' title="bbox 2204 5448 3786 5518">
    <p class='ocr_par' dir='ltr' id='par_1_138' title="bbox 2204 5448 3786 5518">
     <span class='ocr_line' id='line_1_139' title="bbox 2204 5448 3786 5518; baseline -0.004 -13"><span class='ocrx_word' id='word_1_940' title='bbox 2204 5462 2358 5506; x_wconf 86' lang='lat' dir='ltr'><strong>rente</strong></span> <span class='ocrx_word' id='word_1_941' title='bbox 2398 5449 2643 5503; x_wconf 89' lang='lat' dir='ltr'><strong>oriuntur</strong></span> <span class='ocrx_word' id='word_1_942' title='bbox 2676 5466 2688 5501; x_wconf 89' lang='lat'><strong>:</strong></span> <span class='ocrx_word' id='word_1_943' title='bbox 2721 5463 2887 5518; x_wconf 88' lang='lat' dir='ltr'><strong>quare</strong></span> <span class='ocrx_word' id='word_1_944' title='bbox 2940 5448 3101 5502; x_wconf 87' lang='lat' dir='ltr'><strong>iidem</strong></span> <span class='ocrx_word' id='word_1_945' title='bbox 3155 5451 3428 5515; x_wconf 88' lang='lat' dir='ltr'><strong>homines,</strong></span> <span class='ocrx_word' id='word_1_946' title='bbox 3485 5449 3786 5517; x_wconf 84' lang='lat' dir='ltr'><strong>contemptis</strong></span> 
     </span>
    </p>
   </div>
   <div class='ocr_carea' id='block_1_139' title="bbox 2211 5518 3786 5593">
    <p class='ocr_par' dir='ltr' id='par_1_139' title="bbox 2211 5518 3786 5593">
     <span class='ocr_line' id='line_1_140' title="bbox 2211 5518 3786 5593; baseline 0 -18"><span class='ocrx_word' id='word_1_947' title='bbox 2211 5538 2393 5593; x_wconf 84' lang='lat' dir='ltr'><strong>genere</strong></span> <span class='ocrx_word' id='word_1_948' title='bbox 2418 5528 2474 5575; x_wconf 91' lang='lat' dir='ltr'><strong>et</strong></span> <span class='ocrx_word' id='word_1_949' title='bbox 2499 5521 2713 5593; x_wconf 79' lang='lat' dir='ltr'><strong>proavis</strong></span> <span class='ocrx_word' id='word_1_950' title='bbox 2742 5519 3106 5586; x_wconf 70' lang='lat' dir='ltr'><strong>terrestribus,</strong></span> <span class='ocrx_word' id='word_1_951' title='bbox 3158 5519 3491 5593; x_wconf 55' lang='lat' dir='ltr'><strong>nobilissimi</strong></span> <span class='ocrx_word' id='word_1_952' title='bbox 3526 5532 3669 5584; x_wconf 88' lang='lat' dir='ltr'><strong>sunt,</strong></span> <span class='ocrx_word' id='word_1_953' title='bbox 3702 5518 3786 5575; x_wconf 88' lang='lat' dir='ltr'><strong>uisi</strong></span> 
     </span>
    </p>
   </div>
   <div class='ocr_carea' id='block_1_140' title="bbox 2212 5591 3888 5664">
    <p class='ocr_par' dir='ltr' id='par_1_140' title="bbox 2212 5591 3888 5664">
     <span class='ocr_line' id='line_1_141' title="bbox 2212 5591 3888 5664; baseline -0.003 -18"><span class='ocrx_word' id='word_1_954' title='bbox 2212 5591 2344 5647; x_wconf 67' lang='lat' dir='ltr'><strong>uitiis</strong></span> <span class='ocrx_word' id='word_1_955' title='bbox 2366 5592 2631 5659; x_wconf 80' lang='lat' dir='ltr'><strong>proprium</strong></span> <span class='ocrx_word' id='word_1_956' title='bbox 2682 5592 2918 5664; x_wconf 82' lang='lat' dir='ltr'><strong>deserant</strong></span> <span class='ocrx_word' id='word_1_957' title='bbox 2964 5604 3153 5645; x_wconf 79' lang='lat' dir='ltr'><strong>ortum.</strong></span> <span class='ocrx_word' id='word_1_958' title='bbox 3212 5591 3367 5664; x_wconf 81' lang='lat' dir='ltr'><strong>Falsa</strong></span> <span class='ocrx_word' id='word_1_959' title='bbox 3425 5610 3560 5664; x_wconf 76' lang='lat' dir='ltr'><strong>ergo</strong></span> <span class='ocrx_word' id='word_1_960' title='bbox 3599 5606 3785 5664; x_wconf 82' lang='lat' dir='ltr'><strong>assntn-</strong></span> <span class='ocrx_word' id='word_1_961' title='bbox 3872 5607 3888 5620; x_wconf 68' lang='grc' dir='ltr'><strong>ν</strong></span> 
     </span>
    </p>
   </div>
   <div class='ocr_carea' id='block_1_141' title="bbox 2215 5662 3784 5733">
    <p class='ocr_par' dir='ltr' id='par_1_141' title="bbox 2215 5662 3784 5733">
     <span class='ocr_line' id='line_1_142' title="bbox 2215 5662 3784 5733; baseline -0.001 -18"><span class='ocrx_word' id='word_1_962' title='bbox 2215 5666 2398 5733; x_wconf 87' lang='lat' dir='ltr'><strong>ptione</strong></span> <span class='ocrx_word' id='word_1_963' title='bbox 2439 5665 2715 5726; x_wconf 80' lang='lat' dir='ltr'><strong>falluntur,</strong></span> <span class='ocrx_word' id='word_1_964' title='bbox 2746 5663 2837 5730; x_wconf 86' lang='lat' dir='ltr'><strong>qui</strong></span> <span class='ocrx_word' id='word_1_965' title='bbox 2873 5677 3035 5729; x_wconf 85' lang='lat' dir='ltr'><strong>quam</strong></span> <span class='ocrx_word' id='word_1_966' title='bbox 3080 5667 3271 5717; x_wconf 81' lang='lat' dir='ltr'><strong>summi</strong></span> <span class='ocrx_word' id='word_1_967' title='bbox 3318 5662 3451 5718; x_wconf 76' lang='lat' dir='ltr'><strong>boni</strong></span> <span class='ocrx_word' id='word_1_968' title='bbox 3497 5662 3784 5733; x_wconf 62' lang='lat' dir='ltr'><strong>naturaliter</strong></span> 
     </span>
    </p>
   </div>
   <div class='ocr_carea' id='block_1_142' title="bbox 2216 5732 3783 5803">
    <p class='ocr_par' dir='ltr' id='par_1_142' title="bbox 2216 5732 3783 5803">
     <span class='ocr_line' id='line_1_143' title="bbox 2216 5732 3783 5803; baseline -0.004 -14"><span class='ocrx_word' id='word_1_969' title='bbox 2216 5732 2417 5789; x_wconf 84' lang='lat' dir='ltr'><strong>norunt</strong></span> <span class='ocrx_word' id='word_1_970' title='bbox 2444 5743 2826 5803; x_wconf 81' lang='lat' dir='ltr'><strong>appetuntque,</strong></span> <span class='ocrx_word' id='word_1_971' title='bbox 2854 5734 3209 5798; x_wconf 78' lang='lat' dir='ltr'><strong>nobilitatem,</strong></span> <span class='ocrx_word' id='word_1_972' title='bbox 3238 5735 3381 5790; x_wconf 88' lang='lat' dir='ltr'><strong>hanc</strong></span> <span class='ocrx_word' id='word_1_973' title='bbox 3405 5737 3459 5790; x_wconf 90' lang='lat' dir='ltr'><strong>in</strong></span> <span class='ocrx_word' id='word_1_974' title='bbox 3489 5736 3607 5791; x_wconf 89' lang='lat' dir='ltr'><strong>sola</strong></span> <span class='ocrx_word' id='word_1_975' title='bbox 3637 5732 3783 5801; x_wconf 76' lang='lat' dir='ltr'><strong>uiajo-</strong></span> 
     </span>
    </p>
   </div>
   <div class='ocr_carea' id='block_1_143' title="bbox 2217 5804 3776 5878">
    <p class='ocr_par' dir='ltr' id='par_1_143' title="bbox 2217 5804 3776 5878">
     <span class='ocr_line' id='line_1_144' title="bbox 2217 5804 3776 5878; baseline -0.002 -19"><span class='ocrx_word' id='word_1_976' title='bbox 2217 5822 2334 5859; x_wconf 87' lang='lat' dir='ltr'><strong>rum</strong></span> <span class='ocrx_word' id='word_1_977' title='bbox 2366 5807 2670 5860; x_wconf 87' lang='lat' dir='ltr'><strong>m0rtalium</strong></span> <span class='ocrx_word' id='word_1_978' title='bbox 2704 5804 2963 5878; x_wconf 86' lang='lat' dir='ltr'><strong>nobilium</strong></span> <span class='ocrx_word' id='word_1_979' title='bbox 2980 5806 3121 5861; x_wconf 84' lang='lat' dir='ltr'><strong>serie</strong></span> <span class='ocrx_word' id='word_1_980' title='bbox 3143 5805 3347 5860; x_wconf 79' lang='lat' dir='ltr'><strong>versari</strong></span> <span class='ocrx_word' id='word_1_981' title='bbox 3373 5816 3602 5878; x_wconf 84' lang='lat' dir='ltr'><strong>putant;</strong></span> <span class='ocrx_word' id='word_1_982' title='bbox 3625 5817 3776 5875; x_wconf 75' lang='lat' dir='ltr'><strong>super</strong></span> 
     </span>
    </p>
   </div>
   <div class='ocr_carea' id='block_1_144' title="bbox 2218 5876 2962 5949">
    <p class='ocr_par' dir='ltr' id='par_1_144' title="bbox 2218 5876 2962 5949">
     <span class='ocr_line' id='line_1_145' title="bbox 2218 5876 2962 5949; baseline -0.003 -17"><span class='ocrx_word' id='word_1_983' title='bbox 2218 5888 2342 5933; x_wconf 88' lang='lat' dir='ltr'><strong>sunt</strong></span> <span class='ocrx_word' id='word_1_984' title='bbox 2371 5878 2670 5949; x_wconf 82' lang='lat' dir='ltr'><strong>voluptates</strong></span> <span class='ocrx_word' id='word_1_985' title='bbox 2699 5876 2962 5949; x_wconf 81' lang='lat' dir='ltr'><strong>corporis.</strong></span> 
     </span>
    </p>
   </div>
  </div>
