3984 6382
494 318 589 376 751

986 430 1147 501 212
1185 424 1405 482 pnosn
1444 423 1580 479 vut.

494 531 880 588 Ancuuesrun.
905 552 976 566 -—
1000 521 1340 590 PhilosOpItia
1366 518 1662 589 prccdictam
1687 516 1748 569 de
1772 515 1979 590 divitiis,
1999 514 2080 566 di-

564 600 861 671 gnitatibus,
896 603 1168 671 potestate,
1200 587 1401 671 gloria,
1432 589 1760 671 ctuolaptate
1794 587 2079 671 doctrinam

562 655 858 724 summatim
875 655 1124 735 repetens,
1139 655 1256 735 [tam
1273 662 1342 735 ait
1365 660 1520 713 malis
1541 658 1668 735 adeo
1689 658 1957 735 implicita,
1985 655 2078 707 ad-

567 727 998 802 versariorumque
1063 734 1172 786 telis
1219 733 1346 785 adeo
1397 730 1657 800 exposita,
1724 738 1780 780 ut
1830 727 2078 780 tationem

564 811 749 864 summi
775 808 891 860 boni
914 805 1097 859 habere
1124 820 1223 857 non
1249 803 1464 873 possint.

563 901 705 956 Nihil
747 900 908 969 igitur
931 896 1152 952 dubium
1194 904 1278 949 est
1315 894 1442 961 quin
1472 892 1555 946 ha:
1596 888 1663 944 ad
1700 887 2081 945 beatitudinem

493 996 596 1052 via:
621 1003 648 1031 ⁸
678 995 847 1048 deviae
887 990 1131 1061 quaedam
1157 988 1285 1053 sint,
1320 1002 1418 1042 nec
1449 985 1740 1056 perducere
1762 997 2082 1053 quemquam

494 1102 561 1145 eo
586 1088 798 1142 valeant
828 1082 893 1137 ad
926 1082 1069 1152 quod
1100 1096 1159 1136 se
1200 1079 1552 1150 perducturas
1580 1091 1700 1131 esse
1749 1075 2078 1143 promittunt.

493 1179 719 1249 Quantis
758 1191 887 1231 vero
928 1173 1201 1243 implicitae
1245 1171 1401 1225 malis
1427 1169 1559 1234 sint,
1592 1168 1907 1223 brevissime
1933 1181 2086 1220 mou-

493 1275 699 1332 strabo.
726 1271 864 1337 Quid
895 1268 1074 1325 enim?
1119 1266 1475 1335 pecuniamtte
1505 1277 1831 1332 congregare
1858 1260 2087 1317 conabe-

495 1368 604 1425 ris?
635 1364 715 1435 (5)
745 1363 851 1421 Sed
879 1361 1078 1432 eripies
1109 1358 1346 1413 ltabenti.
1380 1355 1739 1426 Dignitatibus
1766 1352 1968 1422 fulgere
1996 1367 2088 1406 ve-

496 1460 597 1515 lis?
624 1457 772 1513 danti
799 1453 1160 1524 supplicabis;
1190 1459 1245 1506 et
1285 1450 1377 1519 qui
1408 1447 1599 1517 praeire
1627 1455 1852 1501 caeteros
1884 1444 2087 1499 honore

496 1551 666 1621 cupis,
704 1544 954 1617 poscendi
989 1542 1290 1597 humilitate
1314 1540 1565 1595 vilesces.
1598 1536 1965 1593 Potentiamne
1993 1536 2087 1591 de-

497 1640 738 1699 sideras?
759 1638 1126 1706 subjectorum
1150 1632 1357 1687 insidiis
1380 1630 1667 1697 obnoxius,
1693 1630 1944 1700 periculis
1963 1629 2089 1684 sub-

496 1734 727 1806 iacebis.|
752 1730 990 1787 Gloriam
1035 1726 1210 1797 petis?
1251 1724 1346 1779 sed
1377 1739 1473 1793 per
1492 1737 1681 1792 aspera
1710 1736 1935 1791 quaeque
1964 1720 2082 1774 dis-

499 1802 737 1888 tractus,
804 1834 1027 1878 securus
1072 1832 1192 1872 esse
1235 1816 1470 1872 desistis.
1512 1814 1881 1883 Voluptariam
1927 1814 2085 1867 vitam
2116 1802 2165 1864 Β

497 1919 680 1988 degas.
707 1914 813 1972 Sed
837 1912 957 1984 quis
987 1926 1093 1966 non
1125 1918 1378 1979 spernat,
1413 1916 1572 1978 atque
1605 1906 1720 1977 (10)
1759 1906 1971 1976 abjiciat
2012 1909 2087 1960 vi-

497 2011 715 2070 lissimae
738 2005 1203 2077 fragilissimteque
1225 2003 1325 2069 rei,
1350 2000 1377 2040 δ
1404 2001 1667 2071 corporis,
1691 2000 1939 2053 servum?
1970 1998 2085 2052 .lam

497 2116 626 2159 vero
653 2102 743 2171 qui
770 2100 910 2155 bona
944 2113 1053 2168 prae
1082 2111 1140 2151 se
1163 2096 1407 2165 corporis
1438 2094 1615 2148 lerunt
1634 2134 1648 2158 ,
1679 2107 1834 2162 quam
1868 2090 2085 2161 exigua,

498 2210 657 2267 quam
687 2192 861 2261 fragili
912 2188 1255 2260 possessione
1292 2187 1569 2241 nituntur!
1611 2184 1746 2239 Num
1789 2185 1930 2239 enim
1976 2184 2088 2239 cle-

499 2289 729 2360 pltantos
756 2285 919 2349 mole,
946 2293 1127 2336 tauros
1150 2280 1347 2335 robore
1370 2292 1626 2349 superare
1653 2277 1932 2347 poteritis?
1959 2292 2086 2330 num

500 2382 664 2450 tigres
700 2377 982 2433 velocitate
1026 2372 1314 2444 przeibitis?
1366 2371 1632 2440 Respicite
1669 2369 1792 2425 (ξαειί
1833 2368 2087 2439 spatium,

501 2470 903 2537 lirmitudinem,
931 2465 1295 2527 celeritatem,
1320 2472 1375 2517 et
1396 2461 1687 2533 aliquando
1708 2461 1942 2515 desinite
1963 2460 2091 2514 vilia

502 2563 703 2622 mirari.
739 2562 892 2629 Quod
927 2560 1040 2631 (15)
1066 2557 1285 2626 quidem
1314 2556 1509 2611 ctelum
1542 2569 1647 2608 non
1693 2553 1776 2607 his
1808 2554 1984 2622 potius
2010 2559 2095 2605 est

503 2673 659 2729 quant
689 2670 782 2710 sua
813 2668 914 2723 qua
942 2650 1146 2720 regitur
1189 2660 1210 2687 ο
1252 2648 1461 2704 ratione
1504 2645 1831 2702 mirandum.
1887 2644 2095 2699 Formae

1711 308 1821 365 AN.
1864 307 2068 365 MANL.
2108 306 2262 364 SEV.
2303 306 2527 363 BOETll

2101 426 2155 485 Α
2179 436 2307 475 vero
2334 422 2475 475 nitor
2503 428 2561 475 ut
2600 419 2817 489 rapidus
2858 426 2972 486 est,
3016 425 3073 473 ut
3102 415 3290 483 velox,
3334 422 3392 471 et
3413 411 3440 451 ἀ
3466 411 3759 469 vernalium

3660 298 3759 359 752

2181 512 2370 568 ﬂorum
2395 512 2747 566 mutabilitate
2771 510 3033 581 fugacior!
3059 509 3211 579 Quod
3234 509 3301 572 si,
3325 515 3383 562 ut
3402 507 3719 561 Aristoteles
3740 516 3759 545 ε

2180 606 2276 668 ait,
2305 606 2321 635 ¹
2354 604 2559 676 lynceis
2584 604 2756 659 oculis
2782 603 3027 657 homines
3058 610 3351 668 uterentur,
3386 608 3442 653 ut
3464 614 3653 654 eorum
3686 597 3765 652 vi-

2183 711 2273 750 sus
2298 695 2563 751 obstantia
2596 702 2934 763 penetraret,
2968 707 3146 748 nonne
3173 690 3520 760 introspectis
3547 690 3765 743 visceri-

2183 787 2305 855 bus,
2333 788 2490 859 213
2519 786 2649 841 illud
2670 787 2691 817 '
2719 784 3010 840 Alcibiadis
3036 782 3321 852 superficie
3348 781 3766 851 pulcherrimum

2183 897 2398 953 corpus,
2427 880 2791 952 turpissimum
2821 878 3129 934 videretur?
3156 876 3322 947 Igitur
3353 874 3371 914 ι
3407 885 3461 939 te
3491 874 3771 944 pulchrum

2184 972 2379 1040 videri,
2412 986 2518 1026 non
2550 980 2635 1025 tua
2665 979 2878 1036 natura,
2909 969 3006 1024 sed
3035 968 3057 1000 ⁸
3090 968 3370 1024 oculorum
3416 967 3773 1036 spectantium

2185 1063 2363 1120 reddit
2404 1063 2704 1118 inﬁrmitas.
2747 1061 2853 1117 Sed
2882 1061 3176 1126 aestimate,
3222 1074 3384 1130 quam
3412 1058 3579 1114 vultis
3611 1059 3773 1114 nimio

2186 1158 2430 1229 corporis
2452 1158 2613 1223 bona,
2633 1158 2760 1214 dum
2783 1158 2965 1213 sciatis
2988 1156 3088 1212 hoc
3111 1155 3466 1225 quodcunque
3488 1156 3773 1219 miramini,

2193 1252 2215 1285 δ
2246 1252 2508 1307 triduanae
2539 1249 2707 1305 febris
2728 1249 2961 1321 igniculo
2991 1248 3070 1318 (5)
3102 1263 3260 1318 posse
3283 1236 3525 1303 dissolvi.
3560 1246 3641 1299 Ex
3669 1248 3777 1315 ψιτ-

2190 1344 2287 1400 bus
2323 1343 2570 1399 omnibus
2599 1341 2729 1398 illud
2771 1342 3023 1411 redigere
3050 1340 3105 1395 in
3145 1353 3412 1393 summam
3445 1338 3614 1392 licet:
3642 1336 3773 1405 quod

2191 1435 2340 1501 haec;
2368 1450 2488 1505 qua:
2518 1447 2617 1489 nec
2655 1442 2936 1503 praestare,
2969 1445 3089 1500 quas
3112 1429 3457 1500 pollicentur,
3486 1427 3625 1483 bona
3658 1441 3775 1495 pos-

2190 1535 2336 1597 sunt,
2370 1541 2469 1582 nec
2496 1524 2740 1581 omnium
2782 1524 3045 1579 bonorum
3088 1519 3505 1591 congregatione
3546 1516 3775 1588 perfecta

2191 1628 2335 1686 sunt,
2367 1632 2427 1672 ea
2455 1632 2555 1673 nec
2582 1616 2647 1671 ad
2673 1615 3077 1680 beatitudinem,
3106 1613 3258 1683 quasi
3283 1610 3499 1682 quidam
3530 1619 3556 1657 κ
3590 1610 3771 1675 calles,

2196 1712 2393 1775 ferunt,
2429 1724 2529 1764 nec
2551 1708 2739 1763 beatos
2767 1707 2882 1777 ipsa
2912 1705 3221 1775 perﬁciunt.

2628 1798 2789 1871 214
2826 1796 3115 1854 METBUM
3160 1802 3176 1819 ’
3221 1790 3355 1850 vnt.

2192 1898 2583 1953 Anconenrun.
2620 1922 2691 1935 --
2726 1892 2915 1946 Errant
2956 1889 3216 1952 homines,
3248 1886 3382 1941 canit
3410 1884 3768 1953 Philosophia,

2261 1967 2350 2037 qui
2371 1984 2487 2019 cum
2516 1975 2714 2019 terrena
2736 1964 2790 2017 in
2816 1962 2984 2037 terris,
3009 1959 3259 2037 aquatilia
3284 1959 3336 2010 in
3359 1958 3527 2025 aquis,
3553 1957 3708 2036 uolat}
3729 1956 3772 2007 ia

2260 2026 2313 2092 in
2343 2054 2478 2100 aere,
2501 2054 2593 2091 suo
2620 2050 2833 2106 qumque
2860 2031 2973 2106 loco
2995 2026 3217 2106 reposita
3237 2038 3491 2106 quaerant,
3521 2026 3775 2106 propriam

2263 2106 2449 2163 summi
2466 2096 2593 2161 ’ὁσιιὶ
2621 2096 2789 2160 sedent
2815 2103 2968 2158 veluti
2998 2096 3313 2173 ignorantes,
3345 2098 3643 2167 felicitatem
3672 2096 3779 2149 inde

2264 2189 2577 2249 exspectant,
2604 2176 2741 2231 unde
2762 2176 2885 2229 oriri
2912 2189 3012 2227 non
3036 2174 3216 2242 possit.

2332 2272 2505 2337 Eheu,
2536 2286 2655 2342 qua:
2688 2271 2910 2324 miseros
2942 2266 3155 2322 tramite
3180 2264 3367 2321 devios

2404 2364 2633 2420 Abducit
2666 2362 2963 2435 ignorantia
2987 2363 3000 2416 !

2341 2460 2453 2514 Non
2478 2474 2669 2514 aurum
2706 2458 2757 2510 in
2790 2457 2946 2531 viridi
2976 2455 3214 2526 qttterilis
3238 2453 3464 2517 arbore,

2413 2551 2523 2605 Nec
2551 2551 2661 2606 vite
2690 2564 2928 2620 gemmas
2954 2548 3192 2618 carpitis,

2235 2644 2269 2698 5
2318 2642 2433 2698 Non
2460 2643 2581 2698 altis
2607 2642 2826 2711 laqueos
2854 2640 3118 2695 montibus
3144 2638 3356 2703 abditis,

1851 2772 2430 2830 INTERPRETATIO.

577 2915 604 2942 ⁸
635 2907 956 2960 Aberrantes.

573 2974 601 3013 δ
630 2973 929 3046 Cujusmodi
957 2980 1029 3025 est
1054 2982 1258 3035 corpus.

580 3053 602 3078 ο
631 3047 770 3101 Arte.

574 3109 600 3149 ι¹
639 3117 944 3169 Vernorum.

630 3187 782 3243 Liber
811 3185 898 3240 ille
924 3177 1215 3237 Aristotelis
1242 3194 1377 3233 nunc
1399 3177 1595 3232 videtur
1619 3173 1919 3229 desiderari.

2282 2886 2300 2923 ί
2341 2887 2491 2952 Quod
2518 2886 2729 2940 oulclter
2754 2883 2991 2943 videaris.
3020 2884 3093 2938 id.

2276 2967 2300 3004 ε
2342 2957 2470 3011 Vitr.

2275 3028 2388 3081 Πειι
2415 3027 2581 3097 qualis
2599 3029 2862 3097 ignoratio
2890 3028 3068 3080 avertit
3095 3040 3189 3080 vos
3213 3025 3440 3094 infelices
3467 3042 3498 3078 a
3522 3026 3609 3078 via
3644 3036 3783 3082 recta

2203 3098 2535 3153 aberrantes!
2562 3096 2683 3151 Non
2705 3098 2931 3162 quwrttis
2953 3114 3135 3150 aurum
3160 3097 3211 3149 in
3240 3097 3417 3148 arbore
3438 3097 3616 3159 vindi,
3647 3112 3789 3166 nequi

2196 3171 2428 3229 accipitis
2477 3169 2691 3224 uniones
2739 3184 2801 3223 ex
2845 3169 3007 3223 vinea.
3059 3167 3181 3221 Non
3223 3166 3541 3221 absconditis
3574 3168 3705 3221 retia
3740 3169 3787 3221 in

2046 3287 2273 3345 NOTAE.

505 3439 634 3490 tum,
667 3433 813 3495 grata
851 3410 1025 3485 rnella,
1060 3415 1222 3495 tenaci
1260 3428 1454 3495 morsa,
1489 3405 2095 3495 tran‘sferuttturgadLvof
2123 3404 2172 3469 C
2202 3402 2558 3495 pulchritudo
2574 3418 2694 3495 ann
2724 3403 2824 3495 nisi
2845 3405 3067 3495 integra
3100 3401 3455 3471 perfectione,
3488 3400 3790 3457 deformitas

505 3477 737 3566 iﬁbi'at‘és
780 3512 791 3546 :
844 3477 1140 3566 praesertim
1196 3500 1321 3566 vero
1369 3479 1679 3566 observabis
1723 3479 1837 3532 haec
1884 3477 2088 3566 verba:

507 3548 755 3643 ῑὲῐεῖίέια
783 3548 941 3616 σοιάα
966 3576 990 3643 -.
1019 3559 1099 3612 ιιίε
1139 3551 1833 3643 αυῖνρεξ.ςξ.ῑπείνίὲιξξ;,ειξιρ
1862 3548 2095 3643 Ξ⁴Ξ¹ὲ¹ξίίέἓ

508 3624 757 3706 corpora,
788 3643 842 3689 et
871 3630 1092 3706 modus,
1137 3641 1242 3698 quo
1273 3624 1529 3706 voluptas.
1560 3635 1816 3702 corporea
1862 3628 2093 3706 mentem

508 3688 955 3781 pangimjoptime
988 3688 1200 3781 videtur
1243 3688 1529 3781 signiﬁcari
1559 3692 1939 3781 adeat-enirn
1984 3688 2095 3742 illic

509 3760 823 3837 Eéiiiimiatb
851 3780 996 3827 motu
1039 3772 1153 3839 apis
1178 3760 1422 3827 carnem;
1454 3765 1524 3817 ita
1542 3762 1643 3839 hic
1669 3760 1977 3839 continuata
2005 3774 2099 3814 co-

509 3831 763 3920 gitatione
805 3845 1052 3920 voluptas
1075 3831 1314 3920 utentem
1341 3877 1355 3901 ,
1388 3835 1627 3918 repetitis
1663 3832 1828 3887 veluti
1870 3831 2092 3913 ictibus,

510 3901 722 3977 videtur
745 3901 1025 3973 lancinata
1059 3929 1070 3962 :
1105 3909 1246 3963 unde
1269 3917 1329 3963 ut
1352 3901 1498 3976 prior
1529 3914 1706 3958 motus
1735 3902 1996 3977 corporis,
2018 3901 2097 3955 sic

510 3972 781 4062 poslerior
805 3984 1058 4062 cogitatio
1080 3980 1275 4062 mentis
1307 3972 1488 4062 haberi
1511 3985 1711 4055 potest,
1733 3972 2097 4062 Quamobrem

510 4044 713 4117 fallitur
758 4044 999 4129 qttisquis
1031 4050 1451 4129 prmcipitatione
1497 4056 1551 4100 et
1584 4044 1908 4129 prtejudicio'
1942 4056 2098 4129 assu-

513 4114 699 4196 mens,
745 4114 911 4197 p'utat'
940 4114 1210 4180 summum
1251 4121 1447 4174 bonum
1474 4116 1683 4172 versari
1730 4115 1781 4167 in
1828 4114 2099 4181 voluptate

514 4202 775 4272 corporis.

587 4296 604 4326 ί
638 4292 850 4363 Lynceis
895 4280 1377 4363 oculis.]__Lynceis
1423 4280 1584 4333 oculis
1628 4275 2102 4363 uidere,._laynceo

518 4345 901 4435 perspicacior;
932 4345 1273 4435 proverbiuitt
1302 4361 1383 4406 est
1405 4365 1485 4435 ἐκ
1527 4364 1621 4413 eo,
1657 4356 1713 4400 ut
1755 4345 2103 4435 arbitramur,

516 4414 887 4501 Brittonquod
927 4414 1141 4501 I'ynceus
1172 4427 1375 4494 primus
1403 4421 1603 4501 feratur
1642 4418 1930 4501 reperiisse
1968 4414 2103 4496 fodi-

517 4485 977 4563 ﬁﬁiiiéduiirmii
998 4541 1013 4564 ,
1047 4485 1202 4559 aeris',
1250 4492 1487 4559 argenti,
1523 4501 1596 4564 et,
1617 4485 1730 4542 auri
1762 4506 1775 4542 :
1809 4488 1934 4564 hinc
1960 4485 2101 4540 enim

516 4557 737 4633 fabulati
770 4582 894 4628 sunt
914 4557 1159 4640 lynceum
1182 4557 1349 4633 usque
1372 4564 1505 4640 adeo
1529 4557 1693 4640 fuisse
1716 4557 2101 4640 perspicacem,

517 4659 578 4703 ut
618 4648 777 4701 etiam
828 4633 1024 4697 terram
1070 4640 1237 4704 ipsam
1280 4633 1557 4687 oculorum
1606 4634 1720 4704 acie
1764 4636 2102 4704 penetraret,

516 4698 743 4787 qumque
781 4712 919 4781 apud
964 4698 1435 4787 inferiusJierent,
1488 4701 1815 4784 pervideret.
1863 4698 2105 4787 Quislest

648 4768 915 4857 ily'nce'us,
968 4780 1135 4848 inquit
1178 4768 1429 4857 Tullius,
1461 4768 1547 4841 qui
1589 4773 1664 4857 in.
1690 4771 1842 4857 tan-tis
1887 4768 2104 4857 tenearis

679 4838 956 4925 VZ/fendat,
1003 4838 1256 4922 nusquam
1304 4838 1553 4900 incurrat.
1623 4841 1873 4896 Horatius
1912 4838 2101 4909 ;Epist.

516 4929 557 4986 Ι.
590 4945 629 5000 t,
657 4944 744 4997 ep.
773 4928 795 4981 1
827 4944 839 4980 :

645 5020 750 5069 Non
776 5018 929 5080 possis
947 5012 1086 5080 oculo
1107 5014 1344 5080 quantum
1368 5004 1672 5080 contendere
1690 5001 1891 5071 lynceus

647 5067 753 5132 Non
774 5067 938 5129 {amen
964 5067 1143 5126 idcirco
1163 5078 1445 5120 contemnas
1469 5067 1627 5128 lippus
1650 5067 1835 5124 inungi.

594 5167 615 5197 ²
648 5162 927 5217 Alcibiadis
957 5155 1356 5229 pulcherrimum
1396 5143 1961 5229 corpus.]_Alcib_iat1es
2004 5157 2110 5197 non

522 5238 620 5305 fuit
646 5214 839 5288 mulieri
863 5214 1234 5299 pulcherrima,
1282 5214 1741 5305 quentaduttrt‘dum.
1775 5214 2111 5305 aitjltomas

518 5285 1026 5375 Knglieuslra'uctor‘
1041 5285 1546 5375 commentariorum
1576 5288 1741 5343 Boetii
1764 5328 1778 5353 ,
1811 5285 1904 5375 s‘ed
1938 5287 2111 5353 impe-

519 5365 671 5432 rator
714 5370 1158 5431 Atheniensium,
1205 5365 1417 5434 ingenio
1459 5366 1850 5434 pr:_ns_tans,_et
1886 5369 2110 5434 corpore

523 5426 936 5517 pulcherrimus,
967 5442 1058 5510 qtti
1085 5426 1223 5517 vitiis
1248 5426 1496 5506 primum,
1522 5426 1743 5493 deinde,
1760 5429 1986 5483 docente
2011 5426 2110 5482 So-

518 5508 686 5578 crate,
715 5508 999 5569 virtutibus
1024 5508 1244 5563 studuit.

592 5567 922 5641 i“()cttlorami
945 5576 1264 5652 inﬁrmium]
1305 5577 1360 5633 Si
1385 5574 1529 5652 enim
1562 5580 1722 5652 tanta.
1750 5578 1892 5624 esset
1915 5567 2110 5652 oculo-

516 5674 641 5713 rum
674 5641 1088 5727 perspicacitas,
1115 5660 1171 5703 ut
1195 5641 1368 5727 etiam"
1389 5651 1591 5726 viscera
1623 5641 1813 5695 iisdem
1844 5645 2106 5727 paterent,

520 5709 958 5797 corpurspropter
986 5709 1241 5797 tttaioreut
1273 5717 1593 5797 deformium
1613 5756 1626 5779 ,
1660 5726 1816 5797 quam
1844 5709 2107 5764 formosa-

523 5786 645 5854 rum
675 5786 903 5866 paitiu'm
938 5786 1326 5849 multitudinem
1348 5830 1363 5854 ,
1410 5786 1650 5866 deforme
1697 5786 1871 5866 potius
1892 5821 1907 5845 ,
1952 5794 2107 5866 quam

526 5848 1159 5926 ferinos—umhliaberetur
1190 5880 1201 5918 :
1241 5873 1295 5920 et
1334 5848 1399 5923 eo
1438 5856 1652 5930 quidem
1695 5853 1925 5916 certius,
1968 5848 2109 5926 quod

2202 3476 2285 3529 vel
2317 3475 2539 3527 minimo
2569 3474 2778 3529 delectu
2800 3473 3024 3528 oriatur.

2273 3546 2293 3575 ⁸
2324 3544 2602 3599 Τνίάιιαηω
2628 3545 2779 3614 febris
2809 3542 3074 3615 igniculo.]
3113 3544 3455 3611 Qttmcuttque
3490 3542 3633 3597 enim
3684 3544 3791 3598 fue~

2202 3616 2274 3671 rit
2297 3616 2540 3682 corporis
2581 3617 2896 3681 amplitudo,
2929 3623 3284 3684 quo-tcuttque
3325 3616 3506 3684 robur,
3535 3629 3795 3683 quaecun—

2202 3703 2305 3754 que
2334 3686 2573 3755 agilitas,
2627 3683 2960 3755 quaecunque
3001 3684 3373 3753 pulchritudo,
3408 3683 3522 3737 haec
3566 3699 3803 3749 corpore

2203 3773 2298 3828 per
2329 3758 2559 3811 triduum
2593 3768 2725 3811 aestu
2758 3757 2995 3825 febrique
3017 3757 3219 3828 jactato
3241 3763 3589 3828 evanescunt,
3622 3755 3802 3828 Usque

2202 3825 2338 3883 adeo
2364 3842 2548 3881 verum
2591 3836 2675 3882 est
2716 3828 2975 3881 rationem
3006 3826 3198 3881 summi
3244 3825 3405 3891 boni,
3451 3825 3592 3893 quod
3640 3826 3798 3879 homo

2202 3898 2519 3954 naturaliter
2548 3900 2827 3965 cognoscit
2866 3899 3199 3965 appetitque,
3243 3910 3347 3949 non
3374 3896 3578 3949 versari
3610 3898 3667 3953 in
3695 3898 3801 3950 ullo

2204 3984 2271 4024 ex
2302 3969 2569 4039 prtedictis
2597 3968 2771 4033 bonis,
2793 3969 2987 4039 quibus
3008 3967 3251 4022 homines
3276 3965 3406 4020 falsa
3429 3969 3800 4037 assumptione

2203 4041 2347 4095 ducti
2380 4038 2676 4094 adhaerent.

2278 4132 2297 4151 ⁶
2326 4130 2556 4185 Carmen
2584 4140 2837 4185 constans
2867 4144 2931 4184 ex
2974 4128 3171 4195 duplici
3214 4143 3411 4194 genere
3441 4144 3697 4184 verutum
3725 4132 3801 4185 al-

2208 4210 2502 4263 ternorum,
2534 4215 2757 4271 quorum
2789 4202 2933 4269 prior
2963 4200 3683 4271 Asclepiadeus_spondeum,
3711 4202 3800 4253 da-

2208 4272 2408 4340 ctylum
2451 4269 2571 4326 cum
2620 4271 2857 4341 syllaba,
2890 4282 2943 4325 et
2983 4270 3118 4324 duos
3161 4269 3295 4322 alios
3321 4269 3565 4339 dactylus
3611 4272 3800 4333 habet;

2206 4343 2471 4410 posterior
2500 4340 2755 4396 iambicus
2780 4352 3008 4410 quatuor
3034 4341 3218 4408 pedes,
3252 4340 3447 4408 saepius
3475 4340 3606 4396 locis
3640 4343 3803 4411 impa-

2207 4414 2355 4467 ribus
2376 4414 2666 4481 Spondeos,
2702 4414 2921 4482 paribus
2951 4412 3180 4466 iambos.

2283 4506 2306 4557 l
2342 4513 2395 4556 et
2418 4504 2474 4556 2.
2506 4501 2728 4557 Tramite
2768 4503 2938 4556 devios
2983 4500 3189 4555 abducit
3224 4497 3567 4573 ignorantia.]
3607 4503 3804 4558 Errant

2210 4575 2422 4644 quidem
2446 4573 2689 4627 homines
2714 4574 2971 4644 prmcipiti
2995 4573 3363 4644 assumptione
3386 4584 3634 4637 putantes
3659 4590 3803 4627 sum-

2212 4642 2357 4698 mum
2386 4647 2580 4699 bonum
2612 4644 2814 4698 versari
2860 4644 2912 4696 in
2944 4642 3166 4702 divitiis.
3201 4643 3562 4707 voluptatibus
3599 4659 3805 4711 corpo-

2211 4716 2309 4779 ris,
2338 4725 2391 4769 et
2420 4716 2630 4769 caeteris
2659 4714 2958 4782 ejusmodi,
3004 4722 3060 4766 ut
3090 4713 3285 4780 saepius
3316 4712 3518 4767 dictum
3548 4724 3632 4768 est
3660 4732 3675 4768 :
3714 4714 3805 4769 sed

2210 4801 2369 4840 causa
2397 4785 2546 4841 istius
2573 4786 2773 4840 erroris
2802 4784 3096 4854 ignorantia
3128 4793 3210 4838 est
3237 4801 3250 4835 :
3291 4791 3350 4836 ut
3373 4786 3541 4848 enim,
3572 4800 3807 4853 praeser-

2214 4858 2308 4911 tim
2342 4857 2392 4910 in
2424 4856 2786 4924 Philosophia.
2814 4854 3047 4925 cognitio
3072 4854 3214 4908 clara
3242 4863 3297 4907 et
3324 4854 3570 4909 distincta
3617 4856 3697 4909 ita
3729 4864 3807 4909 est

2216 4927 2454 4982 veritatis
2481 4927 2684 4995 regula,
2714 4935 2768 4980 ut
2788 4926 2833 4979 si
2866 4926 3002 4979 hanc
3024 4940 3330 4994 sequamur,
3359 4939 3632 4992 nunquam
3658 4943 3805 4980 erre-

2215 5014 2359 5063 mus;
2405 4997 2481 5051 sic
2521 4996 2818 5067 ignorantia
2864 4997 2932 5050 ita
2981 5004 3067 5050 est
3108 4996 3307 5051 erroris
3353 4996 3721 5064 principium,
3752 5008 3805 5049 ut

2216 5083 2483 5139 nunquam
2512 5082 2772 5133 erremus,
2802 5068 2904 5139 nisi
2934 5068 3056 5135 quia
3084 5067 3412 5139 ignoramus.

2286 5133 2428 5194 5.’Ν
2435 5156 2499 5192 οη
2526 5154 2712 5191 aurum
2732 5140 2785 5191 in
2808 5133 2964 5191 viridi
2988 5133 3214 5208 qttteritis
3244 5133 3474 5208 arbore}
3511 5137 3722 5190 Aurum
3757 5138 3804 5189 in

2214 5211 2509 5265 visceribus
2540 5223 2723 5273 terrm,
2755 5225 2858 5262 non
2883 5210 2934 5263 in
2961 5208 3264 5271 arboribus,
3296 5208 3586 5275 prmSertim
3623 5210 3807 5261 viren-

2215 5281 2377 5347 tibus,
2400 5282 2641 5350 generari
2668 5279 2843 5341 solet.
2874 5279 3013 5347 quod
3044 5294 3143 5334 nec
3182 5292 3371 5333 semen
3414 5279 3526 5332 auri
3555 5278 3669 5331 huc
3715 5277 3808 5330 ad-

2213 5354 2355 5418 duci,
2392 5366 2493 5407 nec
2516 5352 2802 5407 adductum
2831 5350 3046 5405 formari
3076 5356 3264 5417 possit.

2286 5416 2351 5477 ιζ
2376 5422 2486 5475 Nec
2517 5423 2613 5475 vite
2642 5439 2864 5491 gemmas
2893 5416 3146 5493 carpitis.]
3181 5418 3418 5475 Uniones
3442 5418 3493 5473 in
3524 5416 3687 5493 terris
3715 5425 3805 5471 aut

2220 5494 2272 5547 in
2314 5494 2486 5561 aquis,
2521 5488 2710 5546 nonin
2745 5494 2934 5559 plantis
2970 5488 3361 5545 consueverunt
3389 5488 3639 5559 reperiri,
3678 5501 3805 5555 pro-

2214 5572 2336 5632 pter
2356 5562 2659 5631 prmdictam
2694 5566 2759 5617 de
2778 5579 2907 5617 auro
2931 5565 3212 5618 rationem.

2288 5629 2497 5688 5.7Non
2523 5634 2639 5687 altis
2672 5631 2896 5702 laqueos,
2932 5632 3059 5700 etc.]
3104 5632 3357 5687 Homines
3388 5648 3490 5687 non
3520 5629 3804 5702 piscantur

2217 5705 2269 5759 in
2302 5720 2459 5771 acre,
2507 5719 2605 5759 nec
2632 5699 2789 5773 apros
2819 5699 3076 5759 venantur
3103 5704 3157 5757 itt
3199 5706 3353 5757 tnari.
3382 5703 3498 5758 Haec
3527 5699 3802 5773 abhomni

2216 5770 2492 5831 hominum
2519 5770 2837 5844 cogitatione
2863 5775 2996 5829 adeo
3024 5775 3197 5829 aliena
3231 5785 3375 5838 sunt,
3409 5785 3459 5827 ut
3480 5770 3655 5838 adagii
3681 5772 3801 5824 loco

2217 5855 2539 5918 usurpentur
2570 5848 2634 5901 ad
2673 5846 3034 5921 signiﬁcanda
3057 5861 3160 5915 eos,
3194 5845 3366 5916 inquit
3392 5845 3636 5900 Erasmus
3662 5881 3676 5903 ,
3714 5844 3799 5913 qui
