3984 6382
181 314 274 371 755
1072 309 1154 364 DE
1194 306 1712 367 CONSOLATIONE
1753 304 1767 361 l

1896 299 2226 360 .osomw
2291 302 2420 357 ue.
2464 300 2566 369 111.1

1791 425 1844 486 Α
1868 417 1955 473 eo.

392 426 458 481 Ut
482 426 627 496 pisce
653 426 836 481 ditetis
862 424 1049 496 dapes.

313 520 473 594 215
516 520 624 577 Nec
654 522 807 575 vobis
831 535 1052 590 capreas
1082 521 1127 575 si
1158 519 1318 575 libeat
1348 519 1521 589 sequi,

383 613 663 684 Tyrrhena
699 615 924 683 captatis
956 612 1111 667 vada.

314 707 463 777 Ipsos
492 706 619 775 quin
652 707 811 770 etiam
840 706 1090 760 ﬂuctibus
1114 704 1325 761 abditos

179 800 238 853 10
358 798 565 853 Norunt
593 811 840 853 recessus
864 798 1093 867 tequoris
1122 842 1136 865 ,

308 891 441 958 Quae
463 890 689 960 gemmis
720 890 889 945 niveis
916 888 1055 943 unda
1083 888 1334 954 feracior,

388 984 482 1038 Vel
512 1000 631 1055 qua:
665 982 907 1038 rubentis
939 997 1205 1051 purpurae,

310 1074 421 1129 Nec
452 1090 559 1129 non
592 1089 709 1139 quae
744 1084 929 1128 tenero
959 1074 1123 1143 pisce,
1156 1072 1239 1127 vel
1268 1070 1471 1142 asperis

392 1166 659 1219 Prwstent
684 1165 893 1220 echinis
925 1163 1127 1221 littora.
1218 1202 1219 1205 η

178 1260 228 1315 15
281 1260 449 1330 216
504 1258 612 1313 Sed
639 1274 871 1329 quonam
906 1258 1091 1321 lateat,
1121 1255 1264 1326 quod
1287 1256 1509 1326 cupiunt
1540 1255 1754 1320 bonum,

381 1348 597 1403 Nescire
625 1349 752 1402 caeci
782 1348 1071 1412 sustinent,

311 1438 395 1503 Et,
423 1440 564 1507 quod
597 1439 915 1493 stelliferum
945 1447 1098 1492 trans
1126 1437 1254 1493 abiit
1280 1438 1478 1507 polum,

378 1530 598 1585 Tellure
619 1531 853 1586 demersi
885 1539 1089 1599 petunt.

313 1624 449 1690 Quid
484 1624 702 1695 dignum
729 1625 935 1680 stolidis
964 1623 1233 1679 mentibus
1261 1620 1557 1693 imprecer?

3350 291 3451 347 754

2086 417 2247 485 Opes,
2283 416 2516 471 honores
2541 412 2797 477 ambiant,

2009 512 2074 567 Et
2104 528 2225 566 cum
2256 510 2385 565 falsa
2416 508 2562 578 gravi
2596 506 2735 561 mole
2766 502 3095 575 paraverint,

2083 602 2216 655 Tum
2247 613 2371 654 vera
2402 603 2730 667 cognoscant
2751 594 2912 650 bona.

2388 734 2545 806 217
2588 732 2809 788 PROSA
2852 730 2971 819 IX.‘

1867 854 2261 908 Ancuunnrnu.
2286 877 2354 889 -ο
2382 848 2727 916 Philosophia
2765 861 2904 898 nunc
2937 854 3090 916 utens»
3121 840 3453 916 transitione,

1942 941 2041 983 qua
2068 934 2112 975 et
2139 923 2273 975 dicta
2301 920 2581 981 recordari,
2605 913 2661 970 et
2695 918 2906 969 dicenda
2937 914 3213 983 praevidere
3237 913 3453 976 videtur,

1943 980 2107 1057 addit,
2140 995 2356 1063 capiam,
2389 980 2687 1063 potentiam,
2718 980 3068 1063 reverentiam,
3094 984 3456 1063 celebritatem,

1944 1074 1991 1117 et
2010 1054 2401 1135 jucunditatem'
2426 1060 2608 1135 summi
2658 1060 2773 1111 boni
2800 1056 3153 1135 prOpriet‘ates
3194 1070 3299 1109 esse
3314 1054 3459 1135 .adeo

1940 1125 2236 1189 individuus
2257 1174 2269 1197 ,
2301 1144 2355 1186 ut
2387 1144 2501 1200 pote
2526 1131 2696 1201 plures
2722 1134 2885 1201 unius
2903 1127 3229 1201 ejusdemque
3250 1125 3325 1201 rei
3350 1140 3460 1201 mo-

1942 1206 2063 1269 dos,
2110 1216 2162 1258 ut
2188 1194 2479 1275 quicunque
2526 1194 2828 1275 assumenda
2870 1194 2963 1251 has
2994 1194 3169 1275 illlasve
3194 1195 3342 1275 rebus
3380 1194 3457 1275 di-

1942 1265 2096 1330 versis
2127 1265 2375 1338 attribuit,
2396 1265 2491 1327 'hic
2515 1270 2917 1343 pra’cipitatione
2942 1268 3016 1321 vel
3043 1266 3345 1338 pra’judicid
3372 1265 3460 1319 de-

1944 1349 2086 1400 lusus
2117 1348 2350 1417 fallatur.

1947 1439 1963 1468 ¹
1996 1416 2263 1492 Hactenus
2301 1434 2575 1491 mendacis
2606 1434 2832 1487 formam
2859 1416 3130 1485 felicitatis
3158 1426 3461 1482 ostendisse

1870 1528 2163 1596 suliecerit,
2197 1543 2355 1599 quam
2386 1528 2432 1582 si
2460 1530 2482 1562 θ
2516 1526 2898 1596 perspicaciter
2928 1520 3150 1577 intueris
3170 1565 3184 1589 ,
3217 1521 3350 1575 ordo
3377 1528 3462 1575 est

1871 1622 2157 1692 deinceps,
2187 1638 2307 1692 qua:
2345 1622 2416 1677 sit
2454 1635 2581 1676 vera
2619 1626 2941 1674 monstrare.
2976 1617 3134 1687 Atqui
3166 1614 3338 1680 video,
3375 1613 3455 1667 in-

1533 1755 1599 1811 ΙΝ
1608 1754 2113 1815 ΪΕΒΡΒΕΤΔΤΙΟ.

174 1872 420 1924 montibus
442 1870 581 1936 altis,
615 1883 667 1925 ut
712 1873 915 1925 addatis
938 1874 1125 1943 piscem
1151 1874 1337 1943 epulis.
1373 1872 1552 1941 Neque
1587 1875 1636 1925 111
1680 1891 1757 1927 re-
1789 1877 1839 1938 Β
1868 1891 1964 1931 nes
2004 1892 2106 1929 non
2136 1876 2473 1947 indignantur
2510 1889 2569 1930 se
2610 1874 2879 1942 ignorare,
2925 1869 3134 1923 ubinam
3180 1866 3461 1920 occultetur

174 1942 351 1993 dimmi
383 1959 522 1995 mare
550 1941 871 1997 Turrheuum
890 1986 904 1997 .
935 1945 979 1996 si
1005 1945 1154 1997 vultis
1180 1946 1352 1997 venari
1378 1962 1609 1997 capreas.
1640 1893 1755 1997 gnto
1865 1945 2075 1997 bonum-
2103 1949 2240 1997 auod
2265 1948 2589 1997 desiderant:
2618 1939 3178 1997 auodauetranscendit
3200 1938 3461 1997 olympum

173 1942 351 1993 dimmi
383 1959 522 1995 mare
550 1941 871 2012 Tyrrhenum
890 1986 904 2008 ,
935 1941 979 1996 si
1005 1945 1154 1997 vultis
1180 1941 1352 1998 t‘enari
1378 1962 1609 2011 capreas.
1640 1941 1755 1999 11110

170 2028 281 2063 t'ero
309 2013 554 2066 homines
578 2025 887 2084 cognoscunt
929 2016 1065 2078 ipsos
1108 2032 1329 2069 secenas
1355 2018 1511 2068 maris
1545 2018 1757 2070 abscon-

168 2084 298 2135 ditos
326 2085 472 2152 aquis
500 2101 518 2138 :
549 2095 883 2139 caunoscunt
912 2102 1144 2155 quamam
1170 2104 1303 2153 aqua
1328 2086 1671 2139 abundantior
1692 2090 1759 2141 sit

170 2155 813 2228 unionumcondidorum,
856 2168 945 2208 aut
976 2174 1209 2225 quietiam
1250 2158 1604 2212 abundantior
1632 2176 1758 2228 pur-

170 2241 304 2290 purae
350 2225 556 2288 rubrae,
604 2238 933 2296 cognoscunt
976 2244 1210 2296 quamam
1250 2231 1411 2281 maria
1454 2225 1759 2283 antecellunt

171 2296 385 2362 piscibus
419 2297 677 2362 mollibus,
710 2307 800 2350 aut
825 2298 1015 2352 echinis
1042 2300 1299 2352 crustatis.
1338 2303 1404 2352 At
1434 2302 1552 2353 111νεὶ
1584 2300 1758 2355 homi-

1865 1945 2076 2010 bonum,
2103 1938 2589 2015 quod'desiderant;
2618 1938 2852 2015 quodque
2861 1939 3178 2015 transcendit
3200 1938 3461 2015 olympum

1864 2007 2185 2083 stellantem,
2222 2018 2349 2071 illud
2382 2018 2433 2070 in
2467 2007 2872 2069 terris'involuti
2910 2019 3163 2083 quarunt.
3206 2007 3343 2073 Quid
3380 2009 3460 2059 in-

1868 2088 2023 2157 fausti
2056 2080 2255 2154 petam,
2296 2090 2507 2158 dignum
2546 2086 2717 2158 stultis
2756 2082 3036 2135 mentibus?
3079 2080 3285 2133 Utinam
3314 2092 3463 2158 quie-

1864 2156 1980 2213 rant
2014 2162 2235 2229 undique
2261 2156 2464 2213 divitias
2505 2168 2551 2211 et
2581 2156 2797 2229 honores
2819 2195 2833 2219 ,
2866 2168 3082 2222 cumque
3110 2157 3463 2229 accuratilave-

1868 2231 1969 2283 rint
2016 2220 2164 2284 bona
2191 2232 2325 2301 falsa
2365 2244 2554 2302 magno
2603 2228 2803 2292 labore,
2850 2234 2958 2278 tum
2997 2220 3285 2294 agnoscunt
3331 2220 3463 2273 bona

1867 2316 1985 2355 vera
1995 2344 2006 2356 .

1717 2432 1947 2491 NOTIE.

180 2551 473 2616 prapostere
514 2545 585 2616 ibi
608 2553 844 2614 quierunt
872 2545 1099 2614 aliquid,
1128 2547 1214 2600 ubi
1244 2564 1305 2600 ne
1328 2547 1526 2616 sperari
1552 2548 1756 2611 quidem

185 2615 322 2685 possit
354 2630 371 2670 :
404 2624 459 2665 ut
485 2615 529 2667 si
556 2617 669 2681 quis
697 2616 749 2667 in
777 2616 1160 2685 magistratibus
1201 2619 1352 2670 vitam
1402 2618 1755 2685 tranquillam,

184 2683 227 2734 111
255 2685 595 2755 raluptatibus
627 2683 937 2748 berttam,_in
966 2688 1142 2755 opibus
1172 2688 1365 2755 felicem
1395 2683 1609 2755 quierat.
1643 2687 1753 2741 Ila-

178 2768 261 2828 que
300 2753 531 2828 Libanys
572 2772 743 2810 servus
789 2758 953 2826 (apud
996 2753 1241 2811 Plautum
1290 2760 1341 2811 in
1390 2753 1650 2828 Asinaria)
1695 2758 1757 2811 ab

173 2821 289 2900 hero
333 2840 425 2900 suo
459 2825 746 2900 Dema'neto
782 2821 957 2896 jussus
980 2871 992 2891 ,
1027 2838 1080 2880 ut
1108 2845 1320 2900 uxorem
1346 2830 1505 2895 ipsius
1550 2821 1759 2900 argento

172 2895 497 2968 defraudem
517 2939 531 2961 ,
564 2895 864 2965 signiﬁcans
890 2900 1032 2952 nulla
1062 2900 1259 2952 ratione
1289 2899 1400 2967 fieri
1431 2916 1576 2968 posse
1596 2895 1630 2963 ,⁷
1651 2909 1706 2953 111
1732 2917 1766 2951 a

171 2964 386 3039 muliere
429 2964 747 3020 tenacissima
796 2970 1074 3036 quidquam
1120 2964 1453 3039 auferretur}
1484 2970 1636 3034 Jube,
1678 2972 1763 3023 in-

171 3036 293 3111 quit,
321 3053 424 3111 una
450 3054 528 3089 me
554 3056 709 3111 opera
737 3041 924 3109 piscari
950 3042 1002 3093 in
1032 3058 1165 3109 aere,
1193 3036 1373 3095 ivenari
1398 3050 1569 3094 autent
1586 3041 1765 3111 jaculo

173 3107 221 3156 in
243 3108 415 3159 medio
441 3110 589 3161 mari.

236 3178 301 3251 8._
330 3176 598 3251 Tyrrhena
618 3179 796 3250 vada.]
822 3180 968 3235 Mare
993 3180 1348 3251 Tyrrhenum:
1372 3190 1454 3236 est
1475 3192 1650 3235 autem
1678 3183 1765 3236 illa

175 3248 336 3301 maris
367 3248 741 3304 Mediterranei
772 3248 929 3319 pars,
972 3248 1089 3319 qtae
1120 3253 1469 3305 meridionale
1498 3252 1661 3307 Italia:
1690 3253 1766 3305 la-

176 3328 271 3392 tus,
300 3321 445 3392 sicut
471 3320 619 3374 sinus
642 3322 948 3392 Adrriaticus
969 3323 1384 3392 septentrionale
1406 3323 1557 3377 alluit
1581 3342 1591 3375 :
1623 3324 1767 3379 unde

178 3386 269 3442 hoc
291 3391 588 3457 Superum,
609 3391 733 3444 illud
764 3392 991 3447 lnlernm
1018 3386 1164 3448 mare
1190 3406 1434 3448 vocatur.
1462 3394 1534 3449 l)e
1561 3395 1659 3449 hoc
1690 3395 1770 3449 lo-

181 3460 357 3527 quitur
390 3461 575 3529 Virgil.
607 3478 621 3515 1
654 3461 806 3526 Em,
840 3479 893 3517 ν.
920 3465 981 3519 “ll
1014 3481 1026 3515 :

294 3554 436 3603 Gens
454 3555 647 3603 inimica
674 3557 788 3605 mihi
813 3555 1121 3619 Tyrrhenum
1156 3559 1350 3619 navigat
1372 3570 1556 3621 :equor.

245 3638 303 3713 l__l
340 3636 516 3713 et
564 3635 790 3713 Geminis
839 3640 1057 3708 feracior
1081 3640 1174 3713 pel
1215 3641 1438 3713 rubentis
1485 3639 1770 3713 purpuran]

182 3705 323 3760 Valla
352 3706 569 3773 quidem
599 3712 673 3762 ait
704 3705 880 3764 rarum
913 3725 1033 3765 esse
1062 3711 1195 3763 duos
1224 3726 1392 3775 casus,
1426 3705 1546 3765 licet
1576 3705 1644 3765 ab
1673 3705 1769 3767 eo:

174 3775 295 3849 dem
330 3792 577 3831 seorsum
625 3782 731 3844 regi
763 3781 999 3849 possint,
1050 3795 1171 3834 cum
1202 3781 1390 3835 eodem
1435 3782 1593 3835 simul
1637 3796 1770 3837 con-

174 3846 317 3922 jttngi
352 3865 367 3902 :
400 3858 457 3922 ut
486 3850 569 3903 hic
598 3846 1019 3921 conjunguntur,
1052 3854 1261 3921 gemmis
1292 3862 1337 3904 et
1364 3867 1607 3922 purpuris
1632 3857 1770 3922 {era-

174 3920 282 3971 cior
311 3938 331 3972 :
372 3919 420 3994 id
457 3931 632 3975 tamen
668 3919 919 3976 vitioSum
961 3919 1068 3976 non
1106 3933 1221 3985 est;
1261 3923 1400 3990 quod
1439 3919 1489 3994 in
1529 3919 1770 3994 syntaxi,

174 4004 338 4057 quam
371 3990 647 4059 ﬁguratam
672 4002 883 4053 vocant.
916 4008 1018 4046 non
1048 4003 1151 4047 t-tm
1177 4008 1334 4046 voces
1356 3990 1768 4063 conjungantur,

176 4074 336 4128 quam
372 4076 557 4114 earum
600 4078 808 4117 sensus.
846 4064 934 4119 Sic
978 4064 1153 4117 Tullio
1180 4065 1374 4117 dicitur
1404 4083 1416 4117 :
1446 4065 1543 4117 emi
1572 4074 1773 4117 centum

172 4134 347 4184 aureis
372 4142 419 4204 et
453 4133 631 4195 pluris.
668 4134 758 4187 Est
788 4149 916 4188 vero
944 4150 1174 4203 purpura
1204 4135 1418 4201 proprie
1444 4136 1661 4189 COItChtB
1682 4150 1775 4204 ge-

175 4216 298 4265 nus,
333 4202 490 4271 cujus
524 4204 728 4273 liquore
755 4216 930 4259 vestes
957 4206 1081 4257 olim
1114 4205 1489 4273 tingebanlur:
1528 4202 1772 4259 111111011-

175 4286 407 4339 quorem
457 4275 713 4341 nigrantis
761 4291 897 4329 10810
947 4282 1124 4329 colore
1155 4277 1436 4330 sublucere
1467 4276 1625 4330 docet
1672 4277 1776 4331 1³11-

173 4344 298 4397 nius
327 4347 362 4396 Ι.
389 4359 461 4399 ις.
487 4359 535 4397 c.
567 4345 655 4407 56.
681 4346 820 4400 unde
850 4361 991 4400 nunc
1018 4360 1239 4399 vocatur
1261 4346 1442 4399 rubens
1467 4362 1485 4399 :
1508 4349 1773 4401 cztruleus

176 4425 388 4480 tamen,
424 4416 727 4477 violaceus,
760 4426 815 4471 et
843 4421 1144 4486 quicunque
1174 4418 1437 4470 lormosus
1467 4418 1619 4471 color
1665 4434 1774 4473 non

173 4498 303 4538 raro
342 4485 553 4559 dicitur
596 4485 928 4554 purpureus:
960 4490 1036 4541 sic
1061 4485 1301 4551 'lluctus,
1354 4489 1543 4551 violae,
1583 4499 1633 4541 i-t
1682 4504 1774 4559 ge-

173 4558 413 4629 neratim
447 4556 607 4612 ﬂores
638 4573 823 4613 omnes
866 4568 1126 4613 vocantur
1166 4559 1416 4628 purpurei
1448 4577 1460 4612 :
1503 4559 1640 4613 sicut
1662 4556 1773 4629 jam

172 4624 383 4680 dictum
413 4637 516 4681 est.

256 4698 325 4770 1ξ1
354 4710 401 4770 et
437 4698 522 4753 Η.
558 4699 877 4770 Ωιιωγιεηετο
901 4702 1035 4770 pisce
1059 4698 1136 4753 vel
1157 4700 1350 4769 asperis
1375 4708 1609 4767 praestent
1635 4702 1773 4755 echi-

170 4766 324 4840 nis.}
343 4768 801 4835 Quemadmodum
830 4766 1053 4826 canente
1084 4766 1323 4840 Virgilio,
1356 4766 1455 4824 non
1483 4772 1646 4824 omnis
1676 4773 1773 4840 [ert

167 4839 359 4890 omnia
383 4840 565 4904 tellus,
618 4841 695 4895 sic
745 4858 850 4895 non
905 4843 1083 4896 omnia
1135 4839 1312 4895 littora
1354 4856 1541 4896 omnes
1594 4839 1771 4897 ferunt

164 4908 396 4977 pisces;
450 4911 559 4964 illic
609 4913 831 4975 molles,
886 4914 973 4968 hic
1033 4912 1239 4967 felicius
1290 4915 1506 4967 \eniunt
1551 4914 1769 4968 crustaii

166 4979 383 5053 pisces.
417 4981 652 5036 Echinus
676 4984 969 5052 generatim
994 4994 1076 5039 est
1106 4984 1270 5038 bestia
1299 4984 1504 5051 asperis
1535 4984 1770 5053 undique

168 5051 398 5117 capillis
438 5061 639 5107 armata
665 5051 836 5108 z'hinc
882 5066 1101 5124 pr0pter
1129 5054 1413 5121 quamdam
1465 5051 1771 5108 similitudi-

167 5137 311 5174 nem
340 5125 613 5190 spinosum
646 5135 911 5180 castanem
951 5128 1257 5194 operculum
1281 5168 1293 5185 .
1326 5140 1423 5179 nec
1454 5141 1558 5179 non
1604 5130 1766 5180 etiam

166 5206 434 5266 asperum
458 5197 724 5263 quoddam
755 5198 1124 5251 architectura:
1155 5211 1288 5263 opus
1312 5198 1607 5266 appellatur
1626 5196 1769 5250 echi-

165 5278 308 5314 nus.
335 5264 444 5336 Sed
478 5267 673 5330 bestia,
706 5283 823 5336 qua:
853 5278 1072 5320 Vocatur
1114 5264 1360 5329 echinus,
1406 5266 1508 5319 alia
1539 5277 1619 5321 est
1665 5281 1772 5322 terv

167 5332 395 5407 restris,
426 5337 528 5407 alia
563 5332 786 5391 marina.
836 5338 1069 5392 Echinus
1103 5341 1370 5392 terrestris
1402 5339 1577 5405 capite
1624 5341 1773 5407 pedi-

170 5404 397 5473 busque
428 5404 673 5474 implexis
698 5409 839 5476 globi
877 5411 1110 5477 speciem
1153 5412 1218 5461 ita
1265 5408 1436 5461 induit
1461 5404 1771 5473 aliquando,

169 5483 243 5526 ut
305 5478 600 5533 anteriores
647 5480 1077 5548 posteriorcsque
1132 5482 1247 5546 ejus
1294 5490 1471 5547 partis
1517 5481 1773 5548 distingui

166 5558 301 5620 non
342 5550 564 5611 possint.
613 5549 845 5603 Marinus
891 5560 1065 5605 autem
1096 5550 1339 5615 echinus,
1380 5551 1579 5618 judicio
1608 5550 1775 5620 ipsius

166 5615 514 5692 _A_ristotelis,
544 5620 599 5692 in
625 5623 799 5674 cibum
831 5623 1028 5692 apponi
1054 5622 1225 5673 solet:
1260 5615 1490 5673 Thomas
1520 5615 1777 5685 Anglicus

168 5684 287 5738 hic
317 5690 507 5754 piscem
542 5690 680 5743 hunc
712 5684 1046 5746 male'vocat
1092 5706 1374 5753 remoram,
1425 5706 1544 5755 qua:
1581 5684 1781 5746 dicitur

169 5757 441 5821 echeneis,
459 5763 714 5824 deceptus
729 5763 977 5816 videlicet
991 5762 1339 5816 similitudine
1352 5762 1732 5817 vocabulorum
1760 5780 1782 5818 ;

176 5827 396 5918 neelius
429 5832 679 5885 Horatius
712 5834 870 5887 Satir.
906 5833 941 5886 Ι.
966 5850 1022 5897 ll,
1052 5834 1248 5887 salui:

305 5920 397 5970 Sed
425 5935 517 5972 non
536 5935 681 5972 omne
703 5937 835 5974 mare
858 5932 932 5974 est
957 5939 1213 5987 generosa:
1239 5924 1402 5974 fertile
1428 5931 1584 5976 testa.

1993 2549 2177 2599 Murice
2201 2549 2382 2609 Baiano
2404 2548 2586 2597 melior
2608 2546 2817 2596 Lucrina
2845 2546 3035 2596 Peloris
3061 2560 3074 2596 :

1994 2612 2170 2660 Ostrea
2197 2612 2413 2671 (lit‘cmis,
2441 2611 2629 2659 Miseno
2653 2612 2876 2658 oriuntur
2900 2610 3089 2671 echini;

1995 2673 2282 2722 Pectinibus
2306 2671 2482 2735 patulis
2499 2674 2647 2733 jactat
2669 2685 2723 2720 se
2750 2670 2897 2719 molle
2915 2670 3201 2719 Tarentum.

1944 2757 2033 2809 i7.
2072 2756 2389 2824 Stelliferum
2416 2766 2555 2809 trans
2581 2756 2704 2808 abiit
2742 2752 2965 2824 polum]
3001 2754 3094 2807 Est
3123 2755 3264 2807 enim
3296 2754 3461 2808 Deus.

1944 2828 2032 2881 18.
2069 2826 2273 2881 Tellure
2315 2828 2533 2881 demersi
2562 2824 2779 2895 petunt.]
2827 2827 2879 2877 lu
2911 2824 3071 2877 rebus
3100 2825 3314 2877 caducis
3340 2825 3461 2877 ani-

1872 2914 1984 2950 mus
2014 2913 2080 2951 ea:
2107 2898 2358 2951 altissimo
2383 2898 2642 2951 domicilio
2666 2897 2937 2964 depressus
2965 2904 3010 2948 et
3031 2897 3179 2962 quasi
3210 2895 3466 2947 demersus

1874 2970 1925 3020 in
1953 2978 2165 3033 terram,
2191 2980 2249 3021 ut
2273 2970 2505 3035 loquitur
2523 2967 2748 3035 Tullius,
2774 2966 2905 3021 falsa
2926 2967 3295 3034 assumptione
3319 2971 3468 3034 putat

1873 3040 2079 3092 Versari
2114 3054 2383 3093 summum
2412 3040 2632 3092 bonum.

1947 3110 2032 3163 l9.
2085 3109 2223 3173 Quid
2265 3105 2576 3178 imprecen]
2623 3105 2913 3179 Imprecari
2952 3115 3034 3161 est
3087 3106 3286 3179 aliqum
3336 3104 3465 3179 mali

1850 3180 1927 3233 -in
1951 3190 2135 3305 6ceauput
2174 3180 2399 3249 alicujus
2444 3176 2673 3249 precari.
2709 3176 2825 3235 ‘Sic
2876 3176 3062 3247 Virgil.
3117 3192 3167 3231 tv
3209 3176 3465 3242 [Eneidu

1873 3267 1925 3305 v.
2080 3266 2093 3279 ·
2930 3302 2933 3305 λ

1792 3275 1838 3338 C
1873 3267 1925 3305 V.
1951 3266 2093 3305 OZU’

2000 3361 2184 3413 Littora
2204 3363 2449 3412 littoribus
2466 3365 2707 3411 contraria
2722 3402 2735 3425 ,
2758 3364 2986 3412 ﬂuctibus
3010 3362 3165 3410 undas

1998 3425 2267 3487 lmprecor,
2294 3436 2425 3473 arma
2446 3426 2593 3475 armis
2615 3438 2629 3475 :
2658 3432 2882 3488 pugnent
2907 3426 3099 3487 ipsique
3124 3430 3349 3485 nepotes.

1944 3516 2035 3571 20.
2074 3517 2239 3580 Opes,
2270 3516 2484 3588 honores
2531 3518 2802 3587 ambiant.|
2849 3517 3219 3572 (.‘ircumeundo
3262 3518 3464 3588 supplic

1876 3600 1987 3642 cent
2008 3604 2028 3642 :
2054 3589 2222 3643 ambio
2248 3587 2389 3642 enim
2419 3588 2613 3642 dicitur
2637 3590 2704 3642 ab
2725 3589 2868 3642 ambe
2887 3590 3113 3646 circum.
3139 3598 3193 3643 et
3222 3604 3299 3648 eo.
3323 3587 3471 3658 quod

1878 3659 2103 3713 Romani
2136 3658 2367 3729 undique
2396 3659 2536 3714 irent
2558 3659 2898 3729 populorum,
2932 3671 3021 3713 aut
3043 3659 3203 3714 etiam
3230 3660 3472 3723 judicum

1881 3730 2146 3796 captatori
2170 3728 2415 3798 sull‘ragia
2446 3748 2457 3781 :
2491 3728 2671 3784 ethoc
2697 3739 2781 3783 est
2807 3731 3025 3795 malum,
3057 3731 3198 3799 quod
3233 3729 3475 3783 Philosoc

1879 3800 2002 3869 phia
2052 3802 2105 3853 in
2153 3809 2312 3867 caput
2363 3801 2635 3854 hominum
2682 3800 2998 3869 stolidorutn
3046 3810 3338 3869 precatur:
3378 3800 3472 3859 sed

1878 3870 2000 3938 quia
2033 3884 2137 3923 non
2168 3872 2322 3924 decet
2356 3870 2757 3939 Philosophiam
2780 3911 2795 3933 ,
2840 3872 3148 3939 magistram
3182 3871 3327 3923 illam
3358 3872 3471 3923 vir-

1879 3950 2074 4005 tutum,
2106 3940 2389 4009 impiecari
2420 3941 2655 4006 malum,
2686 3942 2785 3994 nisi
2818 3951 3035 4010 propter
3064 3944 3294 4005 bonum,
3328 3940 3471 4009 quod

1879 4025 1941 4065 et:
1977 4011 2076 4064 hoc
2102 4012 2229 4064 oriri
2266 4012 2454 4079 possit,
2486 4012 2653 4066 addit.

1949 4080 2145 4153 21.12},
2184 4098 2298 4135 cum
2331 4084 2457 4150 [also
2488 4083 2815 4153 paraverint,
2865 4091 2974 4135 tum
3012 4097 3131 4135 vera
3168 4090 3474 4153 cognoscant

1882 4151 2057 4224 bona.]
2110 4152 2369 4222 Exemplo
2420 4151 2625 4208 scilicet
2671 4154 3001 4218 Salomonis,
3053 4154 3141 4222 qui
3195 4151 3473 4221 postquam

1880 4223 2130 4277 omnibus
2178 4224 2448 4288 prmdictis
2496 4226 2651 4279 bonis
2697 4223 2913 4291 impiam
2962 4238 3178 4292 operam
3210 4224 3471 4289 dedisset,

1881 4294 2098 4347 tandem
2144 4294 2428 4362 aliquando
2469 4296 2535 4349 ad
2579 4296 2741 4350 Deum
2775 4294 2963 4359 rediit,
2996 4293 3333 4354 exclamans,
3369 4292 3476 4346 Va-

1879 4365 2013 4418 nitas
2037 4364 2316 4418 vanitatum
2339 4375 2386 4419 et
2413 4366 2585 4418 omnia
2616 4366 2832 4419 vanitas.
2860 4364 3017 4417 Gravi
3046 4364 3179 4417 mole
3205 4363 3476 4431 interpre-

1882 4444 2059 4489 tamur
2082 4452 2266 4504 magno
2290 4436 2462 4489 labore
2482 4452 2503 4489 :
2528 4452 2671 4501 nam,
2697 4446 2755 4490 ut
2782 4445 2907 4503 puto
2933 4450 3020 4489 me
3038 4435 3146 4503 jam
3173 4435 3472 4499 monuisse,

1882 4506 2042 4559 moles
2066 4508 2296 4574 primum
2329 4507 2521 4561 dicitur
2545 4508 2611 4565 de
2642 4507 2989 4571 corporibus,
3010 4520 3133 4573 qua:
3158 4504 3229 4557 ob
3261 4504 3474 4559 insitam

1883 4578 2235 4645 plurimarum
2270 4579 2498 4646 partium
2530 4580 2763 4648 quietem
2796 4575 3086 4630 dilllculter
3113 4577 3318 4648 moveri
3350 4590 3475 4646 pos-

1798 4664 1854 4725 D
1880 4658 2006 4725 sunt
2032 4666 2043 4700 :
2076 4648 2233 4725 unde
2249 4664 2354 4701 non
2388 4646 2563 4725 inepte
2603 4651 2772 4725 moles
2803 4648 3080 4725 derivatur
3106 4663 3133 4699 a
3163 4646 3350 4725 Graeco
3380 4668 3476 4725 μοι

1881 4719 2058 4783 κλένω,
2087 4720 2306 4772 vectibus
2330 4720 2597 4774 submoveo
2626 4735 2642 4773 :
2670 4721 2793 4772 hinc
2826 4719 2959 4785 lapis
2985 4720 3171 4782 ingens
3204 4718 3306 4771 dici
3337 4718 3479 4774 solet

1882 4791 2093 4843 molaris
2123 4804 2142 4842 :
2172 4790 2294 4842 hinc
2314 4793 2475 4844 etiam
2503 4790 2673 4844 moliri
2698 4791 2836 4843 idem
2870 4799 2954 4842 est
2974 4792 3111 4857 quod
3138 4790 3337 4842 viribus
3366 4792 3479 4843 col~

1883 4860 2036 4915 lecuis
2083 4861 2281 4929 aliquid
2323 4875 2557 4915 movere.
2602 4862 2808 4915 Deinde
2853 4861 3010 4913 moles
3053 4869 3268 4927 promer
3296 4876 3477 4925 quam-

1881 4932 2004 4984 dam
2032 4931 2439 4986 similitudinem
2469 4932 2661 4986 dicitur
2700 4930 2767 4985 de
2810 4933 2954 4984 omni
2986 4933 3201 4999 negotio
3228 4930 3428 4985 dillicili
3458 4946 3471 4982 :

1880 5002 2018 5057 sicut
2043 5002 2186 5071 Virg.
2213 5018 2228 5056 t
2258 5000 2404 5067 IEn.,
2440 5018 2491 5055 v.
2522 5001 2588 5055 57
2614 5020 2627 5057 τ

2003 5114 2170 5164 Tantae
2191 5113 2332 5163 molis
2355 5120 2463 5163 erat
2486 5112 2756 5163 Romanam
2780 5113 2997 5163 condere
3024 5118 3248 5173 gentem.

1957 5222 1973 5252 ⁸
2010 5218 2314 5290 Hactenus.]
2362 5220 2399 5274 l.
2453 5220 2679 5288 Quidetn
2736 5220 3077 5288 Phil050phia
3126 5234 3264 5273 nunc
3317 5214 3480 5290 utitur

1885 5293 2228 5355 transitione,
2278 5287 2430 5359 cujus
2481 5287 2735 5361 lrequens
2777 5303 2859 5343 est
2888 5287 3134 5342 ct’ntilis
3184 5304 3310 5341 usus
3340 5287 3481 5361 ςιιι1111

1884 5374 2124 5416 oratores
2166 5373 2219 5415 et
2261 5375 2465 5425 poetas.
2513 5359 2600 5415 Sic
2639 5362 2851 5416 Tullius
2885 5378 2897 5413 :
2942 5361 3227 5425 Quoniam,
3279 5359 3480 5425 inquit,

1886 5435 1948 5486 de
1972 5450 2151 5502 genere
2171 5434 2288 5485 belli
2314 5434 2445 5498 dixi,
2470 5449 2604 5485 nunc
2628 5433 2693 5485 de
2717 5431 3070 5503 magnitudine
3096 5446 3258 5499 pauca
3286 5429 3477 5481 dicam.

1887 5505 1975 5560 Sic
1996 5503 2183 5573 Virgil.
2212 5520 2247 5557 11
2277 5503 2495 5573 Georg.,
2528 5519 2575 5556 v.
2610 5503 2634 5556 l
2666 5520 2677 5554 :

2009 5615 2262 5664 Hactenus
2286 5629 2507 5664 ari-orum
2534 5614 2692 5664 cultus
2720 5619 2774 5661 et
2796 5611 2956 5660 sidera
2978 5609 3116 5667 caeli,

2013 5678 2149 5726 Nunc
2170 5688 2237 5736 te,
2267 5677 2473 5730 Bacche.
2502 5690 2686 5734 ranam,
2713 5688 2814 5725 nec
2839 5685 2933 5720 non
2957 5670 3198 5736 silvesuia
3219 5678 3380 5718 tecum

2013 5732 2231 5801 Virgulta
2259 5748 2310 5787 et
2335 5738 2519 5799 prolem
2547 5732 2683 5787 tarde
2708 5736 2984 5785 crescentis
3011 5732 3172 5781 olivae.

2010 5844 2428 5915 Perspicaciler.|
2463 5850 2541 5899 An
2574 5859 2674 5899 vos
2709 5844 2816 5897 ista
2846 5839 3030 5896 Latina
3055 5836 3175 5895 est?
3221 5835 3479 5907 dicerem,

1893 5918 2176 5986 perspicue,
2204 5916 2474 5977 evidenter.
