3984 6382
544 388 647 442 755

1760 386 1876 444 AN.
1913 382 2124 442 MANL.
2162 381 2309 443 SEV.
2353 384 2582 443 BOETH

3706 386 3803 440 756

541 516 700 571 quam
730 511 778 564 α.
813 514 910 556 nec
936 501 1127 572 opibus
1153 499 1527 556 sufﬁcientiam
1548 542 1563 570 ,
1592 511 1695 554 nec
1716 500 1898 568 regnis
1926 507 2123 567 poten-
2152 498 2199 555 A
2231 496 2410 565 igitur,
2439 497 2581 568 quod
2604 505 2688 552 est
2712 510 2900 563 unum,
2925 498 3263 570 simplexque
3283 508 3494 567 natura,
3526 498 3547 538 ι
3579 500 3806 559 pravitas

542 595 691 658 tiam,
723 606 822 649 nec
847 596 1200 648 reverentiam
1229 592 1596 662 dignitatibus,
1623 606 1724 647 nec
1751 591 2119 646 celebritatem

511 686 741 755 ‘gloria,
773 686 857 756 (5)
887 700 988 740 nec
1030 685 1267 740 laetitiam
1312 686 1672 755 voluptatibus
1715 700 1871 753 posse
1914 684 2124 739 contin-

539 793 687 847 gere.
715 780 794 832 An
819 778 978 832 etiam
1002 793 1208 845 causas,
1232 794 1327 832 cur
1352 777 1404 832 id
1425 779 1496 832 ita
1519 778 1608 842 sit,
1631 776 2033 847 depreltendisti
2061 775 2121 828 οἳ

540 869 708 924 Tenui
759 868 971 936 quidem
1012 872 1175 925 veluti
1221 869 1410 924 rimula
1440 880 1461 907 ε
1496 870 1623 923 mihi
1665 869 1851 922 videor
1888 867 2122 927 intueri.

538 961 635 1016 sed
662 975 726 1014 ex
762 973 813 1014 te
838 958 863 996 ά
888 976 1212 1030 cognoscere
1247 961 1424 1014 malim
1468 960 1722 1027 apertius.
1752 961 1910 1028 Atqui
1942 975 2124 1028 prom-

537 1052 785 1121 ptissima
811 1052 949 1105 ratio
980 1060 1063 1107 est
1090 1061 1138 1106 °.
1168 1054 1184 1083 ¹
1220 1051 1370 1120 Quod
1405 1052 1546 1106 enim
1580 1052 1804 1119 simplex
1835 1063 1918 1105 est
1938 1092 1953 1116 ,
1988 1050 2120 1104 indi-

536 1143 817 1219 visumque
846 1155 1072 1208 natura,
1119 1143 1169 1197 id
1214 1157 1365 1198 error
1408 1143 1676 1198 humanus
1720 1150 1965 1213 separat,
2010 1152 2065 1197 et
2094 1159 2125 1196 a

538 1249 667 1289 vero
700 1246 859 1305 atque
907 1236 1143 1305 perfecto
1172 1238 1237 1290 ad
1279 1238 1469 1292 falsum
1503 1238 1977 1309 imperfectumque
2008 1237 2125 1309 (10)

538 1326 787 1381 traducit.
818 1332 897 1381 An
925 1339 979 1382 tu
1002 1328 1300 1393 arbitraris,
1326 1329 1467 1397 quod
1496 1329 1666 1384 nihilo
1688 1330 1940 1400 indigeat.
1964 1345 2124 1397 egere

538 1421 813 1487 potentia?
834 1422 1067 1489 Minime,
1090 1424 1304 1494 inquam
1323 1421 1367 1477 τ.
1390 1425 1555 1495 218
1574 1423 1737 1478 Recte
1756 1433 1810 1477 tu
1831 1424 2045 1492 quidem
2064 1432 2120 1476 8:

538 1525 664 1565 nam
704 1513 747 1565 si
778 1513 903 1582 quid
949 1524 1061 1578 est»,
1091 1514 1230 1583 quod
1274 1515 1328 1567 in
1359 1515 1464 1568 ulla
1496 1524 1553 1569 re
1582 1514 1948 1571 imbecillioris
1976 1513 1999 1551 ιι
2033 1528 2126 1569 va-

538 1599 718 1654 lentia:
747 1602 852 1665 sit,
894 1603 947 1656 in
989 1602 1088 1658 hac
1110 1604 1363 1672 praesidio
1396 1619 1616 1660 necesse
1640 1615 1724 1661 est
1748 1614 1903 1675 egeat
1925 1607 2121 1661 alieno.

538 1690 615 1745 Ita
641 1704 744 1761 est,
772 1696 985 1762 inquam
1021 1694 1065 1748 ί.
1097 1696 1261 1765 Igitur
1285 1697 1623 1752 sufﬁcientia:
1646 1685 1999 1767 potentiaeque
2019 1714 2122 1753 una

537 1795 619 1841 est
650 1787 944 1855 eademque
973 1798 1183 1842 natura.
1215 1788 1305 1845 Sic
1334 1790 1566 1845 videtur.
1599 1790 1751 1857 Quod
1778 1806 1909 1844 vero
1941 1791 2125 1859 hujus-

2228 587 2456 643 ltumana
2486 589 2763 659 dispertit,
2796 599 2882 656 et,
2909 591 3036 645 dum
3066 593 3181 657 rei,
3209 608 3327 661 quae
3352 594 3592 663 partibus
3630 601 3806 663 caret,

2228 689 2431 750 partem
2480 694 2705 736 conatur
2746 683 3005 751 adipisci,
3052 700 3150 739 nec
3188 684 3514 753 portionem,
3548 684 3666 757 (25)
3694 697 3813 756 quas

2229 773 2371 826 nulla
2400 782 2500 838 εμι,
2532 788 2630 829 nec
2663 778 2851 843 ipsam,
2874 792 3031 844 quam
3065 777 3288 832 minime
3310 777 3547 839 affectat,
3576 775 3814 847 assequi‘

2229 876 2335 920 tur.
2379 868 2644 934 Quonam,
2676 869 2925 938 inquam,
2960 870 3157 924 modo?
3182 871 3285 937 Qui
3324 872 3574 937 divitias,
3606 872 3804 939 inquit,

2230 962 2381 1026 petit,
2416 962 2653 1027 penuria:
2683 960 2826 1030 fuga,
2858 961 2929 1016 de
2950 963 3188 1029 potentia
3218 963 3351 1016 nihil
3383 963 3594 1017 laborat
3623 978 3636 1015 :
3672 962 3806 1026 vilis,

2228 1050 2598 1120 obscurusque
2620 1065 2739 1106 esse.
2766 1053 2991 1119 mavult,
3023 1054 3215 1107 multas
3235 1055 3392 1108 etiam
3417 1055 3517 1108 sibi
3544 1053 3811 1107 naturales

2228 1159 2441 1215 quoque
2469 1145 2735 1198 subtrahit
2764 1145 3086 1214 voluptates,
3119 1161 3184 1200 ne
3207 1146 3509 1213 pecuniam,
3538 1161 3698 1214 quam
3733 1160 3812 1212 pa-

2229 1238 2393 1301 ravit,
2424 1237 2650 1291 amittat.
2683 1236 2786 1291 Sed
2814 1237 2922 1292 hoc
2962 1239 3122 1291 modo
3152 1253 3219 1291 ne
3247 1238 3568 1291 sufﬁcientia
3599 1237 3810 1306 quidem

2229 1329 2488 1396 contingit
2515 1329 2585 1391 ei,
2617 1344 2775 1398 quem
2803 1328 2969 1398 (50)m
2999 1328 3226 1383 valentia
3251 1328 3471 1393 deserit,
3498 1343 3661 1397 quem
3693 1342 3804 1382 mo-

2228 1418 2382 1472 leSIia
2416 1420 2626 1487 pungit,
2678 1435 2835 1488 quem
2883 1419 3053 1474 vilitas
3097 1420 3310 1488 abjicit,
3362 1436 3521 1489 quem
3571 1419 3810 1473 recondit

2228 1513 2545 1566 obscuritas.
2575 1514 2675 1577 Qui
2704 1528 2832 1567 vero
2862 1514 3033 1567 solum
3056 1528 3214 1581 posse
3234 1513 3538 1576 desiderat;
3568 1514 3810 1581 proﬁigat

2227 1618 2387 1671 opes,
2422 1604 2649 1672 despicit
2696 1605 3027 1672 voluptates,
3062 1605 3427 1674 honoremque
3457 1607 3693 1673 potentia
3724 1618 3809 1657 ea-

2227 1709 2457 1761 rentem,
2489 1698 2712 1766 gloriam
2741 1713 2953 1767 quoque
2980 1699 3138 1768 219
3163 1697 3293 1751 nihil
3325 1697 3526 1765 pendit.
3558 1696 3666 1752 Sed
3691 1696 3808 1751 huic

2227 1806 2437 1859 quoque
2459 1808 2615 1857 quam
2645 1792 2808 1844 multa
2830 1792 3099 1852 deficiant,
3137 1792 3305 1845 vides.
3336 1790 3421 1843 Fit
3446 1790 3590 1843 enim
3635 1798 3691 1842 ut
3716 1789 3807 1843 ali-

536 1876 681 1931 modi
709 1878 780 1931 sit
800 1919 815 1942 ,
843 1879 1278 1947 spernendumne
1321 1894 1442 1935 esse
1467 1894 1680 1948 censes,
1712 1894 1779 1934 an
1822 1890 2009 1935 contra
2039 1881 2121 1953 (5)
2152 1869 2202 1932 Β
2227 1884 2441 1952 quando
2473 1884 2789 1937 necessariis
2808 1895 2981 1953 egeat,
3012 1892 3068 1936 ut
3087 1882 3443 1937 anxietatibus
3470 1882 3803 1945 mordeatur;

535 1980 716 2022 rerum
760 1971 998 2025 omnium
1041 1973 1387 2027 veneratione
1426 1972 1839 2042 dignissimum?
1882 1978 1950 2028 At
1986 1972 2120 2038 hoc,

535 2060 775 2129 inquam,
805 2078 875 2118 ne
917 2064 1149 2119 dubitari
1179 2066 1393 2134 quidem
1422 2075 1619 2136 potem.
1649 2067 1925 2123 Addamus
1965 2070 2125 2139 igitur

536 2154 872 2211 sufﬁcientia
920 2158 1282 2226 potentiaque
1320 2161 1710 2225 reverentiam,
1761 2171 1820 2215 ut
1866 2163 1978 2215 lucc
2024 2162 2124 2215 tria

538 2258 702 2299 unum
733 2260 854 2301 esse
880 2247 1213 2315 judicemus.
1243 2248 1547 2313 Addamus,
1578 2251 1843 2321 siquidem
1879 2267 2003 2307 vera
2034 2266 2127 2307 vo-

538 2334 719 2391 lumus
749 2338 1014 2394 conﬁteri.
1039 2340 1176 2405 Quid
1199 2341 1394 2411 igitur?
1419 2343 1610 2413 inquit,
1639 2344 2001 2399 obscurumne
2025 2345 2125 2399 hoc

538 2435 701 2494 atque
727 2428 960 2497 ignobile
1001 2444 1191 2485 censes
1218 2446 1367 2498 esse,
1400 2447 1467 2485 an
1497 2432 1644 2487 omni
1675 2433 1985 2489 celebritate
2011 2436 2123 2488 cla-

539 2516 854 2572 rissimum?
879 2518 1171 2575 Considera
1199 2536 1351 2589 vero,
1377 2521 1492 2591 (10)
1518 2539 1607 2589 ne,
1630 2524 1774 2594 quod
1798 2525 1964 2579 nihilo
1989 2525 2127 2579 indi—

538 2622 685 2677 gere,
715 2609 856 2679 quod
881 2612 1333 2681 potentissimum,
1355 2616 1497 2684 quod
1523 2613 1729 2671 honore
1752 2616 2123 2686 dignissimum

538 2713 660 2755 esse
689 2715 1003 2758 concessum
1052 2714 1162 2773 est,
1214 2722 1371 2776 egere
1412 2708 1762 2775 claritudine,
1809 2725 1968 2777 quam
2018 2710 2122 2766 sibi

536 2802 797 2862 praestare
824 2811 930 2850 non
960 2798 1159 2866 possit,
1190 2810 1349 2869 atque
1386 2800 1459 2855 ob
1486 2801 1539 2856 id
1566 2802 1740 2873 aliqua
1768 2818 1835 2858 ex
1850 2796 2018 2875 'parte
2047 2805 2127 2859 vi-

536 2883 731 2939 deatur
755 2887 1040 2955 abjectius.
1070 2889 1186 2944 Non
1215 2905 1453 2959 possum,
1486 2894 1722 2965 inquam,
1755 2898 1882 2965 quin
1914 2898 2017 2953 hoc
2052 2900 2127 2954 uti

535 2983 650 3040 est,
680 2976 753 3031 ita
795 2979 956 3033 etiam
998 2980 1407 3039 celeberrimum
1451 3000 1571 3041 esse
1601 2989 1880 3044 conﬁtear.
1924 2990 2129 3047 Conse-

536 3081 705 3136 quens
734 3068 893 3139 igitur
920 3080 1030 3136 est,
1065 3082 1122 3127 ut
1153 3074 1529 3132 claritudinem
1559 3081 1926 3148 superioribus
1955 3085 2125 3141 tribus

536 3156 671 3212 nihil
712 3159 929 3217 diﬁ‘erre
969 3163 1089 3233 (15)
1134 3164 1419 3221 fateamur.
1462 3168 1841 3240 Consequitur,
1883 3175 2122 3246 inquam.

2228 1992 2457 2045 cumque
2485 1976 2597 2030 btcc
2626 1976 2899 2045 depellere
2929 1986 3177 2045 nequeat,
3208 1979 3369 2030 etiam
3396 1976 3447 2029 id
3479 1976 3619 2045 quod
3643 1976 3804 2029 maxi-

2228 2084 2316 2123 me
2342 2069 2573 2131 petebat,
2610 2079 2797 2137 potens
2823 2085 2945 2124 esse
2964 2068 3196 2123 desistit.
3226 2068 3485 2122 Similiter
3507 2067 3807 2121 ratiocinari

2229 2160 2296 2214 de
2334 2161 2655 2225 honoribus,
2706 2163 2909 2231 gloria,
2956 2161 3319 2231 voluptatibus
3368 2162 3508 2215 licet.
3554 2158 3640 2229 (ὅ)
3684 2160 3808 2214 Nam

2228 2269 2347 2306 cutn
2382 2254 2793 2323 unumquodque
2822 2256 3012 2308 horum
3042 2254 3205 2319 idem,
3232 2254 3372 2324 quod
3402 2265 3593 2309 caetera
3619 2294 3635 2318 ,
3663 2262 3691 2287 ιι
3722 2254 3804 2317 sit,

2229 2352 2469 2420 quisquis
2510 2350 2700 2404 horum
2743 2350 2943 2419 aliquid
2985 2351 3101 2405 sine
3142 2350 3350 2404 caeteris
3385 2349 3547 2419 petit,
3576 2363 3647 2403 ne
3686 2347 3805 2401 illud

2230 2442 2479 2509 quidem,
2528 2441 2671 2511 quod
2697 2441 2996 2508 desiderat,
3026 2443 3398 2511 apprehendit.
3444 2440 3583 2509 Quid
3617 2441 3808 2510 igitur?

2230 2531 2477 2601 inquam,
2516 2534 2561 2585 si
2590 2532 2713 2601 quis
2757 2540 2947 2586 cuncta
2986 2532 3143 2587 simul
3169 2535 3350 2601 cupiat
3377 2532 3640 2601 adipisci?
3668 2544 3807 2585 sum-

2231 2638 2371 2678 mam
2413 2624 2627 2693 quidem
2655 2624 2745 2679 ille
2774 2624 3114 2679 beatitudinis
3136 2624 3265 2678 velit
3295 2642 3309 2678 :
3342 2624 3435 2679 sed
3473 2638 3603 2677 num
3637 2624 3689 2677 in
3733 2622 3809 2676 his

2230 2733 2347 2774 eam
2375 2719 2625 2787 reperiet,
2674 2735 2792 2788 qua:
2833 2718 3345 2781 demonstravimus,
3382 2717 3453 2780 id,
3486 2717 3632 2787 quod
3660 2716 3808 2786 polli-

2230 2821 2437 2874 centur,
2465 2826 2569 2863 non
2598 2814 2752 2879 pesse
2774 2809 3055 2865 conferre?
3082 2811 3197 2879 (10)
3217 2809 3451 2871 Minime,
3486 2808 3726 2878 inquam.
3752 2808 3806 2861 in

2232 2903 2317 2957 his
2348 2902 2526 2972 igitur,
2557 2916 2674 2969 qua:
2717 2901 2920 2969 singula
2962 2914 3182 2970 quaeque
3222 2898 3646 2969 expetendorum
3682 2912 3803 2965 pra:-

2231 3003 2376 3049 stare
2404 2993 2713 3056 creduntur,
2746 2991 3016 3046 beatitudo
3059 2991 3207 3044 nullo
3252 2989 3411 3045 modo
3447 2989 3799 3058 investiganda

2231 3097 2332 3142 est.
2368 3086 2583 3151 Fateor,
2618 3087 2830 3155 inquam
2852 3125 2869 3151 ,
2899 3094 2953 3140 et
2978 3085 3079 3139 hoc
3110 3083 3241 3137 nihil
3269 3083 3371 3137 dici
3411 3083 3591 3136 verius
3620 3090 3799 3150 potest.

2232 3177 2408 3232 llabes
2438 3177 2617 3246 igitur,
2652 3176 2823 3246 inquit
2844 3219 2856 3241 ,
2890 3186 2944 3230 et
2972 3175 3197 3229 formam
3233 3174 3381 3228 falsa:
3428 3173 3725 3237 felicitatis,
3754 3180 3804 3226 et

536 3249 691 3316 Quod
721 3252 882 3321 igitur
903 3254 1099 3309 nullius
1128 3268 1280 3325 egeat
1303 3260 1484 3325 alieni,
1515 3262 1656 3330 quod
1686 3265 1798 3317 suis
1825 3277 2014 3322 cuncta
2044 3269 2123 3323 vi-
2150 3246 2201 3312 ε
2232 3285 2420 3327 causas
2448 3288 2460 3321 :
2494 3270 2714 3324 deﬂecte
2762 3284 2902 3323 nunc
2933 3269 2985 3322 in
3018 3276 3041 3303 ο
3085 3267 3363 3322 adversum
3414 3266 3605 3322 mentis
3650 3263 3798 3318 intui-

535 3343 683 3399 ribus
712 3345 914 3414 possit,
962 3347 1105 3415 quod
1151 3351 1223 3403 sit
1258 3351 1461 3405 clarum
1482 3394 1496 3415 ,
1538 3362 1699 3423 atque
1727 3360 2120 3426 reverendam,

534 3447 717 3490 nonne
740 3433 845 3491 hoc
872 3432 1033 3492 etiam
1064 3450 1275 3494 constat
1296 3456 1418 3496 esse
1439 3444 1808 3501 laetissimum?
1837 3450 1942 3505 Sed
1983 3453 2123 3508 unde

535 3524 663 3581 huic
688 3526 733 3593 ἱ,
760 3527 998 3598 inquam,
1020 3532 1114 3585 tali
1134 3542 1340 3587 mteror
1360 3529 1501 3590 ullus
1522 3537 1767 3608 obrepat,
1797 3556 1864 3597 ne
1885 3545 2124 3615 cogitare

535 3617 753 3687 quidem
782 3634 1022 3689 possum.
1054 3621 1232 3689 Quare
1270 3625 1489 3695 plenum
1520 3644 1643 3686 esse
1671 3632 1903 3701 ltetitiaa,
1948 3638 2119 3707 siqui-

534 3708 657 3765 dem
678 3713 956 3782 superiora
982 3716 1296 3782 manebunt,
1328 3734 1551 3776 necesse
1570 3733 1656 3780 est
1672 3726 1939 3783 cenﬁteri.
1962 3730 2123 3802 Atqui

533 3802 652 3876 (20)
684 3804 815 3860 illud
839 3821 1052 3877 quoque
1090 3816 1187 3878 per
1210 3810 1399 3866 eadem
1431 3817 1794 3871 necessarium
1823 3830 1907 3875 est
1928 3821 1983 3889 τι,
2013 3824 2127 3879 suf-

531 3894 798 3965 ﬁcientite,
832 3901 1105 3969 potentiae,
1132 3902 1492 3971 claritudinis,
1516 3910 1855 3979 reverentiae,
1876 3916 2132 3982 jucundi-

531 3989 662 4046 tatis
692 3993 910 4047 nomina
954 3994 1172 4063 quidem
1204 4010 1325 4051 esse
1355 3998 1565 4054 diversa
1584 4041 1600 4066 ,
1630 4004 1778 4060 nullo
1809 4022 1938 4063 vero
1966 4010 2129 4066 modo

534 4077 842 4153 discrepare
888 4082 1268 4141 substantiam.
1302 4086 1535 4147 Necesse
1560 4100 1684 4162 est,
1732 4095 1970 4167 inquam.
2017 4100 2130 4156 Hoc

2234 3372 2383 3428 tum;
2426 3361 2496 3415 ibi
2524 3361 2666 3416 enim
2694 3375 2875 3414 veram
2893 3399 2909 3425 ,
2941 3374 3096 3428 quam
3122 3358 3503 3428 promisimus,
3533 3358 3704 3411 statim
3728 3355 3802 3407 vi-

2232 3452 2403 3508 debis.
2435 3451 2596 3520 Atqui
2630 3452 2747 3519 (l5)
2781 3453 2928 3515 haec,
2960 3450 3209 3519 inquam,
3243 3448 3323 3503 vel
3359 3462 3506 3502 εωοο
3537 3444 3803 3514 perSpieua

2233 3557 2336 3611 est,
2359 3560 2583 3614 eamque
2609 3554 2664 3597 tu
2690 3544 2848 3613 paulo
2870 3552 2990 3596 ante
3014 3541 3348 3604 monstrasti,
3366 3540 3497 3594 dum
3523 3539 3670 3591 falsae
3691 3538 3805 3591 bea-

2232 3638 2476 3693 titudinis
2497 3648 2686 3691 causas
2713 3636 2921 3705 aperire
2947 3633 3247 3689 conabaris.
3276 3631 3405 3686 Nam
3424 3673 3437 3695 ,
3468 3633 3521 3684 ni
3549 3628 3725 3695 fallor,
3750 3642 3805 3680 ea

2234 3744 2361 3783 vera
2389 3738 2499 3799 est,
2527 3737 2581 3783 et
2609 3727 2838 3797 perfecta
2871 3724 3098 3782 felicitas
3118 3766 3131 3789 ,
3161 3738 3280 3794 qum
3308 3721 3683 3783 sufﬁcientem,
3718 3733 3805 3786 po-

2235 3830 2456 3889 tentem,
2489 3820 2837 3876 reverendum
2856 3859 2872 3882 ,
2903 3812 3169 3874 celebrem
3190 3857 3206 3880 ,
3241 3816 3531 3883 laetumque
3558 3813 3800 3882 perliciat.

2234 3918 2411 3986 Atque
2460 3926 2518 3969 ut
2565 3930 2651 3968 me
2701 3912 2980 3967 interius-1)
3011 3909 3453 3964 animadvertisse
3503 3918 3801 3977 cognoscas,

2236 4024 2358 4080 quae
2389 4024 2551 4062 unum
2582 4007 2802 4073 horum,
2833 4006 3084 4075 quoniam
3117 4004 3257 4057 idem
3300 4012 3488 4056 cuncta
3520 4010 3668 4065 sunt,
3699 3998 3801 4066 (20‘)

2234 4104 2499 4159 veraciter
2540 4110 2796 4171 praestare
2842 4107 3046 4168 potest,
3080 4100 3216 4152 hanc
3246 4111 3366 4152 esse
3408 4097 3619 4166 plenam
3650 4091 3804 4148 beati-

1894 4266 2470 4327 INTERPRETATIO.

604 4362 630 4425 ξι
660 4354 773 4425 Ego
794 4357 1031 4415 Boetius.

600 4423 629 4463 δ
660 4423 835 4503 inquit
862 4431 1229 4503 Philosophia.

604 4505 627 4533 ο
660 4497 832 4559 Inquit
859 4497 1094 4559 Boetius:

600 4563 625 4601 ἀ
654 4566 700 4640 9
729 4563 1091 4640 Pliilosoriltia.

604 4644 627 4715 ξ
654 4635 831 4715 inquit
863 4635 1224 4715 Philosophia.

604 4703 626 4742 ¹
660 4703 773 4775 Ego
799 4710 1037 4770 Boetius.

602 4785 628 4856 ξ
660 4778 1221 4856 ερρυίιλριιίιοεοριιίι.

600 4841 629 4881 ¹³
665 4841 899 4906 Virtutis.
1079 4841 1096 4856 ’
1372 4882 1400 4915 7:

601 4918 618 4956 ί
652 4919 765 4990 Ego
791 4922 1023 4981 Boetius.

2308 4380 2323 4429 i
2364 4379 2527 4432 Nulla
2552 4377 2761 4431 tristitia
2807 4376 3004 4429 videtur
3034 4374 3197 4427 inesse
3222 4389 3366 4437 posse
3391 4374 3497 4439 rei,
3541 4348 3649 4439 qua:
3672 4374 3802 4441 ejus-

2234 4451 2374 4503 modi
2394 4460 2488 4503 est.

2146 4520 2207 4582 D
2304 4519 2328 4557 ιί
2358 4520 2469 4573 Ista
2514 4522 2685 4573 omnia
2730 4534 2838 4574 esse
2886 4515 3089 4570 unicam
3149 4529 3256 4567 rem
3303 4514 3533 4583 pluribus
3582 4512 3798 4581 aﬂwam

2230 4591 2415 4645 modis.

2307 4660 2324 4697 Ι
2364 4660 2505 4731 Male
2521 4658 2828 4731 judicundo.

2302 4740 2342 4767 η)
2384 4730 2493 4783 Vis.

2302 4810 2327 4836 ιι
2364 4801 2528 4855 Unica
2544 4816 2624 4854 res
2646 4799 2876 4865 pluribus
2898 4800 3062 4853 modis
3081 4814 3135 4854 se
3145 4796 3355 4851 habens.

2303 4879 2329 4907 ο
2367 4869 2547 4939 Cogita
2572 4872 2902 4924 contrarium.

2303 4951 2332 4991 ι’
2371 4940 2497 5011 Ipsa
2538 4942 2719 4996 mentis
2748 4940 3037 4996 attentione.

2063 5074 2289 5134 NOTAE.

594 5171 1038 5259 {LQuaaisimplex
1075 5187 1171 5245 est,
1202 5181 1339 5254 etc.1
1372 5185 1435 5240 ll.
1469 5185 1808 5259 Philosophia
1838 5191 2115 5259 ριόβοηῖῑν

520 5255 764 5327 coptam,
796 5255 1120 5327 potentiam,
1153 5260 1207 5305 et
1232 5266 1434 5310 caetera
1480 5255 1739 5324 ejusmodi
1770 5255 1893 5314 esse
1924 5255 2118 5317 modos

517 5314 715 5401 summi
744 5314 865 5401 boui
885 5356 899 5379 ,
930 5332 1299 5401 noanartes,
1314 5338 1393 5401 _ut
1422 5314 1580 5398 vulgo
1625 5338 1877 5398 putantur
1905 5349 1919 5384 :
1953 5314 2118 5401 quare

519 5392 578 5468 ut
606 5384 721 5465 haec
754 5396 809 5439 et
834 5384 1108 5468 sequentia
1152 5384 1549 5468 intelligantur:
1582 5384 2116 5457 animadvertendum

516 5452 800 5537 discrimen
828 5452 966 5537 quod
991 5465 1220 5517 occurrit
1265 5452 1413 5522 infer
1444 5452 1646 5537 par'tetn
1676 5452 1731 5525 et
1769 5452 2021 5526 modum:
2034 5452 2118 5528 'iii

514 5523 618 5607 hoc
641 5535 818 5607 autem
847 5523 1147 5607 differunt,
1174 5538 1331 5607 quod
1373 5523 1495 5605 pars
1536 5523 1734 5607 possit,
1784 5523 1977 5597 modus

511 5604 685 5681 pusstt
730 5612 822 5651 sua
852 5615 1103 5681 seorsum
1135 5604 1251 5659 idea
1306 5604 1452 5662 clare
1490 5604 1549 5681 et
1586 5610 1833 5665 distincte
1862 5613 2109 5681 cogitari.

516 5665 606 5748 Sic
636 5682 789 5723 meus
814 5679 867 5722 et
897 5686 1090 5739 corpus
1116 5687 1243 5731 sunt
1292 5689 1475 5747 partes
1503 5679 1757 5743 hominis,
1788 5665 2112 5748 quodvmens

514 5750 633 5823 sine
670 5752 932 5823 corpore,
967 5751 1021 5823 et
1060 5760 1256 5823 corpus
1308 5749 1425 5823 sine
1457 5760 1667 5823 tuente,
1700 5767 1792 5805 sua
1816 5753 2115 5823 quodlibet

515 5802 822 5892 itleaAclat-‘e
861 5802 939 5892 et;
963 5802 1211 5872 distinc'te
1266 5802 1489 5892 cogitari
1523 5802 2110 5892 ptisanae—tigna:

516 5886 700 5943 quies,
749 5890 804 5932 et
836 5890 1011 5941 motus
1055 5898 1179 5943 sunt
1216 5886 1375 5947 noodi
1421 5886 1702 5960 corporis.
1743 5893 1886 5957 quod
1937 5886 2114 5954 uenae

1265 6034 1333 6056 1‘,—

2224 5194 2416 5268 ﬁgura,
2445 5206 2617 5268 neque
2640 5192 2817 5268 quies,
2850 5202 3021 5268 neque
3064 5195 3240 5241 motus
3268 5184 3439 5268 possit
3463 5185 3604 5268 clare
3624 5192 3672 5237 et

2225 5255 2413 5317 tincte'
2430 5255 2676 5330 cegitari,
2712 5276 2816 5315 non
2839 5255 3072 5329 cogitato
3093 5270 3343 5323 corpore.
3369 5255 3460 5310 Sic
3482 5256 3635 5311 etiam
3660 5255 3789 5330 notio

2226 5345 2283 5388 et
2327 5322 2611 5396 voluntuas,
2659 5322 2884 5400 quarum
2908 5322 3122 5400 'neutra
3168 5322 3385 5400 potest,
3436 5322 3787 5400 noncogitttﬂl

2227 5414 2427 5465 mente.
2461 5405 2608 5458 clare
2636 5397 2691 5457 et
2714 5402 2970 5455 distincte
2998 5398 3243 5473 cogitari,
3271 5407 3396 5473 sunt
3426 5397 3563 5451 modi
3594 5397 3785 5473 mentis:

2226 5475 2388 5541 Atqui
2416 5476 2663 5541 praedicta
2694 5472 2854 5535 bona,
2878 5484 3001 5540 quae
3026 5467 3270 5522 hemines
3296 5467 3431 5542 falsa
3456 5467 3788 5542 assumption?

2230 5535 2474 5619 tribuunt
2504 5544 2663 5598 rebus
2689 5535 2915 5619 creatis,
2941 5556 3044 5619 non
3076 5546 3299 5609 possunt
3317 5541 3465 5619 ειθςο
3484 5549 3541 5619 βι
3568 5535 3787 5619 ιῖἓξίίξξῗίξ

2227 5615 2450 5683 cogitari
2496 5630 2599 5669 non
2640 5614 2873 5683 cogitata
2896 5602 3089 5683 aliqua
3132 5626 3191 5664 re
3236 5610 3534 5683 superiori,
3561 5602 3787 5683 videntis}

2230 5669 2375 5763 Dein,
2409 5696 2467 5738 ut
2495 5669 3105 5763 seorsum__Pbilosophia
3154 5669 3346 5763 probat
3389 5691 3441 5735 et
3490 5669 3681 5763 quidem

2228 5739 2523 5823 evidenter,
2556 5767 2616 5811 ut
2658 5754 2800 5810 nulla
2843 5751 2945 5807 alia
2984 5739 3426 5821 interpretatione
3454 5739 3677 5805 videatur
3708 5739 3786 5793 il!-

2230 5827 2435 5895 digere.

2198 5960 2227 5996 ι
