3984 6382
235 308 324 365 ibi
1131 312 1214 369 DE
1251 313 1767 373 CONSOLATIONE
1812 313 2284 373 PHILOSOPHIE
2354 318 2483 373 LIB.
2528 315 2611 373 ΙΙΙ.

1854 438 1906 495 Α

364 427 586 492 Circuit,
618 437 669 483 et
691 428 853 483 simili
880 433 1141 486 convertit
1170 432 1402 504 imagine
1425 432 1643 489 calum.

366 521 526 594 225
556 522 632 575 Tu
663 524 838 579 causis
869 524 1074 580 animas
1104 526 1341 595 paribus,
1376 526 1621 598 vitasque
1648 527 1821 582 mino-

1641 620 1752 695 [res

3413 320 3515 375 762

2082 432 2360 501 Provebis,
2384 446 2438 488 et
2469 432 2676 488 levibus
2703 431 2960 488 sublimes
2986 406 3231 488 curribus
3255 440 3446 502 aptans

1934 526 2004 582 20
2080 526 2365 591 lnctelum,
2423 535 2724 595 terramque
2751 525 2916 580 seris:
2946 540 3080 595 quas
3126 524 3242 596 lege
3290 524 3518 599 benigna

2078 619 2161 675 Ad
2202 628 2253 674 te
2285 631 2573 674 conversas
2602 616 2786 673 reduci
2815 616 2945 673 facis
2971 616 3095 688 igne
3122 616 3339 673 reverti,

1577 750 2165 808 INTERPRETATIO.

225 862 471 935 duplicem
502 866 800 940 circuitum,
830 880 926 933 per
948 880 1103 921 suum
1135 882 1330 940 corpus
1352 868 1537 921 iterum
1564 876 1816 940 movetur,

226 944 479 989 reversum
511 938 562 989 in
602 938 953 1007 semetipsum,
984 948 1030 991 et
1062 938 1245 993 circuit
1280 940 1502 993 animam
1548 939 1815 1005 inﬁmam,

224 1016 269 1057 et
292 1009 598 1076 circumagit
627 1008 809 1061 caelum
830 1010 995 1075 forma
1010 1012 1326 1065 uuiusmodi.
1346 1009 1420 1064 Tu
1445 1010 1683 1078 producis
1701 1010 1817 1063 aui-

222 1092 326 1129 mas
348 1088 395 1131 et
420 1081 548 1131 vitas
574 1080 795 1131 minores
823 1079 980 1133 simili
1008 1082 1157 1134 modo
1177 1123 1192 1145 ,
1225 1082 1714 1149 nccommodansque
1736 1082 1815 1133 al-

222 1157 292 1200 tas
320 1150 619 1219 corporibus
643 1150 852 1215 levibus,
879 1150 1095 1207 easdem
1124 1153 1425 1208 disseminas
1448 1170 1538 1224 per
1563 1152 1743 1206 caelum
1762 1159 1810 1205 et

1930 878 2155 933 terram;
2181 883 2308 937 quas
2342 867 2546 921 animas
2574 866 2762 920 blanda
2789 867 2892 936 lege
2923 870 3048 937 facis
3077 868 3146 922 ad
3178 878 3224 924 te
3249 885 3519 924 conuersas

1927 939 2129 1011 redire,
2180 940 2349 1011 instar
2403 940 2556 1011 ignis,
2602 939 2665 991 ad
2690 938 2861 1011 locum
2889 940 3031 993 unde
3071 951 3311 1004 venerat,
3351 958 3520 1011 regre-

1925 1010 2131 1063 dientis.
2166 1008 2269 1075 Da,
2297 1008 2557 1071 Pater,da
2589 1010 2953 1064 meutinostrae
2977 1022 3243 1078 assurgere
3261 1014 3311 1065 in
3334 1008 3518 1065 solium

1924 1089 2072 1134 tuum
2096 1070 2300 1148 regale;
2324 1083 2391 1133 do
2411 1070 2635 1151 quaerere
2657 1080 2902 1151 originem
2925 1082 3041 1133 boni
3061 1096 3079 1144 ;
3106 1070 3195 1145 da,
3218 1083 3407 1151 lumine
3431 1082 3519 1134 de-

1921 1161 2051 1205 tecto
2077 1193 2091 1217 ,
2125 1151 2345 1221 deﬁgere
2372 1150 2429 1205 in
2459 1162 2504 1205 te
2534 1152 2700 1205 claros
2726 1150 3021 1223 conspectus
3054 1155 3257 1206 mentis.
3303 1150 3519 1223 Expetle

1753 1285 1983 1343 ΝΟΤᾸΞ.

222 1397 402 1450 renuis
427 1406 483 1453 et
509 1399 850 1471 'continuata:
898 1400 1151 1455 motionis
1183 1400 1501 1471 principium
1529 1410 1817 1455 vocaretur

224 1470 435 1522 anima:
472 1470 759 1536 pru‘dictus
804 1480 981 1523 autem
1035 1472 1255 1541 spiritus
1286 1470 1446 1528 ita'se
1479 1472 1673 1536 habet,
1709 1486 1815 1526 non

224 1540 394 1613 solum
444 1541 495 1593 in
532 1542 725 1608 plantis
761 1550 814 1595 et
846 1540 1182 1606 bestiis,sed
1217 1544 1268 1597 in
1301 1544 1417 1611 ipso
1463 1558 1676 1613 quoque
1718 1542 1817 1597 ho-

225 1612 386 1673 mine,
434 1612 485 1664 in
511 1628 617 1680 quo
649 1628 800 1666 mens
822 1614 937 1666 sine
962 1614 1053 1668 illo
1075 1613 1263 1681 spiritu
1286 1612 1599 1678 famulante,
1624 1629 1814 1669 manus

229 1690 279 1735 et
302 1682 463 1746 pedes
493 1683 559 1736 ad
590 1694 773 1737 nutum
807 1699 1021 1738 movere
1051 1701 1154 1738 non
1188 1693 1382 1751 potest.

300 1752 561 1807 Prztcrea
589 1754 701 1808 lucc
727 1756 901 1807 anima
925 1754 1119 1809 dicitur
1146 1756 1365 1819 triplicis
1394 1763 1594 1810 naturis
1614 1756 1813 1811 media:

1926 1406 2213 1452 moventur
2240 1438 2256 1461 ,
2308 1398 2386 1452 sic
2437 1407 2760 1467 separantur
2800 1414 2829 1453 a
2860 1413 2981 1455 sese
3012 1401 3265 1457 invicem.
3315 1402 3380 1453 At
3408 1399 3517 1467 ipsa

1925 1470 2101 1521 anima
2143 1469 2326 1521 circuit
2356 1485 2450 1537 per
2475 1485 2692 1539 corpus,
2728 1472 2777 1524 in
2810 1487 2917 1539 quo
2951 1474 3243 1540 reperitur:
3269 1473 3518 1540 quoniam

1924 1540 2222 1608 generatim
2251 1554 2446 1605 corpus
2473 1556 2661 1605 omne,
2688 1557 2791 1611 qua
2820 1542 2996 1595 minus
3020 1543 3319 1606 resistitur,
3363 1556 3517 1595 suum

1921 1614 2200 1664 continuat
2224 1620 2460 1668 motum:
2490 1613 2569 1664 sic
2593 1627 2782 1666 succus
2806 1614 3015 1667 arboris
3036 1614 3101 1667 ad
3134 1628 3397 1667 sununum
3424 1626 3517 1678 po-

1924 1681 2032 1735 tius
2060 1683 2267 1735 arboris
2299 1682 2554 1737 verticem
2599 1683 2873 1747 ascendit,
2904 1700 3061 1753 quam
3093 1700 3189 1753 per
3218 1695 3515 1738 temuorem

1920 1753 2180 1823 corticem
2214 1765 2398 1805 exeat:
2428 1755 2520 1807 sed
2552 1752 2728 1807 eidem
2757 1752 2967 1817 animae,
2997 1752 3311 1823 corporibus
3341 1754 3516 1806 diver-

231 1824 497 1905 non_quod
515 1839 580 1878 ex
614 1825 787 1878 insitis
812 1826 1285 1905 tribuselementis
1311 1827 1816 1905 constet,quemad-
1846 1843 1895 1905 Β
1925 1823 2001 1875 sis
2024 1822 2260 1904 undique
2283 1824 2914 1905 resistentibus,_f_acilius
2944 1836 3027 1879 est
3054 1827 3192 1879 intra
3216 1840 3373 1905 suum
3398 1838 3518 1905 c_or-

227 1893 679 1967 modumupotare
718 1904 936 1963 possent
967 1898 1037 1949 illi
1073 1896 1406 1964 philosophi,
1441 1893 1669 1967 quos'ex
1701 1908 1819 1954 arte

226 1975 414 2039 vocatu
437 1965 725 2039 Chymicos,
769 1977 860 2039 ant
889 1968 976 2020 alii
998 1982 1131 2039 quos
1166 1977 1380 2037 propter
1410 1965 1597 2023 ducem
1628 1969 1817 2039 appel-

224 2033 340 2089 lant
371 2032 719 2092 Cartesiauos.
764 2038 955 2105 quibus
983 2032 1081 2091 tria
1128 2032 1478 2093 sunt'mundi
1512 2032 1774 2095 elementa
1797 2083 1813 2108 ,

224 2108 317 2161 sed
346 2108 527 2174 potius
548 2112 687 2176 quod
714 2124 779 2162 ex
805 2109 972 2163 tribus
1002 2112 1184 2173 rehus,
1207 2124 1339 2179 quas
1363 2112 1591 2164 naturali
1618 2113 1819 2167 lumine

222 2192 553 2250 cognoscere
585 2193 886 2246 possumus,
920 2179 1036 2233 luce
1062 2181 1239 2233 anima
1264 2196 1366 2234 una
1397 2180 1488 2243 sit,
1519 2192 1572 2236 et
1600 2182 1815 2250 quidem

224 2248 432 2301 media:
462 2250 891 2318 quandoquidem
934 2253 1046 2304 haec
1092 2251 1269 2305 media
1302 2262 1383 2305 est
1414 2253 1551 2306 inter
1583 2248 1814 2309 mentem

226 2320 568 2393 insensilem,
600 2332 652 2374 et
682 2334 878 2389 corpus
906 2321 1103 2375 sensile
1127 2362 1142 2386 ,
1192 2331 1249 2375 ut
1277 2333 1328 2376 et
1361 2323 1527 2377 instar
1571 2326 1817 2393 corporis

226 2390 464 2466 sensilis,
491 2392 562 2443 sit
587 2406 675 2445 res
700 2406 913 2466 quoquo
929 2408 1115 2446 versus
1145 2401 1389 2466 extensa,
1420 2408 1586 2460 capax
1611 2390 1813 2466 figura,

228 2461 448 2527 quietis,
476 2470 533 2514 et
562 2471 737 2515 motus
755 2504 769 2528 ,
800 2472 849 2516 et
874 2464 1039 2516 instar
1065 2464 1259 2517 mentis
1286 2464 1572 2529 insensilis,
1600 2461 1814 2522 sensum

228 2530 433 2603 fugiens
460 2532 798 2600 pluriumque
816 2533 1126 2587 effecturum
1153 2535 1504 2603 principium:
1533 2550 1815 2603 propterea

236 2616 260 2651 a
285 2601 516 2669 Virgilio
537 2618 696 2671 supra
724 2616 942 2657 vocatur
969 2601 1410 2666 spiritusetmens.
1441 2601 1693 2661 llic—enim
1712 2609 1814 2664 dici

299 2674 400 2746 tuit-
428 2674 605 2746 anima
634 2674 802 2727 media
824 2676 1040 2739 triplicis
1055 2677 1423 2740 naturw,sicut
1451 2677 1545 2731 lib.
1570 2694 1627 2741 It,
1659 2694 1816 2746 prosa

262 2784 278 2807 ,
298 2742 495 2797 dicitur
521 2745 741 2796 duorum
760 2747 955 2799 medius
972 2746 1236 2799 consulum
1251 2756 1305 2801 et
1329 2763 1356 2799 a
1385 2742 1670 2815 Cieerooe,
1685 2750 1816 2803 duo-

224 2828 341 2889 rum
373 2816 589 2889 [rutrum
617 2816 846 2881 medius;
877 2816 1028 2889 etab
1054 2816 1280 2889 Alloratio
1300 2818 1415 2869 belli
1441 2820 1682 2889 pacisque
1710 2836 1817 2875 me-

231 2883 385 2947 dius;
410 2887 683 2956 potuitque
714 2889 886 2939 anima
931 2887 1020 2940 illa
1051 2887 1187 2941 hanc
1216 2883 1659 2956 triplicis'naturw
1683 2906 1815 2946 euu-

223 2955 579 3029 merationem
614 2968 783 3010 instar
810 2958 973 3026 partis
1000 2959 1203 3023 subire,
1236 2960 1687 3029 quemadmodum
1710 2963 1817 3018 Ca-

222 3040 327 3099 pua
381 3028 579 3079 subivit
606 3036 814 3081 ternum
832 3030 1194 3099 maximarum
1235 3028 1443 3085 urbium
1492 3047 1771 3088 numerum
1799 3076 1815 3099 ,

218 3095 376 3174 eujus
409 3108 585 3150 tamen
633 3098 843 3174 numeri
885 3100 1201 3174 ipsafuerit
1238 3117 1392 3170 pars:
1418 3102 1619 3171 Capua,
1646 3095 1818 3174 inquit

218 3165 418 3241 Florus
431 3182 603 3241 supra
632 3170 824 3241 citatus
853 3165 971 3239 pag.
1004 3172 1093 3236 47,
1123 3165 1380 3241 quondam
1405 3165 1536 3227 inter
1564 3182 1663 3228 tres
1706 3165 1815 3230 ma-

216 3239 387 3313 simas
423 3238 633 3313 Romam
662 3238 1115 3313 Carthaginemque
1134 3238 1416 3299 numerata.

291 3309 523 3379 Insuper
553 3311 652 3363 ista
684 3309 867 3364 anima
889 3313 1199 3379 perhibetur
1226 3324 1407 3367 cuncta
1436 3331 1632 3369 morere
1652 3332 1673 3371 :
1704 3333 1811 3374 non

215 3380 364 3457 quod
388 3390 580 3457 cuneta
610 3395 833 3450 corpora
858 3382 926 3435 ab
953 3383 1052 3437 hac
1075 3386 1253 3457 anima
1282 3396 1632 3440 moveantur:
1660 3388 1810 3457 plura

216 3452 367 3526 enim
398 3451 568 3526 solida
610 3463 731 3526 sunt
755 3494 769 3518 ,
809 3468 1036 3522 quorum
1066 3455 1267 3526 idcirco
1296 3468 1475 3526 partes
1504 3451 1808 3525 quiescunt:

216 3521 314 3576 sed
358 3522 501 3589 quod
550 3524 693 3597 nulla
718 3521 949 3597 corpora
972 3566 987 3591 ,
1023 3525 1124 3579 nisi
1169 3521 1490 3597 haci'anima
1521 3521 1807 3597 movente,

216 3606 569 3647 moveantur:
602 3596 680 3667 sic
708 3594 863 3667 Joan.
892 3610 929 3658 ι,
958 3598 1129 3649 omnia
1153 3614 1243 3666 per
1270 3596 1436 3651 Deum
1470 3599 1606 3667 facta
1627 3594 1812 3657 diconi-

213 3672 327 3729 tur,
348 3680 470 3737 Anon
498 3665 637 3731 quod
663 3666 843 3720 omnia
883 3667 1040 3719 simul
1071 3665 1211 3722 facta
1253 3665 1504 3723 fueriuta
1539 3671 1679 3737 Deo,
1712 3674 1811 3727 sed

211 3734 363 3808 quod
385 3751 722 3804 quamcunque
748 3738 887 3791 facta
912 3746 1056 3803 sunt,
1086 3740 1200 3794 bmc
1227 3754 1333 3793 non
1357 3742 1459 3794 nisi
1480 3741 1546 3793 ab
1569 3734 1685 3808 ipso
1702 3743 1811 3799 Deo

210 3805 357 3880 iacta
375 3808 502 3860 sint.
538 3808 752 3880 scilicet
772 3818 829 3861 ut
856 3808 1099 3863 videmus
1128 3811 1369 3877 quasdam
1392 3805 1621 3880 corpora
1642 3816 1813 3868 sensi-

208 3877 278 3950 lia
316 3879 523 3931 moveri
557 3877 625 3931 ab
656 3879 774 3950 aliis
805 3879 1118 3948 corporibus
1140 3883 1449 3945 sensilibus,
1483 3877 1539 3933 ὗ.
1564 3897 1616 3950 g.
1646 3883 1810 3939 bacu-

210 3946 327 4001 lum
361 3963 389 4000 a
419 3949 719 4024 maou,_s_ic
768 3950 883 4004 haec
904 3946 1125 4024 sensilia
1156 3952 1223 4006 ab
1262 3946 1605 4007 insensilibus
1625 3994 1639 4016 ,
1670 3970 1720 4008 v.
1752 3971 1805 4024 g.

209 4033 437 4091 manum
457 4035 483 4070 a
508 4021 780 4088 spiritibus
801 4023 1124 4076 commoveri
1148 4025 1463 4091 conjicimus
1482 4067 1496 4091 ,
1532 4040 1560 4077 a
1582 4027 1722 4080 notis
1742 4021 1810 4082 ad

209 4090 398 4163 minus
441 4099 562 4143 nota
596 4093 897 4161 progressi:
926 4093 1099 4146 donec
1126 4094 1342 4163 aliquod
1376 4090 1609 4163 primum
1658 4098 1807 4153 inve-

207 4161 460 4234 nerimus
486 4175 681 4234 corpus
710 4163 852 4234 quod,
876 4163 949 4216 ab
971 4166 1085 4231 ipso
1103 4161 1539 4230 Deo'moveatur,
1563 4168 1713 4234 juxta
1743 4169 1809 4223 il-

207 4230 304 4306 lud
335 4232 780 4301 philosophorum
804 4230 1018 4287 effatum
1043 4252 1055 4286 :
1086 4249 1281 4305 corpus
1297 4238 1438 4306 quod
1456 4230 1719 4306 movetur,
1740 4240 1807 4295 ab

205 4302 319 4356 alio
353 4315 635 4357 moveatur
647 4318 865 4359 necesse
885 4315 985 4359 est.

276 4373 606 4455 Addequod
652 4376 837 4429 eadem
890 4380 1065 4430 anima
1115 4378 1311 4455 dicitur
1339 4392 1367 4431 a
1404 4378 1511 4432 Deo
1536 4382 1819 4455 connectia

204 4459 334 4499 cum
369 4448 511 4499 enim
540 4460 732 4513 corpus
756 4462 860 4500 non
890 4456 1099 4501 moveat
1129 4448 1229 4501 nisi
1249 4458 1519 4515 contactu,
1551 4449 1666 4503 haec
1695 4454 1810 4505 aui-

203 4531 291 4569 ma
354 4532 458 4569 non
492 4526 674 4585 posset
700 4532 934 4581 movere,
981 4519 1082 4572 nisi
1113 4534 1233 4573 cum
1276 4534 1500 4588 corpore
1545 4523 1809 4577 movendo

202 4597 660 4662 connecterelur:
693 4592 1026 4662 connectitur
1058 4600 1238 4644 autem
1274 4591 1473 4662 aDeo,
1508 4606 1535 4643 a
1570 4606 1676 4660 quo
1702 4595 1809 4662 pri-

203 4673 366 4711 mum
398 4658 840 4731 faciaumovetur,
880 4660 967 4723 iis,
997 4676 1129 4729 quas
1162 4662 1275 4730 ipse
1306 4661 1445 4716 Deus
1488 4658 1803 4731 constituit,

202 4740 425 4783 natura:
449 4728 668 4796 legibus.
902 4732 905 4735 ’

276 4800 427 4866 Quin
454 4802 612 4851 etiam
640 4801 754 4853 lucc
775 4800 950 4853 anima
980 4800 1238 4855 divinitus
1272 4820 1361 4871 per
1396 4820 1620 4857 consona
1649 4822 1807 4859 mem-

198 4870 299 4922 bra
336 4871 640 4943 resolvitur;
682 4871 981 4935 resolvitur,
1008 4874 1243 4940 inquam,
1268 4870 1363 4943 per
1392 4876 1661 4928 membra:
1691 4877 1806 4931 ani-

198 4957 293 4994 ma
334 4943 475 4992 enim
510 4941 596 4993 illa
639 4956 834 5009 corpus
867 4952 949 5014 est
981 4941 1412 5014 liquidissimum,
1446 4946 1599 5013 cujus
1627 4957 1804 5014 partes

198 5023 257 5063 ut
286 5020 605 5076 moventur,
630 5014 706 5066 sic
732 5014 781 5063 in
807 5012 951 5065 varia
978 5012 1092 5067 loca
1126 5016 1379 5068 resoluta:
1397 5012 1538 5070 varia
1574 5012 1805 5073 subeunt

195 5082 461 5149 corporis
508 5081 775 5135 informati
822 5085 1081 5136 membra.
1114 5085 1219 5139 Sed
1264 5087 1504 5141 membra
1538 5087 1654 5143 haec
1683 5098 1809 5144 sunt

196 5168 487 5217 consona,
531 5154 644 5207 sive
672 5155 1036 5207 convenientia
1064 5170 1186 5210 cum
1234 5158 1373 5210 inter
1411 5172 1494 5222 se,
1545 5170 1654 5211 tum
1686 5174 1807 5215 cum

201 5225 337 5289 ipsa
372 5225 566 5287 anima,
602 5240 627 5275 a
653 5240 753 5292 qua
784 5226 1049 5278 movenda
1099 5240 1253 5281 sunt:
1288 5236 1345 5281 ut
1375 5228 1581 5284 scilicet
1604 5230 1811 5285 minora

198 5297 454 5366 prirnum
481 5295 549 5345 ab
575 5296 771 5360 anima,
820 5295 1015 5350 deinde
1048 5298 1245 5366 majora
1276 5307 1331 5352 et
1354 5314 1383 5352 a
1432 5301 1728 5357 minoribus
1756 5311 1811 5357 et

196 5366 275 5439 ab
312 5363 430 5439 ipsa
454 5380 663 5433 quoque
683 5370 856 5439 anima
884 5363 1196 5422 moveantur
1220 5386 1234 5422 :
1265 5370 1343 5424 sic
1372 5370 1451 5424 sal
1478 5386 1508 5426 a
1536 5373 1690 5439 mari,
1715 5388 1811 5427 na-

196 5437 291 5488 vis
322 5436 393 5487 ab
417 5446 637 5504 utroque
656 5438 884 5490 contrita
910 5439 1125 5491 fatiscit.

281 5504 407 5556 lmo
434 5507 680 5582 przedirta
708 5506 881 5560 anima
906 5518 1043 5582 secta
1070 5510 1271 5574 circuit,
1304 5512 1371 5565 ita
1418 5521 1473 5566 ut
1502 5512 1660 5568 linem
1680 5514 1803 5582 jun-

194 5589 351 5646 gens
377 5578 637 5645 principio
678 5592 787 5630 alia:
822 5580 1093 5644 motionis,
1126 5591 1316 5634 motum
1343 5584 1585 5638 videatur
1608 5578 1803 5646 glome-

192 5663 335 5700 rare
364 5649 415 5700 in
435 5647 745 5728 ⁸(πήρη-εφη
767 5651 895 5717 {aire
919 5664 1111 5728 comme
1140 5668 1207 5728 un
1240 5653 1443 5728 peloton
1472 5655 1534 5707 de
1563 5647 1629 5723 ﬁl
1643 5672 1661 5708 :
1691 5658 1802 5728 glo-

197 5733 337 5772 mus
360 5718 502 5771 enim
531 5718 734 5792 Gallice
754 5735 834 5773 eSl
854 5735 921 5772 un
948 5722 1151 5789 pelotou
1173 5718 1335 5789 dei/il.
1363 5723 1457 5778 Est
1481 5718 1804 5792 quidem'illa

192 5794 391 5866 anima
423 5798 593 5848 secta:
624 5790 770 5866 quia_
793 5792 958 5866 instar
988 5806 1173 5866 aquxe,
1205 5796 1361 5855 aeris,
1389 5803 1442 5847 et
1472 5790 1635 5863 ipsius
1665 5798 1804 5866 ignis

192 5858 536 5935 liquidmest
554 5858 836 5934 congeries
862 5858 1091 5933 plurium
1109 5858 1569 5936 corpusculorum,
1600 5858 1720 5937 quae
1744 5879 1802 5927 ut

1928 1894 2300 1965 puscircuire;
2333 1910 2492 1962 quam
2517 1904 2667 1948 extra
2686 1896 2824 1948 idem
2858 1910 3051 1963 corpus
3070 1896 3285 1965 egredi:
3316 1894 3514 1959 Eccl.t,

1924 1963 2177 2017 Lustrans
2205 1966 2463 2027 uniuersa,
2497 1965 2667 2032 inquit
2697 1965 2927 2034 Spiritus
2958 1963 3194 2030 sanctus,
3224 1968 3276 2020 in
3299 1964 3516 2019 circuitu

1923 2037 2089 2105 pergit
2122 2036 2355 2104 spiritus,
2387 2046 2433 2088 et
2462 2038 2515 2089 in
2544 2035 2763 2089 circulos
2788 2053 2909 2090 suos
2938 2038 3238 2091 revertitur:
3267 2051 3430 2105 quare
3462 2043 3516 2094 ut

1922 2121 2063 2159 nunc
2093 2106 2319 2172 dicitur,
2366 2106 2481 2160 haec
2509 2107 2685 2160 anima
2712 2108 2764 2160 in
2790 2117 2940 2160 semet
2970 2110 3201 2161 reditura
3230 2116 3381 2160 meat.
3407 2105 3515 2161 Ve-

1921 2191 2040 2230 rum
2070 2176 2396 2243 luceanima,
2423 2177 2600 2230 habita
2630 2179 2834 2231 ratione
2865 2180 3146 2243 lunaelunae,
3170 2194 3326 2248 quam
3352 2176 3515 2231 infor-

1922 2258 2053 2311 mat,
2083 2248 2314 2314 duplicis
2342 2258 2423 2301 est
2453 2248 2693 2315 generis:
2728 2252 2897 2315 major
2928 2265 3052 2313 una,
3076 2265 3194 2317 qua:
3225 2265 3322 2319 per
3352 2248 3514 2315 majo-

1922 2334 2036 2371 rem
2063 2320 2243 2371 mundi
2269 2320 2526 2373 vorticem
2548 2337 2559 2377 :
2585 2319 2750 2373 altera
2776 2320 2970 2384 minor,
2994 2336 3115 2389 qua:
3144 2336 3236 2389 per
3256 2320 3515 2372 minorem

1925 2389 2172 2456 ejusdem
2205 2390 2389 2444 mundi
2423 2391 2681 2445 vorticem
2710 2390 2898 2443 dill‘usa
2930 2391 3158 2445 circuit:
3191 2401 3348 2457 atque
3380 2390 3516 2443 inter

1923 2461 2159 2514 minores
2186 2476 2287 2513 una
2322 2471 2424 2527 est,
2459 2461 2600 2515 circa
2621 2476 2777 2527 quam
2802 2464 3021 2526 cadum,
3044 2463 3210 2516 veluti
3238 2473 3350 2514 rota
3373 2464 3515 2514 circa

1928 2544 2085 2584 axem
2119 2532 2456 2585 convertitur
2477 2572 2492 2597 ,
2523 2546 2791 2600 quamque
2820 2547 2961 2587 nunc
2990 2532 3330 2601 Philosophia
3374 2547 3516 2584 men-

1921 2609 2018 2653 tem
2045 2602 2355 2671 profundam
2380 2612 2569 2666 vocat;
2596 2611 2810 2655 mentem
2834 2604 3072 2672 quidem,
3097 2608 3236 2657 sicut
3264 2604 3374 2670 ipse
3398 2602 3515 2657 Vir—

1920 2672 2081 2741 gilius
2108 2684 2325 2725 mentem
2356 2674 2671 2737 nominavit,
2700 2676 2951 2741 quoniam
2977 2675 3115 2737 haec,
3149 2675 3318 2727 instar
3350 2686 3515 2726 men—

1922 2744 2011 2814 tis,
2034 2742 2289 2814 insensile
2318 2754 2402 2797 est
2431 2754 2608 2814 motus
2640 2744 2954 2812 principium
2981 2764 2993 2797 :
3027 2745 3339 2814 profundam
3357 2758 3511 2807 vero,

1920 2813 2043 2881 quia
2070 2815 2229 2866 centri
2254 2813 2429 2866 locum
2469 2813 2655 2867 habet:
2699 2815 2752 2867 in
2782 2815 2943 2882 globo
2978 2813 3156 2869 antem
3207 2815 3354 2869 nulla
3389 2826 3513 2883 pars

1920 2893 2003 2935 est
2020 2893 2195 2936 centro
2227 2883 2557 2953 prol'undior.
2595 2884 2756 2938 Forte
2781 2885 2896 2939 b:ec
2922 2886 3188 2948 machina,
3232 2900 3350 2953 qua:
3385 2900 3511 2951 pro-

1920 2953 2080 3006 funda
2112 2955 2201 3009 illa
2251 2964 2430 3009 mente
2482 2970 2620 3008 nunc
2651 2955 2982 3024 signiﬁcatur
3022 2956 3326 3017 informari,
3372 2965 3512 3011 terra

1917 3033 2029 3078 est:
2053 3028 2296 3093 quamvis
2326 3025 2467 3081 enim
2496 3026 2639 3096 nulla
2654 3026 3109 3080 demonstratione
3142 3024 3354 3096 probari
3380 3039 3512 3094 pos-

1918 3096 1991 3149 sit
2023 3105 2162 3149 terra
2192 3110 2313 3151 esse
2342 3095 2526 3150 mttndi
2559 3106 2811 3160 centrum,
2839 3107 2976 3151 terra
3004 3095 3179 3152 tamen
3211 3096 3314 3152 dici
3340 3103 3511 3164 potest

1920 3175 2150 3220 centrum
2180 3168 2323 3221 illius
2345 3168 2584 3234 vorticis,
2618 3182 2776 3236 quem
2801 3168 3120 3221 incolimus:
3158 3171 3225 3221 ita
3257 3177 3314 3221 ut
3342 3167 3512 3235 inajor

1843 3223 1889 3288 C
1920 3237 2098 3290 anima
2151 3238 2290 3291 circa
2347 3248 2543 3292 terram
2570 3223 2727 3291 simili
2756 3239 2978 3308 imagine
3006 3248 3263 3292 conuertat
3291 3223 3472 3291 caelum
3490 3253 3512 3293 :

1916 3323 2051 3379 nam,
2086 3323 2180 3362 aer
2206 3308 2437 3379 saltem,
2472 3310 2558 3377 qui
2585 3309 2779 3377 saepius
2807 3320 2911 3363 tam
2941 3311 3078 3379 apud
3124 3324 3305 3364 sacros
3351 3323 3511 3379 quam

1917 3378 2057 3447 apud
2092 3378 2344 3447 profanos
2369 3389 2616 3434 auctores
2643 3390 2862 3435 vocatur
2888 3383 3085 3435 caelum
3114 3422 3128 3443 ,
3178 3378 3379 3435 terram
3406 3381 3512 3433 cir-

1916 3450 2047 3521 cuit,
2073 3464 2172 3505 nec
2200 3450 2267 3504 ab
2288 3451 2393 3504 alio
2420 3465 2644 3521 corpore
2680 3466 2841 3521 quam
2878 3451 2946 3505 ab
2976 3451 3079 3507 isto
3107 3452 3295 3521 spiritu
3333 3464 3511 3506 aerem

1915 3520 2225 3590 circumagi,
2258 3522 2384 3575 satis
2420 3520 2707 3591 probabile
2732 3531 2853 3576 est:
2902 3522 3039 3577 sicut
3086 3520 3247 3576 simili
3296 3536 3512 3590 semper

1916 3592 2147 3661 imagine
2174 3594 2413 3647 converti
2433 3593 2670 3647 videtur:
2690 3594 2830 3661 licet
2859 3595 3001 3648 enim
3036 3594 3087 3647 in
3121 3596 3223 3649 isto
3248 3608 3373 3649 aere
3398 3594 3512 3649 sive

1917 3656 2057 3716 caelo
2083 3663 2274 3728 nubes,
2308 3664 2525 3725 imbres,
2559 3656 2812 3728 ventique
2842 3676 3121 3731 cogantur,
3150 3676 3407 3718 constans
3433 3673 3511 3719 ta-

1915 3748 2041 3787 men
2073 3742 2157 3787 est
2201 3744 2255 3787 et
2295 3734 2598 3787 nniusmodi
2648 3734 2811 3802 hujus
2843 3734 2963 3789 (δωιί
2994 3735 3133 3788 circa
3169 3745 3363 3789 terram
3404 3736 3510 3789 cir~

1915 3812 2115 3866 (ειιιιυε,
2140 3812 2500 3873 conSIausque
2518 3804 2760 3872 ejusdem
2783 3804 3047 3859 caeruleus
3069 3805 3236 3869 color,
3268 3806 3355 3871 qui
3380 3805 3510 3861 nihil

1914 3884 1993 3927 est
2024 3872 2167 3927 aliud
2198 3888 2354 3942 quam
2388 3874 2567 3928 lumen
2613 3874 2784 3929 obviis
2834 3876 3123 3943 vaporibus
3150 3876 3507 3929 exhalationi-

1916 3944 2121 4013 busque
2152 3944 2535 3999 modiﬁcatum.
2562 3945 2631 3999 At
2656 3946 2755 3997 nis‘i
2781 3946 3039 4011 profunda
3067 3945 3160 3999 illa
3187 3946 3361 3998 anima
3388 3946 3505 4014 (ue-

1916 4016 1985 4085 rit
2009 4025 2175 4081 terra,
2199 4016 2301 4068 alia
2330 4015 2432 4069 erit
2459 4030 2523 4069 ex
2559 4016 2857 4085 minoribus
2886 4015 3193 4081 animabus,
3223 4016 3292 4071 de
3316 4016 3507 4085 quibus

1910 4084 2021 4154 jam
2052 4086 2291 4139 locutura
2320 4094 2402 4140 est
2434 4086 2546 4154 ipsa
2576 4084 2944 4154 Philos'Oplna.

1988 4156 2074 4230 l8.
2119 4154 2298 4230 Causis
2347 4162 2546 4211 animas
2594 4156 2801 4230 paribus
2831 4158 3077 4230 ivitasque
3108 4155 3369 4230 minores.]
3418 4156 3507 4213 111.

1917 4225 2264 4287 Philosophia
2295 4229 2402 4296 agit
2422 4225 2663 4282 seorsum
2678 4225 3032 4281 deanimabus
3048 4225 3507 4296 corporeis,'quas

1915 4296 2066 4369 dicit,
2100 4296 2156 4353 1⁸
2192 4299 2389 4351 animas
2420 4300 2643 4367 vitasque
2668 4298 2925 4364 minores;
2955 4298 3012 4353 2⁸
3039 4300 3210 4351 causis
3239 4299 3448 4369 paribus
3473 4316 3507 4355 a

1916 4366 2028 4440 Deo
2053 4379 2353 4436 provectas;
2386 4369 2442 4423 3'
2475 4366 2664 4422 levibus
2687 4369 2917 4422 curribus
2942 4379 3145 4438 aptatus
3170 4386 3189 4431 ;
3211 4366 3276 4440 β’
3302 4385 3387 4440 per
3404 4387 3507 4425 car-

1917 4438 2035 4517 lum.
2054 4433 2338 4510 terramque
2377 4440 2664 4509 dispersas;
2695 4440 2757 4494 5°
2796 4442 2863 4493 ad
2902 4433 3083 4494 caelum
3112 4433 3378 4495 conitersas
3420 4457 3503 4497 re-

1914 4520 2056 4561 verti.

1990 4581 2232 4634 Primum
2260 4580 2434 4649 agitur
2462 4581 2852 4653 biegduntaxat
2891 4581 2959 4635 de
3000 4582 3279 4653 animabus
3307 4595 3506 4653 corpoé

1914 4650 2040 4715 reis,
2074 4662 2130 4706 ut
2154 4659 2277 4721 pote
2298 4667 2416 4720 quas
2443 4650 2647 4707 similes
2668 4660 2793 4706 sunt
2820 4652 3065 4719 spiritui,
3097 4652 3164 4708 de
3190 4668 3295 4722 quo
3323 4650 3505 4711 statim

1913 4727 2197 4794 agebatur,
2231 4730 2322 4775 aut
2350 4723 2593 4791 quaedam
2623 4723 2769 4794 illius
2790 4726 2992 4791 portio:
3026 4734 3083 4777 ut
3110 4726 3251 4778 enim
3284 4726 3505 4794 spiritus

1920 4791 2162 4865 Universi
2180 4833 2195 4853 ,
2223 4795 2299 4847 sic
2321 4794 2518 4847 anima:
2543 4794 2624 4847 lue
2648 4792 2985 4849 adducuntur
3004 4796 3059 4865 in
3090 4791 3416 4865 exemplum,
3449 4804 3505 4856 ut

1918 4862 1999 4916 his
2010 4864 2237 4935 cognitis
2258 4880 2408 4918 mens
2430 4866 2658 4918 lunnana
2670 4865 2782 4919 suis
2797 4864 3210 4935 cogitationibus
3229 4862 3294 4921 ad
3307 4867 3501 4935 Deum,

1916 4934 2057 5005 unde
2083 4948 2298 5005 egressa
2333 4944 2436 4999 est,
2469 4944 2789 4990 revertatur.

1985 5004 2187 5080 Deinde
2215 5004 2296 5058 hae
2324 5015 2581 5080 vocantur
2606 5008 2792 5080 animo:
2816 5008 3027 5080 vitatque
3069 5008 3325 5073 minores;
3356 5008 3500 5080 quod

1914 5075 2209 5129 minoribus
2252 5075 2513 5130 machinis
2544 5078 2793 5143 inclusas,
2824 5079 3074 5143 ;minores
3122 5075 3501 5135 circuitus'ab-

1913 5146 2145 5220 solvant,
2178 5155 2233 5199 ut
2265 5148 2315 5200 in
2357 5147 2571 5220 plantis,
2604 5150 2655 5201 in
2684 5150 2889 5215 beatiis,
2919 5158 2973 5203 et
3001 5150 3052 5204 in
3095 5150 3211 5220 ipso
3242 5151 3495 5205 homine:

1912 5231 2033 5291 eum
2058 5218 2158 5291 hoc
2182 5226 2359 5291 tamen
2396 5218 2728 5283 discrimine,
2755 5220 2893 5287 quod
2942 5221 2995 5274 in
3043 5218 3259 5275 homine
3303 5232 3497 5291 praeter

1914 5286 2056 5340 hunc
2076 5286 2320 5355 spiritum
2346 5300 2687 5359 corporeum,
2710 5286 2783 5342 sit
2805 5304 2961 5345 mens
2981 5292 3094 5345 sive
3120 5308 3206 5345 res
3230 5286 3495 5359 cogitans,

1914 5360 1998 5411 cui
2028 5359 2248 5426 spiritus
2281 5359 2369 5412 ille
2389 5358 2707 5413 famulatur:
2742 5376 2847 5429 quo
2873 5361 2930 5414 lit
2955 5358 3353 5429 utspiritusille
3373 5376 3497 5414 cor-

1917 5443 2130 5499 poreus,
2178 5438 2235 5481 ut
2265 5439 2388 5497 pote
2434 5431 2618 5484 forma:
2650 5430 2929 5499 principali
2975 5430 3282 5492 famulatus.
3315 5432 3367 5485 in
3400 5432 3497 5486 ho-

1917 5498 2061 5553 mine
2088 5514 2283 5554 nomen
2312 5501 2729 5570 dignitatemque
2756 5498 2947 5555 animze
2974 5503 3216 5567 amittat,
3260 5502 3497 5557 dicatur-

1912 5585 2015 5639 que
2040 5579 2325 5639 propterea
2358 5574 2409 5625 in
2452 5570 2804 5643 homineuna
2830 5574 3085 5626 duntaxat
3132 5588 3250 5627 esse
3292 5576 3493 5643 anima,

1910 5655 2080 5711 eaque
2109 5643 2319 5697 ratione
2342 5642 2587 5710 pradita.
2623 5641 2809 5712 Virgil.
2842 5658 2890 5695 tv
2914 5644 3132 5713 Georg.,
3160 5659 3211 5696 v.
3238 5645 3344 5699 v.20
3372 5662 3383 5675 ·

1970 5756 2093 5806 Esse
2112 5760 2283 5820 apibus
2308 5766 2501 5820 partem
2519 5757 2697 5807 divinae
2723 5759 2900 5806 mentis
2925 5766 2975 5806 et
2996 5760 3194 5809 haustus

1974 5818 2214 5883 .githerios
2235 5818 2409 5868 dixere
2436 5834 2447 5867 :
2472 5818 2631 5867 Deum
2658 5834 2863 5883 namque
2890 5823 2967 5871 ire
3000 5835 3087 5883 per
3112 5835 3286 5872 omnes

1974 5880 2252 5936 Terrasque
2277 5887 2559 5938 tractusque
2584 5884 2729 5933 maris
2749 5880 3023 5942 ctelumque
3044 5884 3354 5942 profundum.
