3984 6382
287 356 385 413 765

1172 359 1259 414 DE
1296 354 1815 414 CONSOLATIONE
1855 354 2328 414 PHILOSOPHIE
2391 361 2520 416 LIB.
2566 362 2651 418 Ill.

3442 358 3543 415 766

283 473 577 544 perfectum
606 453 820 543 quoque
840 440 1063 543 aliquod
1094 487 1236 534 esse.
1269 487 1488 529 necesse
1515 473 1605 527 sit.
1652 472 1862 527 Etenim
1895 476 1949 532 Α
1975 482 2135 541 atque
2162 473 2539 529 inviolabiliter
2566 474 2779 545 probes,
2814 474 2925 546 (15)
2962 476 2980 524 i
3030 473 3173 544 quod
3202 473 3325 529 boni
3352 471 3551 527 summi

282 564 616 636 perfectione
659 564 893 629 sublata,
934 563 1077 618 unde
1116 564 1268 625 illud,
1312 564 1454 632 quod
1495 564 1865 633 imperfectum

280 656 617 726 perhibetur,
649 656 939 720 exstiterit,
971 672 1039 710 ne
1065 654 1194 724 ﬁngi
1220 656 1435 724 quidem
1466 666 1660 724 potest.
1686 655 1869 725 Neque

280 750 424 803 enim
455 750 524 803 ab
556 749 875 812 diminutis,
924 758 950 784 η
981 749 1531 817 inconsummatisque
1559 758 1747 803 natura
1785 763 1869 803 re-

277 856 396 893 rum
440 840 587 908 cepit
632 840 943 903 exordium,
987 840 1080 894 sed
1124 840 1188 894 ab
1228 840 1472 909 integris,
1502 841 1869 909 absolutisque

274 930 615 997 procedens,
658 931 711 985 in
743 930 857 985 haec
886 943 1126 985 extrema
1165 941 1324 1001 atque
1356 931 1381 969 δ
1410 932 1564 987 eﬂ’eta
1592 933 1865 987 dilabitur.

274 1021 431 1086 Quod
479 1023 561 1087 si,
631 1022 709 1075 uti
757 1022 872 1090 (15)
917 1022 1074 1090 paulo
1118 1032 1240 1076 ante
1296 1023 1743 1089 monstravimus,
1786 1032 1871 1077 est

272 1114 525 1182 quwdam
567 1115 693 1169 boni
735 1114 936 1184 fragilis
984 1114 1294 1183 imperfecta
1324 1116 1552 1171 felicitas
1582 1133 1594 1169 :
1626 1131 1746 1171 esse
1776 1118 1871 1171 ali-

272 1224 438 1275 quam
470 1205 703 1261 solidam
738 1206 1133 1276 perfectamque
1176 1218 1197 1244 ο
1242 1223 1349 1261 non
1398 1216 1573 1277 potest
1613 1208 1865 1262 dubitari.

273 1298 651 1360 Firmissime,
680 1299 897 1367 inquam
929 1294 978 1361 ά,
1013 1299 1401 1367 verissimeque
1429 1300 1739 1355 conclusum
1762 1311 1866 1354 est.

275 1392 440 1462 229
479 1393 494 1421 ¹
541 1394 658 1458 Quo
701 1406 846 1455 vero,
894 1393 1095 1459 inquit,
1132 1400 1155 1427 ο
1192 1390 1415 1456 habitet,
1454 1392 1525 1445 ita
1564 1392 1868 1447 considera.

277 1484 451 1539 Deum
482 1500 663 1539 rerum
699 1484 938 1539 omnium
979 1485 1294 1554 principem,
1333 1485 1530 1540 bonum
1559 1500 1872 1553 esse,-com-

278 1577 461 1629 munis
508 1575 863 1631 humanorum
918 1573 937 1613 ί
980 1576 1263 1641 conceptio
1308 1576 1497 1644 probat
1542 1576 1867 1633 animorum.

280 1666 413 1722 Nam
444 1684 566 1724 cuin
599 1668 732 1722 nihil
763 1668 873 1722 Deo
903 1668 1093 1722 melius
1121 1668 1417 1737 excogitari
1444 1678 1626 1737 queat,
1656 1668 1735 1734 id,
1765 1684 1870 1738 quo

286 1762 475 1816 melius
502 1761 639 1815 nihil
678 1770 783 1823 est,
818 1762 1016 1815 bonum
1052 1775 1178 1816 esse
1201 1760 1321 1830 quis
1348 1760 1595 1816 dubitet?
1641 1762 1713 1815 ita
1740 1776 1872 1815 vero

1970 578 2236 618 summum
2260 564 2426 620 Deum
2458 567 2689 621 diximus
2718 582 2838 622 esse
2863 568 3254 636 plenissimum.
3284 566 3548 633 Quonam,

1972 654 2185 723 inquam
2212 655 2261 721 ιι,
2292 656 2489 710 modo?
2519 659 2538 688 ¹
2563 656 2640 712 Ne
2666 656 2683 695 1
2710 658 2852 711 hunc
2880 674 3057 713 rerum
3088 658 3321 712 omnium
3351 668 3555 726 patrem

1973 746 2102 800 illud
2138 761 2405 801 summum
2433 749 2650 813 bonum,
2691 764 2795 819 quo
2837 750 3024 818 plenus
3060 764 3181 805 esse
3223 749 3554 819 perhibetur,

1973 838 2059 891 vel
2089 838 2426 894 extrinsecus
2470 840 2765 907 accepisse,
2792 841 2877 895 vel
2922 843 2991 895 ita
3020 842 3335 895 naturaliter
3361 840 3558 895 habere

1973 944 2304 999 prarsumas,
2349 933 2531 1000 quasi,
2588 932 2828 988 habentis
2855 934 2979 1001 Dei,
3038 933 3339 1003 habitteque
3382 932 3557 989 beati-

1974 1021 2175 1075 tudinis
2215 1022 2483 1077 diversam
2524 1024 2727 1091 cogites
2769 1038 2889 1079 esse
2930 1025 3298 1079 substantiam.
3351 1023 3481 1078 Nam
3510 1024 3556 1077 si

1974 1114 2311 1168 extrinsecus
2370 1125 2643 1184 acceptum
2688 1115 2815 1187 (ΞΘ)
2868 1126 3057 1187 putes,
3105 1120 3443 1186 prarstantius
3506 1118 3560 1173 id

1973 1206 2114 1273 quod
2143 1206 2375 1271 dederit,
2406 1220 2472 1261 eo
2512 1207 2655 1273 quod
2694 1211 2983 1278 acceperit,
3024 1212 3329 1265 existimare
3364 1210 3559 1279 possis.

1976 1297 2135 1367 23o
2165 1299 2270 1352 Sed
2301 1297 2444 1353 hunc
2484 1313 2602 1353 esse
2638 1312 2815 1353 rerum
2854 1302 3090 1354 omnium
3122 1301 3561 1371 praacellentissi-

1975 1403 2142 1451 mum,
2169 1388 2475 1457 dignissime
2498 1391 2837 1445 conﬁtemur.
2866 1390 3020 1458 Quod
3051 1393 3095 1445 si
3125 1403 3311 1446 natura
3342 1392 3557 1460 quidem

1975 1478 2135 1542 inest,
2165 1481 2257 1533 sed
2295 1489 2377 1534 est
2398 1482 2609 1536 ratione
2638 1483 2932 1549 diversum,
2961 1497 3081 1538 cum
3111 1485 3176 1540 de
3208 1500 3383 1538 rerum
3418 1486 3563 1551 prin-

1974 1571 2093 1638 cipe
2133 1570 2415 1639 loquamur
2444 1571 2577 1643 Deo,
2623 1576 2784 1644 tingat
2829 1580 2916 1645 qui
2962 1587 3155 1645 potest,
3187 1577 3305 1646 quis
3334 1577 3453 1631 haec
3490 1577 3563 1630 di-

1974 1676 2128 1715 versa
2166 1664 2551 1729 conjuuaerit?
2588 1664 2869 1720 Pastremo
2903 1669 3041 1735 quod
3083 1681 3112 1720 a
3138 1667 3376 1735 qualibet
3400 1680 3460 1721 re
3487 1666 3565 1720 di-

1976 1767 2192 1807 versum
2216 1763 2327 1816 est,
2374 1754 2427 1807 id
2470 1768 2579 1809 nou
2623 1768 2705 1811 est
2748 1756 2826 1827 (5)
2868 1758 3015 1820 illud,
3056 1773 3083 1809 a
3114 1773 3221 1825 quo
3250 1757 3567 1827 intelligitur

282 1853 482 1907 bonum
511 1867 635 1908 esse
662 1852 828 1906 Deum
858 1853 994 1907 ratio
1016 1852 1097 1921 (5)
1120 1852 1468 1917 demonstrat,
1500 1861 1557 1906 ut
1576 1852 1874 1921 perfectum
1905 1843 1955 1904 Β
1982 1861 2104 1900 esse
2124 1846 2416 1901 diversum.
2442 1848 2623 1913 Quare
2652 1850 2792 1918 quod
2821 1865 2851 1904 a
2880 1865 3090 1904 summo
3123 1852 3263 1904 bono
3290 1851 3565 1905 diversum

281 1960 495 2015 quoque
518 1945 716 1999 bonum
750 1945 803 1999 in
833 1960 899 1997 eo
929 1958 1050 1999 esse
1075 1944 1379 1999 convincat.
1408 1944 1537 1997 Nam
1570 1945 1625 1998 ni
1655 1945 1761 1999 tale
1781 1947 1871 2010 sit,

278 2055 462 2094 rerum
494 2041 732 2094 omnium
764 2040 1017 2110 princeps
1046 2054 1169 2094 esse
1196 2053 1302 2093 non
1340 2038 1563 2106 poterit:
1603 2040 1706 2093 erit
1734 2040 1877 2093 enim

278 2144 347 2184 eo
383 2132 725 2201 pra-stantius
762 2130 984 2199 aliquid,
1013 2129 1308 2199 perfectum
1345 2129 1630 2199 possidens
1658 2130 1878 2199 bonum,

275 2223 423 2293 quod
451 2223 551 2278 hoc
575 2223 744 2293 prius,
770 2232 928 2292 atque
951 2222 1225 2291 antiquius
1243 2237 1367 2276 esse
1384 2220 1671 2276 videatur:
1698 2223 1877 2276 omnia

274 2329 513 2384 namque
544 2314 780 2383 perfecta
813 2323 836 2359 ε
871 2313 1049 2368 minus
1070 2312 1294 2382 integris
1315 2312 1493 2380 priora
1523 2327 1644 2368 esse
1671 2312 1879 2367 clarue-

274 2414 427 2467 runt,
463 2418 632 2473 quare
657 2418 721 2458 ne
756 2403 810 2457 in
850 2403 1121 2458 infinitum
1152 2403 1289 2457 ratio
1328 2402 1574 2470 prodeat,
1617 2403 1875 2459 conﬁten-

275 2497 407 2551 dum
452 2496 575 2573 (10)
600 2488 693 2550 'est
732 2509 999 2550 summum
1040 2494 1232 2559 Deum,
1280 2496 1498 2561 sumini,
1548 2496 1875 2565 perfectique

280 2588 410 2641 boui
438 2602 559 2641 esse
586 2586 982 2655 plenissimum.
1013 2585 1119 2640 Sed
1148 2586 1441 2655 perfectum
1467 2586 1665 2639 bonum
1694 2600 1873 2639 veram

281 2694 404 2734 esse
445 2680 833 2733 beatitudinem
878 2678 1277 2733 constituimus.
1320 2676 1513 2731 Veram
1547 2678 1708 2745 igitur
1747 2676 1875 2731 ben-

280 2772 562 2826 titudinem
604 2772 660 2825 in
701 2786 914 2825 summo
955 2770 1065 2825 Deo
1103 2770 1261 2825 sitam
1306 2784 1459 2835 esse,
1498 2783 1725 2823 necesse
1771 2777 1871 2822 est.

288 2866 529 2935 Accipio,
555 2868 771 2934 inquam
796 2862 849 2933 δ,
874 2880 971 2919 nec
992 2872 1074 2920 est
1095 2864 1237 2933 quod
1260 2862 1558 2919 contradici
1580 2863 1692 2916 ullo
1710 2865 1875 2916 modo

288 2964 466 3025 queat.
496 2955 602 3011 Sed
631 2970 835 3025 quaeso,
877 2955 1046 3024 inquit
1078 2952 1125 3020 ί,
1158 2964 1231 3029 te,
1271 2953 1393 3009 vide
1419 2968 1577 3024 quam
1610 2953 1662 3007 id
1692 2963 1877 3008 sancte

1985 1950 2061 1991 εει
2111 1939 2193 1991 sui
2228 1949 2442 2002 natura,
2480 1940 2533 1995 id
2580 1955 2845 1995 summum
2889 1943 3085 1996 bonum
3128 1957 3232 1996 non
3271 1951 3355 1997 est
3385 1960 3397 1995 :
3426 1941 3569 2009 quod

1988 2027 2141 2082 nefas
2158 2038 2242 2082 est
2261 2029 2329 2083 de
2351 2029 2459 2084 Deo
2486 2032 2743 2099 cogitare,
2765 2049 2873 2103 quo
2899 2033 3028 2087 nihil
3056 2044 3262 2088 constat
3287 2047 3407 2088 esse
3430 2049 3570 2102 prte-

1988 2121 2231 2174 stantius.
2261 2120 2491 2175 Omnino
2521 2123 2663 2177 enim
2693 2124 2889 2178 nullius
2920 2126 2998 2179 rei
3030 2136 3216 2179 natura
3246 2140 3344 2179 suo
3372 2126 3569 2193 princi-

1987 2210 2077 2277 pio
2130 2212 2323 2266 melior
2369 2215 2563 2282 poterit
2605 2216 2879 2281 existere,
2927 2232 3091 2286 quare
3148 2218 3287 2286 quod
3332 2218 3570 2274 omnium

1991 2303 2313 2372 principium
2353 2306 2443 2372 sit,
2486 2306 2535 2359 id
2564 2309 2733 2361 etiam
2758 2317 2795 2344 ω
2838 2310 2920 2363 sui
2959 2310 3257 2365 subsmntia
3302 2326 3570 2365 summum

1988 2408 2109 2450 esse
2126 2396 2321 2451 bonum
2349 2396 2467 2466 (l0)
2507 2401 2786 2455 verissima
2827 2403 3033 2457 ratione
3062 2405 3436 2459 concluserim.
3471 2405 3572 2459 lte-

1983 2487 2247 2553 ctissime,
2270 2489 2511 2569 inquam.
2539 2491 2643 2547 Sed
2666 2507 2941 2547 "summum
2964 2494 3161 2549 bonum
3191 2495 3572 2550 beatitudinem

1983 2594 2105 2633 esse
2142 2593 2460 2635 concessum
2502 2590 2604 2635 est.
2647 2582 2720 2637 Ita
2751 2593 2853 2648 est,
2886 2585 3122 2653 inquam.
3166 2586 3346 2654 Igitur,
3378 2586 3569 2654 inquit,

1984 2670 2153 2725 Deum
2183 2685 2304 2725 esse
2326 2672 2497 2740 ipsam
2521 2671 2924 2741 beatitudinem,
2952 2688 3177 2729 necesse
3200 2686 3282 2728 est
3303 2675 3569 2729 couliteri.

1984 2762 2092 2816 Nec
2134 2764 2444 2831 propositis,
2493 2764 2732 2834 inquam,
2777 2766 3043 2835 prioribus
3065 2772 3094 2802 ιι
3125 2765 3378 2835 refragari
3411 2781 3568 2835 queo,

1984 2867 2039 2911 et
2075 2856 2143 2911 ab
2181 2857 2289 2913 illis
2334 2859 2435 2911 hoc
2476 2857 2686 2913 illatum
2736 2858 3069 2925 consequens
3110 2873 3230 2913 esse
3283 2856 3568 2927 perspicio.

1985 2953 2006 2983 ³
2032 2953 2291 3023 Respice,
2330 2952 2530 3024 inquit,
2561 2967 2628 3009 an
2657 2953 2783 3009 hinc
2808 2967 3020 3024 quoque
3049 2952 3188 3009 idem
3219 2951 3335 3023 (l5)
3368 2951 3571 3006 firmius

1637 3078 2223 3159 JNTERPRETATIO.

359 3219 384 3247 ⁸
428 3206 770 3279 inperfectis.

352 3279 384 3318 δ
427 3278 646 3333 Debitio.

362 3363 386 3389 ο
433 3350 783 3403 Felicitatem.

356 3417 383 3458 ἀ
427 3420 541 3488 Ego
579 3418 812 3473 Boetius.

360 3501 384 3528 ⁸
424 3481 639 3545 cuinam
670 3490 745 3542 rei
774 3488 890 3541 insit
914 3485 1003 3539 illa
1026 3484 1261 3553 felicitas,
1286 3484 1356 3537 ait
1380 3481 1732 3555 Philosophia.

363 3559 387 3599 ί
432 3560 591 3614 Notio
621 3559 713 3612 Dei
743 3558 972 3613 omnibus
1002 3558 1240 3610 humanis
1269 3557 1516 3609 mentibus
1545 3557 1715 3610 insita.

356 3642 383 3680 ε
425 3631 450 3684 f
461 3631 771 3701 inperfectis.

1899 3203 1947 3266 C

2055 3200 2082 3239 ιι
2124 3202 2234 3269 Ego
2265 3202 2498 3260 Boetius.

2057 3271 2075 3310 ί
2122 3274 2486 3342 Philosophia.

2055 3344 2070 3394 l
2122 3343 2289 3397 Deum
2317 3344 2501 3398 habere
2526 3347 2773 3401 rationem
2795 3347 2982 3401 summi
3003 3346 3143 3402 boni.

2057 3412 2083 3483 ξι
2128 3416 2236 3483 Ego
2267 3416 2500 3469 Boetius.
3120 3428 3123 3429 '

2059 3480 2079 3522 ί
2124 3480 2297 3557 [nituit
2336 3484 2699 3557 Philosophia.

2054 3563 2091 3589 ω
2124 3555 2341 3610 Ratione
2369 3558 2471 3611 sui.

2059 3632 2085 3658 ¹³
2126 3628 2417 3681 Adrersari.

1819 3756 2045 3814 NOTAE.

284 3894 442 3951 strat,
474 3878 686 3944 aliquod
726 3889 845 3930 esse
889 3887 1158 3951 summum
1191 3872 1387 3951 bonum
1422 3885 1437 3926 :
1471 3868 1595 3939 quia
1637 3883 1758 3951 cum
1790 3885 1860 3924 ex

284 3940 445 4012 dictis
489 3940 697 4007 constet
727 3960 992 4015 summum
1028 3945 1222 4015 bonum
1252 3940 1393 3995 idem
1424 3955 1544 3993 esse
1572 3940 1714 4008 quod
1746 3954 1865 4008 per-

283 4028 507 4087 fectum,
540 4023 585 4076 si
617 4018 811 4077 existat
839 4012 1050 4084 aliquod
1082 4012 1393 4087 perfectum,
1425 4024 1645 4064 necesse
1674 4020 1777 4075 θαι,
1804 4020 1867 4087 ut

284 4082 505 4165 aliquod
530 4082 1014 4165 summumbunum
1039 4084 1127 4165 exi
1158 4092 1271 4165 tat_:
1303 4082 1739 4165 existere‘autem
1766 4082 1866 4165 ali-

284 4151 429 4239 quod
463 4159 898 4239 perfectumnhac
940 4155 1194 4224 probatur
1230 4152 1725 4239 demonstratione.
1762 4151 1871 4233 lm-

284 4222 580 4309 perlecium
625 4232 677 4287 in
716 4228 895 4309 aliqua
928 4222 1131 4309 genere
1160 4222 1639 4309 existerenequit,
1675 4222 1775 4309 nisi
1814 4222 1867 4303 in

284 4293 476 4364 eodem
497 4317 697 4375 genere
725 4293 1259 4375 aliquod—perfectum
1282 4294 1475 4347 existat
1500 4309 1513 4345 :
1539 4293 1872 4375 quandoqui-

284 4363 406 4436 dem
437 4363 566 4432 iliiid
590 4363 1083 4443 imperfectum—nec
1102 4365 1316 4443 dicitur,
1342 4380 1439 4418 nec
1462 4363 1742 4443 cogitatur,
1772 4378 1870 4443 nec

286 4434 365 4505 est
396 4447 503 4503 nisi
532 4434 1098 4507 facta'eomparatioue
1126 4452 1247 4490 cum
1280 4435 1380 4488 hoc
1413 4434 1683 4501 perfecto,
1718 4434 1869 4500 cujus

284 4520 418 4578 illud
448 4518 655 4572 dicatur
692 4506 1059 4580 cogiteturque
1086 4507 1517 4580 imminutioeta
1548 4520 1653 4580 quo
1673 4506 1869 4580 _ceperit

1970 3871 2175 3946 Sophia:
2201 3870 2693 3946 nefassitjudicare
2715 3872 2815 3946 nisi
2842 3872 3196 3938 praeeuntibus
3224 3876 3565 3946 nodonibus,‘

1971 3956 2104 4010 quas
2128 3940 2414 4009 iudicando
2453 3944 2589 3996 inter
2625 3957 2683 3995 se
2708 3944 2893 4011 jungat
2921 3952 3014 3996 aut
3040 3954 3272 4008 separet.
3307 3945 3421 3999 haec
3448 3940 3556 4003 non

1972 4022 2147 4080 potest
2195 4011 2438 4080 judicare
2491 4012 2752 4065 rationem
2806 4015 2999 4066 summi
3058 4012 3178 4067 boui
3223 4029 3343 4069 esse
3387 4019 3558 4074 abeo

1973 4082 2299 4147 distinctam,
2348 4084 2448 4135 nisi
2488 4092 2544 4137 et
2586 4097 2850 4137 summum
2893 4085 3121 4145 bonum,
3152 4095 3207 4139 et
3237 4085 3425 4150 Deum,
3464 4100 3559 4143 sua

1973 4153 2270 4227 quemlibet
2290 4167 2531 4207 seorsum
2556 4156 2791 4227 notione,
2815 4155 2959 4207 clare
2982 4168 3033 4208 et
3056 4154 3303 4209 distincte
3326 4158 3560 4227 cogitare

1978 4225 2152 4290 possit
2194 4242 2205 4276 :
2251 4226 2320 4276 ita
2350 4234 2408 4277 ut
2436 4238 2561 4278 vere
2602 4226 2837 4293 cogitare
2868 4229 3034 4293 possit
3063 4241 3328 4280 summum
3362 4225 3560 4284 bonum

1983 4309 2089 4347 non
2112 4308 2233 4348 esse
2259 4295 2444 4357 Deum,
2478 4304 2532 4348 et
2559 4295 2721 4348 Deum
2756 4311 2858 4347 non
2884 4310 3002 4349 esse
3032 4311 3299 4350 summum
3325 4300 3519 4352 bonum
3545 4341 3559 4353 .

1978 4374 2258 4434 propterea
2303 4365 2441 4418 enim
2484 4367 2668 4419 eadem
2712 4365 3047 4433 philosophia
3087 4367 3291 4434 judicat
3330 4378 3563 4425 mentem

1978 4446 2217 4488 nostram
2262 4436 2723 4509 essedistinctam
2767 4446 3013 4509 agnosrtro
3044 4451 3269 4509 corpore
3302 4454 3315 4490 :
3349 4453 3411 4491 ex
3459 4456 3565 4509 quo

1978 4515 2292 4575 sequeretur
2314 4506 2574 4560 rationem
2597 4508 2788 4560 summi
2812 4508 2959 4569 boni,
2979 4522 3137 4577 quam
3158 4508 3295 4561 Deus
3319 4506 3560 4575 haberet,

283 4574 575 4645 exordium.
605 4574 838 4653 Atqui'in
864 4574 1060 4651 genere
1085 4577 1210 4653 boni
1234 4576 1415 4653 existit
1436 4574 1648 4644 aliquod
1669 4574 1869 4653 imper-
1900 4591 1952 4651 υ
1978 4574 2099 4630 esse
2122 4577 2462 4653 extrinsecus
2482 4588 2777 4643 acceptam,
2801 4574 3043 4653 adeoque
3066 4592 3185 4653 esse
3212 4579 3442 4653 aliquam
3469 4574 3561 4635 Dei

284 4661 484 4717 fectum
520 4675 533 4711 :
566 4645 705 4711 illud"
737 4645 941 4707 scilicet
974 4648 1115 4720 quod
1158 4646 1346 4717 fragile
1386 4656 1468 4701 est
1505 4655 1561 4699 et
1587 4645 1869 4712 caducum,

285 4732 352 4788 de
379 4748 489 4802 quo
516 4730 775 4802 hactenus
802 4724 1124 4802 dispiitatum
1153 4729 1255 4772 est.

356 4807 371 4835 ¹
390 4786 509 4869 ἶ)αο
526 4815 642 4853 vero
662 4786 976 4869 habitet.j'l|.
1002 4787 1340 4869 PityusOphia
1364 4786 1719 4865 demonstrat,
1737 4786 1872 4840 hanc

285 4857 482 4930 sumini
532 4870 655 4924 boni
706 4857 1046 4935 qualitatem,
1078 4860 1171 4935 Dei
1200 4874 1365 4935 esse“:
1395 4857 1643 4925 quaniam
1693 4871 1870 4935 rerum

234 4960 241 4970 ‘
285 4926 524 4999 omnium
544 4926 789 5008 princeps
807 4955 815 4984 ι
830 4935 1061 5008 atiouem
1084 4931 1197 5008 sive
1211 4928 1522 5008 qualitatem
1539 4928 1731 4980 summi
1746 4926 1870 5008 boni

285 4998 477 5070 habeat
512 4998 744 5065 necesse
761 5016 845 5060 est
874 5020 888 5055 :
921 5002 1157 5071 alioquin
1186 4998 1289 5054 erit
1328 4998 1525 5071 aliquid
1563 5012 1627 5052 eo
1658 5000 1867 5071 melius,

285 5083 608 5155 perfectius.
642 5078 815 5155 prius,
855 5085 1015 5155 atque
1050 5070 1345 5155 antiquius,
1381 5070 1619 5148 adeoque
1634 5070 1738 5155 ille
1766 5084 1869 5149 noon

286 5140 388 5209 erit
430 5140 699 5223 princeps.
740 5140 1065 5223 Atqui‘Deus
1101 5140 1197 5197 est
1224 5156 1403 5195 rerum
1446 5140 1682 5223 omnium
1724 5140 1875 5223 priu-

287 5210 458 5294 ceps':
494 5232 553 5277 ut
581 5210 861 5274 communis
888 5215 1235 5294 humanorum
1257 5212 1527 5294 conceptio
1557 5210 1734 5294 pr-ohlat
1761 5211 1874 5262 ani-

288 5280 487 5350 morum
515 5310 533 5349 :
565 5308 685 5347 cum
716 5290 858 5345 enim
888 5287 1000 5339 hzec
1029 5284 1306 5352 conceptio
1333 5298 1431 5335 nec
1461 5281 1527 5333 de
1559 5280 1743 5343 nihilo,
1771 5293 1873 5333 nec

290 5383 319 5421 a
346 5366 513 5421 nihilo
537 5378 657 5419 esse
678 5361 867 5430 possit,
890 5358 932 5410 si
957 5360 1235 5425 conceptio
1259 5354 1341 5405 illa
1366 5352 1520 5405 fuerit
1546 5353 1594 5404 in
1623 5352 1872 5430 omnibus

291 5438 561 5492 mentibus
585 5422 827 5487 humanis
849 5437 935 5502 plut
958 5422 1143 5481 revera
1173 5440 1293 5479 sise
1322 5437 1683 5502 “""§qu‘sﬂ“e
1716 5422 1872 5502 hui-.98

289 5491 543 5562 conscius
570 5491 885 5571 experitur),
921 5512 1140 5571 necesse
1170 5506 1251 5549 est
1280 5504 1335 5546 ut
1360 5491 1753 5571 existatIDeus,
1782 5491 1872 5545 ille

289 5593 469 5634 rerum
498 5563 731 5629 omnium
764 5563 1029 5640 princeps,
1059 5567 1125 5620 de
1146 5582 1250 5633 quo
1279 5574 1331 5618 et
1359 5578 1390 5640 a_
1410 5578 1515 5631 quo
1540 5564 1607 5616 sit
1627 5563 1716 5616 illa
1737 5578 1873 5615 com-

289 5653 457 5702 munis
486 5636 777 5699 animorum
798 5641 1137 5693 humanorum
1164 5636 1443 5703 conceptio.

359 5720 381 5750 ¹
410 5717 491 5772 Ne
519 5721 651 5770 hunc
678 5727 847 5768 rerum
873 5713 1096 5783 omnium
1125 5701 1363 5783 patrium]
1412 5703 1496 5756 Ill.
1529 5701 1869 5783 i‘liilosophia

292 5788 646 5852 detnonsuat,
680 5786 814 5839 hanc
844 5778 1188 5855 sumiuiboin
1222 5778 1483 5855 rationein
1510 5777 1623 5827 sive
1650 5777 1876 5855 qualita-

295 5843 402 5917 tem
429 5872 553 5917 esse
579 5843 646 5913 ab
672 5858 789 5927 ipso
818 5855 930 5909 Deo
965 5850 1326 5906 itldistinttsm
1352 5863 1367 5901 :
1396 5858 1429 5917 q
1451 5844 1519 5912 tia
1548 5858 1669 5917 cum
1700 5843 1872 5915 philo-

1974 4656 2218 4711 ‘causam,
2248 4661 2366 4715 qua:
2391 4648 2554 4701 Deum
2586 4656 2639 4701 et
2666 4651 2858 4703 summi
2888 4648 3011 4701 boni
3044 4650 3307 4703 rationem
3341 4650 3481 4703 inter
3505 4666 3563 4705 se

1979 4717 2353 4789 conjunxerit:
2381 4734 2483 4771 non
2506 4732 2660 4771 secus
2689 4734 2750 4773 ac
2775 4733 2929 4774 mens
2956 4721 3208 4780 humana.
3237 4735 3340 4788 qua
3368 4736 3565 4789 corpus

1980 4788 2318 4855 informatur,
2350 4799 2431 4841 est
2459 4790 2794 4843 extrinsecus
2821 4799 3035 4859 accepta
3055 4832 3069 4855 ,
3096 4795 3438 4859 agnoscitque
3468 4788 3564 4845 ali-

1982 4874 2140 4924 quam
2163 4862 2243 4912 sui
2267 4872 2507 4923 causam,
2532 4875 2651 4925 qua:
2680 4870 2912 4914 mentem
2944 4862 3110 4929 ipsam
3136 4870 3188 4913 et
3208 4875 3401 4929 corpus
3427 4862 3564 4915 inter

1980 4943 2040 4982 se
2060 4930 2417 4999 conjunxerit.
2436 4930 2591 4999 Atqui
2615 4931 2947 4999 philos0phia
2972 4945 3074 4985 non
3101 4943 3273 4999 poteSt
3294 4947 3561 4985 summurn

1982 5002 2179 5053 bonum
2202 5012 2254 5053 et
2276 5000 2440 5053 Deum
2471 5015 2565 5054 sua
2588 5002 2880 5068 quemlibet
2907 5014 3149 5055 seorsum
3180 5002 3395 5055 notione
3420 5004 3563 5055 clare

1979 5081 2031 5123 et
2077 5070 2329 5125 distincte
2374 5072 2605 5139 cogitare
2646 5089 2659 5123 :
2704 5072 3130 5141 quandoquidem
3177 5082 3234 5125 ut
3280 5070 3439 5136 Deus,
3485 5076 3563 5127 sic

1976 5155 2245 5194 summum
2275 5142 2471 5193 bonum
2493 5143 2777 5210 cogitatur,
2802 5158 2901 5211 quo
2926 5144 3055 5196 nihil
3078 5152 3276 5197 constat
3303 5158 3409 5196 esse
3431 5158 3559 5211 prte-

1976 5216 2210 5277 slantius,
2243 5212 2441 5275 melius,
2471 5214 2630 5281 prius.

2052 5282 2072 5310 ³
2105 5282 2314 5355 Respice
2341 5299 2407 5355 an
2437 5284 2554 5335 hinc
2579 5283 2818 5355 quoque]
2852 5284 2939 5355 iV.
2971 5284 3308 5350 Philosophia
3339 5283 3560 5337 demon-

1976 5361 2129 5417 strat,
2160 5353 2357 5420 aliquid
2394 5368 2497 5405 non
2528 5368 2683 5420 posse
2708 5353 2828 5407 cum
2866 5354 2973 5408 Deo
2998 5357 3396 5408 communicare
3424 5369 3561 5421 prte-

1976 5422 2171 5476 dictam
2203 5425 2393 5476 summi
2438 5425 2561 5477 boni
2605 5426 2889 5487 rationem,
2918 5425 3054 5488 sive,
3085 5428 3227 5491 quod
3271 5424 3412 5477 idem
3455 5433 3557 5489 est,

1977 5508 2082 5546 non
2110 5507 2266 5561 posse
2291 5508 2410 5549 esse
2439 5494 2544 5547 duo
2574 5508 2779 5548 summa
2811 5495 2946 5548 bona
2982 5511 2993 5546 :
3027 5498 3146 5561 quia
3177 5509 3243 5547 ex
3268 5495 3376 5556 jam
3401 5494 3559 5549 dictis

1976 5564 2116 5632 quod
2143 5564 2299 5617 habet
2322 5564 2582 5619 ratiOuem
2606 5567 2798 5619 summi
2820 5564 2968 5632 boni,
2997 5566 3110 5618 sive
3135 5564 3275 5633 quod
3304 5576 3385 5619 est
3406 5580 3557 5618 sum-

1978 5649 2122 5705 mum
2152 5634 2371 5700 bonum,
2407 5635 2531 5688 illud
2567 5635 2858 5703 perfectum
2890 5646 2980 5697 sit,
3008 5650 3223 5690 necesse
3253 5645 3353 5690 est.
3396 5636 3556 5705 Atqui

1978 5704 2093 5757 fieri
2126 5719 2229 5757 non
2264 5716 2439 5773 potest
2469 5717 2524 5758 ut
2555 5711 2661 5759 sint
2691 5709 2796 5759 duo
2840 5705 3082 5760 absolute
3112 5705 3345 5774 perfecta
3382 5724 3396 5759 :
3436 5704 3556 5761 cum

1976 5774 2270 5842 perfectum
2318 5776 2561 5830 absolute
2598 5792 2695 5831 nec
2737 5778 2840 5830 dici
2888 5791 2988 5831 nec
3026 5779 3245 5845 cogitari
3288 5792 3387 5832 nec
3439 5792 3556 5834 esse

1974 5848 2167 5917 possit,
2200 5846 2301 5903 nisi
2332 5846 2461 5903 illud
2502 5848 2590 5903 cui
2620 5847 2752 5905 nihil
2781 5847 2974 5906 deest:
3005 5861 3235 5919 cumque
3256 5864 3327 5906 ex
3350 5848 3555 5906 duobus
