3984 6382
388 301 487 380 ἡθτ

1610 312 1719 367 ΑΝ.
1765 307 1973 365 MANL.
2014 304 2168 364 SEV.
2214 300 2435 359 ΒΟΕΊΊΙ

3564 293 3648 350 768

388 438 729 513 approbetur,
756 436 895 507 quod
916 434 1021 489 duo
1050 443 1256 487 summa
1283 430 1441 493 bona,
1467 442 1584 498 quae
1612 442 1639 481 a
1667 441 1725 481 se
1751 429 1967 480 diversa

2106 440 2294 495 emus?
2320 438 2395 493 Ac
2423 450 2690 491 summum
2718 434 2953 504 quidem,
2978 432 3215 505 inquam.
3240 431 3446 496 Addas,
3472 431 3649 502 inquit,

390 542 540 599 sunt,
569 546 689 587 esse
713 544 815 584 non
842 534 1079 599 possunt.
1112 523 1315 579 Etenim
1340 536 1458 592 quae
1484 520 1786 588 discrepant
1808 518 1968 580 bona,

390 640 497 680 non
529 637 650 678 esse
689 621 913 674 alterum
957 616 1097 688 quod
1143 615 1206 669 sit
1251 614 1496 675 alterum,
1544 610 1711 680 liquet
1749 625 1762 661 :
1807 621 1971 676 quare

390 726 638 774 neutrum
668 712 866 783 poterit
901 724 1018 766 esse
1059 706 1373 778 perfectum,
1404 719 1526 759 cum
1565 701 1806 757 alterutri
1836 700 1970 754 alte-

394 827 514 868 rum
538 810 713 866 deest.
758 806 860 863 Sed
888 804 1028 876 quod
1056 803 1349 873 perlectum
1381 814 1485 853 non
1508 798 1597 865 sit,
1626 796 1677 851 id
1706 807 1973 850 summum

390 919 495 959 nou
528 917 648 958 esse
690 899 1028 954 manifestum
1075 903 1156 951 est
1200 910 1213 946 :
1258 891 1404 947 nullo
1454 889 1613 945 modo
1659 888 1818 957 igitur
1858 899 1977 955 qua:

392 1011 599 1051 summa
650 1004 777 1050 sunt
827 993 987 1057 bona,
1033 1005 1094 1045 ea
1144 995 1367 1059 possunt
1421 984 1532 1056 (20)
1583 997 1701 1039 esse
1742 982 1975 1036 diversa.

392 1088 549 1157 Atqui
590 1096 645 1142 et
683 1084 1091 1146 beatitudinem,
1138 1088 1193 1134 et
1236 1080 1423 1144 Deum,
1466 1090 1733 1130 summum
1776 1073 1974 1127 bonum

392 1196 514 1237 esse
554 1178 866 1247 collegimus
898 1192 912 1229 :
942 1188 1107 1251 quare
1136 1172 1305 1243 ipsam
1346 1182 1567 1224 necesse
1599 1175 1681 1221 est
1714 1178 1976 1220 summam

393 1286 515 1327 esse
554 1268 963 1330 beatitudinem,
1000 1279 1118 1334 qua:
1157 1265 1225 1317 sit
1260 1275 1467 1317 summa
1497 1258 1773 1313 Divinitas.
1814 1254 1975 1319 Nihil,

394 1364 635 1433 inquam,
662 1376 761 1417 uec
782 1375 840 1414 re
864 1360 964 1412 bac
986 1356 1179 1419 verius,
1208 1369 1306 1409 nec
1325 1350 1734 1407 ratiocinatione
1756 1347 1978 1410 ﬁrmius,

398 1469 501 1509 nec
527 1455 638 1508 Deo
667 1453 875 1521 dignius
903 1447 1147 1505 concludi
1190 1454 1382 1512 potest.
1439 1442 1597 1514 231
1638 1440 1811 1509 Super
1844 1438 1979 1505 haec,

398 1545 593 1616 inquit,
636 1544 795 1613 igitur
832 1541 995 1595 veluti
1040 1547 1329 1608 geometrae
1370 1536 1564 1599 solent,
1606 1531 1983 1588 demonstratis

397 1635 720 1709 propositis,
767 1631 965 1701 aliquid
1010 1629 1230 1693 inferre,
1281 1628 1296 1657 ¹
1325 1642 1442 1695 qute
1487 1627 1835 1699 ιπερίσματα
1882 1620 1983 1691 ipsi

399 1736 614 1793 vocant,
652 1727 725 1781 ita
755 1740 853 1795 ego
881 1738 1091 1793 quoque
1122 1722 1217 1776 tibi
1254 1719 1413 1775 veluti
1453 1718 1791 1774 corollarium
1822 1714 1980 1771 dabo.

2078 536 2178 591 hoc
2218 534 2467 590 omnibus
2508 532 2651 588 licet.
2696 532 2826 587 Nam
2868 532 3055 587 eadem
3094 530 3418 586 sufﬁcientia
3461 544 3655 587 summa

2076 640 2176 696 est,
2211 629 2401 685 eadem
2434 643 2638 683 summa
2669 626 2929 696 potentia,
2964 624 3266 681 reverentia
3296 638 3533 694 quoque,
3560 620 3661 677 cla-

2077 721 2232 785 ritas,
2262 729 2317 774 et
2344 719 2586 788 voluptas
2616 717 2889 773 beatitudo
2916 731 3038 772 esse
3056 717 3348 787 judicatur.
3392 714 3530 783 Quid
3557 713 3663 784 (20)

2079 812 2278 882 igitur?
2304 810 2551 865 Hteccine
2572 809 2774 874 omnia,
2797 808 3017 873 bonum,
3043 805 3387 874 sufﬁcientia,
3412 804 3661 873 potentia,

2080 914 2382 972 cmteraque
2408 902 2571 957 veluti
2601 900 2844 971 quaedam
2879 900 3226 955 beatitudinis
3256 907 3499 953 membra
3533 905 3667 963 sunt,

2081 1010 2147 1048 an
2183 994 2248 1049 ad
2283 996 2506 1059 bonum,
2534 994 2698 1048 veluti
2727 992 2792 1046 ad
2820 994 3075 1047 verticem
3108 1002 3299 1047 cuncta
3332 988 3668 1046 referuntur?

2081 1085 2346 1153 Intelligo,
2373 1076 2614 1155 inquam,
2638 1084 2765 1154 quid
2794 1084 3223 1159 investigandum
3254 1097 3555 1153 proponas:
3582 1080 3669 1137 sed

2082 1178 2207 1249 quid
2242 1180 2560 1243 constituas,
2597 1179 2784 1234 audire
2823 1178 3096 1235 desidero.
3161 1177 3331 1249 Hujus
3366 1177 3446 1232 rei
3479 1176 3669 1232 discre-

2086 1269 2281 1323 tionem
2309 1270 2386 1324 sic
2412 1270 2615 1337 accipe.
2640 1270 2696 1325 Si
2721 1270 2834 1323 haec
2860 1270 3039 1323 omnia
3064 1268 3411 1323 beatitudinis
3438 1267 3669 1321 membra

2087 1361 2283 1423 forent,
2330 1378 2359 1416 a
2390 1377 2449 1417 se
2477 1376 2689 1432 quoque
2720 1362 2947 1416 invicem
2977 1360 3091 1434 (25)
3117 1360 3506 1429 discreparent.
3554 1358 3670 1414 Haec

2084 1462 2167 1508 est
2202 1454 2346 1507 enim
2393 1454 2621 1522 partium
2669 1461 2879 1517 natura,
2925 1462 2984 1507 ut
3028 1468 3191 1507 unum
3228 1467 3424 1522 corpus
3468 1452 3671 1507 diversa

2085 1553 2425 1613 componant.
2474 1544 2634 1615 Atqui
2676 1546 2791 1600 hare
2832 1545 3008 1600 omnia
3051 1546 3191 1600 idem
3226 1560 3347 1601 esse
3385 1553 3672 1599 monstrata

2086 1647 2228 1691 sunt.
2259 1638 2418 1708 232
2445 1635 2661 1691 Minime
2691 1636 2852 1706 igitur
2882 1636 3122 1691 membra
3153 1645 3278 1690 sunt
3305 1653 3319 1689 :
3348 1634 3582 1703 alioquin
3608 1649 3673 1690 ex

2088 1741 2196 1779 uno
2218 1726 2463 1781 membro
2482 1726 2759 1782 beatitudo
2782 1727 3049 1782 videbitur
3068 1741 3189 1782 esse
3207 1730 3515 1797 conjuncta,
3538 1726 3674 1797 quod

402 1827 421 1855 ²
444 1824 574 1879 Nam
607 1822 857 1893 quoniam
888 1815 1233 1874 beatitudinis
1261 1813 1546 1883 adeptione
1577 1810 1709 1865 ﬁunt
1740 1809 1985 1863 homines
2017 1810 2061 1871 B
2088 1815 2205 1870 ﬁeri
2235 1818 2437 1887 nequit.
2464 1816 2522 1872 Id
2544 1817 2785 1888 quidem,
2814 1819 3056 1889 inquam,
3078 1818 3297 1873 dubium
3321 1828 3533 1874 nonest
3554 1836 3566 1870 :
3587 1816 3675 1873 sed

402 1917 567 1981 beati,
610 1912 884 1971 beatitudo
919 1924 1050 1966 vero
1087 1918 1170 1965 est
1218 1908 1331 1977 ipsa
1369 1904 1660 1967 Divinitas,
1690 1901 1987 1956 Divinitatis

401 2009 484 2078 (5)
509 2007 796 2077 adeptione
838 2004 951 2059 ﬁeri
991 2004 1198 2065 beatos,
1239 1998 1579 2054 manifestum
1621 2004 1722 2051 est.
1766 1994 1869 2049 Sed
1912 1992 1988 2046 uti

402 2099 620 2171 iustitia:
650 2096 933 2167 adeptione
955 2094 1106 2164 justi,
1137 2090 1411 2161 sapientiae
1432 2088 1700 2157 sapientes
1721 2085 1875 2149 ﬁunt,
1916 2085 1987 2138 ita

403 2193 743 2249 Divinitatem
785 2189 1025 2259 adeptos,
1052 2186 1185 2241 deos
1208 2183 1323 2237 ﬁeri
1350 2180 1508 2236 simili
1541 2180 1746 2235 ratione
1768 2191 1991 2232 necesse

404 2293 503 2339 est.
542 2282 724 2337 Omnis
766 2281 922 2350 igitur
960 2279 1169 2340 beatus,
1196 2275 1367 2338 Deus;
1414 2272 1506 2327 sed
1551 2279 1735 2325 natura
1771 2269 1988 2339 quidem

408 2390 567 2437 unus,
612 2373 1019 2445 participatione
1059 2382 1189 2423 vero
1225 2366 1353 2421 nihil
1393 2364 1639 2435 prohibet
1674 2377 1795 2418 esse
1832 2376 1990 2431 quam

412 2468 694 2537 plurimos.
739 2464 803 2519 Et
834 2462 1134 2533 pulchrum,
1175 2458 1416 2527 inquam,
1447 2456 1567 2537 hoc,
1599 2464 1757 2537 atque
1797 2452 1996 2523 pretio-

415 2576 558 2623 sum,
587 2560 700 2613 sive
723 2556 748 2595 ι)
772 2562 1019 2633 aspis-pa,
1048 2553 1157 2607 sive
1182 2534 1522 2605 corollarium
1549 2530 1861 2617 (IOlvocari
1883 2558 1996 2600 ma-

410 2652 512 2707 vis.
550 2653 569 2681 ³
600 2650 756 2719 Atqui
786 2648 886 2703 hoc
913 2660 1125 2716 quoque
1153 2640 1426 2713 pulchrius
1453 2639 1584 2695 nihil
1616 2646 1720 2704 est,
1748 2637 1889 2706 quod
1915 2638 1997 2693 his

416 2741 809 2797 annectendum
850 2753 969 2794 esse
1013 2736 1151 2791 ratio
1180 2732 1488 2804 persuadet.
1536 2730 1715 2798 Quid?
1757 2731 1997 2801 inquam.

409 2835 546 2888 Cum
594 2832 791 2895 multa,
842 2829 1039 2899 inquit,
1091 2824 1361 2881 beatitudo
1411 2824 1688 2880 continere
1734 2824 1997 2892 videatur,

414 2937 663 2983 utrumne
704 2925 817 2989 haec
851 2922 1076 2978 comnia
1117 2936 1278 2975 unum
1318 2919 1481 2975 veluti
1529 2933 1723 2988 corpus
1771 2919 2001 2974 beatitu-

414 3020 556 3073 dinis
595 3014 823 3089 quadam
871 3015 1100 3085 partium
1144 3013 1402 3067 varietate
1447 3012 1793 3081 conjungant,
1826 3026 1891 3066 an
1933 3014 2005 3068 sit

415 3126 599 3166 eorum
633 3108 865 3179 aliquid,
896 3105 1036 3176 quod
1069 3103 1416 3160 beatitudinis
1454 3104 1806 3157 substantiam
1854 3118 2003 3157 com-

2093 1906 2167 1971 id,
2215 1908 2354 1978 quod
2393 1918 2579 1978 restat,
2621 1919 2898 1979 exspecto.
2958 1912 3037 1967 Ad
3084 1913 3277 1968 bonum
3317 1928 3449 1967 vero
3488 1922 3678 1968 caetera

2092 1998 2281 2055 referri
2317 2002 2490 2071 palam
2536 2011 2639 2057 est.
2684 2002 2888 2059 Idcirco
2913 2006 3056 2059 enim
3096 2004 3416 2060 sufﬁcientia
3462 2007 3677 2074 petitur,

2091 2090 2345 2160 quoniam
2368 2091 2566 2146 bonum
2604 2107 2725 2147 esse
2752 2092 3149 2163 (5)judicatur;
3195 2094 3396 2149 idcirco
3440 2094 3679 2163 potentia

2092 2182 2344 2248 quoniam
2390 2182 2440 2235 id
2486 2198 2701 2254 quoque
2744 2199 2863 2240 esse
2899 2186 3134 2241 creditur
3169 2187 3387 2241 bonum.
3429 2186 3577 2242 Idem
3618 2187 3683 2242 de

2094 2274 2419 2340 reverentia,
2451 2275 2793 2341 claritudine,
2819 2278 3173 2347 iucunditate,
3202 2280 3511 2350 conjectare
3537 2280 3680 2335 licet.

2094 2364 2345 2420 Omnium
2390 2368 2552 2437 igitur
2594 2370 3020 2440 expetendorum
3059 2388 3266 2427 summa
3316 2384 3479 2443 atque
3525 2387 3684 2429 causa

2098 2458 2296 2513 bonum
2324 2469 2425 2514 est.
2464 2460 2617 2527 Quod
2645 2464 2786 2518 enim
2820 2479 2994 2534 neque
3023 2481 3101 2531 re,
3134 2479 3305 2535 neque
3335 2464 3685 2520 similitudine

2098 2550 2264 2605 ullum
2308 2552 2360 2606 in
2406 2568 2465 2607 se
2510 2554 2706 2609 retinet
2752 2555 2972 2621 bonum,
3023 2556 3074 2608 id
3114 2557 3288 2624 expeti
3336 2555 3484 2609 nullo
3530 2555 3685 2610 modo

2110 2652 2305 2714 potest.
2334 2641 2640 2713 Contraque
2663 2646 2845 2709 etiam,
2870 2646 2892 2677 ⁸
2912 2661 3033 2717 quae
3060 2656 3243 2702 natura
3272 2647 3411 2701 bona
3438 2661 3545 2700 non
3574 2646 3686 2717 (l0)

2100 2745 2247 2802 sunt,
2279 2745 2457 2791 tamen
2488 2737 2533 2792 si
2561 2751 2683 2791 esse
2716 2737 3016 2806 videantur,
3051 2740 3203 2807 quasi
3231 2752 3354 2792 vera
3386 2738 3526 2792 bona
3561 2739 3687 2802 sint,

2102 2838 2447 2898 appetuntur.
2491 2828 2608 2895 Quo
2639 2828 2719 2890 Iit,
2753 2830 2828 2884 uti
2858 2844 3087 2897 summa,
3122 2830 3305 2895 cardo,
3341 2840 3504 2900 atque
3532 2843 3690 2886 causa

2104 2921 2526 2990 expetendorum
2559 2923 2798 2976 omnium
2822 2963 2835 2987 ,
2868 2923 3076 2977 bonitas
3113 2937 3234 2979 esse
3259 2924 3382 2992 jure
3421 2924 3691 2977 credatur.

2107 3014 2127 3044 ⁵
2158 3011 2323 3081 Cujus
2345 3027 2474 3067 vero
2496 3026 2654 3068 causa
2683 3014 2809 3083 quid
2835 3015 3124 3084 expetitur,
3148 3014 3199 3068 id
3228 3015 3462 3069 maxime
3489 3014 3691 3069 videtur

2107 3106 2303 3175 optari.
2334 3106 2506 3162 Veluti
2526 3107 2572 3161 si
2594 3107 2788 3162 salutis
2808 3121 2964 3162 causa
2988 3108 3251 3178 quispiam
3277 3107 3408 3163 velit
3430 3106 3684 3177 equitare,

420 3205 581 3273 pleat,
615 3201 679 3256 ad
715 3202 815 3255 hoc
844 3214 973 3253 vero
1006 3197 1121 3266 (I5)
1155 3205 1348 3250 caetera
1390 3195 1730 3249 referantur?
1774 3195 2002 3261 Vellem,
2035 3191 2081 3257 C
2112 3215 2218 3254 non
2261 3210 2368 3254 tam
2408 3198 2678 3269 equitandi
2722 3207 2925 3254 motum
2970 3199 3261 3263 desiderat,
3304 3215 3470 3269 quam
3512 3197 3683 3253 saluis

416 3299 653 3368 inquam,
682 3296 734 3350 id
765 3295 999 3364 ipsarum
1036 3306 1215 3346 rerum
1250 3288 1762 3345 commemoratione
1800 3288 1999 3357 patefa-

418 3404 591 3445 ceres.
631 3387 839 3452 Nonne,
868 3384 1057 3455 inquit,
1089 3381 1469 3438 beatitudinem
1499 3380 1695 3435 bonum
1724 3395 1844 3436 esse
1870 3398 1998 3437 cen-

2103 3293 2372 3348 eﬁ‘ectutn.
2397 3293 2527 3348 Cum
2556 3292 2716 3362 igitur
2737 3294 2915 3347 omnia
2936 3293 3053 3361 (l5)
3080 3293 3207 3347 boni
3229 3294 3401 3363 gratia
3428 3300 3691 3362 petautu,

2111 3402 2216 3440 non
2248 3388 2339 3441 illa
2382 3387 2559 3457 potius
2600 3400 2759 3456 quam
2803 3387 2999 3443 bonum
3042 3386 3213 3457 ipsum
3257 3386 3615 3441 desideratur.
3638 3384 3699 3439 ab

1770 3518 2351 3580 INTERPRETA'I‘IO.

494 3647 519 3676 ι
555 3635 896 3691 Consectaria.

558 3707 955 3763 Consectarium.

2183 3647 2205 3673 σι
2248 3637 2325 3690 An
2348 3638 2455 3690 haec
2475 3640 2648 3691 omnia
2668 3648 2770 3693 sint
2794 3655 2952 3693 unum
2976 3647 3025 3693 et
3049 3652 3241 3704 unum;
3265 3654 3332 3692 an
3354 3639 3526 3708 potius
3549 3650 3706 3693 unum

2105 3708 2338 3776 pluribus
2368 3709 2535 3763 modis
2562 3726 2616 3763 se
2636 3710 2847 3765 habens.

1945 3820 2151 3878 NOTAE
2162 3865 2174 3877 .

422 3917 645 3973 summis
681 3916 857 3981 bouts,
900 3930 943 3969 st
991 3920 1261 3978 aoessent,
1306 3918 1623 3966 a.terutrum
1662 3912 1815 3967 alteri
1844 3913 2003 3969 dees-

423 4001 637 4134 ée‘lbum
654 4054 995 4134 πορξσματα.]
1015 4055 1077 4109 γ.
1094 4053 1431 4134 Philosophia
1451 4068 1599 4134 "lore
1613 4056 1919 4134 geometria:
1941 4071 2005 4109 ex

424 4123 1077 4197 demonstratis'quaetlam
1119 4126 1297 4191 infert,
1332 4139 1449 4197 qua:
1475 4123 1673 4178 Graacis
1713 4129 2007 4197 πορίσματα

426 4204 629 4256 Latinis
666 4195 994 4255 consectatia
1036 4206 1318 4257 vocantur,
1354 4195 1466 4249 sive
1503 4198 1661 4248 etiam
1702 4195 2009 4258 corollaria,

422 4272 665 4341 quaedam
708 4272 907 4325 scilicet
948 4280 1140 4337 prteter
1180 4266 1415 4320 debitum
1458 4266 1602 4328 data,
1634 4264 1917 4321 Normauis
1958 4268 2008 4319 le

425 4354 673 4396 remanet.

517 4361 529 4395 t
572 4359 673 4395 net.

482 4359 679 4466 ξῗνωη
706 4414 966 4480 quoniam,
1008 4410 1137 4481 etc.}
1189 4409 1425 4481 Primum
1469 4409 1861 4481 consectarium
1905 4416 2008 4481 est,

426 4484 668 4537 homines
696 4478 979 4551 adeptione
1007 4478 1349 4538 beatitudinis
1382 4480 1492 4533 ﬁeri
1520 4478 1690 4551 deos:
1720 4479 1860 4547 quod
1894 4480 2011 4545 qui-

426 4555 546 4607 dem
585 4555 661 4607 sic
703 4549 945 4607 infertur.
983 4552 1077 4605 Est
1104 4552 1245 4607 Deus
1275 4562 1493 4613 natura;
1534 4558 1616 4603 est
1645 4549 1782 4601 Deus
1804 4550 2013 4615 partici—

426 4626 651 4695 patione.
695 4624 835 4695 Deus
865 4635 1067 4684 natura,
1100 4632 1182 4675 est
1210 4638 1298 4678 res
1326 4635 1534 4695 summe
1563 4618 1799 4695 perfecta
1825 4636 1835 4670 :
1871 4620 2013 4674 unde

426 4690 546 4747 cum
585 4710 650 4748 ex
679 4694 832 4748 dictis
878 4711 982 4747 non
1018 4695 1182 4761 pOSsil
1212 4709 1331 4747 esse
1380 4690 1655 4756 multiplex
1688 4705 1772 4743 res
1802 4705 2011 4745 Summe

428 4765 681 4835 perfecta,
718 4765 915 4819 idcirco
946 4765 1109 4835 Deus,
1126 4774 1310 4817 natura
1348 4766 1416 4817 ita
1449 4763 1637 4835 unicus
1665 4770 1781 4835 est,
1816 4770 1872 4835 ut
1904 4776 2009 4835 non

429 4830 596 4903 possit
618 4851 735 4889 esse
760 4836 1057 4903 multiplex.
1088 4834 1227 4888 Deus
1254 4850 1381 4888 vero
1405 4832 1792 4903 participatione
1812 4830 2013 4885 dicitur

427 4902 516 4960 illa
549 4923 721 4968 mens,
754 4922 873 4975 quae
904 4902 1225 4975 Cogitatione
1255 4905 1451 4958 divina:
1491 4902 1757 4975 simillima
1792 4903 2011 4975 pra-dita

428 4988 509 5031 est
534 4994 545 5030 :
572 4976 651 5031 sic
680 4973 882 5043 psalmo
907 4990 1101 5047 t.xx\l_;
1129 4974 1241 5047 Ego
1256 4975 1493 5047 Dixiulii
1507 4974 1625 5047 estis
1651 4983 1697 5047 et
1718 4973 2013 5047 excelsi

429 5065 620 5102 omnes.
646 5048 734 5102 Sic
766 5049 801 5101 ll
831 5050 971 5101 Pctr.
993 5062 1037 5100 t:
1061 5045 1125 5100 Ut
1155 5044 1244 5117 per
1262 5048 1366 5099 Itan:
1379 5044 1875 5117 eﬁici_amirti_aivina:
1895 5060 2016 5117 eon-

430 5132 590 5172 sortes
608 5130 821 5173 natum.
846 5122 1017 5187 Atque
1039 5117 1139 5171 hoc
1156 5114 1313 5171 modo
1330 5116 1471 5170 beati
1488 5115 1618 5168 ﬁunt
1634 5114 1706 5168 dii
1724 5128 1737 5167 :
1756 5115 2008 5182 quoniam

429 5191 747 5258 cogitatione
777 5186 969 5242 divina:
999 5188 1267 5242 simillima
1300 5188 1636 5258 afﬁciuntur;
1666 5200 1767 5253 qua
1794 5186 2009 5258 quidem

428 5257 746 5329 cogitatione
769 5261 841 5313 dii
878 5262 1011 5313 liunt
1035 5261 1423 5327 participatione
1447 5274 1465 5311 :
1490 5257 2010 5327 sicutjustus,jnsti-

431 5334 533 5395 tite,
561 5342 605 5385 et
632 5334 852 5402 sapiens,
882 5331 1145 5402 sapientia:
1169 5332 1437 5401 adeptione
1468 5330 1547 5396 ﬁt.

500 5423 520 5452 ³
552 5425 701 5487 Atqui
730 5425 825 5477 hoc
852 5440 1078 5494 quoque,
1110 5422 1240 5494 etc.]
1288 5422 1590 5477 Secundum
1622 5422 2012 5494 consectarium

430 5502 529 5558 est,
557 5496 826 5549 hominem
850 5493 937 5560 qui
959 5495 1049 5547 Dei
1074 5493 1357 5562 adeptione
1379 5494 1585 5555 beatus,
1609 5494 1847 5563 adeoque
1873 5493 2009 5545 Deus

431 5568 817 5633 participatione
840 5574 942 5628 est,
966 5565 1192 5628 divitiis,
1218 5564 1475 5633 potentia,
1499 5564 1741 5616 claritate
1770 5574 1823 5617 et
1850 5565 2010 5617 volu-

434 5646 576 5705 ptate
603 5637 857 5689 cumulari
887 5652 901 5687 ε
927 5636 1068 5705 quod
1099 5637 1177 5689 sic
1207 5632 1452 5689 infertur.
1486 5634 1539 5687 Si
1568 5632 1787 5695 divititn,
1824 5644 2010 5705 potent

433 5704 528 5764 tia,
562 5714 615 5781 et
652 5717 841 5781 caetera
888 5702 1135 5775 id'genus
1165 5707 1407 5781 quaedam
1439 5715 1621 5781 essent
1653 5703 1843 5755 summi
1888 5702 2010 5781 boni

432 5774 674 5839 membra,
710 5779 823 5830 hanc
854 5773 1070 5845 possent
1099 5780 1166 5829 ita
1187 5773 1225 5830 'a
1258 5792 1468 5831 summo
1498 5776 1636 5828 bono
1668 5773 1925 5841 separari,
1957 5782 2013 5826 ut

434 5860 698 5903 summum
720 5847 915 5903 bonum
937 5862 1056 5903 esse
1082 5858 1259 5919 posset
1280 5852 1393 5903 sine
1416 5849 1517 5902 illis
1548 5865 1559 5899 :
1586 5857 1642 5900 ut
1665 5846 1805 5901 enim
1833 5852 2012 5915 partes

2115 3920 2228 3972 sive
2277 3919 2549 4000 membra,
2598 3934 2690 4000 sua
2733 3918 2983 4000 quaelibet
3026 3930 3267 4000 seorsum
3319 3917 3434 3972 idea
3470 3917 3704 3999 .cogitari

2118 3999 2360 4057 possunt,
2393 3989 2468 4043 sic
2496 4006 2524 4042 a
2550 4000 2609 4045 se
2639 3987 2865 4045 invicem
2896 3989 3135 4057 separari
3168 3998 3223 4042 et
3251 3987 3542 4052 separatim
3574 4003 3704 4042 con-

2116 4063 2315 4113 servari
2346 4070 2572 4127 possunt
2597 4076 2610 4113 :
2634 4060 3084 4129 quemadmodum
3112 4068 3325 4113 constat
3349 4059 3418 4113 de
3441 4070 3625 4113 mente
3651 4069 3705 4113 et

2116 4144 2363 4197 corpore,
2388 4146 2508 4198 quae
2531 4140 2654 4184 sunt
2681 4130 2910 4184 hominis
2942 4140 3118 4199 partes
3146 4148 3157 4181 :
3190 4130 3321 4199 quin
3350 4130 3394 4183 si
3427 4130 3544 4183 haec
3572 4144 3705 4189 pre-

2115 4201 2255 4254 tlicta
2274 4210 2455 4254 essent
2472 4202 2537 4255 de
2552 4216 2747 4269 genere
2762 4200 3061 4265 modorum,
3079 4202 3194 4254 sine
3207 4201 3398 4267 quibus
3426 4216 3536 4265 res,
3553 4202 3705 4266 cujus

2116 4282 2258 4332 sunt,
2284 4279 2459 4339 potest
2477 4272 2706 4326 existere
2727 4288 2739 4323 :
2761 4273 2897 4326 sicut
2920 4286 3115 4338 corpus
3139 4280 3310 4338 potest
3334 4272 3570 4326 existere
3592 4273 3705 4324 sine

2116 4341 2328 4409 quiete;
2373 4352 2555 4410 posset
2591 4342 2753 4396 etiam
2784 4357 3053 4396 summum
3084 4342 3281 4395 bonum
3313 4344 3550 4396 existere
3589 4342 3704 4396 sine

2119 4413 2408 4479 prtedictis,
2438 4413 2676 4481 adeoque
2705 4428 2809 4465 non
2839 4422 3153 4483 sequeretur
3179 4428 3298 4467 eum
3325 4413 3416 4481 qui
3441 4416 3704 4466 lrueretur

2117 4498 2327 4537 summo
2352 4484 2511 4547 bono,
2542 4484 2643 4538 frui
2670 4494 2952 4553 propterea
2988 4484 3257 4551 praedictis
3284 4501 3298 4535 :
3329 4484 3423 4536 sed
3453 4486 3700 4551 praedicta

2118 4568 2293 4622 neque
2323 4562 2449 4606 sunt
2479 4555 2701 4607 membra
2730 4554 2925 4608 summi
2955 4554 3108 4617 boni;
3142 4569 3316 4622 neque
3345 4553 3509 4607 etiam
3540 4553 3699 4613 modi,

2118 4624 2233 4678 sine
2252 4625 2447 4693 quibus
2466 4638 2587 4678 esse
2616 4626 2787 4694 possit
2817 4639 3085 4678 summum
3116 4624 3347 4686 bonum;
3377 4622 3698 4690 quandoqui-

2117 4698 2237 4748 dem
2264 4711 2530 4749 summum
2555 4694 2753 4749 bonum
2778 4710 2843 4749 ex
2869 4696 3025 4749 dictis
3058 4710 3153 4749 nec
3181 4704 3361 4763 partes
3395 4694 3568 4754 habet,
3601 4705 3691 4745 nec

2118 4766 2275 4819 modo
2305 4766 2550 4827 afﬁcitur.
2589 4782 2695 4835 quo
2734 4766 2906 4834 possit
2943 4780 3156 4827 carere;
3187 4764 3385 4834 alioqui
3432 4779 3535 4835 non
3563 4770 3694 4815 esset

2120 4837 2364 4890 absolute
2388 4838 2680 4905 perfectum
2708 4853 2721 4889 :
2746 4850 2911 4905 quare
2930 4850 3150 4890 necesse
3174 4844 3279 4897 est,
3302 4842 3358 4886 ut
3385 4834 3473 4903 qiti
3496 4845 3693 4905 summo

2125 4908 2264 4961 bono
2296 4902 2507 4971 frui—tur,
2539 4906 2625 4961 hic
2650 4918 2705 4961 et
2733 4902 3022 4973 voluptate,
3045 4915 3097 4959 et
3123 4906 3384 4969 claritate,
3406 4902 3471 4957 et
3497 4902 3692 4957 ceteris

2123 4978 2390 5047 ejusmodi
2414 4978 2638 5031 fruatur.
2674 4977 2784 5031 Imo
2808 4988 2979 5046 neque
3000 4976 3223 5047 divitias
3239 4991 3411 5043 neque
3438 4975 3538 5047 alia
3563 4974 3692 5039 ejus-

2127 5045 2269 5103 modi
2310 5048 2611 5117 expetimus
2649 5049 2749 5101 nisi
2781 5045 2902 5116 quia
2940 5048 3188 5100 videntur
3215 5046 3414 5100 habere
3442 5045 3692 5099 rationem

2118 5121 2311 5174 summi
2342 5120 2492 5183 boni,
2522 5121 2634 5172 sive
2665 5118 3027 5172 beatitudinis.

2191 5200 2212 5231 ⁸
2245 5202 2373 5267 Qua:
2398 5210 2584 5253 natura
2605 5200 2735 5252 bona
2767 5215 2865 5251 non
2896 5195 3056 5268 sunt.]
3098 5197 3365 5264 Quidquid
3395 5198 3461 5251 ab
3488 5194 3686 5251 homin".

2119 5274 2412 5340 expetitur,
2441 5270 2490 5324 id
2517 5280 2606 5322 aut
2633 5272 2803 5337 reipsa
2836 5278 2927 5322 aut
2948 5270 3125 5337 specie
3155 5269 3343 5323 saltem
3369 5270 3558 5323 bonum
3580 5272 3682 5340 est:

2121 5334 2260 5395 unde
2287 5343 2438 5395 aiunt
2470 5334 2775 5409 philosophi
2806 5357 2895 5393 nec
2926 5334 3111 5393 bonum
3133 5356 3232 5405 qua
3261 5340 3447 5393 bonum
3470 5348 3559 5403 est,
3580 5334 3682 5389 odia

2122 5412 2315 5475 haberi,
2341 5428 2432 5465 nec
2462 5410 2655 5463 malum
2684 5427 2782 5481 qua
2812 5411 3021 5477 malum,
3047 5412 3229 5464 amari.

2196 5492 2217 5522 ⁸
2234 5490 2396 5563 Cujus
2421 5508 2575 5545 causa
2605 5491 2727 5560 quid
2755 5492 3025 5563 expetitur,
3050 5489 3182 5563 etc.]
3229 5491 3353 5563 lIoc_
3368 5500 3448 5545 est
3471 5491 3676 5563 axioma,

2120 5562 2261 5633 quod
2290 5556 2318 5613 εἰ
2351 5556 2688 5630 philosophis
2730 5562 2866 5633 solet
2899 5562 2977 5614 sic
3011 5556 3235 5629 exprimi
3263 5580 3276 5615 :
3318 5556 3677 5633 PropterAthtl

2122 5630 2517 5702 unumquodque
2544 5634 2645 5687 tale
2671 5673 2686 5695 ,
2715 5631 2848 5685 illud
2879 5636 3039 5700 magis
3071 5636 3167 5685 tale
3188 5642 3295 5695 est;
3333 5630 3471 5700 quOd
3496 5630 3675 5702 et_iatu_si

2122 5705 2173 5757 in
2217 5696 2335 5758 aliis
2375 5696 2514 5758 forte
2554 5718 2833 5758 causarum
2870 5696 3155 5769 generibus
3196 5696 3379 5757 fallere
3425 5699 3601 5767 possit:
3628 5696 3674 5747 in

2122 5790 2315 5843 genere
2355 5783 2533 5832 tamen
2565 5773 2707 5840 ﬁnis,
2752 5774 2805 5828 in
2846 5787 2951 5843 quo
2986 5788 3185 5844 genere
3229 5790 3370 5829 nunc
3397 5771 3668 5829 adhibetur,

2119 5854 2347 5902 constat.
