3984 6382
241 344 344 404 769

242 451 518 511 omnibus.
549 450 655 509 Sed
682 459 900 521 propter
920 449 1062 520 quod
1083 456 1279 505 caetera
1304 456 1580 518 optantur,
1606 446 1838 502 beatitu—
1863 452 1920 513 Α

243 546 424 601 dinem
453 559 576 599 esse
598 544 965 599 concessimus
990 560 1004 596 :
1027 557 1195 613 quare
1221 543 1302 597 sic
1321 556 1535 612 quoque
1556 540 1668 596 sola
1692 556 1838 609 qua:-

242 640 380 695 ritur
409 638 703 693 beatitudo.
735 640 810 692 Ex
837 653 944 707 quo
976 646 1002 674 ι
1032 635 1238 705 liquido
1264 643 1487 703 apparet
1517 634 1689 702 ipsius
1714 634 1841 688 boni

243 741 298 786 et
321 729 666 785 beatitudinis
688 744 845 783 unam
867 738 1028 799 atque
1052 728 1294 785 eamdem
1317 741 1439 782 esse
1459 726 1823 782 substantiam.

240 820 381 877 Nihil
410 818 567 875 video
592 835 688 874 cur
708 820 993 876 dissentire
1018 818 1281 891 quispiam
1312 818 1503 888 possit.
1534 815 1639 872 Sed
1678 817 1841 871 Deum

242 910 360 981 (ΞΟ)
397 925 686 980 veramque
719 910 1106 965 beatitudinem
1139 923 1303 963 unum
1350 916 1515 977 atque
1554 907 1696 961 idem
1723 921 1844 962 esse

239 1003 689 1058 monstravimus.
736 1002 833 1069 Ita,
862 1003 1100 1073 inquam.
1132 1000 1159 1040 δ
1188 1001 1390 1057 Secure
1423 1001 1591 1071 igitur
1618 1000 1838 1055 conclu-

238 1094 371 1150 dere
393 1093 540 1160 licet,
569 1095 665 1149 Dei
689 1110 903 1166 quoque
928 1096 980 1150 in
1004 1095 1123 1166 ipso
1145 1094 1309 1159 bono,
1336 1108 1436 1149 nec
1458 1108 1684 1164 usquam
1705 1092 1835 1161 alio,

240 1187 400 1273 sitam
428 1202 549 1244 esse
569 1190 949 1244 substantiam.

733 1281 892 1352 233
920 1278 1211 1336 METRUM
1242 1283 1257 1303 ο
1289 1278 1363 1334 x;

245 1373 644 1434 Anouumruu.‘
670 1404 741 1415 —
764 1374 1101 1445 PhilosOpItia
1140 1376 1320 1429 invitat
1351 1373 1583 1428 homines
1634 1382 1837 1445 pertur-

321 1446 610 1500 bationibus
658 1445 935 1500 obcaecatus
982 1444 1060 1498 ad
1114 1446 1413 1515 praedictam
1468 1446 1652 1498 summi
1725 1444 1843 1497 boni

315 1518 617 1581 notionem,
669 1516 805 1587 quod
850 1516 958 1587 [nec
1025 1533 1127 1570 non
1174 1516 1341 1569 solum
1394 1516 1459 1568 sit
1508 1516 1831 1587 tenebrarum

318 1602 530 1654 expers,
561 1587 649 1641 sed
682 1586 802 1657 ipsa
830 1586 954 1641 solis
985 1588 1093 1642 luce
1143 1588 1489 1655 prcestantior,
1538 1598 1587 1641 et
1613 1586 1833 1657 placidte

321 1660 500 1728 quietis
522 1674 727 1728 parens.

396 1750 504 1807 Huc
522 1764 714 1808 omnes
734 1751 934 1822 pariter
960 1752 1141 1809 venite
1162 1753 1335 1822 capti,

1134 341 1222 397 DE
1258 337 1781 397 CONSOLATIONE
1818 336 2298 411 PHILOSOPIIIIE
2339 335 2467 391 LIB.
2510 334 2605 391 III.

3420 328 3530 390 770

2069 448 2227 516 Quos
2257 447 2419 502 fallax
2448 448 2576 516 ligat
2598 444 2854 515 improbis
2878 445 3084 500 catenis

2085 541 2350 595 Terreua-
2386 540 2632 595 habitans
2660 540 2826 595 libido
2856 550 3084 595 mentes.

2087 633 2249 706 234
2279 634 2375 689 Hic
2395 634 2497 689 erit
2524 635 2678 689 vobis
2700 635 2916 705 requies
2946 635 3213 701 laborum,

1981 725 2015 780 5
2087 725 2187 781 Hic
2217 737 2401 796 portus
2427 727 2631 795 placida
2665 742 2887 782 manens
2915 728 3115 796 quiete,
3149 716 3185 738 '

2092 820 2206 876 Hoc
2236 829 2419 889 patens
2447 836 2610 873 unum
2637 820 2851 875 miseris
2874 824 3103 891 asylum.

2089 913 2206 969 Non
2234 911 2496 982 quidquid
2520 911 2697 981 Tagus
2726 912 2904 965 aureis
2925 912 3104 967 arenis

2085 1004 2278 1069 Donat,
2314 1012 2404 1057 aut
2432 1002 2660 1058 Hermus
2691 1005 2947 1058 rutilante
2970 1005 3105 1073 ripa,

2084 1097 2194 1152 Aut
2218 1096 2378 1150 Indus
2397 1095 2573 1151 calido
2597 1097 2932 1166 propinquus
2954 1097 3106 1163 orbi,

1945 1189 2013 1246 10
2085 1189 2341 1245 Candidis
2369 1190 2604 1243 miscens
2632 1186 2830 1241 virides
2859 1186 3105 1256 lapillos,

2086 1282 2355 1337 lllustrant
2382 1280 2576 1347 aciem,
2607 1280 2878 1348 magisque
2898 1292 3070 1333 caecos

2090 1372 2145 1426 In
2175 1385 2299 1426 suas
2334 1370 2575 1425 condunt
2596 1370 2806 1423 animos
2830 1368 3101 1423 tenebras.

2092 1464 2201 1518 lIoc
2228 1462 2485 1533 quidquid
2511 1462 2702 1532 placet,
2735 1462 3041 1531 excitatque
3065 1469 3291 1527 mentes,

2089 1555 2295 1610 Inlimis
2323 1553 2480 1609 tellus
2510 1553 2640 1607 aluit
2667 1555 2933 1609 cavernis.

1974 1664 2041 1719 15
2094 1650 2253 1721 235
2284 1648 2573 1717 Splendor,
2602 1664 2709 1718 quo
2738 1649 2939 1719 regitur
2970 1648 3219 1719 vigetque
3241 1645 3461 1711 catlttm,

2096 1743 2236 1799 Vitat
2260 1744 2517 1800 obscuras
2544 1744 2736 1799 anima:
2763 1746 2964 1797 ruinas.

1602 1901 2185 1963 INTERPRETATIO.

317 2033 347 2062 ⁸
383 2024 674 2081 Evidenter.
720 2080 725 2087 ,

317 2094 347 2134 δ
387 2096 555 2151 Certo.

316 2165 593 2221 Conuenite
614 2168 711 2220 huc
754 2184 925 2223 omnes
948 2170 1161 2237 decepti,
1195 2184 1319 2235 quos
1374 2167 1535 2220 libido
1568 2164 1831 2237 mendax,

243 2253 503 2309 occupans
545 2248 731 2293 mentes
762 2249 1045 2303 terrestres,
1076 2240 1374 2309 constringit
1406 2236 1619 2291 vinculis
1645 2238 1831 2289 crude-

246 2309 401 2360 libus.
428 2308 534 2362 Hic
558 2310 698 2377 quies
744 2310 976 2365 laborum
1016 2311 1108 2365 erit
1149 2311 1285 2365 vobis
1310 2308 1333 2365 ξ
1364 2308 1447 2363 hic
1476 2309 1625 2363 statio
1651 2308 1827 2375 fruens

246 2379 602 2449 ti‘anqullitate
633 2393 875 2451 perpetua
906 2397 927 2437 :
956 2381 1053 2436 hoc
1093 2397 1253 2437 unum
1300 2380 1557 2453 refugium
1600 2388 1829 2450 apertum

1867 2027 1916 2088 Β
1942 2019 2156 2074 miseris.
2186 2016 2299 2071 Nec
2328 2016 2506 2088 Tagus
2525 2016 2637 2070 suis
2654 2017 2825 2070 arenis
2846 2018 3036 2083 aureis,
3068 2033 3158 2071 nec
3192 2016 3410 2069 Hermus
3436 2028 3535 2071 suo

1945 2091 2116 2145 littore
2143 2088 2320 2155 rutilo,
2354 2085 2445 2140 nec
2476 2085 2663 2151 Indus,
2714 2090 2907 2141 vicinus
2957 2090 3153 2155 regioni
3181 2088 3386 2148 calidae;
3420 2088 3531 2139 suis

1943 2162 2154 2231 gemmis
2200 2159 2432 2231 candidis
2466 2158 2808 2231 viridibusque
2841 2159 3137 2212 illuminant
3174 2170 3388 2231 mentes,
3413 2158 3535 2220 quin

1942 2228 2034 2286 eas
2088 2231 2251 2298 magis
2305 2230 2586 2282 obcwcatas
2640 2229 2905 2281 involvunt
2958 2231 3010 2281 in
3047 2245 3192 2281 suam
3238 2228 3526 2298 caliginem.

1940 2301 2102 2357 Terra
2140 2300 2348 2354 nutrivit
2372 2301 2425 2353 in
2448 2299 2557 2353 suis
2585 2300 2747 2352 antris
2777 2300 3106 2367 inferioribus
3152 2298 3259 2352 haec
3297 2314 3535 2367 corpora,

1938 2389 2054 2444 quae
2074 2370 2326 2427 delectant
2358 2380 2773 2441 commoventque
2812 2372 3031 2425 animos.
3080 2372 3147 2426 At
3180 2384 3307 2425 vero
3338 2370 3533 2432 lumen,

1772 2510 2005 2569 NOTAE.

318 2660 335 2677 '
360 2653 595 2708 Carmen
623 2660 878 2708 constans
908 2667 975 2707 ex
999 2650 1203 2722 duplici
1234 2666 1432 2722 genere
1463 2666 1714 2707 versuum
1744 2651 1824 2705 al-

250 2734 547 2786 ternorum,
567 2724 955 2793 quorum'prior
986 2721 1275 2777 Plialeucu’s
1305 2723 1624 2793 spondeum,
1644 2724 1826 2792 d.icty~

244 2796 383 2859 lum,
412 2806 465 2850 et
494 2804 606 2850 tres
635 2810 821 2849 cureos
871 2794 1053 2858 habet,
1086 2795 1354 2863 posterior
1397 2794 1687 2863 Sapphicus
1736 2808 1825 2846 co-

246 2882 434 2929 reum,
483 2865 807 2936 spondeum,
839 2865 1140 2936 dactylum,
1179 2876 1232 2918 et
1277 2864 1412 2919 duos
1442 2880 1633 2920 cureos
1667 2881 1679 2915 :
1724 2864 1826 2936 nisi

245 2938 394 3007 quod
419 2934 831 3005 prn‘Sapptiico,
856 2934 1010 3004 cujus
1036 2944 1155 3007 erat
1181 2936 1449 2991 alternare
1490 2936 1542 2989 in
1587 2934 1825 3007 secundo
1916 2964 1919 2967 »

244 3004 425 3071 versu,
450 3008 707 3077 repetitur
746 3007 1058 3061 Phaleucus.
1094 3006 1373 3077 Corrigere
1422 3007 1610 3061 luisset
1636 3004 1823 3059 facilli-

240 3095 414 3141 mum,
448 3080 541 3132 sed
571 3079 619 3133 id
645 3079 778 3132 forte
802 3078 1035 3143 neglexit
1062 3088 1266 3145 auctor,
1299 3077 1441 3148 quod
1464 3087 1689 3147 uterque
1717 3092 1832 3132 ver-

242 3165 339 3205 sus
370 3148 814 3220 endecasyllabus
840 3159 945 3204 est.

316 3243 368 3295 1.
408 3239 567 3312 Ilua]
592 3240 670 3294 Ad
701 3240 1008 3307 praedictam
1037 3238 1384 3312 summi_boni
1418 3238 1712 3312 notionem.

256 3322 257 3325 ‘
315 3314 368 3366 1.
400 3308 585 3365 Omnes
609 3314 799 3381 puriter
818 3313 978 3364 venite
1000 3308 1186 3380 capti.]
1217 3308 1423 3363 Pariter
1470 3310 1691 3379 intelligi
1726 3323 1825 3377 po-

240 3392 349 3437 test
369 3384 525 3452 jungi
554 3386 631 3435 vel
654 3398 772 3435 cum
802 3382 967 3434 verbo
992 3382 1171 3445 venite,
1224 3389 1281 3433 ut
1315 3381 1665 3452 signiﬁcetur,
1700 3396 1825 3432 con-

241 3457 429 3515 venite;
462 3451 543 3506 vel
574 3468 697 3507 cum
721 3452 1002 3521 participio
1031 3453 1186 3521 capti,
1216 3459 1271 3504 ut
1309 3451 1653 3519 signiﬁcetur,
1684 3452 1828 3504 simi-

240 3528 357 3578 liter
383 3524 579 3592 decepti
603 3540 619 3576 :
652 3533 831 3592 captus
851 3523 992 3578 enim
1019 3522 1316 3591 generatim
1346 3522 1389 3575 is
1412 3522 1628 3583 dicitur,
1662 3524 1749 3591 qui
1774 3522 1826 3575 in

241 3597 466 3650 alterius
498 3603 755 3664 potestate
781 3601 862 3648 est
893 3610 907 3650 :
935 3595 1075 3647 unde
1102 3593 1360 3661 captivus:
1396 3592 1671 3660 speciatim
1699 3608 1828 3645 vero

239 3665 286 3719 is
308 3676 393 3720 est
422 3668 509 3732 qui
541 3666 751 3735 corpori
784 3679 1096 3735 suomorem
1119 3679 1313 3733 gerens
1343 3665 1454 3718 suis
1472 3664 1683 3720 ducitur
1707 3678 1829 3734 per-

240 3734 654 3792 turbationibus.
698 3735 839 3803 Virg.
875 3752 923 3789 tv
956 3734 1197 3800 Aineid"
1229 3749 1282 3787 v.
1310 3735 1438 3790 l9l:

337 3826 623 3890 Regnorum
648 3827 959 3875 immemores
983 3827 1211 3889 turpique
1244 3826 1471 3887 cupidine
1487 3832 1674 3887 captos.

314 3910 453 3965 Hinc
480 3910 660 3975 libido,
690 3925 811 3978 quae
842 3909 1036 3964 merito
1073 3909 1270 3964 dicitur
1298 3908 1488 3978 fallax,
1520 3907 1829 3976 perhibetur

242 3982 407 4052 ligare
437 3991 625 4035 mentes
639 3977 863 4034 terrenas
882 3981 1124 4051 improbis
1137 3980 1346 4032 catenis.
1368 3977 1574 4042 Libido,
1590 3980 1826 4048 inquam,

243 4051 362 4122 quae
394 4052 772 4108 nihilestaliud
788 4068 943 4119 quam
958 4052 1210 4120 cogitatio
1228 4051 1423 4122 mentis
1441 4052 1671 4122 motibus
1704 4065 1829 4104 cor-

242 4120 425 4193 poreis
452 4122 818 4191 obsequentis,
838 4122 1033 4176 merito
1045 4122 1240 4176 dicitur
1254 4120 1437 4191 fallax,
1456 4120 1579 4190 quia
1596 4131 1829 4193 mentem

241 4192 272 4247 a
299 4195 430 4258 Deo,
465 4194 555 4261 qui
581 4204 663 4248 est
718 4193 885 4262 prima
921 4193 1119 4247 veritas
1147 4193 1443 4262 primaque"
1474 4193 1703 4248 bonitas.
1737 4192 1830 4246 ab-

241 4265 526 4319 ducensin
558 4261 794 4319 errorem
850 4264 1140 4331 vitiumque
1187 4262 1351 4317 ducit.
1407 4261 1609 4316 Eadem
1665 4262 1829 4315 libido

241 4336 367 4405 ligat
399 4345 589 4389 mentes
615 4334 857 4405 improbis
896 4335 1116 4399 catenis;
1145 4334 1269 4404 quia
1321 4345 1553 4405 mentem
1585 4333 1827 4405 impedit,

241 4402 531 4476 quominus
562 4402 769 4460 haecad
790 4406 984 4460 summi
1026 4402 1177 4468 boui,
1208 4403 1350 4473 quod
1398 4402 1714 4476 naturaliter
1738 4418 1829 4456 co-

241 4473 453 4547 gnoscit
478 4478 853 4547 appetitque,a
893 4478 1159 4544 eptiouem
1191 4474 1491 4543 perveniat.
1517 4473 1584 4527 At
1615 4485 1823 4539 mentes,

242 4546 373 4617 quas
415 4547 575 4617 libido
604 4546 823 4608 habitat,
849 4548 961 4600 sive
990 4557 1048 4599 ut
1099 4548 1506 4617 smpittsgauctor
1532 4557 1713 4597 noSter
1745 4547 1824 4598 lo-

240 4614 446 4703 quitur,
475 4616 695 4703 hebetati,
718 4626 861 4703 [sunt
910 4626 1144 4703 terre'i‘ne;
1174 4614 1315 4703 quod
1347 4626 1560 4703 terreno
1616 4617 1825 4683 corpori
1857 4643 1907 4703 Β

242 4686 628 4758 obsequantur.
668 4688 839 4743 lCor.
872 4704 938 4741 xv
973 4704 986 4740 :
1020 4687 1229 4741 Primus
1272 4686 1422 4758 homo
1448 4686 1511 4738 de
1526 4694 1692 4758 terra,
1728 4697 1829 4738 ter-

243 4756 439 4825 renus;
469 4760 719 4814 secundus
760 4760 911 4812 homo
940 4759 1003 4811 de
1041 4759 1189 4821 caelo,
1224 4757 1459 4811 caelestis.
1496 4756 1676 4819 Qualis
1727 4767 1826 4809 ter-

241 4848 423 4897 renus,
466 4831 590 4884 tales
619 4840 667 4884 et
699 4830 917 4883 terreni:
956 4838 1003 4883 et
1036 4830 1203 4899 qualis
1236 4826 1470 4894 celestis,
1504 4828 1627 4881 tales
1651 4838 1697 4882 et
1731 4845 1829 4881 cce-

243 4901 414 4956 testes.

311 4972 369 5027 4.
418 4971 518 5025 Hic
537 4972 631 5026 erit
673 4971 833 5035 vobis,
863 4969 993 5041 etc.]
1025 4967 1425 5041 Evideuscnim
1476 4970 1671 5023 summi
1700 4969 1825 5025 boni

242 5045 413 5105 notio,
440 5054 621 5112 utpote
646 5043 962 5111 principium
984 5040 1110 5096 cum
1167 5040 1405 5097 veritatis
1451 5048 1559 5112 tum
1592 5041 1823 5107 virtutis,

244 5126 482 5169 mentem
499 5109 762 5167 liberabit
787 5109 1094 5179 aprocellts
1123 5126 1387 5175 errorum,
1419 5109 1779 5181 vitiorumque
1813 5131 1825 5165 :

244 5185 386 5239 unde
406 5186 511 5239 erit.
535 5185 750 5253 requies,
776 5191 975 5252 portus,
1000 5192 1045 5235 et
1066 5183 1289 5252 asylum.

316 5258 370 5309 7.
401 5254 573 5324 Tagus
606 5255 772 5324 aureis
799 5253 1011 5323 arenis.]
1034 5253 1209 5323 Tagus
1266 5262 1349 5307 est
1396 5252 1587 5324 ﬂuvius
1618 5252 1831 5309 Lusita-

248 5327 354 5383 nia:
378 5323 494 5394 qui,
523 5327 575 5379 in
621 5323 908 5379 Celtiberis
934 5335 1116 5389 ortus,
1164 5324 1489 5378 Lusitaniam
1542 5323 1749 5391 dividit,
1780 5335 1834 5379 et

248 5398 387 5452 ultra
413 5395 812 5465 Ulyssiponem,
840 5394 1107 5467 Lisbonne,
1141 5395 1191 5467 in
1210 5394 1480 5450 Oceanum
1513 5398 1831 5467 prorumpit.

250 5468 351 5522 Hic
380 5481 487 5520 non
518 5480 676 5520 secus
703 5481 765 5520 ac
792 5465 1039 5520 Pactolus
1065 5476 1120 5520 et
1151 5466 1377 5521 Hermus
1404 5480 1594 5520 aureas
1640 5465 1834 5523 arenas

196 5566 209 5573 ~
250 5536 422 5596 fertur
443 5540 657 5592 volvere
683 5554 695 5588 :
728 5537 869 5591 unde
888 5536 974 5591 hic
995 5551 1183 5593 versus
1210 5554 1222 5589 :

350 5628 549 5681 Aurifer
573 5633 651 5679 est.
674 5631 831 5679 amnis
853 5629 1033 5692 Tagus,
1063 5635 1117 5680 et
1139 5628 1386 5693 Pactolus,
1416 5636 1468 5679 et
1490 5627 1721 5680 Hermus.

255 5713 504 5777 Juvenal.
523 5732 539 5768 :

351 5806 489 5868 Quod
514 5806 681 5871 Tagus
705 5814 756 5857 et
779 5806 923 5857 rutila
941 5806 1168 5858 Pactolus
1191 5806 1340 5857 volvit
1360 5817 1525 5857 arena.

330 5892 383 5958 8.
414 5892 512 5947 Aut
548 5889 817 5961 ξυνίημι]
842 5891 1067 5951 Hermus
1092 5903 1171 5951 est
1206 5891 1397 5949 ﬂuvius
1435 5894 1657 5975 Minoris
1680 5894 1843 5961 Asiae,

1930 2651 2022 2721 qui
2055 2651 2204 2721 juxta
2230 2650 2517 2721 Dorylaum
2549 2649 2795 2721 Phrygia:
2821 2650 3093 2707 civitatem
3124 2662 3293 2717 ortus,
3328 2653 3523 2710 Pacto-
3551 2686 3559 2692 ο

1930 2721 2329 2790 loquejuuctus
2357 2723 2602 2791 Smyrnae
2629 2736 2847 2791 campos
2877 2722 3081 2791 irrigat,
3121 2725 3445 2793 tandentque
3478 2726 3529 2780 in

1932 2793 2259 2847 Phocaicutn
2284 2793 2459 2846 sinum
2485 2793 2741 2846 illabitur.
2774 2793 2869 2845 llic
2900 2793 3061 2847 etiam
3084 2810 3281 2849 aureas
3329 2811 3525 2851 arenas

1932 2863 2151 2918 trahere
2180 2862 2351 2917 fertur
2383 2881 2395 2914 :
2428 2862 2571 2916 unde
2606 2862 2747 2931 Virg.
2777 2879 2811 2916 ιι
2839 2863 3057 2932 Georg.,
3082 2880 3134 2919 v.
3164 2865 3261 2920 I37
3294 2883 3305 2912 τ

2024 2952 2129 3003 Nec
2148 2952 2353 3015 pulcher
2376 2954 2595 3015 Ganges,
2623 2958 2774 3015 atque
2793 2967 2913 3002 auro
2938 2954 3160 3003 turbidus
3183 2934 3429 3005 Hermus.‘

2010 3038 2065 3093 9.
2096 3038 2198 3090 Aut
2241 3035 2447 3107 lndus.]
2484 3036 2639 3091 Indus
2666 3036 2858 3091 ﬂuvius
2910 3037 3164 3108 Orientis,
3197 3038 3286 3108 qui
3329 3038 3530 3096 Indiam

1941 3110 2009 3163 ab
2034 3122 2231 3175 occasu
2255 3108 2541 3169 deliniens,
2573 3108 2622 3162 ei
2668 3122 2859 3163 nomen
2890 3108 3035 3162 dedit
3062 3126 3074 3160 :
3108 3107 3194 3162 hic
3219 3107 3402 3163 autem
3433 3109 3530 3163 IIu-

1938 3181 2079 3245 vius,
2119 3186 2213 3233 aut
2242 3179 2430 3234 saltem
2483 3178 2664 3245 tellus,
2716 3178 2801 3233 cui
2849 3193 3044 3234 nomen
3077 3179 3245 3240 dedit.
3299 3184 3526 3249 gemmis

1857 3267 1903 3331 ς
1938 3250 2580 3331 εὓιιιιόειιβιιμαηιοβωιη
2622 3249 2948 3331 Claudianus
2993 3250 3388 3331 signiﬁcaturus
3436 3268 3527 3308 ve-

1933 3331 2069 3378 stem
2092 3321 2317 3391 gemmis
2337 3329 2640 3375 contextam
2671 3335 2836 3375 carm.
2864 3322 2917 3385 8,
2939 3336 2991 3375 v.
3016 3320 3142 3385 585,
3166 3322 3310 3377 cauit
3334 3340 3347 3375 :

2398 3413 2610 3477 Asperat
2634 3411 2781 3461 Indus

2027 3474 2314 3526 Velamenta
2330 3474 2472 3538 lapis.

1931 3559 2169 3615 Gemma:
2201 3574 2363 3629 porro
2391 3560 2513 3614 alia:
2541 3566 2665 3613 sunt
2694 3558 2958 3627 candidae,
2989 3558 3109 3615 alite
3157 3559 3376 3627 virides,
3408 3561 3526 3616 alia:

1931 3633 2199 3695 eaeruleae,
2229 3631 2348 3684 ali-.e
2376 3633 2596 3686 alterius
2625 3631 2841 3694 coloris,
2878 3645 2973 3699 pro
2996 3630 3138 3686 varia
3172 3632 3386 3686 luminis
3406 3647 3527 3686 mo-

1934 3700 2129 3754 diliCati
2158 3702 2368 3755 ratione
2394 3720 2405 3753 :
2429 3702 2569 3755 unde
2592 3700 2759 3754 Indus
2783 3701 2869 3753 hic
2890 3701 3085 3755 dicitur
3108 3703 3314 3757 miscere
3346 3704 3529 3758 virides

1934 3771 2142 3837 lapillos
2165 3772 2397 3826 candidis
2426 3788 2444 3827 :
2470 3780 2523 3826 et
2549 3772 2760 3826 Lucret.
2792 3772 2828 3825 I.
2855 3786 2890 3824 ιι
2917 3788 2930 3823 :

2059 3883 2311 3932 interdum
2336 3885 2541 3992 quodam
2561 3896 2709 3932 sensu
2732 3888 2800 3942 tit,
2820 3890 2889 3932 uti
2912 3884 3137 3934 videatur

2062 3945 2195 3992 Inter
2214 3958 2343 3992 (κει-ιι
2369 3959 2482 3992 eum
2515 3948 2696 3992 virides
2720 3948 2933 3992 miscere
2962 3958 3137 3992 smarat

2062 3945 2195 3995 Inter
2214 3945 2482 3994 caeruleum
2515 3948 2696 3995 virides
2720 3948 2933 3995 miscere
2962 3946 3257 4008 smaragdos.

2123 4048 2398 4123 illustrant
2423 4050 2630 4123 aciem]
2659 4050 2861 4119 Nempe
2883 4051 3097 4105 mentis.

2010 4119 2387 4195 UaMttgisque
2414 4119 2629 4193 ctecos.j'
2652 4124 2904 4195 Altudere
2952 4124 3160 4177 videtur
3198 4124 3265 4179 ad
3313 4126 3520 4195 oculos,

1935 4193 2023 4261 qui
2065 4193 2230 4246 nimio
2256 4196 2392 4257 auri,
2420 4208 2666 4263 gemmae,
2696 4194 2993 4249 alteriusve
3020 4196 3264 4263 corporis
3287 4193 3522 4253 lucentis

1936 4263 2296 4317 relucentisve
2328 4264 2615 4332 splendore
2642 4263 3006 4327 offunduntur,
3039 4280 3138 4320 nec
3182 4280 3288 4320 non
3315 4268 3526 4324 inducta

1934 4334 2161 4404 caligine
2189 4336 2476 4407 aliquando
2498 4346 2837 4407 excaecantur
2871 4354 2885 4389 :
2910 4350 3098 4389 aurum
3136 4338 3353 4406 enim‘et
3373 4354 3526 4407 gem-

1937 4421 2058 4478 ma,
2095 4409 2339 4478 quamvis
2361 4405 2526 4478 multo
2552 4406 2839 4475 splendore
2860 4406 3028 4461 oculis
3046 4407 3327 4462 videantur
3348 4405 3528 4478 splen-

1936 4477 2085 4537 dere,
2121 4475 2314 4530 mentis
2368 4475 2712 4531 nihilominus
2738 4479 2908 4533 aciem
2956 4492 3059 4531 non
3092 4475 3388 4545 illustrant,
3413 4482 3521 4536 imo

1937 4551 2113 4616 potius
2136 4546 2349 4601 inducta
2385 4550 2843 4615 perturbationum
2885 4548 3113 4617 caligine
3155 4561 3388 4605 mentem
3452 4553 3524 4608 ita

1935 4626 2311 4681 excaicant,.ut
2345 4618 2479 4672 hanc
2507 4618 2559 4671 in
2590 4620 2815 4674 obscura
2849 4629 3025 4686 terrae,
3059 4620 3198 4673 unde
3231 4620 3345 4675 haec
3395 4638 3519 4677 cor-

1937 4702 2065 4756 pora
2104 4698 2253 4742 eruta
2310 4698 2467 4763 sunt,
2498 4690 2701 4744 viscera
2752 4693 2991 4763 condere
3030 4691 3357 4763 videantur;
3394 4709 3524 4763 qua-

1938 4768 2094 4813 tenus
2122 4775 2277 4815 mens
2308 4760 2497 4816 horum
2529 4774 2715 4816 amore
2736 4772 2889 4831 capta
2924 4762 2997 4816 nil
3029 4762 3127 4816 nisi
3154 4772 3349 4817 terram
3374 4760 3521 4836 cogi-

1936 4836 2031 4884 tat.
3226 4862 3231 4863 ,

2008 4900 2431 4975 l§.ASplendor.]
2464 4902 2744 4975 Summum
2800 4905 3018 4975 bonum,
3070 4903 3184 4975 sive
3217 4902 3376 4969 Deus,
3430 4907 3520 4975 qui

1934 4971 2000 5026 ad
2036 4972 2167 5046 lleb.
2202 4988 2216 5025 ι
2244 4971 2440 5028 dicitur
2468 4973 2728 5043 Splendor
2756 4974 2972 5046 glorite,
3009 4983 3063 5030 et
3104 4974 3233 5045 Sap.
3267 4991 3369 5044 vn,
3401 4971 3523 5031 can-

1935 5046 2029 5097 dor
2060 5044 2188 5096 lucis
2216 5052 2439 5097 internae.

2012 5113 2097 5168 15.
2133 5115 2245 5177 Quo
2271 5117 2461 5188 regitur
2490 5116 2717 5188 vigetque
2764 5119 2965 5172 calum.
2995 5115 3013 5188 ]
3058 5117 3200 5173 Deus
3230 5117 3374 5173 enim
3412 5133 3518 5173 non

1936 5185 2109 5241 solum
2136 5186 2396 5253 corpora:
2426 5186 2523 5241 sed
2553 5196 2759 5241 mentes
2807 5185 3012 5242 omnes
3040 5200 3210 5253 creat,
3236 5201 3521 5245 conservat

1937 5265 1993 5311 et
2021 5255 2170 5329 regit.
2200 5256 2489 5329 Speciatim
2522 5272 2647 5311 vero
2668 5259 2864 5313 coelum
2890 5262 3030 5328 viget
3055 5260 3363 5329 regiturque
3412 5276 3522 5315 mo-

1940 5336 2013 5389 tu,
2038 5327 2188 5396 cujus
2235 5327 2375 5382 Deus
2415 5329 2484 5381 ita
2533 5338 2724 5383 auctor
2771 5341 2876 5397 est,
2909 5327 2968 5383 ut
3005 5330 3089 5383 hic
3124 5327 3248 5385 'non
3279 5327 3521 5397 incipiat

1938 5400 2380 5470 continueturque
2411 5398 2511 5453 nisi
2542 5401 2752 5455 statutis
2778 5401 2845 5454 ad
2877 5401 2993 5469 ipso
3022 5401 3130 5456 Deo
3161 5402 3385 5470 legibus.
3527 5416 3533 5447 ι

2013 5468 2099 5523 16.
2142 5468 2277 5543 Vitat
2320 5471 2562 5543 obscuras
2608 5472 2791 5524 anima:
2843 5469 3062 5541 ruinas.]
3118 5468 3308 5526 Mentis
3340 5481 3522 5543 utpote

1947 5538 2264 5611 immortalis
2294 5540 2437 5595 nulla
2467 5551 2547 5595 est
2579 5543 2749 5605 ruina,
2778 5544 2952 5611 quoad
3005 5538 3118 5595 rem
3148 5552 3376 5609 spectat,
3401 5538 3522 5600 'sed

1948 5609 2399 5681 dutttaxatquoad
2430 5610 2668 5673 modum,
2700 5609 2950 5666 nimirum
3000 5614 3396 5682 cogitationem.
3431 5616 3525 5670 Est

1950 5691 2127 5752 autem
2158 5683 2407 5752 cogitatio
2435 5683 2629 5736 mentis
2657 5684 2807 5737 ruina
2833 5693 2962 5748 tum,
2993 5698 3113 5737 cum
3147 5698 3299 5738 mens
3320 5699 3348 5736 a
3380 5697 3523 5739 recta

1946 5751 2301 5823 judicandict
2330 5753 2560 5823 eligendi
2588 5768 2776 5809 norma
2805 5755 3084 5821 recedens,
3120 5754 3172 5807 in
3203 5769 3440 5809 errorem
3475 5766 3527 5812 et

1951 5822 2134 5877 vitiant
2184 5824 2398 5879 labitur.
2432 5824 2629 5879 Vitium
2680 5827 2875 5880 mentis
2919 5824 3118 5879 nullum
3160 5826 3276 5880 sine
3316 5842 3522 5891 errore,

1951 5908 2103 5953 error
2124 5896 2299 5962 nullus
2322 5896 2439 5954 sine
2466 5897 2808 5968 obscuritate;
2828 5895 3172 5969 quamobrem
3200 5899 3351 5955 ruina
3375 5913 3526 5960 meu-
