3984 6382
462 291 557 353 771

604 409 748 464 llanc
775 409 1014 482 quisquis
1038 408 1234 480 poterit
1266 418 1451 464 notare
1472 408 1644 464 lucem
1666 447 1681 474 ,

599 500 865 557 Candidos
898 501 1082 557 Phcebi
1112 502 1292 557 radios
1319 501 1555 569 negabit.

980 597 1140 671 233
1164 594 1382 650 PROSA
1424 594 1518 648 x1.

457 690 839 743 Ancuuunrun.
897 718 966 727 -—
1014 687 1293 755 Postquam
1377 686 1709 752 PhilosOphia
1773 686 2042 755 proposuit

528 761 710 813 bonum
742 775 849 812 esse
870 775 1049 823 unum,
1078 761 1214 827 quod
1239 760 1427 819 omnia,
1469 775 1562 811 suo
1631 774 1843 826 quaque
1886 758 2039 810 modo

522 839 789 953 pretunt,
823 832 1001 883 eadem
1026 830 1287 883 concludit
1307 845 1480 887 rerum
1506 846 1739 889 omnum.
1763 830 1917 897 ﬁnem
1935 844 2043 882 esse

556 918 731 953 onum.

556 918 731 954 onum.

522 973 826 1034 Assentior,
858 972 1093 1039 inquam.
1120 970 1321 1025 Cuncta
1345 972 1486 1025 enim
1540 970 1865 1025 ﬁrmissimis
1904 984 2039 1026 nexa

453 1067 749 1121 rationibus
764 1076 1033 1121 constant.
1050 1065 1182 1119 Tum
1201 1066 1286 1119 illa
1309 1082 1320 1116 :
1341 1066 1560 1134 Quanti,
1589 1066 1774 1135 inquit,
1802 1064 2039 1119 aestima-

452 1158 554 1224 bis,
581 1161 624 1214 si
650 1161 665 1190 ¹
706 1160 903 1213 bonum
946 1160 1117 1227 ipsum
1148 1159 1272 1226 quid
1317 1160 1414 1223 sit,
1458 1160 1774 1228 agnoveris?
1825 1158 2039 1223 lnﬁniti,

452 1250 666 1321 inquam
704 1269 714 1302 :
750 1252 791 1305 si
827 1251 1040 1321 quidem
1075 1249 1204 1303 mihi
1254 1250 1451 1318 pariter
1484 1250 1649 1303 Deum
1683 1265 1918 1320 quoque,
1949 1249 2039 1319 qui

455 1346 655 1397 bonum
689 1353 792 1408 est,
819 1343 1090 1407 continget
1119 1356 1434 1411 agnoscere.
1472 1341 1630 1410 Atqui
1689 1342 1793 1395 hoc
1824 1342 2043 1395 verissi-

453 1452 561 1501 ma,
593 1438 671 1505 (5)
704 1434 898 1504 inquit,
932 1434 1138 1488 ratione
1168 1434 1508 1503 patefaciam,
1548 1444 1572 1469 ει
1606 1443 1857 1489 maneant
1878 1433 2039 1489 modo

451 1546 571 1599 quae
598 1528 756 1596 paulo
786 1539 909 1581 ante
943 1526 1194 1582 conclusa
1222 1536 1366 1582 sunt.
1400 1525 1427 1564 ι)
1459 1527 1769 1590 Manebant,
1799 1527 2038 1595 inquam.

450 1621 659 1684 Nonne,
686 1620 877 1688 inquit,
901 1621 920 1650 ²
954 1614 1375 1673 monstravimus
1406 1634 1464 1672 ea
1512 1634 1630 1686 qum
1660 1627 1983 1688 appetuntur
2011 1634 2042 1674 a

453 1714 718 1783 pluribus,
754 1711 955 1765 idcirco
984 1709 1108 1765 vera
1166 1712 1503 1780 perfectaque
1533 1710 1553 1741 ³
1576 1712 1712 1765 bona
1759 1727 1863 1765 non
1896 1727 2039 1777 esse,

1688 292 1799 349 AN.
1842 290 2048 349 MANL.
2086 289 2239 348 SEY.
2282 291 2505 351 BOETII

2070 408 2125 468 Α
2150 408 2380 476 petenda
2428 413 2802 469 numerentur?
2845 412 3279 472 Demonstrstum
3331 424 3437 485 est,
3494 418 3696 490 inquam,

3615 303 3697 358 772

2148 518 2248 559 nec
2274 504 2505 560 dubitari
2553 507 2664 562 ullo
2705 508 2866 564 modo
2895 518 3090 579 potest.
3121 510 3250 578 Quae
3280 510 3463 578 igitur,
3504 526 3610 567 cum
3633 514 3703 568 tli-

2145 609 2395 669 screpant
2449 598 2562 672 [i5)
2596 600 2817 657 minime
2864 601 3004 657 bona
3036 610 3183 669 sunt;
3236 618 3359 658 cum
3407 619 3537 659 vero
3567 620 3704 662 unum

2146 704 2269 747 esse
2297 692 2580 763 coeperint,
2605 692 2746 747 bona
2784 692 2918 750 ﬁunt
2949 709 2965 748 :
2994 709 3176 750 nonne
3203 694 3320 751 hac
3347 704 3406 750 ut
3433 696 3565 750 bona
3596 697 3705 763 sint,

2146 786 2365 839 unitatis
2392 785 2505 840 ﬁeri
2527 784 2812 855 adeptione
2839 788 3141 857 contingit?
3178 787 3281 852 ita,
3314 789 3556 858 inquam,
3584 789 3712 845 vide-

2146 885 2252 931 tur.
2272 876 2376 932 Sed
2405 892 2565 931 omne
2585 877 2728 947 quod
2773 878 2974 933 bonum
3016 887 3122 942 est,
3151 879 3277 933 boni
3332 880 3711 950 participatione

2144 970 2345 1026 bonum
2367 986 2490 1028 esse
2518 972 2795 1039 concedis,
2824 988 2891 1027 an
2923 974 3182 1030 minime?
3214 974 3290 1029 Ita
3320 982 3407 1030 est
3438 986 3485 1030 ο.
3517 978 3713 1045 Oportet

2145 1064 2310 1135 igitur
2341 1066 2480 1120 idem
2513 1081 2637 1121 esse
2656 1082 2846 1135 unum,
2893 1076 3056 1137 atque
3084 1067 3285 1122 bonum
3318 1068 3485 1122 simili
3532 1070 3715 1123 ratione

2145 1155 2433 1211 concedas.
2458 1157 2613 1228 237
2643 1155 2667 1188 ‘
2695 1157 2896 1212 Eadem
2931 1172 3165 1227 namque
3190 1157 3487 1212 substantia
3533 1167 3610 1213 est
3632 1173 3713 1234 eo-

2145 1263 2289 1312 rum,
2320 1262 2549 1317 quorum
2577 1248 2897 1303 naturaliter
2944 1263 3055 1303 non
3099 1258 3185 1304 est
3222 1249 3467 1305 diversus
3494 1250 3708 1305 eﬁectus.

2144 1338 2371 1409 Negare,
2422 1340 2661 1409 inquam,
2712 1354 2944 1411 nequeo.
2998 1340 3021 1372 ⁸
3058 1338 3279 1394 Nostine
3310 1341 3490 1411 igitur,
3545 1341 3714 1410 inquit,

2145 1432 2492 1503 omne‘quod
2538 1440 2642 1499 est,
2676 1441 2781 1488 tam
2816 1432 2909 1489 diu
2951 1447 3170 1488 manere
3210 1442 3373 1504 atque
3424 1432 3709 1499 subsistere,

2145 1543 2306 1599 quam
2335 1528 2427 1581 diu
2454 1527 2526 1581 sit
2560 1541 2746 1591 unum;
2778 1525 2877 1582 sed
2920 1526 3147 1585 interire
3170 1534 3330 1596 atque
3355 1525 3575 1593 dissolvi
3597 1527 3711 1596 pari.

2146 1631 2249 1686 ter,
2272 1630 2434 1691 atque
2462 1635 2628 1673 unum
2658 1633 2780 1675 esse
2801 1619 3105 1674 destiterit?
3130 1619 3216 1689 (5)
3263 1619 3508 1685 Quonam
3554 1620 3713 1677 modo?

2146 1714 2219 1770 Ut
2262 1714 2315 1768 in
2363 1711 2708 1778 animalibus,
2736 1710 2927 1781 inquit,
2955 1725 3080 1787 cum
3119 1710 3175 1764 in
3201 1725 3369 1765 unum
3422 1720 3630 1775 «eunt,
3662 1726 3716 1767 ac

449 1806 700 1874 quoniam
741 1818 769 1855 a
821 1818 880 1857 se
929 1801 1157 1856 invicem
1188 1801 1578 1871 discreparent,
1614 1819 1842 1873 cumque
1882 1805 2039 1861 alteri
2070 1793 2127 1867 Β
2147 1814 2465 1878 permanent
2492 1804 2670 1858 anima
2698 1818 3023 1874 corpusque,
3048 1803 3098 1857 id
3120 1802 3321 1857 animal
3343 1812 3582 1859 vocatur.
3604 1804 3717 1860 Cum

448 1896 664 1955 abesset
682 1894 930 1960 alterum,
950 1900 1191 1963 plenum,
1209 1894 1619 1965 absolutumque
1638 1897 1831 1952 bonum
1846 1898 2039 1955 aﬁ‘erre

448 2002 554 2041 non
589 1984 781 2055 posse?
812 1995 922 2040 tum
962 1996 1140 2040 autem
1162 2001 1347 2040 verum
1375 1986 1491 2055 (10)
1530 1988 1731 2042 bonum
1756 1988 1891 2053 ﬁeri,
1915 2004 2040 2045 cum

447 2079 499 2133 in
549 2094 706 2133 unam
729 2080 895 2132 veluti
923 2078 1175 2139 formam,
1209 2087 1370 2147 atque
1398 2077 1744 2135 efﬁcientiam
1776 2082 2043 2150 colligun-

448 2182 555 2237 tur,
586 2180 642 2225 ut
671 2187 793 2242 quae
823 2170 1152 2227 sufﬁcientia
1180 2181 1285 2237 est,
1308 2172 1494 2226 eadem
1521 2174 1591 2227 sit
1613 2176 1868 2242 potentia,
1889 2191 2043 2232 reve-

448 2266 643 2331 rentia,
667 2264 906 2331 claritas,
935 2273 1095 2336 atque
1143 2264 1457 2333 iucunditas
1486 2282 1498 2317 :
1547 2266 1645 2319 nisi
1678 2282 1804 2321 vero
1852 2285 2037 2335 unum,

447 2365 604 2427 atque
652 2355 790 2410 idem
824 2356 1000 2409 omnia
1033 2355 1162 2422 sint,
1194 2356 1325 2409 nihil
1380 2356 1596 2419 habere,
1631 2372 1740 2426 quo
1772 2360 1915 2414 inter
1943 2378 2034 2415 ex-

2148 1915 2277 1954 vero
2318 1898 2437 1953 haec
2481 1898 2660 1951 unitas
2690 1897 2969 1965 utriusque
3017 1897 3359 1966 separatione
3400 1896 3715 1962 dissolvitur,

2149 1992 2392 2055 interire,
2417 2003 2517 2044 nec
2555 1987 2668 2057 jam
2704 2003 2829 2043 esse
2857 1986 3056 2042 animal
3098 1988 3284 2058 liquet.
3316 1988 3499 2057 Ipsum
3530 2003 3721 2061 quoque

2148 2098 2348 2152 corpus
2367 2096 2490 2139 curn
2514 2081 2567 2136 in
2594 2095 2698 2136 una
2726 2079 2921 2147 forma,
2947 2080 3315 2135 membrorum
3337 2081 3722 2150 conjunctione,

2149 2183 2449 2249 permanet,
2476 2175 2713 2233 humana
2754 2171 2943 2231 visitur
2971 2172 3202 2242 species.
3245 2174 3315 2233 At
3344 2172 3391 2227 si
3420 2161 3722 2239 distribute,

2151 2275 2550 2342 segregatmque
2603 2262 2723 2339 (lﬁ)
2752 2271 2932 2334 partes
2964 2264 3212 2334 corporis
3240 2263 3593 2319 distraxerint
3615 2264 3722 2319 uui-

2145 2373 2336 2428 tatem,
2364 2359 2564 2415 desinit
2590 2370 2712 2413 esse
2731 2356 2874 2427 quod
2896 2356 3091 2412 fuerat.
3124 2356 3308 2425 quue
3336 2357 3503 2413 modo
3527 2372 3723 2429 percun

1794 2488 2357 2577 numeraturum

445 2668 541 2725 quo
570 2651 749 2725 calum
778 2648 1091 2725 gubernatur
1114 2655 1159 2701 et
1182 2646 1501 2725 uiget,_ca_uet
1521 2647 1702 2725 lapsus
1725 2649 2039 2725 caliginosae

445 2717 625 2778 mentis
658 2739 676 2775 :
718 2717 882 2791 quare
925 2721 1211 2789 quicunque
1271 2717 1451 2791 ualebit
1493 2717 1895 2774 animadvertere
1945 2722 2041 2774 hoc

444 2798 637 2867 litorea,
666 2789 752 2846 ille
776 2791 977 2862 negabit
1004 2791 1179 2843 radios
1206 2789 1328 2843 solis
1357 2801 1485 2842 esse
1511 2803 1665 2858 teque
1681 2806 1859 2859 puros.

2225 2657 2249 2687 ι
2275 2648 2337 2704 Si
2355 2662 2546 2703 memor
2569 2646 2964 2714 preteritorum,
2984 2645 3091 2700 ἠως
3117 2648 3448 2703 concesseris.

2222 2718 2248 2758 δ
2279 2719 2332 2772 Η
2337 2736 2408 2773 (ec
2430 2719 2503 2771 ita
2526 2725 2695 2771 erunt.

2226 2801 2248 2830 α
2285 2790 2439 2855 Quod
2465 2787 2655 2845 bonust
2674 2793 2772 2853 est,
2796 2786 2850 2839 id
2866 2785 3085 2845 bonitate
3104 2786 3347 2857 afﬁcitur.

1971 2949 2195 3009 ΝΟΤᾸΕ.

443 3108 510 3161 tis
540 3106 608 3158 ita
640 3103 869 3155 obscura
897 3105 1000 3157 est,
1032 3098 1090 3147 ut
1118 3093 1185 3145 ab
1207 3091 1306 3165 hac
1345 3091 1457 3165 Luat
1503 3103 1707 3165 aeterna
1738 3091 1879 3146 Deus
1902 3092 2024 3145 lou-

443 3179 558 3243 gius
585 3175 803 3232 distare,
834 3169 1077 3232 hancque
1098 3161 1382 3243 prepterea
1408 3161 1577 3243 vitare
1604 3162 1813 3243 dicatur
1844 3178 1857 3217 :
1886 3171 2031 3240 inde

2136 3090 2281 3143 clare
2308 3094 2703 3158 proponuntur,
2735 3096 2793 3140 ut
2814 3086 3171 3155 explicatione
3203 3072 3417 3158 nostra,
3452 3099 3559 3143 non
3594 3091 3728 3149 indi.

2140 3157 2323 3227 geant.
2354 3159 2544 3213 Moneo
2606 3158 2778 3212 solum
2834 3158 3101 3228 duplicem
3156 3157 3243 3215 hic
3295 3157 3719 3228 distinguendum

443 3227 800 3305 ﬁeiusiefticit,
844 3248 901 3292 ut.
934 3227 1070 3306 quos
1096 3227 1386 3296 illutninat,
1415 3232 1469 3285 hi
1498 3232 1767 3299 ejusmodi
1819 3233 2029 3291 ruinam
2059 3250 2105 3313 ρ
2138 3227 3395 3313 esseappetitumvoluntariumunum,alterum
3414 3232 3716 3313 naturalem.

442 3332 603 3441 cui?
632 3321 1039 3448 iiﬁiitguisquis
1079 3375 1261 3446 poterit
1283 3385 1457 3426 notare
1502 3372 1717 3444 lucem}
1755 3371 1918 3428 Deum
1943 3374 2033 3443 qui

444 3472 527 3514 est
558 3470 824 3513 summum
853 3450 1073 3503 bonum.

517 3512 605 3584 i8.
642 3523 897 3580 Candidas
936 3516 1116 3573 Phoebi
1146 3515 1323 3568 radios
1350 3512 1598 3583 negabit.]
1622 3513 1856 3576 Candor,
1882 3514 2033 3569 color

443 3610 527 3659 est
569 3598 806 3652 omnium
855 3592 958 3646 luci
987 3588 1338 3659 simillimus__:
1377 3587 1499 3659 hinc
1525 3585 1639 3639 sive
1664 3600 1889 3651 corpora
1918 3587 2034 3659 sive

442 3656 654 3727 mentes
674 3682 740 3721 eo
771 3661 959 3732 majori
990 3659 1221 3732 candore
1250 3656 1390 3732 affici
1411 3657 1819 3732 dicuntur,_quo
1838 3656 2028 3732 majori

443 3739 832 3812 perfunduntur
853 3727 976 3812 luce
1000 3747 1015 3785 :
1040 3728 1391 3812 sicltnst-ella,
1415 3727 1659 3812 scriptio,
1688 3730 1802 3812 ipsa
1833 3729 2034 3809 cogita-

443 3798 549 3878 ἶίο,
584 3810 837 3872 Horatio,
872 3801 1156 3878 Ciceroni,
1182 3799 1375 3878 qvidio
1420 3798 1612 3878 dicitur
1651 3799 1811 3853 modo
1838 3800 2028 3867 magis,

441 3870 602 3939 modo
627 3882 802 3934 minus
824 3870 1073 3930 candida.
1102 3870 1257 3925 Radii
1290 3882 1467 3923 autem
1495 3870 1722 3933 solares,
1743 3880 2033 3937 quantum-

441 3959 519 4010 vis
550 3952 709 4008 lucidi
731 3948 1032 4007 videantur,
1063 3952 1267 3998 tantum
1307 3941 1655 3995 nihilominus
1687 3956 1793 3993 non
1826 3940 2028 4006 lucent,

441 4037 705 4095 quantum
751 4021 912 4095 Deus,
951 4015 1079 4087 qui,
1107 4013 1125 4046 '
1159 4014 1223 4066 κά
1268 4010 1408 4067 Tim.
1440 4027 1513 4076 vr,
1562 4012 1726 4064 lucem
1778 4011 2033 4064 inhabitat

441 4092 863 4162 inaccessibilem.
1075 4157 1123 4162 __
1193 4156 1203 4162 _
1264 4152 1284 4162 _
1336 4152 1373 4162 _
1610 4152 1624 4162 _
1724 4150 1756 4162 η
1796 4150 1808 4162 _

518 4170 533 4199 ι
566 4166 767 4220 Bonum
803 4161 970 4227 ipsum
1000 4157 1123 4227 quid
1159 4152 1289 4226 δὴ]
1336 4152 1541 4227 Bonum
1581 4150 1937 4227 δὶῃῃῇἰείιεῃο,Δ
1962 4150 2031 4207 de

439 4254 545 4308 quo
578 4250 718 4291 nunc
763 4221 966 4308 agitur,
1001 4221 1084 4281 est
1115 4221 1382 4307 summum
1418 4241 1429 4276 :
1472 4222 1523 4276 id
1561 4222 1788 4277 sufﬁciat
1829 4221 2031 4277 dixisse

440 4299 602 4364 s'emcl
632 4312 725 4375 pro
748 4299 859 4375 toto
882 4299 1205 4375 isto_C§Pi‘e-
1232 4366 1258 4375 Α
1294 4365 1307 4375 ,
1372 4365 1382 4375 .
1595 4362 1607 4375 .

513 4383 531 4410 ²
564 4363 1013 4442 Homtravimusj
1037 4363 1198 4442 Prosa
1230 4366 1262 4421 9
1294 4365 1451 4442 hujus
1486 4363 1633 4442 libri.

510 4450 530 4480 ³
561 4447 708 4502 Βοηα
739 4460 836 4496 non
861 4456 967 4496 esse
994 4432 1237 4510 quoniam
1262 4454 1293 4488 a
1321 4432 1376 4490 se
1403 4436 1616 4510 inuicem
1637 4432 2029 4510 discreparertt.]

438 4520 475 4577 l.
515 4515 863 4582 Philosotihia
901 4506 1175 4580 proponit,
1223 4509 1419 4582 bonum
1450 4506 1589 4576 (quo
1616 4508 1842 4582 nomine
1873 4506 2030 4582 intel-

438 4570 867 4660 ligit—summum)
899 4570 1212 4660 esseunum
1240 4580 1343 4632 hoc
1373 4570 1485 4658 fere
1501 4570 1689 4656 modo.
1722 4575 2027 4660 Cum'inter
2055 4587 2106 4649 ι)
2132 4574 2348 4643 quidem
2387 4575 2439 4625 in
2485 4570 2804 4660 corporibus
2852 4573 3269 4660 ἱιιειξίηρτιξίελὶη

437 4646 599 4718 unum
657 4668 711 4713 et
739 4646 903 4711 multa
936 4653 1136 4705 nullum
1187 4652 1483 4718 excogitari
1535 4651 1703 4715 possit
1756 4646 2049 4718 medium,-

340 4781 354 4790 .
437 4716 658 4787 necesse
680 4737 760 4783 est
789 4734 847 4779 ut
895 4736 1163 4777 summum
1194 4716 1389 4775 bonum
1418 4719 1487 4772 sit
1527 4732 1690 4771 unum
1715 4727 1806 4769 aut
1833 4716 2015 4790 multi-

436 4808 577 4873 plex.
613 4798 772 4865 Atqui
802 4808 1070 4873 summum
1101 4790 1299 4873 bonum
1354 4805 1457 4842 non
1488 4798 1663 4873 potest
1687 4802 1808 4842 esse
1838 4788 2019 4841 multi-

439 4857 557 4943 plex
590 4891 603 4926 :
634 4857 834 4925 idcirco
861 4866 1004 4943 enim
1038 4863 1322 4943 probatum
1365 4870 1447 4943 est
1493 4857 1736 4943 divitias,
1781 4868 2019 4942 potesta:

436 4930 541 4999 iem
572 4953 624 4998 et
650 4951 841 4996 caetera
876 4930 1139 5005 ejusmodi
1170 4944 1276 4987 non
1310 4931 1505 4985 habere
1537 4930 1799 4984 rationem
1821 4930 2018 4984 summi

434 5016 578 5077 boni.
609 5014 729 5083 quia
756 5017 881 5083 sunt
912 5005 1099 5083 multa.
1182 5082 1185 5083 ν
1538 5082 1544 5083 γ
1652 5070 1685 5083 η

504 5086 526 5116 ⁸
554 5071 753 5139 Eadem
790 5075 1077 5135 substantia
1116 5082 1189 5127 est
1213 5087 1429 5141 quorum
1458 5071 1761 5137 naturaliter
1813 5086 1914 5123 non
1944 5076 2017 5124 est

433 5160 661 5213 diversus
707 5145 972 5220 eiectus]
1003 5144 1116 5220 Non
1161 5143 1461 5220 judicamus
1503 5145 1571 5197 de
1599 5156 1759 5220 causa
1789 5142 1889 5220 nisi
1921 5155 2017 5209 per

432 5211 670 5298 ejusdem
702 5211 972 5298 eliectnsi
1005 5215 1143 5270 unde
1168 5211 1395 5283 quorum
1420 5213 1810 5298 'non‘videmus
1840 5211 2017 5292 diver-

432 5283 523 5353 sos
546 5298 791 5357 effectus,
824 5290 1028 5346 nullum
1062 5296 1434 5355 argumentum
1485 5284 1765 5348 habemus,
1792 5298 1897 5352 quo
1924 5283 2013 5352 ju-

432 5373 670 5426 dicemus
700 5366 816 5420 hinc
841 5377 961 5416 esse
989 5375 1073 5412 res
1102 5362 1364 5426 diversas.

506 5422 769 5494 {Nostine
800 5435 982 5504 igitur,
1022 5444 1167 5482 omne
1212 5424 1349 5496 quod
1382 5422 1507 5504 es_t.]
1548 5423 1611 5479 ll.
1670 5422 2012 5504 Philosophia

432 5515 699 5581 ριιοροιιίι,
719 5494 921 5581 omnia,
949 5494 1046 5555 suo
1071 5494 1505 5581 quzequelmodo,
1528 5509 1792 5581 summum
1816 5494 2017 5581 bonum

433 5566 705 5652 appetere;
731 5579 827 5632 sic.
859 5566 993 5652 Cum
1022 5566 1184 5651 unum
1214 5578 1269 5621 et
1309 5568 1504 5652 bonum
1532 5569 1655 5652 .sint.~
1670 5567 1855 5619 eadem
1886 5566 2015 5652 sub:

433 5636 621 5706 st'a'ntia
642 5695 654 5717 ,
687 5636 941 5718 quidquid
970 5642 1171 5718 appetit
1202 5654 1386 5718 unum,
1418 5636 1547 5718 illud
1587 5637 1762 5718 etiam
1796 5642 2015 5703 appetat

434 5709 652 5775 bonum.
688 5709 908 5773 necesse
938 5709 1055 5770 est;
1071 5711 1230 5780 Atqui
1286 5709 1464 5787 omnia
1514 5715 1769 5787 appetunt
1799 5721 1959 5787 unum
1994 5724 2007 5759 :

432 5792 695 5863 siquidem
726 5794 981 5857 appetunt
1010 5778 1240 5863 esserut
1268 5780 1452 5862 videre
1476 5781 1635 5863 est‘in
1665 5778 2007 5863 animalibus,

433 5850 734 5919 in'nlantis.
762 5850 815 5914 in
838 5855 1150 5920 corporibus
1180 5850 1505 5907 inanimatis.
1536 5850 1664 5917 Quae
1688 5850 1867 5904 omnia
1898 5856 2009 5907 tam

2212 3299 2495 3369 Appetilus
2522 3300 2856 3354 voluntarius
2885 3307 2968 3353 est
2996 3299 3108 3369 ipsa
3138 3299 3330 3354 mentis
3359 3305 3725 3369 cognoscentis

2138 3372 2411 3437 voluntas,
2464 3370 2618 3444 cujus
2670 3370 2742 3444 ita
2782 3384 2983 3444 sumus
3034 3370 3279 3437 conscii,
3332 3370 3562 3444 docente
3611 3374 3730 3444 ipso

2136 3454 2336 3497 nostra:
2388 3440 2585 3495 mentis
2632 3440 3028 3508 voluntatisque
3074 3449 3313 3505 auctore,
3358 3440 3735 3509 majorem'ut

2137 3514 2295 3581 hujus
2324 3510 2733 3585 intelligentiam
2781 3526 2810 3565 a
2844 3511 2989 3585 nullo
3013 3510 3230 3567 homine
3258 3512 3507 3585 accipere
3555 3518 3736 3585 possi-

2136 3580 2275 3639 mus.
2330 3580 2616 3637 Talis'est
2672 3580 2762 3635 ille
2814 3581 3112 3649 appetitus,
3159 3597 3264 3651 quo
3314 3580 3574 3639 volumus
3617 3603 3742 3646 esse

2137 3655 2279 3709 beati
2314 3672 2327 3706 :
2362 3652 2485 3707 talis
2505 3663 2586 3707 est
2615 3651 2715 3705 iste
2743 3652 3028 3721 appetitus,
3046 3670 3166 3721 quo,
3191 3654 3366 3722 inquit
3388 3670 3531 3709 nunc
3553 3656 3742 3713 Philo~

2134 3726 2344 3792 sophia,
2369 3739 2505 3792 swpe
2558 3723 3103 3795 mortem‘cogentibus
3131 3725 3299 3777 causis
3343 3741 3497 3795 quam
3543 3739 3741 3783 natura

2134 3795 2455 3866 reformidat,
2480 3810 2629 3868 ‘mens
2678 3794 2905 3868 humana
2949 3796 3307 3868 amplectitur;
3350 3794 3439 3847 aut
3486 3798 3739 3868 gignendi

2135 3864 2263 3935 opus
2322 3865 2578 3920 interdum
2609 3871 2822 3917 coercet.
2872 3864 2978 3918 Sed
3006 3865 3081 3918 ait
3113 3864 3497 3935 Philosophia,
3514 3864 3576 3922 εὶ
3599 3887 3737 3924 nunc

2135 3955 2236 3990 non
2268 3939 2329 3991 de
2347 3936 2427 3989 his
2450 3935 2753 3990 voluntariis
2777 3936 2963 3988 animat
2991 3936 3335 4005 cognoscentis
3366 3940 3601 3993 motibus
3625 3952 3737 3995 tra—

2134 4018 2292 4061 ctare.

2208 4078 2492 4147 Appetitus
2517 4083 2697 4130 autem
2724 4076 3002 4141 naturalis,
3035 4085 3117 4131 est
3139 4077 3422 4134 instinctus
3461 4083 3545 4135 rei
3564 4083 3734 4147 etiam

2134 4150 2321 4221 inscia:
2349 4148 2414 4202 ad
2439 4148 2609 4221 ipsius
2632 4147 3097 4221 conservationem
3126 4148 3382 4211 divinitus
3405 4151 3734 4221 impressus.

2134 4220 2374 4274 Primum
2404 4216 2618 4289 quidem
2643 4216 2730 4271 hic
2759 4218 3030 4289 appetitus
3060 4218 3255 4273 dicitur
3286 4216 3576 4278 instinctus
3608 4242 3623 4277 :
3652 4234 3736 4280 est

2132 4292 2275 4345 enim
2318 4287 2606 4357 imp—uisio;
2664 4298 2719 4341 et
2765 4287 3019 4357 quaelibet
3051 4290 3306 4359 impulSio
3337 4304 3485 4348 recte
3531 4296 3733 4349 dicitur

2134 4362 2458 4434 instinctus;
2493 4374 2611 4413 cum
2642 4359 2929 4434 instinctus
2947 4360 3158 4434 dicatur
3182 4362 3251 4434 ab
3276 4363 3601 4434 instigando,
3631 4367 3732 4420 hoc

2134 4433 2202 4485 ab
2225 4432 2486 4495 instando;
2514 4430 2655 4499 quod
2688 4430 2777 4503 qui
2807 4430 3042 4503 instigat,
3092 4431 3177 4487 hic
3230 4430 3419 4488 instat'
3441 4446 3495 4491 et
3551 4445 3729 4503 urget.

2136 4504 2340 4576 Deinde
2372 4504 2511 4576 idem
2540 4501 2810 4576 appetitus
2836 4502 3011 4576 estrei
3039 4505 3199 4576 etiam
3219 4504 3415 4576 inScire
3442 4524 3457 4560 :
3488 4501 3730 4576 quanda-

3364 4576 3521 4631 uibus
3580 4577 3728 4631 nulla

2132 4590 2348 4643 quiuem
2387 4590 2439 4625 ιιι
2485 4590 2800 4639 corporibus
2852 4590 3180 4638 niammaus,
3216 4590 3269 4627 in
3325 4590 3521 4644 quibus
3580 4590 3728 4631 nulla

2130 4656 2307 4713 porest
2334 4659 2453 4697 esse
2480 4643 2736 4716 cognitio,
2759 4642 2935 4696 locum
2961 4645 3138 4699 habet.
3163 4644 3427 4700 Praeterea
3450 4647 3538 4701 hic
3559 4661 3729 4716 appe-

2128 4718 2253 4769 titus
2266 4716 2521 4769 divinitus
2536 4714 2827 4781 impressus
2839 4722 2922 4768 est
2937 4730 2952 4769 :
2968 4730 3071 4767 non
3086 4730 3243 4771 secus
3271 4731 3334 4771 ac
3355 4714 3727 4771 voluntarius:

2131 4787 2269 4840 Deus
2293 4790 2437 4840 enim
2481 4795 2663 4856 movet
2685 4785 2882 4839 omnia.
2912 4784 3151 4856 Denique
3180 4788 3318 4841 idem
3349 4790 3622 4856 appetitus
3646 4796 3731 4843 est

2126 4856 2193 4909 ad
2243 4858 2321 4911 rei
2366 4855 2870 4927 conservationem;
2904 4855 3058 4909 Dedit
3090 4857 3223 4910 enim
3251 4855 3431 4911 divina
3454 4860 3730 4927 providae-

2128 4930 2222 4993 tia,
2254 4936 2318 4981 ut
2340 4927 2427 4981 hic
2454 4926 2677 4990 dicitur,
2712 4926 2898 4979 creatis
2927 4943 2958 4979 a
2982 4943 3034 4980 se
3076 4929 3225 4981 rebus
3264 4930 3399 4981 hanc
3424 4926 3502 4983 vel
3549 4929 3726 4982 maxi—

2128 5016 2263 5052 mam
2295 4999 2537 5051 manendi
2565 5000 2775 5049 causam
2798 5036 2811 5058 .
2840 5005 2899 5049 ut
2916 5001 3083 5067 quoad
3127 5008 3358 5068 possunt,
3415 5002 3728 5054 naturaliter

2127 5086 2332 5123 manere
2354 5069 2666 5122 desiderent.
2716 5068 2826 5121 Hoc
2852 5068 3113 5136 appetitu,
3148 5080 3203 5122 ut
3240 5072 3463 5140 quodam
3516 5082 3727 5125 natura

2122 5140 2377 5210 principio
2405 5140 2653 5212 animalia
2680 5153 2885 5192 manere
2902 5148 3097 5212 amant.
3150 5141 3352 5197 Eodem
3383 5158 3583 5212 semper
3620 5157 3723 5209 ap-

2121 5220 2297 5280 petunt
2319 5210 2557 5280 gignendi
2578 5226 2729 5277 Opus,
2764 5225 2862 5274 quo
2879 5210 2989 5264 solo
3016 5212 3314 5269 mortalium
3345 5210 3515 5267 rerum
3559 5214 3721 5263 durat

2121 5282 2454 5335 diuturnitas.
2492 5281 2601 5333 Hoc
2628 5280 2866 5352 appetitu
2913 5290 3147 5350 acceptas
3197 5298 3343 5337 escas
3371 5285 3479 5339 sine
3515 5285 3751 5352 cogitav'

2120 5353 2259 5405 tione
2280 5352 2651 5425 ιναηείςιξηηω.⁸
2671 5350 2896 5425 Eodem,
2918 5354 2970 5406 in
2992 5369 3171 5425 somno
3207 5356 3446 5425 spiritum
3472 5350 3721 5408 ducimus

2120 5425 2421 5478 nescientes.
2482 5422 2852 5497 Hocdenique
2891 5422 3363 5494 appetitu’cu'ncta
3408 5441 3522 5497 qua
3563 5431 3717 5484 sunt,

2121 5503 2364 5563 appetunt
2390 5493 2694 5548 naturaliter
2709 5499 3046 5547 constantiam
3093 5493 3444 5564 permanendi,
3480 5497 3721 5550 lenitati!

2120 5567 2414 5634 perniciem.
2466 5564 2557 5621 Sic
2585 5565 2640 5619 in
2689 5579 2811 5629 ove,
2844 5565 2961 5621 viso
2996 5567 3143 5632 lupo,
3172 5566 3394 5633 spiritus
3420 5583 3450 5622 a
3476 5565 3720 5633 cerebro

2121 5650 2215 5701 per
2236 5652 2428 5690 nervos
2460 5637 2631 5707 ﬂuere
2664 5636 2806 5690 soliti
2837 5636 2903 5689 ad
2945 5650 3037 5690 eas
3066 5636 3337 5691 declinant
3376 5638 3485 5697 ovis
3516 5645 3713 5707 partes

2117 5721 2235 5790 quae
2265 5708 2331 5761 ad
2373 5708 2549 5790 fugam
2604 5706 2942 5790 destinantur
2977 5706 3084 5790 :jn
3132 5708 3355 5790 formica
3403 5702 3545 5790 vero,
3575 5702 3710 5790 visi)

2117 5778 2403 5843 frumento,
2422 5776 2581 5832 iidem
2609 5776 2829 5843 spiritus
2859 5776 3210 5831 deturbantur
3230 5778 3293 5831 ad
3332 5792 3423 5833 eas
3451 5776 3707 5844 formica

2116 5860 2314 5916 partes,
2338 5864 2455 5920 quae
2478 5850 2543 5903 ad
2572 5848 2883 5915 capiendam
2899 5848 3174 5921 disposita
3201 5859 3350 5905 sunt.
