3984 6382
236 332 343 388 ’175

1136 328 1225 386 DE
1262 326 1780 389 CONSOLATIONE
1817 325 2293 391 PHILOSOPHLE
2329 331 2461 390 LIB.
2502 331 2591 388 Ill.

3407 334 3509 387 774

237 444 379 503 renti
404 451 604 502 cetera
628 442 819 516 procul
863 442 1032 503 dubie
1048 445 1259 514 patebit
1303 444 1600 500 subsistere
1628 457 1819 497 unum-
1843 446 1900 508 Δ
1922 445 2307 516 dissolvantur,
2329 448 2605 505 resistunt.
2656 449 2787 519 Quae
2830 460 2962 506 vero
2988 446 3244 519 liquentia
3266 446 3428 519 239
3452 454 3514 503 ut

237 537 651 607 quodque,dum
682 551 845 593 tutum
864 544 948 591 est
980 553 992 588 :
1021 550 1145 591 cum
1170 549 1307 591 vero
1321 551 1488 593 unum
1517 549 1639 591 esse
1678 534 1826 590 desi-

238 626 349 691 nit,
402 626 657 681 interire.
716 625 1129 687 Consideranti.
1180 625 1405 696 inquam
1458 624 1587 680 mihi
1641 625 1830 694 pl‘ura,

237 720 462 774 minime
494 719 645 774 aliud
672 718 906 773 videtur.
957 716 1127 777 Estne
1154 718 1338 787 igitur,
1363 716 1561 786 inquit,
1603 716 1746 785 quod
1776 716 1831 769 in

236 818 497 879 quantum
531 808 848 863 naturaliter
872 817 995 879 agat
1022 816 1073 873 ⁸,
1102 808 1289 865 relicta
1311 806 1642 864 subsisteudi
1665 819 1831 875 appe-

236 901 433 964 tentia,
488 899 601 969 (15)
633 900 821 957 venire
859 900 927 954 ad
980 900 1276 965 interitum.
1321 900 1833 968 corruptionemque

237 990 558 1045 desideret?
588 989 649 1044 Si
675 989 962 1056 animalia,
1014 991 1269 1059 inquam,
1300 990 1672 1055 considerem,
1713 1004 1834 1059 qua:

237 1083 443 1137 habent
474 1082 710 1151 aliquam
764 1082 976 1137 volendi
1018 1081 1343 1157 nolendique
1394 1089 1664 1149 naturam,
1695 1080 1831 1136 nihil

234 1175 481 1239 invenio,
506 1173 646 1242 quod
672 1172 724 1237 δ,
751 1173 913 1227 nullis
930 1184 1081 1227 extra
1107 1174 1443 1244 cogentibus,
1475 1174 1697 1244 abjiciat
1718 1188 1833 1227 ma-

235 1264 403 1319 nendi
451 1264 828 1329 intentionem,
858 1273 914 1319 et
947 1267 1013 1319 ad
1054 1264 1332 1321 interitum
1361 1274 1554 1335 sponte
1590 1264 1832 1321 festinet.

234 1356 413 1411 Omne
453 1371 686 1425 namque
712 1356 911 1409 animal
958 1356 1097 1410 tueri
1140 1357 1367 1412 salutem
1400 1357 1607 1411 laborat
1644 1372 1657 1409 :
1690 1372 1837 1411 mor-

235 1457 346 1503 tem
375 1464 508 1503 vero
540 1448 944 1519 perniciemque
989 1448 1210 1504 devitat.
1256 1449 1365 1506 Sed
1405 1451 1567 1524 238
1611 1451 1737 1522 quid
1768 1452 1838 1506 de

236 1541 460 1608 herbis,
502 1540 929 1610 arboribusque,
972 1542 1101 1610 quid
1147 1541 1217 1597 de
1264 1545 1573 1599 inanimatis
1614 1546 1837 1599 omnino

238 1632 577 1689 consentiam
599 1632 780 1698 rebus,
799 1647 1021 1699 prorsus
1041 1632 1251 1687 dubito.
1268 1635 1429 1704 Atqui
1454 1648 1561 1691 Ion
1587 1644 1672 1689 est
1692 1635 1838 1705 quod

245 1724 314 1781 de
339 1726 437 1779 hoc
466 1726 641 1794 possis
676 1734 698 1763 ε
725 1725 1016 1793 ambigere,
1052 1741 1175 1780 cum
1202 1726 1398 1783 herbas
1429 1739 1590 1798 atque
1612 1730 1839 1787 arbores

1932 554 2027 595 aer
2045 550 2205 611 atque
2232 556 2392 612 aqua,
2424 541 2583 598 facile
2629 542 2844 613 quidem
2888 540 3250 597 dividentibus
3294 541 3513 605 cedunt,

1931 632 2028 689 sed
2055 633 2163 689 cito
2184 633 2239 687 in
2266 648 2332 689 ea
2360 649 2546 691 rursus
2575 649 2607 691 a
2635 636 2829 706 quibus
2857 642 2983 691 sunt
3028 634 3237 693 abcissa
3264 633 3518 690 relabun-

1934 734 2049 781 tur.
2100 726 2243 797 ignis
2294 742 2425 784 vero
2476 742 2695 783 omnem
2736 728 2933 799 refugit
2971 729 3285 785 sectionem.
3334 728 3518 793 Neque

1935 831 2077 873 nunc
2099 832 2199 874 nos
2227 817 2297 875 de
2326 819 2638 875 voluntariis
2662 821 2853 876 anima:
2868 822 3238 893 cognoscentis
3262 820 3515 883 motibus,

1936 908 2033 962 sed
2063 908 2135 964 de
2160 909 2392 967 naturali
2420 911 2719 968 intentione
2733 920 3045 968 tractamus.
3060 912 3224 968 Sicuti
3247 921 3351 978 est,
3374 910 3521 981 quod

1937 1011 2190 1072 exceptas
2219 1001 2301 1075 (5)
2330 1018 2485 1061 escas
2503 1006 2623 1061 sine
2642 1006 2967 1077 cogitatione
2989 1007 3352 1077 transigimus,
3377 1003 3522 1083 quod

1939 1094 1991 1148 in
2015 1108 2204 1151 somno
2237 1105 2260 1133 ε
2283 1096 2531 1165 Spiritum
2567 1097 2813 1153 ducimus
2840 1099 3159 1154 nescientes.
3192 1098 3325 1153 Nam
3372 1112 3439 1152 ne
3466 1096 3523 1155 in

1940 1186 2259 1242 animalibus
2289 1188 2504 1258 quidem
2534 1189 2787 1244 manendi
2837 1205 2990 1244 amor
3025 1205 3090 1244 ex
3117 1191 3309 1244 animai
3334 1189 3524 1243 volum-

1940 1279 2157 1345 tatibus,
2190 1296 2377 1335 verum
2392 1295 2459 1336 ex
2489 1291 2699 1337 naturae
2720 1282 2992 1351 principiis
3020 1282 3185 1336 venit.
3217 1280 3349 1335 Nam
3378 1294 3524 1350 saepe

1941 1377 2169 1426 mortem
2200 1371 2517 1440 cogentibus
2547 1372 2751 1435 causis,
2778 1387 2937 1442 quam
2969 1382 3155 1426 natura
3184 1370 3519 1439 reformidat,

1942 1463 2189 1518 voluntas
2219 1464 2600 1533 amplectitur:
2626 1474 2920 1536 contraque
2951 1464 3079 1519 illud
3103 1480 3208 1534 quo
3237 1464 3355 1520 solo
3381 1478 3524 1521 mor-

1942 1556 2131 1610 talium
2158 1570 2340 1612 rerum
2368 1557 2530 1612 durat
2553 1557 2901 1623 diuturnitas,
2946 1556 3062 1629 (10)
3088 1559 3338 1629 gignendi
3366 1568 3521 1626 opus,

1941 1645 2081 1714 quod
2111 1653 2301 1700 natura
2330 1661 2545 1716 semper
2567 1648 2790 1717 appetit,
2808 1648 3076 1703 interdum
3100 1657 3313 1703 coercet
3337 1648 3524 1702 volun-

1942 1746 2042 1793 tas.
2074 1738 2225 1793 Adeo
2252 1739 2366 1793 base
2394 1740 2476 1794 sui
2504 1738 2525 1778 ἲ
2556 1741 2754 1795 caritas
2782 1756 2886 1795 non
2913 1756 2978 1795 ex
3008 1741 3222 1795 animali
3268 1743 3523 1808 motione,

244 1817 523 1881 intuearis,
556 1817 788 1886 primum
822 1817 918 1871 sibi
949 1818 1397 1874 convenientibus
1425 1820 1628 1875 innasci
1674 1821 1831 1889 locis,
1861 1826 1913 1888 Β
1938 1832 2034 1887 sed
2062 1846 2133 1889 ex
2165 1832 2395 1887 naturali
2421 1832 2719 1889 ima-mione
2751 1834 3014 1903 procedit,
3048 1833 3201 1889 Dedit
3228 1835 3370 1889 enim
3403 1834 3524 1889 Pro.

242 1916 338 1971 Ibi
362 1924 621 1985 quantum
657 1928 847 1969 earum
882 1924 1069 1968 natura
1098 1923 1292 1985 queat,
1342 1916 1451 1971 cito
1492 1929 1837 1985 exarescere,

234 2016 403 2073 atque
433 2008 512 2075 (5)
537 2006 760 2059 interire
774 2019 882 2059 non
904 2004 1126 2073 possint.
1149 2005 1282 2059 Nam
1305 2006 1425 2060 alite
1454 2005 1833 2075 quidemeam-

237 2096 480 2165 pis,alia:
495 2095 767 2149 montibus
781 2098 1050 2159 oriuntur,
1080 2096 1213 2151 alias
1238 2096 1417 2151 ferunt
1448 2097 1690 2167 paludes,
1716 2098 1836 2154 alite

239 2187 391 2239 saxis
418 2186 648 2251 luerent,
697 2186 923 2241 aliarum
958 2184 1201 2241 fecundm
1232 2196 1356 2241 sunt
1387 2189 1601 2245 steriles
1629 2203 1832 2257 arenae,

237 2292 374 2349 quas
420 2278 467 2332 si
504 2277 557 2335 in
607 2278 711 2331 alia
760 2278 1031 2347 quiSpiam
1074 2278 1193 2333 loca
1235 2279 1535 2335 transterre
1586 2289 1834 2347 conetur,

241 2379 515 2425 arescant.
546 2367 655 2424 Sed
687 2370 777 2423 dat
803 2370 999 2438 cuique
1042 2380 1231 2424 natura
1261 2372 1409 2441 quod
1458 2373 1725 2436 convenit,
1758 2384 1833 2441 et,

241 2479 332 2529 ne,
354 2464 486 2517 dum
518 2476 740 2517 manere
794 2471 1041 2531 possunt,
1076 2464 1368 2531 intereant,
1404 2465 1666 2520 elaborat.
1699 2464 1839 2533 Quid

245 2554 442 2617 dicam.
473 2553 617 2623 quod
641 2568 854 2621 omnes,
875 2554 1019 2609 velut
1043 2555 1095 2608 in
1126 2564 1299 2610 terras
1317 2571 1411 2612 ore
1428 2557 1544 2625 (10)
1565 2557 1837 2624 demerso,

252 2648 734 2702 trabuntalimenta
763 2648 1054 2715 radicibus,
1083 2663 1149 2703 ac
1189 2665 1285 2719 per
1337 2652 1603 2707 medullas
1650 2654 1836 2719 robur,

243 2742 607 2811 corticemque
656 2741 999 2795 dill’undunt?
1048 2743 1221 2811 Quid,
1271 2746 1412 2816 quod
1458 2748 1840 2804 mollissimum

245 2832 517 2902 quodque,
542 2832 701 2889 siculi
747 2835 979 2890 medulla
1005 2846 1123 2903 est,
1151 2839 1413 2896 interiore
1442 2856 1659 2909 semper
1711 2842 1842 2899 sede

248 2922 592 2989 reconditur,
617 2933 771 2979 extra
802 2940 931 2981 vero
979 2928 1208 2993 quadam
1261 2929 1384 2998 ligni
1420 2931 1675 2987 firmitate
1714 2935 1844 3003 tegi—

246 3023 373 3069 tur:
403 3014 622 3069 ultimus
668 3024 846 3071 autem
879 3029 1067 3073 cortex
1098 3019 1382 3075 adversum
1415 3024 1539 3079 caeli
1581 3026 1845 3096 intempe-

247 3106 409 3172 riem,
442 3108 594 3177 quasi
637 3106 811 3161 d'maii
842 3110 1063 3178 patiens
1092 3110 1347 3168 defensor
1373 3117 1697 3184 opponitur?
1728 3118 1845 3174 Jam

1938 1923 2175 1981 videntis
2208 1925 2407 1980 creatis
2434 1938 2467 1979 a
2494 1938 2555 1980 se
2584 1924 2751 1979 rebus
2778 1926 2919 1981 hanc
2948 1926 3035 1981 vel
3076 1928 3362 1981 maximam
3411 1941 3526 1982 ma-

1940 2013 2107 2069 nendi
2126 2028 2366 2079 causam,
2398 2022 2458 2068 ut
2484 2016 2663 2084 quoad
2691 2026 2934 2086 possunt,
2963 2018 3276 2073 naturaliter
3308 2032 3524 2075 manere

1941 2110 2251 2165 desiderent
2292 2126 2503 2181 :quare
2550 2111 2679 2165 nihil
2714 2120 2798 2167 est
2825 2112 2967 2182 quod
3008 2114 3117 2168 ullo
3159 2114 3318 2169 modo
3358 2118 3525 2184 q'ueas

1941 2202 2207 2270 dubitare,
2238 2213 2451 2269 cuncta,
2483 2203 2601 2274 (l5)
2630 2219 2750 2271 quae
2797 2212 2948 2271 sunt,
2992 2212 3242 2276 appetere
3270 2206 3526 2262 naturali-

1944 2307 2026 2354 ter
2076 2298 2431 2354 constantiam
2487 2297 2872 2365 permanendi,
2917 2298 3155 2354 devitare
3209 2298 3524 2369 perniciem.

1948 2387 2242 2453 Conﬁteor,
2283 2389 2579 2458 inquamst,
2609 2403 2748 2446 nunc
2796 2403 2883 2445 me
2940 2389 3241 2445 indubitate
3281 2404 3528 2459 cernere,

1943 2495 2063 2549 quas
2087 2479 2291 2535 dudum
2320 2480 2525 2535 incerta
2548 2479 2890 2535 videbantur.
2921 2480 3079 2549 Quod
3098 2489 3305 2546 autem,
3335 2481 3527 2552 inquit,

1946 2572 2240 2628 subsistere
2266 2586 2328 2627 ac
2360 2586 2676 2641 permanere
2697 2573 2930 2642 appetit,
2961 2571 3015 2627 id
3042 2588 3207 2628 unum
3237 2588 3357 2629 esse
3386 2573 3530 2629 desi-

1946 2665 2245 2735 derat,hoc
2276 2666 2421 2723 enim
2466 2666 2699 2732 sublato,
2731 2681 2800 2723 ne
2848 2680 2968 2723 esse
3019 2666 3241 2734 quidem
3282 2666 3532 2735 cuiquam

1948 2760 2305 2829 perinanebit.
2360 2758 2560 2814 Verum
2589 2768 2690 2823 est,
2722 2760 2959 2828 inquam.
2991 2756 3181 2811 Omnia
3236 2758 3418 2826 igitur,
3448 2756 3533 2811 itt-

1949 2853 2083 2923 quit,
2126 2851 2241 2922 (‘20)
2278 2866 2442 2907 unum
2501 2851 2834 2909 desiderant.
2880 2849 3162 2906 Consensi.
3213 2851 3320 2907 Sed
3371 2865 3532 2908 unum

1950 2944 2180 3013 idipsum
2203 2938 2619 2999 monstravimus
2647 2957 2787 3008 esse,
2805 2944 2949 3012 quod
2973 2942 3170 2997 bonum
3197 2950 3301 2998 est.
3325 2938 3400 2997 Ita
3419 2944 3533 3012 qui-

1950 3035 2094 3090 dem.
2127 3035 2331 3089 Cuncta
2374 3034 2538 3105 igitur
2561 3035 2762 3090 bonum
2788 3042 2978 3104 petunt
3008 3050 3024 3089 :
3054 3032 3195 3103 quod
3220 3034 3434 3104 quidem
3462 3034 3535 3092 ita

1951 3126 2230 3182 describas
2259 3128 2407 3195 licet,
2438 3129 2614 3196 ipsum
2673 3129 2868 3183 bonum
2900 3143 3039 3192 esse,
3071 3128 3215 3197 quod
3261 3128 3535 3183 desidere-

248 3213 385 3253 vero
421 3206 619 3267 quanta
640 3209 724 3255 est
752 3211 956 3256 naturm
984 3203 1283 3271 diligentia,
1305 3207 1423 3275 (15)
1451 3219 1505 3261 ut
1534 3220 1725 3264 cuncta
1754 3226 1839 3268 se-
1871 3202 1921 3268 Β
1952 3228 2037 3273 tur
2064 3220 2131 3274 ab
2177 3221 2444 3275 omnibus.
2478 3222 2495 3252 ί
2526 3220 2704 3285 Nihil,
2752 3220 2988 3288 inquam,
3022 3219 3201 3277 verius
3245 3219 3535 3290 escogitari

249 3291 399 3345 mine
422 3291 779 3360 multiplicato
799 3305 1317 3366 propagentur,qu
1343 3300 1521 3353 omnia
1547 3317 1654 3355 non
1682 3303 1849 3365 modo
1952 3321 2145 3379 petest.
2199 3311 2337 3367 Nam
2379 3312 2464 3367 vel
2494 3312 2559 3369 ad
2592 3313 2817 3367 nihilum
2873 3321 3065 3368 cuncta
3106 3312 3433 3376 reieruntur,
3482 3320 3537 3370 et

246 3383 310 3437 ad
340 3391 558 3450 tempus
586 3384 858 3449 manendi,
891 3401 1074 3439 verum
1104 3389 1402 3456 generatim
1430 3406 1668 3461 quoque,
1691 3394 1844 3462 quasi

248 3473 298 3527 in
332 3482 652 3543 perpetuum
685 3476 1055 3543 permanendi,
1083 3478 1245 3533 veluti
1272 3480 1534 3548 quasdam
1567 3484 1846 3539 machinas

246 3578 367 3619 esse
394 3566 519 3633 quis
544 3564 775 3618 nesciat?
805 3566 879 3619 Ea
907 3566 1069 3620 etiam
1094 3583 1215 3637 quae
1237 3569 1523 3626 inanimata
1568 3588 1689 3628 esse
1718 3590 1840 3631 cre-

246 3656 471 3720 duntur,
497 3670 676 3710 nonne
705 3658 847 3726 quod
870 3673 1024 3713 suum
1055 3669 1156 3724 est,
1188 3678 1413 3733 qumque
1445 3667 1601 3720 simili
1634 3671 1844 3723 ratione

246 3747 599 3802 desiderant?
626 3749 731 3803 Cur
760 3751 899 3805 enim
954 3751 1195 3808 ﬂammas
1218 3756 1437 3825 quidem
1466 3772 1683 3814 sursum
1713 3761 1845 3816 levi-

249 3846 329 3893 tas
364 3838 480 3909 (ἓυ)
511 3839 675 3904 vehit,
702 3850 872 3897 terras
900 3859 1029 3900 vero
1056 3845 1311 3901 deorsum
1332 3849 1545 3917 pondus
1566 3850 1841 3920 deprimit,

249 3930 349 3983 nisi
380 3931 523 3998 quod
555 3931 669 3985 haec
685 3932 908 4004 singulis
940 3936 1464 4011 loca,motionesque
1490 3945 1844 4000 conveniunt?

252 4020 422 4074 Porro
476 4032 651 4075 autem
702 4016 843 4092 quod
889 4026 1082 4097 cuique
1144 4040 1565 4089 consentaneum
1619 4045 1736 4103 est,
1787 4036 1842 4092 id

250 4113 669 4183 unumquodque
696 4128 979 4175 conservat
1007 4138 1018 4171 :
1044 4121 1203 4177 sicuti
1230 4138 1293 4179 ea
1322 4139 1444 4193 qua
1473 4134 1598 4181 sunt
1625 4128 1842 4184 inimica

251 4215 619 4273 corrumpunt.
658 4207 777 4263 Jam
823 4226 955 4265 vero
991 4229 1110 4281 quae
1162 4216 1296 4271 dura
1337 4220 1465 4283 sint,
1509 4228 1565 4273 ut
1612 4219 1839 4290 lapides,

251 4297 529 4353 adhcrent
572 4302 910 4359 tenacissime
953 4307 1194 4375 partibus
1244 4309 1390 4376 suis,
1441 4320 1516 4377 et,
1572 4327 1640 4366 ne
1690 4312 1846 4368 facile

1957 3418 2084 3466 uno,
2113 3404 2281 3458 veluti
2294 3404 2787 3471 verticedestituta,
2823 3402 2935 3475 (25)
2967 3405 3082 3460 sine
3103 3415 3331 3473 rectore,
3366 3406 3538 3465 ﬂuita-

1952 3495 2209 3562 bunt,aut
2225 3497 2269 3551 si
2289 3496 2415 3567 quid
2428 3506 2531 3564 est,
2548 3496 2614 3552 ad
2633 3498 2774 3567 quod
2798 3500 3047 3554 universa
3066 3497 3341 3567 festinent,
3363 3500 3414 3556 id
3436 3502 3538 3559 erit

1949 3590 2187 3641 omnium
2202 3603 2466 3644 summum
2486 3589 2769 3644 bonorum.
2789 3589 2857 3644 Et
2886 3590 3001 3654 illa,
3024 3590 3276 3655 Nimium,
3295 3592 3485 3661 inquit,
3506 3608 3540 3649 o

1950 3680 2187 3741 alumne,
2213 3680 2399 3734 itBlOl':
2441 3681 2611 3750 ipsam
2642 3682 2785 3736 enim
2825 3687 2847 3717 ι
2876 3683 3072 3737 medim
3121 3680 3150 3719 h
3176 3684 3415 3738 veritatis
3446 3698 3539 3738 no-

1953 3780 2058 3823 tam
2089 3781 2266 3824 mente
2300 3771 2469 3827 l'ixisti
2501 3791 2513 3825 :
2540 3773 2635 3828 sed
2654 3774 2707 3828 in
2731 3773 2831 3828 boc
2856 3774 3027 3842 patuit
3067 3774 3184 3839 tibi,
3217 3776 3357 3843 quod
3390 3777 3539 3847 igno«

1950 3876 2070 3916 rare
2102 3873 2152 3918 te
2184 3864 2343 3932 paulo
2371 3872 2495 3921 ante
2515 3865 2751 3922 dicebas.
2775 3867 2912 3934 Quid
2932 3869 2957 3921 ’ἔ
2974 3869 3208 3936 inquam.
3234 3866 3539 3937 MQms

1948 3960 2113 4014 esset,
2176 3953 2367 4020 inquit,
2417 3954 2438 3986 ³
2492 3970 2672 4009 rerum
2712 3959 2949 4009 omnium
3004 3954 3163 4009 linis?
3194 3955 3249 4009 id
3283 3966 3366 4009 est
3394 3957 3539 4014 enim

1955 4042 2212 4111 profecto,
2239 4045 2381 4114 quod
2409 4045 2747 4103 desideratur
2795 4050 2860 4099 an
2898 4049 3151 4104 omnibus
3182 4065 3194 4103 ε
3228 4048 3371 4119 quod
3416 4049 3539 4119 quia

1955 4135 2153 4190 bonum
2184 4152 2305 4193 esse
2337 4139 2669 4209 collegimus,
2703 4147 2935 4211 oportet,
2986 4157 3166 4197 rerum
3194 4140 3433 4198 omnium
3478 4138 3538 4195 ﬁ-

1955 4247 2081 4288 nem
2100 4233 2294 4288 bonnm
2310 4247 2429 4290 esse
2450 4233 2734 4292 fateamur.

1613 4507 1619 4515 ι
1643 4472 2223 4535 INTERPRETATIO.

320 4622 350 4694 ξ
376 4611 587 4694 [fugata
608 4633 715 4694 sum
729 4624 1127 4678 conservatiom'a
1150 4625 1482 4694 appetitione.

252 4684 349 4809 “ab
370 4684 577 4756 Absque
613 4690 720 4743 ulla
749 4706 1025 4749 causarum
1056 4684 1363 4751 exteriorum
1387 4699 1436 4751 vi
1460 4707 1619 4767 atque
1647 4700 1845 4755 violens

322 4796 347 4864 δ
379 4825 647 4883 Dubitare.

318 4893 347 4933 ά
380 4895 618 4953 Validiua
645 4902 904 4959 resistens.

322 4976 344 5003 ε
376 4965 735 5039 Respiramtts.

2034 4632 2052 4672 ί
2078 4636 2235 4709 Antor
2255 4653 2374 4709 erga
2395 4638 2735 4705 semetipsum.

2028 4715 2053 4751 8
2087 4707 2171 4759 Me
2190 4710 2304 4779 jam
2315 4707 2724 4765 animadvertere
2745 4717 2849 4763 tam
2868 4708 3150 4773 evidentur,
3181 4723 3240 4762 ea
3266 4707 3330 4764 de
3355 4707 3538 4778 quibus

1954 4785 2103 4897 :mtea
2144 4770 2455 4843 dubitabam,
2481 4790 2533 4832 ut
2569 4782 2632 4834 de
2664 4780 2743 4835 his
2782 4796 2886 4835 non
2913 4782 3103 4850 possim
3136 4770 3537 4850 amplius'dubi-

1977 4864 2084 4897 are.

1977 4864 2084 4900 are.

2027 4915 2058 4954 ³
2083 4917 2394 4990 Μαηίίεειιῖν.

1778 5136 2009 5195 NOTAE.

323 5269 763 5363 .‘Al-V‘iliilir'eriuﬂ.
783 5276 1229 5363 praedictus
1263 5289 1521 5344 naturalis
1565 5294 1832 5363 appetitus
1861 5296 1917 5357 Ι)
1939 5291 2147 5363 Servio.
2178 5289 2367 5361 Virgil.
2402 5308 2438 5349 tt
2464 5293 2704 5361 [Eneidn
2736 5313 2793 5354 ν.
2816 5299 2966 5356 555:

253 5342 333 5397 vel
352 5353 441 5398 est
456 5358 486 5399 a
519 5346 711 5427 nihilo,
734 5342 828 5427 vel
853 5342 1045 5427 est'ab
1063 5353 1245 5427 aliquo
1266 5342 1489 5415 summo
1504 5342 1835 5427 ieéidre',"§&

250 5428 411 5479 quem
436 5426 710 5499 praeterea
741 5420 995 5499 velutiad
1029 5420 1257 5499 primum
1273 5430 1595 5499 principium
1626 5446 1679 5488 et
1711 5420 1836 5492 ulti:

254 5499 399 5566 mum
434 5485 592 5543 linem
623 5492 956 5566 revocandus
982 5485 1087 5566 est.
1131 5498 1232 5566 Atq

254 5562 311 5607 ut
327 5554 442 5638 iste
468 5564 735 5638 appetitus
758 5562 887 5638 sita
917 5564 1087 5619 nihilo
1117 5584 1132 5620 :
1161 5554 1426 5638 siquidem
1472 5554 1831 5635 niliilumvno'n

255 5633 429 5693 potest
452 5641 573 5683 esse
603 5630 763 5685 ullius
784 5635 859 5687 rei
891 5649 1073 5689 causa.

325 5698 343 5727 '
367 5694 557 5755 Media
582 5702 855 5770 veritatis.)
885 5704 1162 5777 Manifesta
1191 5725 1211 5764 :
1240 5711 1317 5769 sic
1344 5715 1510 5783 enim,
1538 5718 1831 5790 interprete

1240 5499 1298 5579 ui_
1322 5501 1465 5579 _lleri
1497 5519 1600 5579 non
1656 5517 1835 5575 potest
1940 5499 3065 5579 rerumomnium‘dﬁm-_;s§.bon-u-nr‘§

2003 5361 2095 5411 Ηιο
2120 5362 2347 5412 Priamus
2369 5377 2643 5427 quanquam
2668 5369 2716 5417 iu
2740 5370 2899 5421 media
2920 5372 3014 5427 iam
3035 5377 3195 5422 morte
3224 5376 3439 5420 tenetur.

2012 5447 2034 5478 ³
2065 5450 2254 5502 Rerum
2271 5452 2497 5524 omnium
2528 5452 2709 5523 ῥηὶι]
2736 5454 2819 5508 Ill.
2880 5454 3223 5524 Philosophia
3246 5458 3247 5461 “
3270 5453 3543 5506 concludit

3112 5524 3335 5594 quidem
3395 5538 3546 5575 sum-

1942 5605 2084 5643 mum
2116 5606 2129 5642 :
2160 5590 2287 5659 quia
2319 5592 2461 5661 quod
2505 5594 2574 5649 ab
2625 5594 2879 5649 omnibus
2912 5597 3073 5650 rebus
3114 5590 3457 5648 desideratur
3490 5594 3540 5647 id

1938 5662 2390 5734 rerumomnium
2420 5664 2540 5718 linis
2559 5676 2661 5719 est.
2694 5667 2856 5734 Atqui
2886 5682 2948 5719 ex
2968 5667 3133 5722 dictis
3161 5680 3430 5723 summum
3460 5665 3546 5718 bo.

1941 5748 2071 5789 num
2093 5731 2161 5787 ab
2183 5734 2437 5791 omnibus
2456 5736 2617 5791 rebus
2646 5731 3004 5792 desideratur.
