3984 6382
474 294 561 401 n5'

472 596 907 654 lacuussrun.—
942 586 1308 653 PhilosOphus,
1332 585 1492 653 inquit
1519 576 2052 654 Pliilosophiansuam

528 645 1101 721 atlen—tiuswconsideret
1157 645 1442 711 mentem':
1477 653 1598 706 huic
1636 645 1827 720 quippe
1886 645 2057 725 lumen

527 738 827 808 ingenitum,
869 732 1023 808 quod.
1068 727 1596 808 magistradocente,
1641 734 1857 775 summa
1902 725 2056 770 etiam

536 801 759 864 veritatis
799 801 956 875 possit
984 819 1087 857 esse
1118 801 1450 873 principium.

604 920 858 990 Quisquis
884 916 1151 989 profunda
1180 920 1364 969 mente
1392 910 1623 980 vestigat
1647 920 1857 972 verum,

604 1014 867 1084 Cupitque
898 1012 1057 1067 nullis
1088 1009 1178 1064 ille
1215 1008 1388 1063 deviis
1419 1005 1554 1069 falli,

606 1109 663 1162 ιιι
687 1122 745 1163 se
775 1105 1016 1162 revolvat
1046 1101 1219 1158 intimi
1249 1100 1423 1155 lucem
1447 1098 1614 1162 visus,

1699 323 1807 385 AN.
1848 320 2055 379 MANL.
2095 316 2250 377 SEV.
2291 309 2519 371 BOETII

916 474 1076 549 ειη
1100 470 1390 529 METRUM
1441 477 1457 494 -
1501 466 1589 523 XI.
2085 438 2139 497 Α

3646 282 3759 342 776

2308 426 2469 500 252
2485 423 2800 492 Longosque
2822 417 2877 472 in
2892 413 3077 472 orbem
3099 407 3546 481 cogatinllectens
3557 409 3766 472 motus,

2160 526 2192 579 5
2308 497 2669 585 animumque
2698 512 2913 576 doceat,
2945 503 3203 579 quidquid
3226 511 3385 559 extra
3412 497 3657 566 molitur,

2303 615 2430 671 Suis
2454 621 2724 668 retrusum
2751 604 3030 677 possidere
3062 598 3363 656 thesauris:

2306 707 2517 763 Dudum
2542 702 2685 775 quod
2713 711 2828 757 atra
2857 698 2991 754 texit
3013 695 3218 751 erroris
3247 691 3443 759 nubes,

2314 797 2535 854 Lucebit
2565 796 2685 866 ipso
2716 789 3081 862 perspicacius
3125 784 3350 841 Phtebo.

2311 890 2427 946 Non
2458 903 2619 944 omne
2644 898 2875 955 namque
2906 890 3087 937 mente
3107 878 3313 948 depulit
3335 876 3523 931 lumen

2172 983 2239 1037 10
2312 980 2472 1054 243
2503 978 2830 1035 Obliviosam
2860 987 3057 1044 corpus
3081 971 3344 1027 invehens
3366 968 3591 1023 molem.

2317 1080 2494 1134 Haeret
2519 1075 2761 1147 profecto
2793 1086 2979 1129 semen
3011 1070 3301 1125 introrsum
3328 1065 3466 1133 veri,

1854 1208 2415 1274 INTERPRETATIO

544 1357 645 1421 Qui
685 1352 895 1423 inquirit
946 1349 1203 1423 veritatem
1234 1344 1351 1423 alto
1390 1342 1559 1423 animo
1580 1379 1613 1423 ,.
1648 1337 1884 1423 idemque
1926 1338 2070 1423 optet

477 1408 639 1483 nullis
675 1408 842 1491 decipi
885 1421 1140 1476 erroribus
1165 1459 1182 1484 ,
1234 1416 1321 1471 hic
1360 1422 1553 1466 revocet
1596 1408 1767 1461 lumen
1803 1408 2071 1491 interioris

479 1509 704 1567 aspectus
726 1486 966 1567 adsuunt
992 1502 1250 1567 mentem,
1294 1496 1341 1567 et
1382 1491 1672 1566 convertens
1692 1486 2073 1567 cogitationum

480 1551 685 1641 lonqam
712 1567 903 1621 seriem
933 1563 1181 1641 disponat.
1200 1560 1253 1611 in
1275 1556 1567 1641 circuitum,
1601 1562 1646 1634 et
1666 1551 1910 1641 instituit

1164 1631 1218 1684 in
1257 1629 1365 1683 suis
1387 1613 1637 1681 thesauris
1660 1621 1713 1675 id
1738 1634 1908 1685 omne,
1933 1613 2070 1686 quod

2178 1334 2323 1380 extra
2368 1337 2427 1376 se
2455 1320 2637 1391 quierit
2664 1336 2681 1375 :
2712 1328 2821 1372 tum
2850 1316 2987 1391 quod
3025 1319 3142 1391 jam
3165 1315 3378 1391 pridem
3419 1313 3592 1391 caligo
3636 1312 3785 1377 nigra

2176 1394 2366 1451 erroris
2386 1383 2585 1457 velavit,
2615 1391 2670 1444 id
2683 1383 2873 1444 clarius
2895 1390 3005 1459 ipso
3025 1383 3133 1441 sole
3156 1385 3390 1457 fulgebit.
3410 1383 3552 1459 Nam
3571 1396 3784 1459 corpus,

2178 1467 2428 1536 quamvis
2474 1454 2713 1536 machina
2754 1454 3022 1536 oblivionis
3067 1454 3282 1536 parens,
3329 1472 3446 1536 non.
3478 1454 3677 1523 fugavit
3725 1466 3786 1502 ex

2180 1527 2351 1591 animo
2374 1550 2575 1588 omnem
2601 1534 2785 1586 lucem.
2813 1530 2959 1584 Certe
2980 1546 3151 1583 semen
3179 1528 3405 1581 veritatis
3428 1527 3568 1578 intus
3592 1532 3787 1585 manet,

2180 1608 2321 1679 quod
2345 1606 2678 1673 di/funditur,
2704 1614 2886 1675 agente
2918 1602 3181 1672 magistro.
3223 1598 3494 1665 Quomodo
3526 1597 3660 1650 enim
3704 1595 3788 1647 iu-

2026 1725 2256 1783 NOTAE.

553 1866 573 1888 ‘
612 1861 764 1929 Quod
820 1858 1016 1913 dicitur
1068 1854 1359 1907 iambicum.
1414 1849 1645 1929 Carmen
1703 1842 2074 1929 constans.“

486 1949 592 2008 uno
620 1912 839 2004 genere
877 1941 1152 2008 versuum,
1184 1937 1412 2008 quorum
1470 1920 1697 2008 quilibet
1754 1934 1850 1974 sex
1917 1912 2081 2008 pedes
2112 1946 2160 2008 Β

487 1985 690 2135 ξιξῦἓῖ
723 1985 867 2072 saepe
923 1985 1219 2071 imparibus
1274 1993 1408 2050 locis
1463 1985 1765 2063 spondeum
1790 2031 1805 2056 ,
1866 1985 2111 2057 paribus

508 2092 591 2133 am
636 2091 744 2133 om.

508 2091 744 2133 amoom.

560 2192 613 2246 1.
647 2184 935 2268 Quisquis.)
975 2182 1363 2268 Philosophus:
1392 2192 1515 2261 nam
1556 2174 1935 2268 phi'lps-ophns,
1963 2184 2089 2268 spe:

492 2245 632 2319 ctaita
652 2245 885 2314 nominis
913 2245 1384 2323 interpretatione,
1417 2250 1463 2303 is
1503 2245 1938 2323 appellaturum
1982 2253 2089 2296 tota

492 2316 659 2388 mente
678 2330 888 2397 vestigat
915 2316 1111 2389 verum,
1150 2323 1433 2397 sapientiae
1463 2319 1767 2397 studiosus,
1803 2316 2088 2397 Nimirum,

496 2384 672 2474 inquit
694 2384 902 2455 Tullius
947 2414 977 2474 v
1019 2384 1561 2474 Tusc.,'Pytliagorw
1597 2390 1857 2474 ingenium
1894 2396 1941 2439 et
1985 2384 2092 2439 elo-

496 2461 748 2545 quentiam
769 2487 883 2545 cum
901 2468 1181 2545 admiratus
1208 2461 1334 2545 esset
1361 2461 1524 2527 Leon,
1546 2461 1773 2545 qut-aﬂuit
1804 2475 1866 2513 ea:
1888 2474 1965 2539 eo,
1990 2474 2091 2545 qua

498 2530 718 2624 maxime
737 2540 859 2624 artel
875 2538 1181 2624 conﬁderet?
1201 2534 1302 2624 lle
1330 2544 1489 2624 artelm
1508 2535 1713 2602 quidem
1752 2548 1806 2585 se
1828 2530 1957 2583 scire
1976 2531 2094 2584 nul-

499 2619 605 2672 lam
621 2605 903 2686 respondit,
934 2605 1023 2686 sed
1044 2624 1150 2664 esse
1184 2605 1616 2686 philosophum?
1640 2618 1923 2686 rqros‘esse
1937 2617 2092 2670 quos-

500 2688 642 2750 dam,
682 2673 768 2757 qui
795 2673 1008 2757 caeteris
1061 2673 1291 2734 omnibus
1329 2673 1421 2757 pro
1462 2674 1625 2728 nihilo
1676 2673 1883 2757 dabitis,
1922 2688 2093 2757 rerum

502 2745 740 2815 naturam
756 2745 1335 2813 studioseintuerentur,
1356 2748 1450 2800 hos
1473 2762 1526 2800 se
1546 2746 1809 2817 appellare
1832 2745 2095 2813 sapientiae

502 2830 782 2891 studiosos,
806 2825 859 2877 id
881 2832 954 2879 est
980 2823 1134 2888 enim,
1165 2821 1516 2891 philosophos.
1584 2842 1593 2847 -

576 2902 630 2955 1.
675 2887 950 2967 Profunda
995 2887 1205 2967 mentm]
1242 2887 1586 2967 Profundum.
1619 2887 1815 2967 dicitur
1860 2888 2093 2967 primum

505 2971 722 3043 quidem
746 2958 813 3023 de
834 2958 1238 3043 c_orpore_cnjds
1267 2976 1427 3043 porro
1462 2958 1655 3043 fundus
1690 2958 2092 3043 dimensionem

504 3029 799 3097 t'erminat:
832 3029 1281 3106 sic'prolun'dum
1324 3031 1543 3106 pelagus
1595 3030 1847 3106 dic_imus.
1893 3029 2097 3085 Deinde

506 3129 635 3169 vero
664 3121 881 3179 propter
899 3100 1185 3177 quamdam
1216 3102 1629 3179 similitudinem
1660 3100 1861 3179 d_e_ipsa
1892 3112 2093 3167 mente,

507 3171 950 3253 cujus-cogitatio
977 3187 1265 3253 penetrans
1289 3186 1404 3253 est:
1442 3173 1523 3228 sic
1553 3171 1842 3227 consilium
1871 3183 2097 3227 vocatur

509 3246 829 3327 prbiundtltn
863 3264 893 3303 a
918 3246 1176 3327 Quintil.,_
1197 3246 1336 3327 d_ecl.
1366 3246 1419 3299 ἓ.

2187 1850 2293 1906 que
2346 1847 2534 1906 arcem
2579 1832 2810 1906 dicimur
2858 1829 3052 1883 moliri.
3091 1826 3240 1883 Mens
3261 1840 3391 1906 ergo
3417 1833 3576 1906 extra
3600 1838 3662 1905 se
3684 1833 3792 1905 tum

2189 1896 2712 1975 intelligiturmoliri
2736 1916 2947 1975 verum,
2980 1898 3320 1975 cunt_spr_etis
3361 1897 3473 1950 suis
3501 1896 3794 1975 cogitatio-

2198 1969 2386 2040 nibus,
2412 1974 2710 2044 subjectum
2735 1972 2888 2044 ipsis
2912 1969 3328 2044 cogitationibus
3360 1970 3643 2021 materiam
3672 1982 3795 2021 con~

2194 2048 2395 2102 siderat
2415 2040 2672 2099 attentius
2702 2060 2715 2096 :
2748 2040 2891 2111 quod
2921 2042 3135 2109 quidem
3166 2040 3353 2093 vitium
3385 2054 3491 2111 non
3520 2048 3646 2092 est:
3681 2052 3793 2111 cum

2195 2129 2377 2174 nostra
2404 2116 2698 2185 _cogitatio,
2728 2109 2782 2165 ut
2812 2123 2940 2185 pote
2961 2126 3226 2185 qumﬂnon
3258 2117 3341 2165 est
3366 2109 3540 2174 nihili,
3570 2124 3602 2162 a
3646 2110 3793 2185 rebus

2195 2181 2553 2244 exterioribus
2583 2181 2830 2255 pendeat,
2862 2183 3009 2255 velut
3036 2181 3267 2255 effectus
3286 2197 3315 2235 a
3360 2195 3546 2245 causa,
3596 2195 3702 2233 nec
3729 2181 3786 2255 vi-

2200 2262 2394 2314 tiosum
2428 2259 2520 2321 sit,
2553 2252 2909 2326 cognoscendi
2930 2254 3105 2308 ellecti
3137 2253 3594 2326 gratiaqcausam
3618 2252 3787 2305 consi-

2196 2321 2764 2386 derareJ/erum'cum
2798 2326 2949 2396 plura
2972 2339 3093 2396 esse
3116 2321 3402 2396 pOSSintin
3420 2338 3608 2387 causa,
3637 2337 3793 2396 quam

2198 2403 2252 2457 in
2286 2401 2499 2465 elfecto,
2561 2398 2692 2453 nihil
2737 2393 2865 2452 vero
2918 2398 2969 2450 in
3020 2394 3230 2460 ell'ecto,
3264 2393 3404 2464 quod
3465 2408 3571 2465 non
3632 2395 3708 2447 sit
3750 2396 3795 2449 iu

2197 2488 2380 2538 causa,
2412 2464 2694 2540 prOpterea
2724 2474 2875 2523 mens‘
2925 2469 3175 2528 humana,
3220 2464 3546 2540 inveniendo
3599 2466 3795 2540 verita-

2200 2553 2335 2607 tem,
2365 2536 2561 2597 melius
2582 2556 2708 2595 suas
2735 2540 3102 2608 cogitationes,
3131 2552 3290 2604 quam
3319 2536 3621 2605 suhjectam
3649 2537 3796 2605 cogi-

2200 2618 2461 2670 talionum
2488 2612 2769 2667 materiam
2801 2610 3033 2678 primum
3083 2608 3579 2673 contemplabitur:
3613 2609 3797 2677 sicque

2199 2688 2253 2741 in
2281 2702 2361 2753 se,
2391 2685 2511 2740 sive
2535 2684 2647 2738 suis
2692 2681 2744 2736 in
2776 2681 3043 2736 thesauris
3064 2690 3374 2753 cngnoscet,
3405 2694 3465 2732 se
3489 2679 3795 2753 possidere,

2198 2750 2520 2825 quod'extra
2547 2769 2607 2809 se
2646 2752 3156 2825 reperiretentabat
3181 2768 3193 2803 :
3222 2751 3300 2804 sic
3322 2750 3559 2825 inveniet
3586 2751 3799 2805 eviden-

2200 2820 2327 2882 tiam
2376 2830 2490 2882 sive
2539 2820 2737 2880 claram
2784 2823 3198 2892 distinctumque
3247 2820 3659 2890 cogitationem,
3702 2836 3799 2891 qua

2200 2900 2532 2954 inventanon
2551 2897 2724 2951 solum
2749 2904 2916 2947 atram
2941 2894 3146 2957 nubent,
3183 2892 3285 2946 hoc
3309 2901 3393 2945 est
3414 2893 3795 2961 ignorantiam,

2200 2969 2400 3025 erroris
2451 2982 2687 3032 causam,
2740 2965 2963 3035 iugabit,
2996 2965 3089 3018 sed
3139 2964 3315 3032 ipsum
3363 2965 3525 3017 etiam
3556 2977 3795 3017 errorem

2199 3042 2405 3096 vitabit.
2433 3040 2690 3094 Nimirum
3330 3074 3335 3077 .

2272 3116 2326 3167 9.
2364 3111 2485 3165 Non
2534 3125 2679 3163 omne
2705 3118 2871 3162 mente
2916 3106 3114 3175 depulit
3138 3106 3311 3160 lumen
3344 3102 3594 3174 corpus.]
3623 3104 3791 3159 Homo

2203 3200 2307 3238 non
2339 3192 2420 3237 est
2448 3182 2561 3237 sola
2584 3195 2759 3246 mens,
2791 3180 3177 3248 nequesolum
3229 3192 3460 3244 corpus;
3512 3176 3598 3229 sed
3640 3190 3787 3229 com-

2159 3269 2169 3282 '
2204 3255 2399 3323 positio
2426 3253 2619 3308 mentis
2643 3263 2695 3306 et
2723 3252 2964 3322 corporis
2993 3251 3044 3303 in
3070 3264 3191 3323 sese
3220 3249 3453 3323 invicem
3491 3248 3785 3323 agentium:

580 3327 633 3381 1.
675 3322 903 3402 Vestigat
946 3318 1179 3391 verum]
1222 3318 1421 3402 verum
1450 3317 1581 3402 sive‘
1610 3315 1813 3402 veritas
1835 3400 1841 3402 Δ
1865 3312 2101 3402 duplicis
2126 3325 2173 3388 C
2205 3312 2334 3381 hinc
2361 3340 2555 3402 corpus
2584 3339 2676 3377 sua
2721 3324 2774 3376 itt
2820 3312 3062 3402 mentem
3093 3321 3305 3402 actione
3337 3312 3793 3402 innatuinaips't‘us

511 3407 592 3453 est
614 3386 850 3460 generis,
876 3406 1066 3460 nempe
1084 3386 1193 3455 res',
1220 3397 1274 3443 et
1300 3388 1509 3442 modus.
1542 3386 1649 3460 Res
1677 3401 1801 3441 vera
1822 3395 1902 3460 est
1925 3396 2096 3460 extra,

512 3457 704 3523 modus
731 3457 889 3517 verus
915 3457 1017 3527 est
1036 3462 1175 3515 intra
1206 3468 1437 3514 mentem
1463 3475 1477 3513 :
1509 3459 1650 3512 unde
1683 3457 1949 3525 posterius
2000 3457 2104 3512 hoc

511 3550 697 3593 verum
727 3535 843 3589 sive
880 3532 1079 3588 veritas
1129 3530 1341 3586 deliniri
1392 3539 1567 3597 potest
1606 3528 1863 3595 cogitatio
1907 3528 2106 3583 mentis

514 3617 663 3663 recte
709 3603 1059 3675 percipientis
1098 3612 1189 3657 aut
1224 3601 1535 3675 judicantis.
1590 3600 1779 3675 Agitur
1808 3607 1987 3652 autem
2017 3600 2107 3675 hic

516 3680 584 3736 de
607 3672 1016 3746 hoc'posteriori
1054 3690 1209 3738 vero;
1243 3672 1392 3746 unde
1412 3672 1597 3746 statim
1628 3672 1839 3746 dicetur
1869 3685 2014 3725 vers.
2049 3672 2082 3726 6

517 3743 757 3809 Animum
784 3746 836 3799 id
858 3747 966 3799 suis
986 3756 1242 3798 relrusum
1258 3743 1517 3812 possidere
1546 3743 1815 3795 thesauris.

589 3822 639 3875 3.
678 3817 746 3871 In
790 3833 843 3871 se
870 3816 1116 3883 revolvat,
1167 3813 1299 3886 etc.}
1330 3814 1491 3869 Suam
1525 3824 1759 3886 mentem
1783 3812 2105 3886 inspiciat:

517 3905 672 3948 mens
699 3888 844 3944 enim
879 3888 1112 3943 humana
1143 3886 1197 3939 in
1231 3883 1314 3939 his
1354 3901 1474 3955 qua:
1522 3884 1752 3938 naturali
1782 3883 1985 3938 lumine
2020 3899 2111 3937 co-

518 3958 821 4034 gnoscenda
843 3971 987 4034 sunt,
1004 3958 1205 4034 nullum
1220 3954 1397 4034 potest
1417 3955 1618 4011 habere
1640 3954 1905 4034 judicium
1925 3969 2110 4034 verum

519 4025 833 4102 certumque
861 4028 1025 4101 (quod
1051 4044 1192 4083 nunc
1211 4028 1411 4081 dicitur
1436 4041 1622 4102 verum
1652 4025 2114 4102 investigandum)

520 4104 627 4161 nisi
681 4096 958 4172 praeeunte
1005 4110 1059 4154 et
1112 4108 1328 4172 regente
1375 4097 1649 4172 evidentia
1698 4111 1819 4164 qua:
1852 4096 1986 4172 nihil
2033 4108 2115 4172 est

521 4168 870 4242 aliud-quam
928 4168 1356 4242 cognitio—clara
1397 4179 1451 4223 et
1498 4169 1754 4223 distincta
1796 4168 2116 4242 :evidentia

524 4256 703 4300 autem
732 4238 851 4297 haec
878 4259 983 4299 non
1002 4238 1140 4297 ante
1171 4240 1353 4294 haberi
1392 4250 1587 4309 potest,
1619 4254 1780 4310 quam
1814 4254 1966 4293 mens
2010 4238 2119 4294 sei-

564 4331 675 4369 sam
699 4315 1047 4383 cognoverit:
1077 4313 1217 4367 unde
1249 4312 1375 4366 illud
1396 4353 1409 4376 ,
1446 4326 1606 4365 nosce
1631 4312 1883 4380 teipsum,
1915 4310 1983 4364 de
2013 4325 2119 4378 quo

564 4332 675 4369 sam
699 4332 1039 4383 cognoverit:

524 4332 630 4458 jam
656 4386 819 4458 locuti
841 4401 1039 4458 sumus.

598 4457 655 4511 4.
688 4455 992 4527 Longosque
1020 4456 1074 4507 in
1093 4458 1284 4519 orbem,
1314 4452 1444 4525 etc.]
1493 4452 1697 4527 Habeat
1728 4452 2121 4527 cogitationem

527 4524 884 4597 cogitationis,
907 4524 1198 4595 ipsiusque
1246 4524 1493 4597 secunda:
1523 4524 1880 4597 cogitationis
1908 4525 2119 4578 tertiam

529 4595 928 4667 cogitationem,
953 4610 1007 4652 et
1034 4599 1116 4651 sic
1145 4598 1420 4664 deinceps,
1453 4596 1522 4648 ita
1556 4604 1615 4648 ut
1660 4595 1964 4667 llat_veluti
2018 4596 2123 4649 cir-

529 4665 707 4726 cuitus
732 4669 1113 4738 cogitationum
1138 4686 1151 4720 :
1186 4669 1285 4720 hac
1312 4667 1454 4720 enim
1484 4665 1892 4738 solutngratione
1935 4667 2125 4735 praeci-

531 4741 722 4812 pitatio
747 4736 1214 4812 et'przejudicium,
1246 4738 1353 4792 duo
1375 4738 1619 4793 veritatis
1659 4736 1995 4792 invenienda:
2026 4738 2127 4792 im-

531 4811 859 4884 pedimenta,
885 4811 1036 4863 vitari
1062 4819 1299 4884 possunt.
1314 4879 1331 4884 _
1402 4882 1410 4884 _
1474 4878 1484 4884 _
1696 4880 1705 4884 _
1984 4862 1992 4871 ,

604 4885 658 4937 δ.
709 4882 1049 4950 Animumque
1093 4879 1333 4950 doceat.]
1389 4878 1636 4933 Animum
1676 4880 1873 4935 docere
1910 4881 2125 4947 proprie

533 4953 700 5008 solius
732 4952 824 5007 Dei
852 4961 952 5013 est,
982 4967 1011 5004 a
1038 4966 1143 5016 quo
1168 4954 1376 5003 animus
1396 4952 1643 5004 conditus
1670 4958 2125 5021 conservatusque

535 5025 768 5094 primum
818 5024 1135 5077 informatur
1179 5038 1191 5072 :
1226 5021 1487 5094 frequenti
1541 5032 1746 5094 tamen
1774 5022 2123 5079 meditatione

536 5092 689 5149 mens
720 5096 949 5148 humana
990 5108 1113 5147 suas
1168 5092 1516 5162 cogitationes
1564 5092 1817 5146 attentius
1855 5094 2118 5163 cogitans,

535 5166 706 5235 ipsmn
736 5169 897 5221 etiam
923 5165 1161 5218 animum
1186 5178 1251 5218 eo
1274 5174 1486 5231 putatur
1509 5164 1725 5229 docere,
1746 5165 1909 5234 quod,
1942 5174 2122 5220 mente

538 5238 698 5292 veluti
722 5237 886 5292 Deum
903 5236 1288 5306 interrogante,
1309 5235 1521 5305 Deoque
1543 5236 1714 5288 eidem
1738 5236 2117 5306 respondente,

538 5310 785 5363 naturale
809 5310 985 5363 lumen
1011 5309 1087 5361 sic
1112 5305 1462 5370 dill'undatur,
1487 5316 1543 5360 ut
1568 5306 1708 5375 quod
1739 5305 1863 5361 ante
1896 5308 2118 5373 latebat,

539 5380 588 5431 itl
623 5382 799 5450 iugata
845 5380 1073 5449 caligine
1121 5377 1595 5450 animadvertatur.
1634 5378 1776 5432 Inter
1803 5378 1912 5450 alia
1942 5390 2120 5434 autem

543 5448 699 5506 mens
724 5458 931 5517 nostra,
962 5448 1172 5505 attenta
1203 5448 1304 5503 hac
1331 5463 1548 5503 suarum
1596 5449 1980 5518 cogitationum
2009 5465 2125 5503 me-

542 5521 819 5586 ditatione,
877 5522 1122 5590 docetur,
1178 5536 1237 5576 se
1288 5521 1340 5573 in
1395 5535 1454 5575 se
1486 5518 1758 5588 possidere
1787 5521 2119 5589 thesaurum,

545 5608 704 5661 quem
736 5602 885 5649 extra
917 5609 976 5650 se
1004 5592 1246 5649 invenire
1269 5592 1543 5647 tentabat:
1577 5590 1716 5645 unde
1744 5592 1955 5646 additur

618 5663 653 5718 5
678 5672 733 5719 et.
760 5663 815 5721 6.
841 5666 1102 5736 Quidquid
1130 5674 1270 5719 extra
1315 5661 1522 5715 molitur
1550 5663 1654 5736 suis
1680 5675 1940 5736 retrusam
1961 5664 2123 5734 possi-

548 5734 667 5809 dere
687 5734 1201 5809 thesauris.]'Molior
1248 5736 1443 5789 dicitur
1468 5750 1498 5787 a
1528 5734 1659 5787 male
1678 5749 1697 5787 :
1722 5734 2055 5809 moles_forte
2092 5752 2124 5809 a

549 5808 821 5873 μοκλένειν,
846 5805 1064 5863 vectibus
1102 5808 1429 5860 submovere:
1454 5821 1618 5874 quare
1646 5805 1903 5876 quidquid
1935 5807 2125 5875 majori

550 5881 663 5936 sive
691 5880 931 5949 corporis
957 5881 1068 5935 sive
1110 5880 1305 5934 mentis
1338 5878 1531 5933 virtute
1560 5878 1785 5949 agimus,
1838 5878 1967 5933 illud
1996 5880 2101 5935 dici

552 5968 673 6012 mur
703 5952 873 6010 moliri
900 5967 916 6005 :
940 5951 1017 6010 sic
1045 5964 1271 6023 corpore
1312 5949 1433 6019 iter,
1463 5958 1645 6008 monte
1689 5949 1908 6022 insidias
1933 5966 1948 6017 ;
1979 5958 2127 6011 utro-

2150 4705 2203 4765 D

2210 3398 2404 3452 mentis
2436 3386 2613 3449 lumen
2672 3408 2777 3448 non
2836 3392 3133 3460 exstinguit
3181 3391 3398 3459 quidem
3428 3389 3522 3443 sed
3552 3386 3793 3460 offundit.

2208 3469 2325 3523 Non
2347 3467 2659 3535 exStinguit,
2692 3466 2943 3534 inquam:
2975 3459 3183 3518 utienim
3212 3462 3370 3525 Deus,
3399 3460 3559 3535 hujus
3590 3459 3797 3535 luminis

2212 3538 2469 3594 naturalis
2498 3531 2703 3599 auctor,
2753 3531 3219 3589 constantissimus
3250 3543 3373 3595 est,
3404 3532 3483 3585 sic
3510 3532 3691 3584 lumen
3746 3531 3798 3584 il-

2214 3612 2302 3665 lud
2332 3608 2531 3672 Iandiu,
2566 3607 2800 3677 quandiu
2837 3620 2989 3659 mens
3014 3605 3255 3677 durabit,
3299 3603 3635 3677 duraturum
3689 3615 3798 3667 per-

2213 3691 2431 3751 petuum
2463 3686 2564 3732 es’t.
2585 3672 2677 3732 'At
2706 3676 2965 3731 oll'untlit:
3000 3672 3197 3751 Corpus
3226 3676 3360 3727 enim
3402 3672 3541 3742 quod
3569 3688 3796 3751 corrum-

2212 3744 2371 3822 pitur,
2406 3750 2693 3822 Sapientia:
2713 3764 2783 3813 Ix,
2813 3755 3057 3822 aggravet
3079 3744 3325 3822 animum,
3352 3753 3399 3799 et
3424 3756 3627 3822 terrena
3655 3744 3798 3796 inha-

2216 3816 2391 3876 bitatio
2410 3816 2647 3892 deprimit
2676 3816 3060 3872 sensum'multa
3081 3818 3427 3888 cogitantem:
3458 3816 3587 3869 hinc
3614 3826 3797 3883 corpus

2217 3908 2359 3948 nunc
2384 3894 2583 3945 dicitur

2292 3965 2378 4018 l0.
2414 3962 2723 4016 Obliviosam
2743 3960 2979 4014 invehens
3008 3958 3249 4032 molenn]
3296 3958 3462 4032 Cujus
3489 3956 3799 4032 propositio-

2220 4036 2304 4089 nis
2334 4032 2664 4102 explicandte
2693 4032 2893 4099 duplex
2923 4041 3004 4085 est
3046 4028 3249 4085 modus
3276 4049 3287 4082 :
3316 4031 3461 4102 alter
3501 4028 3798 4102 Platonicus

2219 4117 2275 4161 et
2306 4100 2501 4158 falsus:
2532 4104 2668 4157 alter
2690 4102 3090 4171 phiIOSOphicus
3119 4112 3174 4156 et
3196 4116 3373 4157 verus.
3408 4100 3669 4155 Platonici
3696 4101 3799 4170 qui-

2220 4177 2344 4231 dem
2374 4178 2770 4235 existimarunt,
2802 4187 2989 4227 omnes
3047 4172 3322 4227 hominum
3370 4181 3603 4234 mentes,
3663 4182 3798 4224 ante-

2221 4262 2382 4316 quam
2426 4248 2507 4299 hte
2547 4260 2667 4299 cum
2700 4246 3019 4316 corporibus
3059 4245 3534 4316 conjungerentnr,
3568 4242 3797 4316 conditas

2225 4311 2408 4383 fuisse,
2440 4319 2691 4384 omnique
2745 4311 3108 4369 doctrinarum
3140 4311 3337 4384 genere
3361 4314 3683 4368 instructas:
3710 4311 3794 4367 sed

2228 4401 2445 4458 propter
2486 4386 2703 4457 aliquod
2742 4400 2896 4440 suum
2940 4386 3148 4441 crimen
3180 4387 3231 4439 itt
3264 4399 3493 4453 corpora
3548 4386 3797 4458 immissas

2227 4454 2427 4515 infelici
2476 4454 2800 4513 commercio
2830 4459 3030 4523 omnia,
3079 4458 3242 4513 veluti
3299 4458 3489 4509 hausto
3531 4454 3797 4509 oblivionis

2228 4531 2442 4599 poculo,
2499 4529 2695 4583 oblitas
2746 4530 2933 4593 fuisse,
2979 4528 3051 4582 ita
3099 4538 3255 4599 utet
3300 4542 3497 4596 corpus
3527 4525 3798 4599 oblivionis

2229 4595 2410 4667 causa,
2442 4611 2496 4655 et
2526 4616 2677 4654 mens
2704 4602 2817 4669 ipsa
2846 4600 3102 4667 deinceps
3130 4598 3412 4653 addiscens
3437 4596 3701 4653 reminisci
3722 4595 3799 4648 tli-

2229 4681 2382 4726 catur
2405 4672 2526 4742 :lsed
2544 4670 2809 4725 sententia
2839 4671 2952 4723 haec
2982 4671 3115 4742 falsa
3158 4679 3240 4724 est
3265 4685 3384 4724 ctttn
3415 4683 3568 4742 mens
3588 4671 3798 4742 humana

2232 4759 2337 4798 non
2384 4738 2532 4813 prius
2554 4751 2754 4799 creata.
2779 4755 2935 4813 quam
2970 4740 3135 4813 ipsius
3164 4744 3404 4813 corporis
3435 4740 3603 4794 forma
3631 4738 3797 4813 luerit.

2231 4810 2541 4881 Philosophi
2568 4826 2717 4876 vero,
2742 4812 2933 4865 saltem
2964 4812 2995 4865 ii
3015 4814 3101 4880 qui
3132 4811 3454 4881 prmjttdiciis
3484 4827 3587 4863 non
3614 4810 3799 4881 ducun-

2230 4894 2335 4949 tur,
2368 4878 2577 4954 putant,
2631 4891 2865 4938 mentem
2916 4878 3201 4936 hunianam
3244 4878 3391 4954 inter
3440 4881 3638 4954 Deum,
3657 4878 3797 4947 cujus

2230 4958 2343 5025 ipsa
2368 4951 2455 5010 est
2481 4955 2724 5019 ell‘ectus,
2769 4962 2824 5007 et
2850 4968 3065 5021 corpus,
3096 4957 3249 5020 cujus
3282 4952 3471 5007 eadem
3500 4962 3581 5025 est
3620 4951 3792 5025 lornta.

2232 5021 2460 5083 mediam
2493 5042 2521 5078 a
2557 5026 2664 5079 Deo
2684 5024 2898 5094 quidem
2920 5033 3098 5078 statim
3125 5026 3191 5079 ab
3235 5034 3352 5078 ortu
3393 5024 3608 5092 optimis
3642 5021 3792 5094 inforf

2230 5099 2363 5153 mari
2389 5089 2782 5166 cognitionibus
2802 5094 3187 5164 all‘ectihusque
3202 5094 3269 5149 de
3288 5089 3500 5150 summo
3526 5094 3679 5155 bono,
3708 5089 3790 5145 sed

2228 5187 2256 5223 a
2280 5165 2507 5238 corpore
2535 5168 2777 5221 adversis
2798 5167 3212 5236 cogitationibus
3246 5167 3316 5220 ita
3365 5167 3589 5233 turbari,
3622 5165 3696 5218 his
3735 5171 3791 5216 ut

2230 5241 2321 5295 ille
2350 5252 2441 5295 aut
2471 5239 2736 5307 pellantur
2763 5250 2855 5291 aut
2878 5242 3069 5292 saltem
3106 5240 3462 5292 obscurentur
3491 5245 3690 5307 :tamen

2303 5313 2391 5366 ll.
2424 5302 2598 5364 Horret
2614 5324 2783 5363 semen
2809 5310 3083 5363 introrsum
3111 5307 3263 5378 veri.]
3296 5310 3515 5372 Semen,
3561 5306 3681 5362 illud
3712 5302 3787 5378 di-

2228 5384 2367 5438 citur
2396 5398 2461 5438 ex
2492 5397 2598 5451 quo
2630 5380 2789 5435 insito
2810 5380 3011 5450 aliquid
3040 5382 3129 5448 lit;
3161 5376 3328 5450 quare
3357 5395 3541 5434 semen
3565 5378 3683 5440 veri,
3705 5376 3783 5451 _i_n_-_

2228 5464 2462 5509 trorsum
2503 5444 2616 5507 sive
2666 5454 2803 5506 intra
2834 5444 3070 5507 nostram
3096 5444 3328 5507 mentem
3374 5452 3623 5514 existens,
3671 5444 3786 5501 nihil

2229 5535 2311 5581 est
2364 5524 2505 5579 aliud
2555 5539 2714 5595 quam
2761 5523 3033 5593 cogitatio,
3060 5538 3154 5595 ex
3186 5537 3291 5591 qua
3328 5520 3489 5595 insita
3517 5522 3586 5595 ﬁt
3619 5530 3782 5595 verum

2227 5596 2517 5666 judicium:
2550 5587 2803 5665 cogitatio
2829 5587 3026 5650 autem
3055 5594 3146 5648 illa
3192 5587 3277 5648 est
3323 5594 3497 5666 notio;
3547 5587 3783 5666 siquidem

2227 5658 2484 5736 judicium
2516 5658 2703 5721 verum
2734 5681 2838 5721 non
2873 5666 2930 5719 lit
2958 5666 3058 5721 nisi
3087 5681 3153 5719 ex
3186 5664 3547 5732 praeeuntibus
3583 5658 3787 5736 notioni-

2198 5728 2368 5811 _,'bus:
2402 5738 2752 5806 quamobrem
2783 5738 2826 5792 si
2869 5751 2973 5792 non
2999 5728 3275 5811 ‘ohstante
3321 5736 3521 5811 impetu
3549 5728 3778 5811 corporis,

2235 5810 2287 5863 in
2337 5802 2513 5864 mente
2570 5819 2755 5864 nostra
2802 5808 3037 5879 supersit
3080 5822 3292 5876 semper
3328 5802 3497 5876 aliqua
3525 5802 3782 5879 notiosive

2235 5882 2374 5947 idea,
2393 5883 2546 5937 hwret
2571 5884 2795 5951 profecto
2817 5870 2985 5936 semen
3001 5870 3279 5933 introrsum
3305 5870 3443 5933 veri':
3473 5885 3525 5951 at
3547 5870 3777 5951 ejusmodi

2238 5940 2386 6037 natio
2424 5940 2635 6025 semper
2664 5940 2930 6024 Superest,
2955 5967 3019 6011 ea
3038 5952 3225 6013 saltem
3256 5964 3414 6021 quam
3440 5948 3506 6005 ab
3530 5940 3639 6006 ortu
3663 5940 3781 5998 diti-
