3984 6382
244 307 334 360 ΠῙ

374 419 529 487 Quod
558 418 819 474 excitatur
843 418 1135 473 ventilante
1162 418 1429 487 doctrina,

377 515 509 569 Nam
544 529 639 570 cur
689 514 861 584 rogati
890 522 1080 583 sponte
1109 522 1256 568 recta
1286 514 1541 581 censetis,

376 612 440 667 Ni
472 626 681 667 mersus
708 612 817 666 alto
841 610 1048 666 viveret
1069 610 1243 666 fomes
1271 610 1471 666 corde?

376 702 539 775 244
559 702 715 770 Quod
746 703 793 758 si
817 704 1057 758 Platonis
1085 702 1232 758 Musa
1262 713 1517 773 personat
1546 718 1733 757 verum

378 794 531 861 Quod
562 796 789 867 quisque
814 794 996 859 discit,
1028 796 1314 851 immemor
1349 794 1685 852 recordatur.

755 931 916 1005 255
948 932 1167 988 PROSA
1196 932 1312 987 xu.

234 1064 626 1123 Anccusaruu.
660 1095 730 1105 —
763 1064 1100 1136 PhilosOphia
1125 1063 1437 1135 prtenotione
1464 1059 1631 1136 Boetii
1655 1070 1824 1136 utens,

306 1136 541 1192 Boetium
570 1139 723 1192 veluti
753 1132 1022 1191 memorent
1048 1132 1216 1195 docet.
1247 1136 1409 1189 Deum
1440 1142 1583 1189 tanta
1605 1132 1831 1185 bonitate

302 1220 349 1263 et
381 1210 611 1277 potentia
640 1210 889 1263 mundum
930 1224 1121 1275 regere,
1165 1215 1217 1260 ut
1249 1208 1440 1271 omnia,
1470 1207 1677 1277 dempto
1708 1220 1833 1275 pec-

302 1276 439 1343 cato,
460 1281 598 1349 quod
622 1280 751 1333 nihil
774 1289 868 1347 est,
894 1279 963 1331 ad
984 1280 1164 1339 Deum,
1197 1282 1334 1347 facta
1349 1277 1573 1347 quodam
1592 1276 1831 1349 circuitu,

304 1347 483 1422 sponte
504 1362 883 1422 convertantur,
910 1365 999 1403 nec
1020 1351 1084 1403 sit
1106 1349 1306 1418 aliquid
1332 1348 1471 1419 quod
1495 1363 1691 1401 summa
1718 1347 1836 1399 huic

304 1424 438 1477 bono
464 1421 540 1476 vel
572 1421 691 1475 velit
709 1422 785 1476 vel
813 1422 971 1492 possit
999 1422 1260 1476 obsistere.

238 704 300 761 15

303 1539 443 1594 Tum
473 1553 595 1608 ego,
633 1539 648 1567 ¹
685 1538 894 1593 Platoni
924 1549 975 1603 υ,
1008 1537 1248 1606 inquam,
1273 1535 1625 1592 vehementer
1654 1549 1839 1590 assen-

242 1642 372 1688 llOI‘:
406 1648 528 1687 nam
564 1648 650 1689 me
671 1635 691 1665 '
725 1633 920 1689 horum
944 1632 973 1672 ι’
1001 1633 1112 1702 jam
1144 1632 1385 1689 secundo
1416 1644 1837 1687 commemoras.

246 1722 497 1791 Primum,
514 1726 659 1797 quod
674 1727 987 1783 memoriam
1006 1742 1264 1798 corporea
1280 1726 1624 1797 contagione,
1642 1723 1840 1779 dehinc

1138 303 1228 358 DE
1265 303 1789 362 CONSOLA'I'IONE
1832 303 2305 362 PHILOSOPHIA‘J
2344 302 2470 359 LIB.
2515 302 2596 357 III.

3426 288 3532 358 77's

1852 427 1902 485 Α
1932 431 2056 477 ante
2082 421 2301 476 minime
2327 418 2681 475 dubitandum
2733 417 2980 486 putabas.
3014 416 3093 473 Ne
3139 432 3283 473 nunc
3313 418 3534 489 quidem

1939 514 2192 579 arbitror,
2222 512 2478 582 inquam;
2511 526 2610 566 nec
2654 526 2888 581 unquam
2918 510 3271 565 dubitandum
3312 511 3536 577 putabo,

1938 606 2021 676 (5)
2048 604 2349 676 quibusque
2400 602 2455 656 in
2514 602 2617 657 hoc
2656 602 2951 657 rationibus
2989 601 3265 665 accedam,
3301 601 3539 656 breviter

1938 713 2227 767 exponam.
2254 696 2273 726 ³
2298 694 2525 749 Mundus
2552 694 2640 749 hic
2663 710 2727 749 ex
2750 704 2858 750 tam
2891 693 3121 751 diversis
3146 694 3543 762 contrariisque

1941 790 2177 861 partibus
2207 790 2260 845 in
2313 804 2473 844 unam
2523 788 2748 843 formam
2774 790 2995 845 minime
3028 790 3397 854 convenisset,
3430 789 3537 842 nisi

1941 901 2077 940 unus
2107 894 2250 939 esset
2276 884 2366 954 qui
2425 892 2532 937 tam
2563 884 2776 939 diversa
2819 880 3209 954 conjuitgeret;
3256 883 3547 954 conjuncta

1940 994 2069 1034 vero
2096 986 2417 1031 naturarum
2474 977 2588 1046 ipsa
2645 976 2969 1042 diversitas,
3022 975 3252 1032 invicem
3311 977 3544 1036 discors,

1939 1070 2257 1126 dissociaret
2309 1079 2468 1138 atque
2539 1068 2859 1133 divelleret;
2930 1068 3037 1123 nisi
3082 1084 3220 1125 unus
3275 1077 3419 1124 esset
3457 1068 3549 1138 qui

1940 1163 2082 1233 quod
2128 1162 2335 1228 nexuit.
2386 1161 2708 1217 contineret.
2761 1160 2877 1216 Non
2910 1170 3018 1216 tam
3060 1178 3188 1217 vero
3215 1161 3332 1235 (10)
3367 1172 3549 1217 certus

1942 1265 2146 1309 natura:
2188 1254 2321 1308 ordo
2356 1255 2693 1322 procederet,
2741 1270 2841 1308 nec
2868 1262 2977 1308 tam
3010 1254 3302 1321 disltositos
3347 1262 3547 1318 motus,

1944 1348 2100 1414 locis,
2151 1347 2504 1417 temporibus,
2566 1348 2880 1413 efﬁcientia,
2939 1348 3155 1417 spatiis,
3207 1348 3550 1417 qualitatibus

1942 1439 2256 1508 explicaret,
2292 1439 2397 1494 nisi
2439 1454 2579 1493 unus
2616 1449 2760 1494 esset
2795 1442 2887 1510 qui
2933 1440 3028 1493 has
3070 1440 3427 1494 mutationum
3465 1454 3552 1494 va-

1942 1530 2164 1586 rietates
2202 1547 2426 1586 manens
2462 1530 2578 1600 ipse
2619 1532 2951 1603 disponeret.
2992 1533 3102 1588 Iloc
3140 1533 3398 1603 quidquid
3448 1543 3552 1605 est,

1943 1638 2051 1693 quo
2071 1623 2286 1678 condita
2318 1632 2539 1678 manent
2568 1634 2731 1695 atque
2771 1625 3061 1695 agitantur,
3117 1627 3317 1681 usitato
3343 1627 3555 1681 cunctis

1946 1716 2210 1771 vocabulo
2238 1716 2408 1771 Deum
2439 1718 2678 1771 nomino.
2713 1717 2851 1771 Tum
2883 1716 2992 1784 illa,
3024 1718 3158 1772 Cum
3183 1721 3319 1784 ln'ec,
3352 1717 3552 1788 inquit,

249 1830 364 1873 cuin
388 1807 633 1874 niteroris
664 1820 805 1875 mole
830 1836 1073 1889 pressus,
1099 1820 1275 1874 amisi.
1299 1817 1437 1873 Tum
1462 1818 1649 1882 illa,Si
1675 1832 1836 1886 supe-
1869 1825 1919 1883 Β
1945 1808 2015 1863 ita
2041 1808 2265 1874 sentias,
2318 1824 2544 1878 parvam
2578 1809 2695 1880 (15)
2729 1810 2826 1865 tibi
2878 1822 3083 1867 restare
3126 1822 3348 1881 Operam
3399 1822 3553 1881 pulo.

241 1908 404 1973 riora,
454 1908 662 1979 inquit,
703 1924 963 1965 concessa
993 1910 1276 1979 reSpicias,
1330 1924 1396 1964 ne
1451 1909 1584 1963 illud
1620 1908 1835 1979 quidem

240 2002 446 2071 bngius
474 2002 558 2073 (ὅ)
601 2003 801 2065 aberit,
832 2003 959 2072 quin
1007 2001 1332 2069 recorderis,
1359 2000 1500 2071 quod
1533 2009 1585 2054 te
1634 2000 1837 2054 dudum

239 2094 453 2149 nescire
479 2093 761 2149 confessus
784 2109 865 2148 es.
887 2093 1028 2162 Quid
1050 2095 1073 2147 ι
1105 2094 1342 2164 inquam.
1372 2093 1599 2160 Quibus,
1628 2091 1703 2144 ait
1728 2092 1836 2156 illa,

238 2188 614 2257 gubernaculis
628 2188 857 2243 mundus
878 2198 1115 2259 regatur.
1144 2186 1389 2253 Memini,
1413 2184 1575 2257 256
1595 2184 1836 2254 inquam,

238 2300 323 2340 ne
350 2284 624 2340 inscitiam
654 2299 828 2340 meam
862 2283 1031 2338 fuisse
1067 2282 1407 2343 confessum;
1436 2280 1532 2336 sed
1558 2280 1684 2350 quid
1712 2278 1843 2334 alie-

239 2391 347 2441 ras,
381 2376 507 2433 licet
528 2376 639 2446 jam
660 2376 1005 2446 prospiciam,
1037 2376 1251 2446 planius
1282 2384 1463 2429 tamen
1487 2389 1553 2429 ex
1584 2384 1635 2427 te
1657 2372 1844 2427 audire

241 2471 509 2529 desidero.
548 2470 801 2528 Mundam
833 2469 1001 2539 hunc,
1038 2471 1236 2541 inquit,
1284 2485 1313 2523 a
1364 2468 1476 2524 Deo
1524 2466 1639 2538 regi
1680 2465 1841 2537 paulo

1948 1910 2005 1957 ut
2034 1902 2302 1957 felicitatis
2348 1916 2591 1973 compos,
2639 1903 2868 1973 patriam
2906 1914 2927 1942 ο
2952 1918 3141 1975 sospes
3173 1906 3378 1960 revisas
3416 1922 3431 1957 :
3460 1903 3558 1960 sed

1949 2012 2067 2065 qua:
2095 1996 2497 2066 proposuimus,
2522 1996 2848 2051 intueamur.
2878 1996 2899 2028 ⁸
2930 1997 3119 2053 Nonne
3141 1998 3192 2053 in
3225 1997 3559 2055 beatitudine

1950 2090 2329 2147 sufﬁcientiam
2374 2094 2797 2158 numeravimus,
2844 2092 3125 2164 Deumque
3168 2094 3556 2149 beatitudinem

1954 2184 2123 2253 ipsam
2149 2197 2269 2238 esse
2294 2183 2666 2238 concessimus
2684 2184 2811 2253 “(Ita
2833 2183 3077 2255 quidem.
3102 2184 3171 2241 Et
3197 2185 3264 2239 ad
3296 2185 3555 2240 mundum

1952 2276 2134 2345 igitur,
2167 2274 2357 2344 inquit,
2400 2274 2696 2345 regendum
2740 2277 2902 2332 nullis
2948 2278 3286 2333 extrinsecus
3312 2277 3559 2332 admini—

1951 2368 2090 2423 culis
2114 2368 2421 2442 iniligcbit:
2472 2368 2707 2437 alioquin
2752 2369 2928 2441 siquo
2971 2380 3149 2442 egeat,
3198 2372 3410 2442 plenam
3442 2369 3562 2442 (ιιο)

1949 2461 2327 2517 sufﬁcientiam
2353 2478 2460 2518 non
2490 2462 2729 2519 habebit.
2754 2463 2833 2535 Id,
2860 2465 3102 2537 inquam,
3142 2468 3213 2529 ita
3262 2475 3347 2524 est
3372 2480 3563 2523 neces~

1632 2581 2207 2641 INTERPRETATIO.

250 2708 485 2774 lerrogatr
512 2712 643 2757 recte
676 2703 1046 2774 responderem
1070 2704 1278 2774 proprio
1310 2713 1492 2767 marte,
1538 2704 1637 2757 nisi
1680 2704 1843 2773 fomes

248 2775 485 2845 veritatis
504 2777 662 2828 menti
682 2775 957 2844 profunda:
979 2776 1163 2829 imitus
1182 2777 1407 2845 vigeret?
1451 2776 1601 2842 Quod
1631 2776 1674 2828 si
1696 2774 1850 2828 Musa

250 2844 483 2898 Platonis
510 2846 633 2898 dicit
656 2862 857 2899 verum:
882 2848 1017 2914 quod
1034 2844 1381 2915 unusquisque
1409 2846 1653 2911 addiscit,
1682 2845 1849 2915 hujus

250 2918 586 2970 reminiscitur
606 2928 732 2971 ante
757 2915 965 2971 oblitus.

2031 2713 2055 2776 ξι
2083 2703 2258 2776 thato
2286 2718 2443 2759 versu
2470 2705 2541 2762 15
2568 2705 2723 2760 metri
2751 2708 3069 2776 superioris.

2032 2772 2057 2811 δ
2090 2772 2220 2827 Haec
2239 2776 2426 2830 iterum
2460 2778 2512 2830 in
2533 2793 2698 2832 meum
2728 2772 3027 2833 meinariam
3048 2796 3275 2835 revocas.

2035 2856 2057 2883 ο
2093 2843 2398 2902 Incolumis.

1784 3032 2017 3090 NOTA'J.

247 3152 394 3206 nitus
434 3150 760 3219 accepimus,
792 3150 860 3206 ab
899 3167 966 3206 eo
996 3161 1049 3206 et
1078 3152 1146 3207 de
1176 3166 1242 3207 eo
1272 3152 1536 3221 quodest;
1584 3150 1838 3205 nimirum

245 3224 399 3277 Deo:
437 3222 559 3276 hinc
586 3238 757 3275 verum
781 3223 1040 3290 judicium
1071 3226 1321 3278 excitatur
1346 3224 1621 3276 ventilante
1653 3224 1849 3277 doctri-

1953 3149 2175 3205 easdem
2205 3158 2415 3205 mentes
2446 3158 2664 3220 propter
2687 3166 2842 3205 suum
2875 3165 2996 3205 eum
3030 3166 3257 3219 corpore
3288 3166 3567 3211 commer-

1963 3224 2101 3275 cium
2143 3222 2427 3283 prreteritze
2478 3219 2590 3274 suie
2622 3219 2881 3275 doetrina:
2932 3222 3125 3275 oblitas
3157 3222 3340 3288 fuisse,
3393 3226 3567 3283 donec

244 3313 345 3357 na,
370 3293 931 3362 quatenus,Magistro
954 3297 1489 3361 monente,naturale
1512 3294 1639 3347 illud
1674 3295 1854 3348 lumen
1886 3292 1933 3357 C
1964 3309 2063 3348 suo
2095 3292 2583 3361 magistrorumque
2626 3292 2808 3345 labore
2863 3292 3133 3348 discentes
3182 3296 3415 3363 antiqum
3455 3313 3567 3352 sua:

242 3366 423 3419 instar
451 3365 587 3433 ignis
615 3380 743 3435 aura
770 3364 1046 3428 commoti,
1074 3366 1232 3432 paulo
1258 3366 1466 3435 longius
1512 3364 1857 3420 diffunditur.

243 3438 460 3492 Seneca
489 3452 575 3499 ep.
606 3434 675 3489 94
706 3451 722 3490 :
762 3435 1009 3489 Omnium
1031 3437 1169 3489 enim
1217 3434 1543 3491 honestarum
1590 3452 1759 3489 rerum
1783 3453 1860 3490 se-

243 3508 395 3560 mina
419 3506 580 3559 animi
619 3514 842 3578 gerunt,
874 3523 990 3578 qua:
1029 3508 1383 3561 admonitione
1414 3508 1725 3571 excitantur,
1755 3524 1861 3559 non

244 3580 404 3701 aliter
452 3594 605 3699 quam
653 3576 895 3632 scintilla
930 3579 1057 3647 ﬂatu
1105 3579 1200 3633 levi
1243 3580 1425 3650 adjuta
1474 3581 1643 3650 ignem
1710 3595 1863 3633 suum

244 3666 353 3701 exn
377 3664 458 3701 ica
485 3688 498 3701 .

244 3650 498 3715 explicat.

328 3719 427 3793 l5.
455 3718 559 3793 Cur
578 3726 768 3793 rogati,
797 3719 928 3790 etc.|
955 3722 1069 3793 Cur
1095 3722 1610 3792 quicunquelitteris
1644 3736 1863 3789 operam

244 3808 367 3847 non
397 3790 657 3855 dedistis,
699 3793 1014 3862 interrogati
1040 3790 1125 3848 de
1151 3794 1215 3846 iis
1260 3790 1381 3861 qua:
1412 3794 1572 3862 volgo
1600 3802 1864 3845 vocantur

244 3863 547 3927 axiomata,
578 3872 636 3916 ut
662 3880 731 3916 an
762 3873 925 3918 totum
963 3865 1027 3917 sit
1075 3881 1170 3916 sua
1196 3874 1340 3930 parte
1369 3868 1541 3934 majus
1569 3879 1587 3917 .'
1615 3881 1682 3916 an
1715 3862 1865 3934 alteri

245 3934 555 4004 {aciendum
582 3934 719 4002 quod
733 3934 824 3987 tibi
846 3935 959 4003 ﬁeri
982 3951 1084 3988 non
1096 3936 1169 3988 vis
1192 3937 1219 3988 ?
1240 3946 1384 3989 recte
1425 3932 1865 4004 responderetis?

248 4007 341 4063 sic
368 4005 623 4059 Socrates
650 4013 706 4059 et
734 4005 888 4059 Plato
934 4006 1198 4068 feruntur,
1231 4021 1428 4075 pueros
1453 4006 1521 4061 de
1564 4004 1867 4059 mathema-

249 4076 385 4203 gcis
437 4076 821 4146 interrogasse,
853 4076 1049 4146 quibus
1098 4080 1270 4147 pueri,
1294 4092 1391 4131 ceu
1424 4078 1601 4146 periti,
1642 4089 1868 4144 respon-

295 4158 469 4202 erunt.

295 4158 469 4202 crint.

338 4238 432 4294 Μ.
472 4236 545 4291 Ni
587 4254 801 4306 mersus,
837 4236 969 4311 δια]
1014 4239 1126 4295 Nisi
1170 4241 1222 4295 in
1260 4250 1439 4296 mente
1484 4240 1595 4308 ipsa
1625 4239 1870 4309 quaedam

250 4320 528 4382 praeesset
556 4312 725 4382 notio,
759 4327 877 4378 quae
908 4314 977 4365 sit
999 4313 1163 4365 veluti
1197 4314 1363 4366 fomes
1390 4323 1443 4366 et
1468 4313 1685 4367 materia
1714 4311 1873 4379 hujus

254 4381 380 4436 veri
412 4381 655 4450 rectique
693 4381 915 4451 judicii:
950 4384 1093 4452 quod
1125 4382 1267 4436 enim
1312 4384 1363 4436 in
1401 4394 1578 4437 mente
1610 4382 1751 4451 ejus,
1782 4383 1875 4451 qui

255 4466 449 4509 caecus
473 4461 631 4523 natus
658 4461 762 4518 est,
784 4453 925 4508 nulla
949 4455 1134 4523 praesit
1159 4454 1282 4508 talis
1313 4454 1551 4508 colorum
1584 4456 1733 4508 notio
1760 4454 1876 4509 sive

254 4526 409 4587 idea,
446 4522 647 4578 idcirco
687 4523 881 4578 frustra
932 4522 1195 4593 ejusmodi
1249 4540 1448 4579 caecum
1495 4524 1713 4581 docebis
1767 4525 1879 4579 fru-

254 4608 492 4664 straque
541 4593 901 4665 interrogabis
942 4596 1011 4651 de
1061 4596 1352 4661 coloribus,
1388 4612 1658 4665 nunquam
1688 4611 1875 4660 ve;um

256 4676 591 4745 rectumque
627 4665 695 4719 de
726 4664 809 4745 his
858 4666 1001 4745 fere}
1040 4666 1334 4745 judicium;
1369 4667 1659 4745 Propterea
1717 4668 1877 4738 logici
1903 4682 1957 4745 Β

259 4738 490 4801 docent,
522 4737 574 4790 in
602 4739 747 4809 omni
774 4738 1030 4793 methodo
1058 4752 1272 4807 semper
1306 4738 1422 4793 ﬁeri
1466 4737 1810 4809 progressum
1843 4754 1873 4795 a

260 4809 578 4865 notioribus
610 4807 677 4862 ad
701 4808 876 4863 minus
901 4819 1049 4863 nota.

345 4903 440 4959 15.
480 4900 718 4955 Platonis
739 4902 930 4974 musa.]
961 4901 1077 4958 Non
1108 4903 1364 4972 approbat
1388 4902 1603 4973 quidem
1636 4902 1877 4959 Philoso-

264 4975 400 5045 phia
430 4974 755 5027 sententiam
790 4974 1045 5037 Platonis,
1072 4976 1127 5028 in
1152 4975 1254 5029 hoc
1274 4980 1414 5045 quod
1441 4974 1704 5039 docuerit,
1726 4990 1879 5031 men-

246 5044 356 5105 .tes
386 5044 654 5098 humanas
682 5045 928 5099 conditas
952 5044 1444 5114 fuisse,antequam
1476 5046 1559 5099 hae
1574 5046 1877 5114 conjuncta:

266 5115 477 5173 fuerint
499 5131 619 5169 eum
652 5115 1003 5184 corporibus:
1032 5118 1295 5185 siquidem
1326 5117 1379 5171 id
1420 5117 1646 5170 naturali
1676 5117 1876 5170 lumine

270 5186 532 5255 cognosci
564 5202 667 5239 non
696 5201 857 5256 posse
898 5188 1139 5245 videtur:
1180 5188 1276 5242 sed
1322 5188 1375 5242 in
1410 5187 1512 5243 hoc
1540 5187 1683 5256 quod
1716 5199 1873 5257 puta-

270 5259 435 5323 verit,
468 5258 823 5327 cognitionem
859 5256 1285 5326 philosophicam
1309 5259 1381 5312 ita
1412 5261 1479 5312 ab
1511 5260 1693 5312 innata
1719 5256 1876 5325 eriri,

272 5339 335 5383 ut
366 5328 739 5399 philosophica
778 5328 909 5382 nihil
952 5330 1097 5383 aliud
1142 5330 1211 5383 sit
1237 5345 1396 5399 quam
1439 5330 1633 5384 modus
1659 5330 1875 5393 innatae,

275 5401 392 5455 sive
414 5401 599 5455 innata
632 5399 934 5453 modificata
974 5418 987 5454 :
1020 5400 1469 5469 quemadmodum
1517 5402 1776 5470 appetitio
1818 5402 1880 5455 Ii-

273 5471 411 5525 bera
452 5470 782 5536 divitiarum,
809 5470 939 5524 nihil
966 5471 1110 5526 aliud
1136 5482 1221 5527 est
1249 5487 1411 5542 quam
1455 5473 1647 5527 modus
1690 5487 1878 5527 neces-

276 5542 441 5596 sariae
469 5542 815 5611 appetitionis
845 5542 987 5597 circa
1012 5543 1211 5599 bonum
1238 5545 1555 5613 generatim.
1591 5544 1880 5612 Propterea

354 5636 371 5665 ¹
400 5632 620 5707 Platoni
655 5634 975 5707 vehementer
1005 5636 1303 5707 assentior.]
1338 5636 1595 5690 Praedicta
1643 5634 1884 5707 Platonis

279 5705 553 5759 sententia
572 5704 641 5759 de
668 5705 1039 5762 recordatione
1057 5707 1108 5760 in
1128 5704 1336 5761 duobus
1360 5715 1619 5760 versatur.
1637 5706 1881 5760 Alterum

281 5785 368 5828 est
394 5784 606 5831 mentes
636 5775 919 5837 humanas,
962 5787 1249 5846 antequam
1302 5776 1384 5831 har
1410 5777 1725 5845 corporibus
1761 5776 1883 5844 jun-

281 5857 567 5915 gerentur,
601 5846 767 5902 fuisse
796 5848 1039 5901 conditas
1064 5857 1119 5902 et
1144 5864 1328 5903 rerum
1369 5850 1607 5903 omnium
1630 5847 1879 5904 doctrina

286 5919 577 5988 praeditas:
610 5918 749 5975 sicut
773 5918 1091 5975 Aristoteles
1131 5923 1207 5975 ait
1240 5936 1275 5975 ιι
1312 5921 1380 5976 de
1433 5919 1569 5977 Gen.
1616 5918 1880 5985 Alterum,

728 6032 999 6095 Ρηιοι..
1039 6031 1266 6096 LXIII.

1968 3364 2283 3419 eruditionis
2338 3364 2503 3418 veluti
2560 3379 2827 3418 memores
2854 3366 3290 3419 recordarentur.
3330 3366 3569 3422 Primum

1967 3435 2285 3507 quibusdam
2309 3437 2471 3489 etiam
2503 3433 2825 3507 Christianis
2855 3436 3076 3507 placuit,
3114 3449 3166 3489 ut
3194 3437 3442 3507 Urigeni:
3470 3439 3569 3495 sed

1968 3504 2234 3562 refutatur
2269 3522 2390 3560 cum
2420 3508 2579 3576 epist.
2615 3504 2813 3560 Leonis
2864 3506 2887 3557 l
2924 3508 2989 3560 ad
3041 3504 3317 3563 Turibinm
3360 3512 3572 3564 Asturi-

1968 3594 2184 3634 censem
2230 3580 2542 3646 episcopum
2562 3618 2576 3640 ,
2607 3585 2719 3629 tum
2752 3578 2944 3630 concil.
2981 3578 3338 3635 Bracharensi
3368 3597 3406 3644 ι,
3432 3596 3484 3635 c.
3511 3582 3570 3635 6.

1972 3651 2214 3705 Alterum
2272 3664 2399 3704 vero
2451 3664 2481 3701 a
2535 3649 2718 3701 Boetio
2758 3650 2929 3716 potuit
2961 3652 3270 3716 approbari,
3301 3661 3573 3718 quatenus

1971 3737 2121 3774 mens
2155 3720 2385 3772 humana
2416 3720 2467 3772 in
2507 3722 2650 3771 nnuti
2683 3718 2939 3773 methodo
2961 3735 3175 3787 semper
3205 3737 3233 3773 a
3267 3724 3573 3780 notioribus

1970 3791 2037 3843 ad
2059 3792 2234 3843 minus
2261 3799 2383 3843 nota
2418 3789 2777 3862 progreditur,
2823 3789 2894 3843 ita
2942 3800 2998 3843 ut
3045 3807 3379 3862 quaecunque
3423 3798 3576 3851 notio

1975 3876 2163 3915 recens
2193 3862 2474 3925 habeatur,
2500 3861 2585 3912 illa
2616 3863 2683 3913 sit
2713 3861 2941 3927 alicujus
2959 3861 3308 3931 prrenotionis
3338 3867 3533 3920 modus
3558 3887 3571 3919 :

1973 3932 2420 4006 quemadmodum
2438 3931 2693 4006 quaslibet
2708 3946 2845 4006 n_ova
2861 3932 3118 3999 appetitio
3137 3933 3331 4006 prioris
3358 3950 3577 4006 semper

1974 4000 2056 4057 est
2086 4003 2427 4069 appetitionis
2472 4000 2683 4055 modus.
2738 4001 2804 4055 Et
2839 4005 2987 4056 certe
3037 4017 3158 4056 eum
3190 4004 3446 4067 cogitatio
3480 4000 3577 4062 ‘sit

1976 4074 2091 4143 ipsa
2122 4076 2314 4126 mentis
2352 4074 2599 4126 humana:
2629 4073 2756 4135 vita,
2786 4087 3019 4140 cumque
3060 4088 3213 4127 tuens
3244 4075 3433 4130 eadem
3466 4094 3577 4134 non

1980 4146 2212 4213 potuerit
2235 4144 2410 4199 creari
2442 4143 2543 4197 nisi
2573 4144 2695 4197 vita:
2726 4146 3016 4213 particeps,
3043 4158 3385 4213 consequens
3428 4149 3580 4203 vide-

1979 4228 2066 4270 tur
2113 4224 2347 4270 mentem
2387 4215 2676 4268 humanam
2718 4232 2745 4267 a
2796 4218 2968 4275 primo
2998 4230 3096 4269 suo
3145 4226 3266 4270 ortu
3307 4218 3580 4284 praedictis

1979 4285 2415 4356 cogitationibus,
2432 4288 2669 4353 generati
2695 4286 2900 4340 scilicet
2927 4286 3145 4342 nctione
3171 4296 3225 4342 et
3247 4290 3579 4356 appetitione

1980 4360 2173 4412 summi
2202 4358 2349 4425 boni,
2386 4356 2633 4412 all'ectam
2658 4357 2841 4412 fuisse.

2054 4432 2073 4460 ³
2108 4427 2304 4482 Horum
2350 4426 2770 4497 commemoras.l
2818 4428 2983 4493 Quasi
3027 4428 3207 4492 dicat;
3242 4430 3425 4483 horum
3475 4450 3582 4488 me-

1982 4500 2198 4554 moriam
2217 4516 2583 4553 commemoras
2620 4512 2637 4551 :
2668 4498 2768 4551 hac
2793 4501 2937 4553 enim
2965 4500 3222 4553 duntaxat
3254 4500 3368 4566 lege
3414 4506 3582 4560 verba

1984 4571 2378 4644 recordationis
2398 4569 2768 4644 grammaticis
2794 4572 3045 4644 dicuntur
3067 4572 3339 4644 genitivum
3367 4589 3580 4644 regere.

2057 4644 2077 4674 ³
2102 4642 2332 4697 Mundus
2356 4640 2482 4712 hic.J
2516 4640 2553 4695 I.
2605 4641 2821 4697 Boetius
2863 4641 3045 4709 probat
3087 4642 3345 4697 mundum
3397 4640 3451 4698 a'
3472 4646 3583 4701 Deo

1989 4715 2101 4783 regi
2133 4715 2236 4770 hoc
2262 4722 2605 4784 argumento.
2639 4712 2772 4767 Cum
2797 4716 3189 4768 contrariorum
3236 4724 3328 4767 aut
3378 4717 3580 4783 nullus,

1987 4795 2081 4841 aut
2106 4786 2305 4852 brevis,
2349 4794 2443 4838 aut
2472 4785 2663 4839 saltem
2712 4784 3049 4853 inmquabilis
3091 4800 3209 4840 esse
3236 4785 3429 4841 debeat
3451 4804 3581 4844 eon-

1987 4872 2197 4922 cursus,
2230 4858 2272 4909 si
2298 4856 2529 4910 mundus
2550 4857 2621 4909 sit
2645 4865 2933 4924 perpetuus
2955 4856 3339 4925 aequabilisque
3369 4868 3579 4916 contra-

1986 4929 2187 4982 l‘IOl‘UIII
2210 4940 2528 4993 COIICUI‘SIIS,
2553 4935 2610 4981 ut
2634 4941 2822 4981 revera
2851 4936 2952 4988 est,
2978 4940 3201 4981 necesse
3222 4939 3304 4981 est
3330 4938 3388 4982 ut
3427 4946 3582 4985 ιηιιιι·

1986 4999 2086 5053 dus
2108 5008 2325 5068 regatur
2344 5014 2374 5052 a
2404 4998 2539 5063 Deo,
2562 5013 2593 5051 a
2620 4998 2829 5068 quoilla
2865 4998 3134 5052 contraria
3163 4998 3579 5067 conjungantur,

1989 5071 2276 5140 conjuncta
2313 5070 2722 5133 contineantur,
2774 5078 3133 5139 contentaque
3170 5068 3282 5122 suis
3329 5074 3583 5141 quaelibet

1991 5141 2183 5197 olflciis
2208 5141 2495 5195 donentur.
3605 5178 3615 5208 τ

2054 5211 2078 5242 ⁸
2101 5213 2289 5265 Nonne
2313 5213 2365 5265 in
2388 5211 2724 5283 beatitudine.
2756 5208 2775 5281 ]
2806 5210 2868 5266 II.
2895 5210 3240 5283 PhiIOSOpltia
3265 5222 3420 5268 utens
3452 5231 3584 5283 pra)-

1986 5284 2203 5336 notione
2228 5282 2399 5336 Boetii
2425 5284 2597 5351 ipsum
2640 5284 2881 5336 Boetium
2934 5282 3129 5345 docet,
3163 5282 3587 5341 bonitatem’essc

1982 5354 2135 5406 veluti
2148 5355 2347 5405 clarum
2360 5366 2513 5421 atque
2530 5353 2931 5422 gubernaculum
2953 5371 3050 5421 quo
3068 5358 3329 5408 mundana
3346 5356 3588 5410 machina

1985 5433 2242 5493 regatur:
2278 5424 2356 5478 sic
2384 5434 2562 5478 autem
2596 5423 2809 5478 videtur
2839 5426 3223 5489 argumentari.
3269 5426 3402 5481 Cum
3433 5442 3585 5480 suni-

1986 5492 2132 5550 mum
2176 5497 2400 5563 bonum,
2444 5504 2628 5565 utpote
2650 5495 2749 5549 sibi
2772 5492 3068 5559 sufficiens,
3101 5496 3279 5550 alieno
3328 5499 3587 5565 prmsdto

1990 5582 2095 5621 non
2134 5566 2372 5636 indigeat
2410 5566 2483 5638 ad
2512 5566 2709 5635 aliqttid
2757 5567 3120 5630 moliendum,
3174 5583 3405 5638 cumqui:
3446 5569 3586 5625 Deus

1988 5638 2060 5692 sit
2090 5652 2357 5691 summum
2407 5637 2627 5710 bonum,
2654 5638 2794 5691 Deus
2815 5638 3004 5710 aliena:
3029 5640 3146 5705 opis
3194 5654 3300 5693 non
3321 5637 3327 5638 ⁷
3350 5640 3584 5710 indigus,

1988 5725 2083 5779 per
2109 5724 2166 5762 se
2188 5710 2359 5763 solum
2386 5708 2626 5778 adeoque
2657 5724 2749 5776 per
2772 5723 2923 5762 suam
2964 5708 3257 5765 bonitatem
3296 5708 3589 5766 faciat'ne-

1987 5796 2139 5834 eessc
2160 5791 2265 5845 est,
2298 5781 2439 5848 quod
2466 5781 2532 5833 ab
2565 5781 2680 5849 ipso
2712 5782 2787 5833 lit.
2820 5780 2876 5835 Si
2908 5795 3037 5850 ergo
3057 5784 3284 5836 tnundus
3310 5799 3339 5835 a
3360 5785 3469 5839 Deo
3498 5798 3589 5837 rc-

1987 5861 2163 5921 gatur,
2192 5863 2250 5905 ut
2276 5853 2393 5921 regi
2418 5852 2623 5920 lateris,
2654 5851 2885 5907 mundus
2937 5854 3120 5907 divina
3158 5852 3396 5909 bonitate
3433 5868 3589 5925 rega—

1990 5931 2076 5979 tur
2104 5937 2326 5979 necesse
2351 5931 2452 5978 εει.

3071 6039 3149 6099 25
