3984 6382
214 384 307 443 781
1108 380 1197 436 DE
1238 378 1764 436 CONSOLATIOSE
1803 373 2297 432 PHILOSOI’IIIE.
2344 374 2451 433 LIB
2480 371 2578 467 111.

3406 368 3509 423 78?.

214 512 486 558 summum
517 498 716 554 bonum
748 508 867 552 esse
897 494 1136 560 dicebas,
1159 509 1318 563 quam
1366 494 1417 547 in
1463 505 1674 548 summo
1703 493 1813 547 Deo
1843 494 1898 553 Α
1924 491 2215 561 loquimur,
2250 491 2415 546 rebus
2438 498 2687 559 oportere
2714 487 2827 558 (iO)
2860 499 2981 543 esse
3029 496 3329 541 sermones.

212 597 370 651 sitam
403 592 697 664 loquebare
726 607 739 645 :
770 590 943 661 ipsum
964 602 1178 659 quoque
1200 588 1365 643 Deum
1386 602 1657 642 summum
1694 601 1818 641 esse

211 694 435 757 bonum,
471 690 799 762 plenamque
826 684 1211 742 beatitudinem
1236 680 1584 738 disserebas:
1616 696 1681 737 ex
1712 695 1821 751 quo

216 786 501 842 neminem
551 784 771 839 beatum
823 780 960 847 lore,
993 778 1096 836 nisi
1127 780 1218 848 qui
1246 777 1450 848 pariter
1475 776 1615 831 Deus
1654 782 1829 843 esset,

209 877 371 950 quasi
418 875 796 932 munusculum
835 872 1020 929 dabas.
1074 869 1284 926 Rursus
1324 870 1495 940 ipsam
1548 868 1675 924 boni
1709 868 1820 923 lor-

207 988 376 1040 mam,
408 971 503 1027 Dei
555 984 619 1025 ac
647 966 989 1023 beatitudinis
1010 962 1128 1035 (15)
1169 963 1477 1032 loquebaris
1524 976 1648 1018 esse
1690 960 1826 1015 sub'

207 1066 461 1121 stantiam
492 1061 815 1132 :ipsumque
840 1073 1006 1113 unum
1040 1057 1093 1113 id
1121 1056 1298 1126 ipsum
1327 1071 1449 1112 esse
1495 1054 1699 1111 bonum
1732 1053 1822 1109 di-

207 1155 397 1220 cebas,
429 1153 574 1223 quod
594 1151 664 1207 ab
690 1151 835 1207 omni
861 1166 1042 1205 rerum
1066 1159 1258 1205 natura
1285 1158 1562 1221 peteretur
1590 1167 1603 1204 :
1638 1149 1813 1204 Deum

213 1261 430 1319 quoque
458 1244 716 1301 bonitatis
752 1241 1128 1313 gubernaculis
1174 1240 1584 1297 universitatem
1628 1255 1819 1309 regere

209 1340 549 1412 disputabas,
598 1337 941 1408 volentiaque
984 1344 1176 1392 cuncta
1206 1344 1232 1371 ⁸
1256 1349 1469 1403 parere.
1504 1349 1604 1391 nec
1645 1333 1814 1388 ullam

214 1434 341 1491 mali
390 1448 514 1489 esse
563 1438 811 1486 naturam
852 1446 865 1482 :
906 1435 1067 1497 atque
1112 1427 1229 1482 hate
1266 1426 1429 1481 nullis
1473 1425 1817 1482 extrinsecus

212 1526 464 1597 sumptis,
490 1523 583 1580 sed
597 1524 769 1579 altero
797 1520 825 1560 δ
844 1536 911 1577 ex
936 1520 1111 1576 altero
1132 1519 1291 1576 ﬁdem
1320 1520 1592 1581 trahente.
1617 1517 1816 1583 insitis,

214 1618 637 1689 domesticisque
680 1614 1087 1685 probationibus
1112 1613 1276 1686 25.9
1304 1614 1635 1683 explicabas.
1680 1612 1819 1667 Tum

221 1714 335 1780 illa,
363 1710 601 1774 Minime,
632 1708 829 1777 inquit,
861 1706 1126 1772 ludimus;
1164 1720 1388 1775 remque
1418 1704 1661 1759 omnium
1706 1718 1821 1758 ma-

222 1805 418 1860 ximam
449 1801 544 1857 Dei
593 1814 839 1865 munere,
892 1812 1053 1868 quem
1105 1796 1305 1851 dudum
1361 1795 1817 1866 deprecabamur,

219 1895 518 1965 exeﬁmus.
548 1891 625 1947 Ea
652 1900 737 1949 est
757 1890 903 1947 enim
932 1888 1131 1946 divinae
1163 1887 1338 1944 forma
1382 1888 1721 1953 substantiae,
1766 1896 1826 1943 ut
1852 1874 1905 1938 B

206 2000 395 2056 neque
422 1984 477 2041 in
506 1992 732 2040 externa
772 1981 1064 2044 dilabatur,
1119 1994 1221 2035 nec
1248 1977 1303 2035 in
1326 1993 1387 2036 se
1414 1987 1695 2035 externum
1724 1980 1824 2034 ali—

210 2077 344 2149 quid
364 2079 479 2147 ipsa
507 2076 809 2145 suscipiat;
843 2073 960 2138 sed,
987 2074 1131 2129 sicut
1156 2072 1226 2127 de
1260 2086 1323 2127 ea
1354 2072 1709 2127 Parmenides
1743 2072 1821 2141 (5)

214 2170 289 2224 ait
321 2186 335 2223 ε
387 2171 403 2200 ¹
437 2168 685 2224 [lanceas
742 2176 767 2205 ε
795 2166 1035 2221 εὐκύκλου
1084 2167 1303 2240 σφαίρας
1338 2165 1611 2239 ἐναλίγκιον
1665 2161 1821 2238 ὄγκῳ,

215 2276 407 2321 rerum
450 2259 641 2316 orbem
689 2257 947 2316 mobilem
996 2264 1161 2325 rotat,
1200 2254 1329 2313 dum
1381 2270 1443 2313 se
1492 2256 1823 2312 immobilem

216 2354 332 2424 ipsa
360 2362 675 2410 conservat.
704 2351 864 2418 Quod
908 2351 955 2407 si
1001 2350 1247 2407 rationes
1292 2362 1510 2419 quoque
1540 2364 1646 2404 non
1668 2358 1825 2403 extra

217 2447 446 2519 petitas,
472 2445 571 2501 sed
601 2446 740 2501 intra
784 2445 887 2510 rei,
938 2458 1098 2517 quam
1146 2442 1532 2513 tractabamus,
1564 2442 1824 2498 ambitum

221 2540 519 2594 collocatas
545 2536 885 2609 agitavimus,
917 2535 1050 2591 nihil
1075 2545 1160 2591 est
1201 2535 1349 2605 quod
1381 2534 1671 2602 admirere,
1704 2552 1825 2592 cum

238 2633 459 2688 Platone
503 2628 532 2667 ά
580 2631 857 2686 sanciente
886 2629 1159 2696 didiceris,
1197 2636 1479 2699 cognatos,
1509 2628 1580 2685 de
1630 2630 1826 2699 quibus

2290 586 2451 658 25o
2490 584 2781 641 uernum
2817 586 2829 600 ·
2861 582 2977 638 xu.

1929 680 2318 733 Ancustsurust.
2342 708 2412 716 —
2440 677 2608 747 Quam
2628 677 2849 747 primum
2882 674 3034 729 habes
3060 672 3246 747 summi
3276 672 3403 747 boni
3426 686 3519 747 no-

1998 749 2160 803 titiam
2192 749 2337 818 felix,
2362 742 2523 818 inquit
2555 742 2913 816 PhilosOphia,
2938 747 3070 799 hanc
3092 742 3515 818 infelixamittis,

1997 815 2224 887 inspecta
2254 828 2389 872 terra
2413 815 2439 873 ε’
2456 820 2587 873 sicut
2632 815 2886 889 Orpheus,
2935 818 3185 871 conversis
3226 815 3517 889 adinferos

2000 886 2304 957 luminibus,
2336 892 2607 961 conjugem
2634 886 2862 945 carmine
2886 899 3103 959 emptam
3131 886 3369 957 perdidit.

2144 1027 2311 1090 Felix,
2335 1026 2424 1097 qui
2454 1026 2622 1095 potuit
2653 1025 2777 1079 boni

2144 1119 2369 1175 Fontem
2397 1119 2574 1173 visere
2604 1117 2839 1173 lucidum
2867 1134 2882 1171 :

2142 1212 2317 1281 Felix,
2350 1213 2438 1284 qui
2473 1211 2639 1281 potuit
2664 1209 2841 1283 gravis

2147 1306 2331 1361 Terra:
2360 1304 2571 1361 solvere
2592 1304 2825 1359 vincula.

2078 1398 2111 1453 5
2150 1399 2309 1470 251
2341 1396 2623 1463 Quondam
2657 1394 2843 1450 funera
2866 1391 3108 1465 conjugis

2147 1492 2311 1547 Vates
2339 1491 2621 1546 Threicius
2646 1502 2887 1559 gemens,

2145 1586 2434 1653 Postquam
2468 1581 2735 1637 ﬂebilibus
2765 1580 2939 1636 modis

2153 1689 2329 1746 Silvas
2355 1700 2573 1743 currere
2598 1685 2847 1750 mobiles,

2146 1795 2349 1848 Amnes
2374 1799 2519 1846 stare
2538 1795 2812 1859 coegerat,

2042 1900 2109 1955 10
2145 1895 2441 1963 Junxitque
2466 1892 2791 1964 intrepidum
2822 1890 2957 1947 latus

2150 1998 2319 2056 Savis
2342 2011 2503 2053 cerva
2534 1994 2798 2059 leonibus,

2144 2101 2255 2159 Nec
2280 2100 2455 2157 visum
2483 2097 2655 2155 timuit
2678 2097 2832 2167 lepus

2147 2202 2268 2259 iam
2298 2210 2459 2257 cantu
2483 2199 2753 2269 placidum
2781 2211 2997 2261 canem,

2150 2303 2287 2361 Cum
2316 2303 2631 2376 ﬂagrantior
2660 2302 2847 2357 intima

2048 2411 2116 2467 15
2146 2409 2352 2467 Fervor
2382 2407 2616 2478 pectoris
2644 2413 2845 2470 ureret,

2151 2508 2263 2567 Nec
2293 2509 2385 2580 qui
2408 2516 2601 2565 cuncta
2629 2506 2974 2576 subegeram,

2154 2610 2455 2668 Mulcerent
2478 2609 2754 2665 dominum
2777 2607 2946 2671 modi,

1612 2741 2196 2805 INTERPRETATIO.

300 2866 330 2895 ι
362 2856 595 2912 Obedire.

306 2926 337 2967 δ
363 2927 588 2982 Alterum
614 2926 876 2996 probante.

310 3008 340 3038 ο
649 3012 834 3050 numen
870 3006 945 3051 est
990 2996 1157 3051 simile
1185 2994 1310 3049 moli
1340 2995 1563 3068 spiram
1605 2997 1831 3070 undique

312 3086 382 3123 an
421 3086 485 3124 te.

221 3082 485 3127 rotunde.

298 3139 329 3180 ἀ
361 3140 428 3195 In
454 3140 665 3207 Time,
692 3140 778 3195 ubi
807 3153 1109 3203 sermones,
1148 3138 1333 3209 inquit,
1364 3138 1431 3193 iis
1468 3140 1652 3212 rebus,
1700 3158 1833 3212 qua-

222 3230 349 3271 rum
402 3212 572 3267 nuntii
621 3224 675 3285 et
724 3213 1047 3285 interpretes
1087 3220 1255 3278 sunt,
1294 3211 1616 3282 cognatione
1668 3211 1831 3285 atque

222 3286 501 3342 alinitate
524 3283 758 3354 quadam
779 3281 1127 3339 conveniant.

2013 2857 2108 2913 Ille
2137 2865 2221 2911 est
2268 2856 2395 2927 felix
2445 2856 2534 2926 qui
2566 2854 2735 2925 potuit
2786 2855 2957 2909 videre
3004 2856 3191 2924 fontem
3229 2858 3527 2914 laminarum

1943 2930 2083 2994 boni,
2112 2929 2242 2999 felix
2273 2928 2515 2999 itemqui
2543 2927 2711 2999 potuit
2733 2938 2793 2980 se
2818 2928 3075 2999 expedire
3086 2945 3118 2999 a
3141 2927 3335 2998 laqueis
3356 2946 3531 2999 carpo.

1941 3003 2014 3055 ri.
2042 2995 2341 3071 ponderosi.
2377 2995 2517 3073 Olim
2545 2995 2822 3068 Orpheus,
2863 3006 3010 3073 poeta
3039 2995 3314 3073 Thracius,
3346 2995 3535 3073 deﬂens

1942 3070 2160 3145 mortem
2188 3085 2301 3125 suae
2333 3070 2527 3134 uxoris,
2555 3078 2824 3145 postquam
2840 3070 3063 3124 carmine
3089 3072 3221 3124 tristi
3243 3070 3417 3145 coegit
3447 3089 3536 3127 ar-

1944 3144 2091 3198 bores
2123 3152 2286 3215 motas
2313 3156 2544 3215 currere,
2584 3149 2641 3195 et
2677 3140 2895 3215 ﬂumina
2926 3150 3058 3215 stare
3086 3140 3350 3215 intmotaf
3388 3156 3541 3215 post-

1944 3229 2105 3287 quam
2134 3214 2326 3287 eodem
2350 3212 2589 3287 carmine
2609 3227 2757 3287 cerea
2777 3212 3230 3287 sociauitleonibus
3254 3212 3537 3272 diris'latut

1866 3274 1915 3341 C
1944 3274 2101 3344 suum
2133 3283 2475 3357 impavidum,
2508 3298 2668 3356 neque
2687 3282 2833 3353 lepus
2856 3283 3027 3341 metuit
3043 3301 3224 3343 canem
3253 3296 3538 3358 aspectum,

1764 3419 1997 3482 ΝΟΤΔΞ.

295 3541 314 3571 ¹
376 3539 633 3602 narrem»,
660 3532 791 3606 δια]
825 3532 939 3589 Hoc
967 3541 1075 3606 est,
1102 3532 1331 3587 divinum
1356 3547 1541 3606 numen
1574 3542 1648 3588 est
1668 3533 1837 3588 simile

222 3610 373 3686 moli
385 3610 617 3686 sphinge
630 3604 858 3686 undique
885 3604 1157 3686 rotundae;-
1180 3614 1236 3656 ut
1264 3604 1564 3686 sicutmhuic
1594 3606 1831 3686 spherae,

221 3684 307 3739 sic
337 3675 463 3763 Deo
486 3680 621 3763 nihil
645 3675 812 3748 possit
855 3676 978 3731 addi
1000 3676 1086 3731 vel
1126 3675 1357 3742 detrahi,
1391 3676 1558 3732 illtesa
1587 3677 1713 3745 ejus
1743 3692 1839 3730 na-

220 3766 373 3816 tura,
413 3759 471 3806 et
496 3751 637 3806 idea.

298 3829 319 3849 ⁶
352 3822 507 3892 Quod
530 3821 726 3876 dicitur
742 3819 1073 3891 Glyconium.
1100 3816 1327 3892 Carmen
1355 3826 1609 3892 constans
1632 3833 1701 3874 ex
1719 3834 1837 3892 Auno

220 3887 435 3969 genere
462 3908 736 3969 versuum,
768 3887 994 3963 quorum
1032 3887 1260 3961 quilibet
1289 3887 1588 3958 spondeum
1620 3898 1675 3945 et
1701 3888 1837 3945 duos

221 3964 482 4038 dactylos
503 3964 684 4038 ha_be_t.

302 4043 330 4096 i
366 4030 428 4092 et
452 4036 507 4091 2.
526 4034 688 4104 Felix
713 4034 801 4104 qui
822 4032 989 4103 potuit
1017 4031 1140 4104 boni
1157 4032 1346 4104 fontem
1376 4030 1836 4104 visereelucidum.]

222 4113 280 4167 Id
344 4115 452 4174 est,
516 4103 695 4160 Deum.
726 4102 969 4160 Primum
1021 4103 1162 4159 enim
1220 4103 1359 4157 Deus
1406 4111 1488 4157 est
1531 4102 1645 4172 fons
1680 4102 1839 4157 boni:

221 4175 976 4251 quandoquidem_ex_dict_is_
999 4174 1140 4229 Deus
1174 4181 1265 4251 est
1305 4189 1573 4251 summum
1611 4174 1835 4251 bonum.

225 4245 445 4309 Deinde
475 4245 594 4302 iuns
640 4248 730 4302 ille
782 4246 909 4301 boni
944 4245 1105 4311 Deus,
1135 4254 1218 4298 est
1246 4246 1446 4299 lucidus
1491 4246 1609 4300 sive
1659 4246 1837 4300 lumen

226 4326 492 4380 emittens
519 4336 534 4374 :
564 4318 707 4374 Deus
736 4319 877 4373 enim
913 4332 1016 4371 non
1062 4317 1406 4384 cognoscitur
1460 4316 1559 4369 nisi
1610 4316 1835 4378 lumine,

225 4395 380 4472 quod
411 4392 553 4447 Deus
588 4392 703 4472 ipse
722 4388 1270 4472 ementincegnoseenti
1300 4386 1530 4472 dederit.
1557 4385 1839 4472 Postremo

227 4456 363 4541 felix
390 4472 495 4529 est,
522 4456 625 4541 qui
645 4461 861 4541 notione
891 4456 1261 4541 Deiprteditus
1282 4466 1365 4541 est
1388 4472 1403 4511 :
1426 4457 1557 4539 quia.
1578 4461 1724 4512 notio
1751 4456 1839 4513 illa

230 4528 327 4595 'Dei
382 4528 487 4589 aut
525 4528 754 4587 felicitas
783 4542 865 4587 est
912 4528 1017 4585 aut
1045 4532 1233 4585 saltem
1276 4528 1427 4598 origo
1473 4530 1839 4599 cujuscunque

230 4604 607 4693 cogitaticnis,
642 4604 705 4685 oin
736 4616 841 4684 qua
872 4600 1098 4693 felicit'es
1130 4600 1332 4682 versari
1366 4600 1576 4693 possit:
1611 4616 1735 4655 cum
1763 4600 1842 4656 le-

227 4671 417 4737 licitas
441 4674 511 4731 sit
537 4671 790 4743 c0gitatio
813 4673 1006 4727 mentis
1024 4672 1136 4729 Deo
1162 4672 1277 4728 sive
1304 4685 1515 4727 summo
1542 4671 1682 4728 bono
1708 4686 1842 4728 con-

224 4756 453 4808 stanter
468 4745 791 4800 adhaerentis
826 4762 837 4796 ε
869 4743 1007 4798 unde

302 4824 341 4878 5
364 4829 427 4877 et
445 4819 506 4872 4.
541 4815 694 4870 Felix
709 4818 795 4883 qui
818 4816 985 4885 potuit
1004 4814 1172 4884 gravis
1199 4821 1349 4869 terra:
1370 4816 1561 4868 solvere
1587 4810 1839 4884 vincula.]

1941 3534 2094 3590 curio
2125 3540 2404 3604 acceptam
2436 3535 2508 3589 ita
2534 3532 2773 3589 suaviter
2800 3534 3132 3604 impellebat,
3165 3536 3313 3592 illius
3339 3544 3396 3592 ut
3416 3553 3540 3594 can-

1944 3618 2033 3663 tus
2049 3607 2215 3662 silvas
2229 3615 2287 3662 et
2312 3619 2441 3660 saxa
2466 3618 2716 3671 movere;
2736 3604 3016 3661 ﬂuminum
3030 3623 3247 3663 cursum
3272 3609 3544 3675 inhibere;

1940 3676 2194 3747 ferasque
2247 3676 2474 3733 reddere
2522 3676 2768 3731 mitiores
2808 3675 2984 3733 dictus
3020 3677 3201 3747 fuerit.
3256 3679 3543 3739 Euridicen

1942 3745 2131 3803 habuit
2155 3763 2407 3812 uxorem,
2440 3761 2560 3817 quas
2600 3762 2721 3802 cum
2761 3747 3047 3803 Aristaeum
3078 3745 3224 3804 illius
3251 3765 3435 3806 amore
3456 3768 3544 3807 ca-

1943 3830 2094 3891 ptum
2129 3834 2225 3889 per
2244 3820 2363 3873 avia
2394 3817 2625 3891 fugeret,
2659 3819 2925 3891 serpentis
2944 3835 3139 3891 morsu
3170 3825 3295 3874 lassa
3320 3821 3543 3888 interiit,

1940 3888 2085 3959 quod
2113 3891 2343 3944 maritus
2362 3889 2646 3957 nigerrimo
2672 3889 2852 3943 ferens
2874 3890 3077 3946 inferos
3099 3890 3249 3954 adiit,
3280 3892 3543 3947 internos-

1941 3977 2047 4030 que
2077 3970 2335 4032 tyrannos
2371 3974 2477 4032 suo
2519 3959 2760 4014 carmine
2799 3960 2871 4032 ita
2903 3962 3179 4027 demulsit,
3212 3970 3269 4017 ut
3296 3962 3372 4017 illi
3404 3979 3541 4019 uxo-

1943 4047 2057 4087 rem
2102 4030 2466 4097 reddiderint,
2519 4045 2583 4085 ea
2622 4040 2801 4086 tamen
2853 4030 2991 4102 lege,
3044 4041 3105 4088 ut
3132 4032 3381 4103 Orpbeus
3433 4050 3543 4090 non

1944 4105 2094 4174 prius
2145 4105 2447 4159 intueretur
2478 4117 2728 4175 uxorem.
2773 4116 2934 4171 quam
2966 4104 3032 4158 ad
3076 4119 3303 4175 superos
3345 4104 3542 4161 rediis-

1944 4173 2103 4231 sent:
2134 4190 2295 4247 quam
2322 4175 2493 4239 legem
2520 4186 2644 4227 cum
2672 4173 2925 4247 Qrplteus
2953 4175 3124 4247 nimio
3146 4173 3331 4232 amore
3359 4191 3544 4233 corre-

1944 4254 2066 4327 ptt_ts
2097 4244 2207 4301 non
2250 4247 2620 4327 cbrsecvass‘et,
2663 4244 2941 4327 _Euridice_
2973 4245 3169 4301 iterum
3206 4256 3425 4327 .morttta
3476 4250 3541 4303 ad

1944 4316 2149 4372 inferos
2170 4318 2354 4387 rediit.
2382 4316 2506 4371 Haec
2533 4316 2710 4371 tabula
2738 4331 2881 4387 nunc
2894 4318 3169 4387 eleganter
3190 4317 3545 4374 describitur:

1943 4388 2039 4443 sed
2072 4407 2099 4440 a
2132 4386 2361 4458 Virgilio
2383 4390 2532 4460 prius
2549 4388 2818 4460 descripta
2846 4386 3019 4460 fuerat
3039 4403 3090 4443 tv
3108 4388 3332 4460 Georg.,
3355 4406 3408 4445 τ.
3439 4392 3545 4446 454

1943 4467 2000 4513 et
2036 4474 2191 4529 seqq.
2222 4459 2320 4514 ilic
2352 4458 2603 4527 Orpheus
2627 4458 2823 4511 dicitur
2847 4458 2960 4513 suis
2988 4458 3319 4516 carminibus
3348 4462 3546 4518 vicisse

1946 4531 2177 4599 primum
2228 4546 2492 4600 corpora,
2542 4530 2737 4584 deinde
2770 4541 2976 4585 mentes
3012 4546 3027 4582 :
3060 4545 3286 4601 corpora
3327 4533 3544 4600 quidem

1944 4611 2054 4656 tam
2112 4603 2429 4666 inanimata,
2480 4616 2707 4669 quorum
2759 4601 2995 4661 quietem
3030 4611 3201 4667 motu,
3236 4610 3291 4660 et
3341 4614 3546 4660 motum

1944 4673 2127 4747 quiete
2155 4675 2401 4747 mutavit,
2432 4687 2591 4743 quam
2619 4670 2875 4747 animata,
2901 4674 3153 4747 nimirum
3185 4675 3403 4747 bestias,
3429 4678 3546 4747 qui-

1947 4743 2132 4818 busut
2156 4745 2468 4799 crudelibus
2514 4743 3007 4810 mansuetudinem,
3039 4745 3118 4818 sic
3146 4746 3352 4802 timidis
3380 4743 3545 4818 inspi-

1944 4816 2082 4869 ravit
2110 4819 2563 4885 generositatem;
2597 4825 2804 4869 mentes
2827 4822 2957 4870 vero
2983 4817 3239 4875 infernas.

225 4895 286 4951 id
307 4873 422 4948 'th
443 4888 671 4957 corporis
714 4873 945 4940 humani.
981 4873 1217 4939 Pyrimum
1249 4886 1392 4941 enim
1424 4900 1617 4953 corpus
1648 4873 1838 4941 huma:
1865 4873 1922 4935 D
2017 4873 2254 4957 θσξΝεε
2292 4889 2378 4957 qui
2407 4873 2590 4939 cuncta
2619 4886 2940 4957 subegerunt,
2972 4873 3258 4943 mulcerent
3282 4891 3545 4947 dominum

224 4980 367 5021 num
397 4972 536 5015 terra
564 4966 666 5023 est,
697 4962 837 5026 quod
861 4973 927 5011 ex
955 4966 1095 5012 terra
1126 4965 1376 5025 tanquam
1407 4971 1471 5009 ex
1494 4972 1588 5009 sua
1613 4958 1837 5011 materia

224 5038 444 5093 factum
480 5029 657 5095 fuerit,
691 5029 856 5084 Eocli.
890 5044 945 5091 x,
992 5027 1133 5093 Quid
1160 5026 1383 5095 superbit
1410 5035 1545 5079 terra
1583 5037 1633 5081 et
1659 5029 1788 5080 cinis
1816 5030 1840 5081 2’

223 5105 451 5163 Deinde
482 5101 621 5157 idem
645 5114 841 5168 corpus
864 5109 944 5157 est
961 5114 1129 5168 grave,
1144 5098 1285 5168 quod
1307 5112 1407 5153 suo
1432 5098 1666 5166 pondere
1687 5112 1839 5153 men-

222 5189 346 5235 sem
382 5173 449 5228 ad
481 5173 585 5227 ima
614 5167 900 5241 deprimat,
930 5167 1216 5241 Sapientia:
1248 5167 1539 5236 tx,Corpus
1568 5171 1705 5237 quod
1726 5186 1838 5223 cor-

223 5246 531 5324 rumpitur.
567 5238 807 5324 aggravet
848 5238 1097 5324 animum.
1133 5238 1405 5324 Prmterea
1434 5254 1529 5324 sue
1560 5249 1686 5296 sunt
1709 5255 1836 5324 c_o_r—

306 5312 393 5373 ris
422 5314 577 5369 istius
600 5312 835 5378 Vincula,
861 5313 1054 5382 quibus
1079 5320 1309 5366 mentem
1322 5312 1675 5382 constringat,
1699 5312 1839 5369 vide-

248 5392 378 5445 ieet
425 5380 895 5455 perturbationes,
920 5384 986 5437 ad
1016 5383 1243 5437 Roman.
1273 5396 1375 5455 vlt,
1414 5380 1623 5455 Infelix
1661 5384 1835 5448 homo,

223 5460 357 5532 quis
398 5453 478 5511 me
517 5454 747 5532 liberabit
787 5458 850 5509 de
888 5470 1102 5532 corpore
1139 5453 1319 5532 mortis
1358 5454 1511 5532 huius
1533 5453 1565 5532 .9‘
1602 5454 1840 5532 Denique

224 5523 411 5587 nemo
436 5538 561 5582 ante
592 5526 737 5588 felix.
779 5541 939 5595 quant
974 5523 1086 5581 haec
1119 5523 1341 5595 vincula
1372 5525 1595 5578 solverit
1624 5542 1637 5578 :
1670 5525 1840 5595 siqui-

228 5604 371 5658 dem
400 5597 653 5668 praedicta
682 5595 780 5651 Dei
800 5593 1081 5665 cogitatio,
1112 5596 1165 5650 in
1187 5593 1838 5668 quaelelicitasversatur,

228 5673 325 5726 his
618 5667 776 5722 veluti
817 5664 1037 5722 totidem
1075 5665 1360 5722 contrariis
1391 5664 1704 5734 impeditur,
1740 5668 1841 5722 Sa-

190 5804 193 5807 ,
226 5741 468 5816 pientiae
492 5755 584 5795 tx:
613 5736 838 5793 Terrena
862 5737 1162 5794 inhabitatio
1188 5736 1429 5802 deprimit
1448 5750 1655 5792 sensum
1682 5738 1851 5792 multa

228 5821 583 5939 “igniti:
612 5877 924 5949 Threicium]
948 5878 1182 5949 Orpbeus
1222 5876 1419 5933 Thrax.
1455 5878 1553 5934 Hic
1584 5880 1848 5948 Apollinis

229 5966 291 6015 et
313 5954 587 6017 Calliopes
608 5950 768 6016 ﬁlius,
793 5951 969 6017 lyram
990 5965 1019 6003 a
1047 5959 1199 6019 patre
1229 5951 1499 6019 Apolline,
1531 5964 1623 6006 aut
1644 5967 1674 6006 a
1705 5952 1848 6006 Mer-

1942 4956 2132 5030 ntodi.]
2166 4957 2280 5012 Hoc
2307 4956 2390 5011 est
2423 4975 2434 5009 :
2468 4956 2709 5030 carmina
2757 4972 2876 5026 quae
2903 4960 3083 5015 omnia
3135 4961 3392 5030 vicerant,
3434 4979 3545 5020 non
3601 4985 3609 4993 ·

1945 5027 2239 5103 vincebant
2269 5030 2444 5103 ipsum
2486 5027 2758 5103 Orpheum
2805 5029 2995 5103 borum
3026 5032 3325 5103 carminutn
3356 5027 3543 5090 aucto-
3599 5040 3607 5103 ε

1945 5114 2059 5156 rem
2093 5114 2110 5153 :
2144 5100 2258 5155 sive
2300 5102 2422 5169 quia
2468 5099 2640 5171 major
2694 5108 2810 5171 erat
2839 5100 2983 5157 illius
3018 5101 3191 5171 dolor,
3238 5105 3352 5160 sive
3379 5107 3540 5161 etiam

1944 5173 2091 5239 quia,
2118 5164 2488 5293 utiloqttttntttr
2510 5164 2846 5239 philosophi:
2874 5173 2947 5225 Ab
2973 5164 3189 5229 assuetis
3212 5191 3314 5230 non
3339 5176 3398 5245 ﬁt
3421 5194 3544 5245 pas-

1944 5244 2044 5293 sio.
2082 5243 2173 5293 Sct
2200 5242 2305 5293 icet
2330 5242 2538 5293 nullum
2572 5255 2770 5293 cornus
2815 5244 3097 5293 sentimus.
3128 5245 3229 5293 nisi
3279 5255 3542 5293 ηιιςιιρηιις

1942 5244 2044 5317 eia.
2082 5241 2305 5297 Scilicet
2330 5242 2770 5317 nullum_corpus
2815 5244 3098 5317 sentimus,
3128 5245 3230 5301 nisi
3279 5241 3542 5317 quatenus

1948 5312 2073 5378 hoc,
2100 5311 2848 5387 organum_sensilerum,_vel
2881 5317 3056 5384 potius
3083 5311 3340 5387 quasdam
3384 5317 3543 5386 hujus

1946 5386 2132 5457 organi
2166 5384 2454 5457 particulas
2490 5391 2688 5457 movet.
2724 5382 2958 5457 Corpora
2987 5382 3187 5455 autem,
3222 5402 3339 5457 quae
3367 5382 3543 5444 rarius

1949 5455 2131 5527 sensui
2154 5454 2503 5525 objiciuntur,
2524 5454 2668 5525 hanc
2694 5455 2953 5523 praedicto
2972 5454 3181 5527 organo
3192 5454 3541 5515 mutationem

1950 5524 2150 5581 inferre
2197 5535 2421 5595 possunt
2452 5545 2462 5577 :
2498 5541 2615 5597 quae
2659 5540 2788 5580 vero
2828 5529 3007 5582 sensui
3042 5524 3179 5583 'sunt
3208 5530 3396 5597 obvia,
3430 5531 3545 5587 haec

1949 5601 2137 5666 organi
2164 5598 2405 5667 ejusdem
2438 5596 2729 5668 particulas
2756 5612 2784 5649 a
2812 5599 2986 5668 primo
3002 5613 3290 5664 concursu,
3314 5616 3379 5655 eo
3398 5606 3545 5658 omni

1953 5684 2059 5733 quo
2080 5678 2392 5738 potuerunt,
2425 5666 2587 5722 modo
2608 5668 2676 5721 ita
2706 5666 3003 5729 mutavere.
3037 5679 3095 5724 ut
3121 5676 3264 5725 solas
3289 5673 3545 5729 resisten-

1952 5750 2055 5813 tes.
2083 5755 2452 5813 quarum‘ope
2479 5743 3126 5813 nequaquam‘sentimus,
3152 5743 3440 5813 particulas
3465 5762 3544 5805 re-

1954 5811 2211 5879 liquerint
2245 5829 2256 5862 :
2285 5811 2409 5865 hinc
2440 5812 2677 5864 nativum
2701 5811 2882 5865 cordis
2934 5813 3104 5867 nostri
3154 5811 3414 5879 calorem,
3449 5831 3543 5872 ηο-

1950 5884 2153 5950 strique
2178 5883 2443 5956 corporis,
2461 5882 2569 5936 imo
2590 5891 2643 5935 et
2664 5883 2828 5937 vestis
2845 5892 3120 5939 consuetae
3143 5882 3351 5956 pondus
3371 5899 3543 5946 sensu

1950 5968 2055 6008 non
2088 5954 2429 6022 percipimus.
