3984 6382
299 317 391 374 ῖ8ὅ
1186 314 1271 370 οε
1313 313 1835 370 CONSOLATIONE
1879 312 2362 369 PHILOSOPHM’.
2404 312 2531 368 LIB.
2570 311 2655 367 IV.
3473 309 3576 365 786

501 426 773 483 Donamus
803 427 1055 483 comitem
1084 427 1195 480 vim
1908 434 1958 490 Α
2183 426 2367 489 ‘\‘idit,
2396 428 2646 496 perdidit,
2677 429 2890 482 occidit.

504 520 751 589 Emptum
774 519 1017 573 carmine
1044 518 1328 588 confugem
1365 536 1377 571 :
2203 519 2309 573 Vos
2337 520 2452 573 hinc
2473 519 2650 573 fabula
2680 521 2915 590 respicit,

498 612 604 667 Sed
639 613 721 666 lex
746 612 884 666 dona
912 623 1181 676 coerceat,
2198 612 2513 681 Quicunque
2546 614 2599 666 in
2629 628 2886 683 superum
2913 613 3058 669 diem

387 706 460 762 45
496 706 593 773 Ne,
625 705 753 760 dum
786 706 1009 759 Tartara
1033 705 1269 775 liquerit,
2198 704 2426 760 Mentem
2450 704 2645 759 ducere
2675 705 2934 773 quteritis.

500 797 605 854 Fas
636 798 707 851 sit
735 797 933 851 lumina
962 796 1198 853 ﬂectere.
2092 798 2162 853 55
2198 798 2330 855 Nam
2361 798 2451 868 qui
2481 806 2772 853 tartaream
2805 798 2859 851 in
2891 812 3083 867 specus

496 888 630 957 Quis
661 888 833 959 legem
856 888 947 943 det
976 888 1329 944 amantibus?
2211 891 2392 946 Victus
2422 890 2621 944 Iumina
2647 890 2880 953 ﬂexerit,

494 982 662 1052 Major
689 981 775 1036 lex
806 996 958 1037 amor
982 992 1065 1036 est
1094 982 1214 1037 sibi.
2197 981 2467 1052 Quidquid
2492 982 2816 1050 praecipuum
2842 978 3023 1045 trahit,

498 1073 642 1129 Heu!
675 1074 846 1129 noctis
878 1088 1043 1144 prope
1078 1075 1333 1132 terminos
2202 1078 2406 1141 Perdit,
2433 1077 2559 1133 dum
2589 1074 2734 1130 videt
2762 1073 2983 1131 inferos.

386 1168 460 1225 50
496 1165 741 1237 Orpheus
772 1167 1058 1224 Euridicen
1082 1184 1232 1225 suam

1628 1302 2218 1360 INTEHPRETA'I‘IO.

274 1424 473 1491 uertere
491 1418 684 1491 oculos,
709 1429 979 1489 postquam
1003 1436 1232 1489 egressus
1256 1421 1410 1490 fuerit
1430 1433 1494 1473 ex
1522 1421 1721 1491 inferis.
1752 1419 1881 1485 Quis

274 1488 507 1563 imponat
545 1489 703 1563 legem
746 1488 1265 1563 amantibuslamor
1294 1492 1408 1563 ipse
1454 1488 1671 1563 sibii'est
1711 1494 1880 1563 major

278 1556 380 1613 les.
416 1556 538 1632 Heu
553 1560 573 1612 .’
594 1556 701 1615 non
730 1563 913 1632 procul
937 1579 967 1615 a
993 1562 1176 1626 ﬁnibus
1199 1556 1496 1615 umbrarum
1522 1562 1765 1631 Orpheus
1788 1556 1875 1614 itis:

279 1630 496 1695 respexit
520 1647 669 1685 suam
710 1630 936 1689 uxorem
986 1632 1291 1698 Euridicen,
1344 1649 1459 1686 cum
1509 1630 1652 1686 illam
1699 1633 1872 1686 amisit

283 1702 597 1759 exstinctam.
634 1702 763 1758 Harc
789 1703 967 1773 fabula
998 1713 1190 1776 spectat
1232 1720 1341 1765 vos,
1383 1704 1674 1775 quicunque
1716 1703 1869 1758 uultis

1987 1419 2222 1474 attollere
2252 1418 2480 1472 animum
2501 1416 2567 1469 ad
2600 1418 2764 1472 Deum
2795 1430 3089 1484 supremum
3118 1412 3287 1467 lumen
3320 1425 3336 1464 :
3365 1411 3578 1481 quicum

1983 1508 2083 1562 que
2103 1492 2236 1543 enim
2268 1491 2512 1557 fatiscens
2534 1489 2839 1562 converterit
2864 1486 3037 1562 oculos
3064 1485 3131 1536 ad
3160 1484 3384 1562 infernas
3408 1485 3579 1562 fever:

1983 1550 2099 1625 uas,
2147 1563 2229 1614 hic
2259 1550 2382 1613 dum
2425 1560 2631 1630 respicit
2676 1560 2788 1612 loca
2822 1559 3049 1626 inferna,
3097 1556 3284 1609 amittit
3331 1550 3580 1621 quidquid

1983 1634 2131 1688 habet
2161 1633 2477 1702 pra'cipuum
2508 1630 2865 1702 cogitationis.

1814 1840 2049 1898 NOTAE.

346 1968 437 2023 ιι.
470 1965 574 2022 Lex
602 1969 738 2020 dona
760 1962 1031 2035 coerceat]
1064 1963 1318 2033 Princeps
1362 1963 1707 2020 tenebrarum
1735 1960 1869 2015 nihil
1906 1963 1949 2023 Β
1980 1962 2262 2035 propterea
2319 1949 2597 2035 ardentius
2649 1963 2803 2035 mens
2849 1938 3093 2035 adlueret
3108 1942 3576 2035 in

278 2038 573 2106 voluptatis
602 2036 870 2099 concedit,
907 2036 1013 2090 nisi
1053 2036 1152 2090 sub
1181 2035 1616 2106 conditionibus,
1634 2049 1755 2106 qua:
1784 2041 1875 2086 aut

272 2126 383 2164 non
415 2104 660 2179 possunt,
710 2117 802 2162 aut
842 2123 945 2161 non
986 2107 1184 2161 debent
1212 2108 1443 2179 impleri.
1485 2105 1573 2161 Sic
1602 2104 1790 2160 Matth.
1822 2120 1872 2157 tv

268 2176 489 2235 Christo
511 2181 734 2233 ostendit
762 2180 934 2233 omnia
955 2194 1113 2245 regna
1137 2176 1315 2231 mundi
1346 2186 1390 2231 et
1422 2179 1643 2249 gloriam
1670 2192 1871 2240 eorum,

266 2260 316 2307 et
358 2251 493 2305 dixit
522 2268 539 2304 :
565 2250 691 2305 Haec
735 2251 912 2305 omnia
939 2250 1029 2304 tibi
1074 2250 1232 2313 dabo,
1273 2251 1316 2303 si
1360 2247 1546 2302 cadens
1575 2247 1873 2302 adoraveris

271 2340 375 2377 tne.

342 2393 432 2447 52.
465 2392 566 2447 Vos
596 2394 703 2447 [uec
735 2392 914 2461 fabula
941 2391 1193 2463 respicit.]
1224 2391 1426 2446 Fabula
1449 2400 1533 2445 est
1561 2389 1865 2459 exemplum

271 2465 459 2520 ﬁctum
491 2465 556 2517 ad
591 2463 1017 2534 persuadendam
1060 2466 1337 2517 veritatem
1371 2482 1383 2517 :
1413 2470 1720 2534 propterea,
1770 2476 1865 2515 au-

270 2546 421 2591 ctore
451 2532 717 2599 Varrbne,
763 2537 1029 2605 theologia
1057 2534 1309 2603 antiquis,
1337 2534 1439 2587 alia
1471 2542 1587 2587 erat
1622 2532 1860 2605 physica,

272 2608 367 2661 alia
398 2606 636 2661 fabulosa
670 2625 682 2660 2
716 2607 801 2660 illa
836 2603 1194 2671 naturalibus,
1237 2606 1351 2659 haec
1379 2604 1761 2658 commentitiis
1787 2603 1865 2657 ef-

268 2677 451 2750 fectis,
475 2680 617 2750 quod
647 2678 715 2734 de
744 2679 847 2732 diis
876 2676 1203 2750 credendum
1237 2676 1536 2737 videbatur,
1570 2674 1863 2750 persuade-

267 2748 383 2803 bat.
414 2745 669 2803 Nimirum
701 2758 899 2816 quanto
930 2748 1212 2803 obscurior
1241 2754 1297 2801 et
1334 2750 1558 2801 inventu
1588 2745 1863 2800 dilticilior

270 2820 472 2875 veritas
499 2821 582 2875 his
607 2820 799 2884 velata,
828 2829 976 2874 tanto
1000 2818 1166 2889 magis
1184 2820 1396 2874 inventa
1423 2820 1613 2888 placet,
1640 2817 1866 2887 huicquc

1979 2014 2133 2080 sacro
2148 2032 2293 2076 textu
2318 2021 2621 2089 frequentes
2638 2030 2764 2075 sunt
2786 2018 3044 2086 parabole:
3070 2014 3308 2085 apol'ogis
3332 2014 3539 2067 similes
3563 2031 3573 2066 :

1980 2096 2105 2149 hinc
2134 2094 2385 2148 lloratius
2417 2096 2452 2146 Ι.
2485 2109 2499 2144 t
2534 2092 2738 2163 Satyr.,
2772 2101 2874 2145 sat.
2907 2090 2929 2143 l
2966 2104 2980 2140 ε

2105 2230 2337 2279 Tantalus
2360 2241 2385 2276 a
2413 2228 2563 2277 labris
2596 2228 2771 2277 sitiens
2789 2228 3024 2287 fugientia
3050 2234 3205 2288 captat

2107 2292 2346 2341 Flumina.
2374 2290 2501 2348 Quid
2527 2290 2692 2339 rides?
2718 2294 2900 2338 inutalo
2925 2293 3122 2337 nomine
3148 2292 3211 2336 de
3232 2297 3282 2337 te

2106 2354 2288 2403 Fabula
2314 2359 2535 2401 narratur
2563 2367 2574 2403 :
2596 2355 2846 2412 congestis
2866 2354 3084 2413 undique
3116 2354 3273 2399 saccis

2107 2416 2340 2465 lndormis
2364 2416 2569 2470 inhians,
2597 2422 2649 2463 ct
2674 2420 2899 2476 tanquam
2925 2426 3127 2474 parcere
3154 2416 3303 2476 sacris

2096 2478 2323 2540 Cogeris,
2352 2484 2435 2525 aut
2456 2477 2599 2537 pictis
2615 2474 2843 2538 tanquam
2869 2476 3091 2537 gaudere
3113 2474 3323 2525 tabellis.

1972 2608 2041 2664 Ut
2062 2622 2190 2678 ergo
2220 2607 2486 2675 Orpheus,
2520 2606 2644 2660 dum
2682 2596 2881 2678 inleros
2911 2607 3149 2676 respicit,
3185 2606 3358 2678 perdit
3386 2604 3572 2672 conju-

1970 2694 2112 2750 gem,
2133 2677 2248 2747 "qua
2272 2688 2451 2747 empta
2480 2678 2761 2750 videbatur
2792 2677 2913 2731 felix
2943 2696 2957 2741 ;
2999 2680 3078 2733 sic
3106 2677 3363 2750 prmcip'tti
3392 2690 3570 2750 rerum

1971 2748 2297 2807 caducarum
2320 2749 2672 2818 cogitatione.
2690 2750 2805 2817 ipsa
2828 2751 3023 2803 summi
3053 2749 3177 2802 boni
3209 2748 3462 2817 cogitatio
3484 2754 3575 2798 aut

1972 2822 2353 2893 exstinguitur,
2388 2832 2479 2874 aut
2508 2822 2790 2874 exstinctae
2828 2821 3023 2875 similis
3052 2821 3389 2874 obscuratur.

1376 3056 1757 3158 LIBER
1814 3055 2469 3182 QUARTUS.

717 3220 879 3292 256
921 3218 1141 3275 pansa
1174 3218 1415 3277 PRIMA.

258 3315 659 3369 Anacueurtm.
692 3344 758 3353 —
786 3312 1021 3367 Boetium
1059 3316 1351 3378 mirantem,
1398 3314 1537 3385 quod
1571 3312 1677 3366 Deo
1706 3331 1859 3367 mun-

334 3387 458 3437 dum
488 3394 689 3453 regente
720 3400 820 3438 nou
848 3387 1012 3439 soluat
1047 3388 1183 3439 mala
1211 3388 1312 3439 sint
1359 3394 1407 3440 et
1448 3385 1725 3452 impunita,
1773 3388 1861 3439 sed

335 3458 493 3508 uirtus
515 3466 564 3509 et
588 3457 812 3525 praemiis
831 3466 1021 3519 careat,
1045 3468 1093 3509 et
1117 3458 1484 3511 sceleratorum
1513 3457 1725 3525 pedibus
1742 3458 1860 3510 sub-

323 3532 468 3600 jecta
487 3529 731 3600 calcetur,
762 3527 904 3580 docet
942 3526 1303 3600 PhilosOphia,
1337 3543 1431 3583 uec
1458 3528 1581 3582 vitia
1614 3528 1722 3582 sine
1748 3545 1855 3600 pa:-

337 3600 440 3661 uis,
472 3614 565 3650 uec
590 3599 827 3651 virtutem
854 3600 965 3653 sine
990 3599 1200 3669 prwmio
1221 3615 1347 3656 esse.

333 3690 462 3744 Haec
491 3704 614 3744 curn
665 3689 1027 3760 Philosophia,
1066 3692 1081 3723 ⁸
1112 3690 1372 3761 dignitate
1418 3692 1617 3757 vultus,
1668 3699 1723 3746 et
1748 3694 1862 3747 oris

256 3782 527 3854 gravitate
558 3791 791 3845 servata,
824 3785 1016 3839 leuiter
1043 3782 1384 3853 suaviterque
1408 3783 1713 3847 cecinisset,
1749 3792 1857 3836 tum

256 3887 382 3940 ego,
414 3873 651 3927 nondum
681 3882 705 3910 ι
732 3874 946 3940 penitus
973 3874 1117 3929 insiti
1148 3874 1400 3928 maeroris
1425 3872 1651 3937 oblitus,
1686 3873 1862 3927 inten-

255 3968 463 4024 lionem
492 3964 669 4021 dicere
697 3965 869 4019 adhuc
892 3965 1092 4037 alii]uid
1121 3965 1359 4035 ρθνθηιίε
1387 3962 1415 4003 δ
1445 3964 1657 4032 abrupi'
1687 3964 1856 4036 257

257 4059 336 4117 Et
364 4074 420 4125 o,
474 4059 712 4129 inquam,
746 4060 766 4090 ’
798 4059 908 4114 veri
942 4059 1134 4129 praevia
1176 4058 1391 4113 luminis
1424 4068 1472 4121 ι’.
1528 4071 1648 4127 quae
1680 4070 1849 4127 usque

256 4154 437 4210 adhuc
484 4164 569 4210 tua
620 4153 754 4209 fudit
796 4154 998 4219 oratio,
1040 4150 1067 4189 ά
1111 4166 1232 4208 cum
1296 4152 1379 4208 sui
1426 4151 1447 4183 ³
1487 4150 1857 4221 speculatione

1896 3220 1944 3284 C
1974 3221 2175 3285 divina,
2208 3232 2319 3277 tum
2350 3224 2454 3277 tuis
2487 3221 2781 3277 rationibus
2814 3222 3019 3277 invicta
3052 3232 3370 3292 patuerunt;
3401 3236 3576 3293 eaque

1973 3314 2125 3379 mihi,
2156 3322 2210 3368 et
2236 3315 2279 3369 si
2311 3315 2381 3369 ob
2412 3315 2623 3384 injuriae
2651 3314 2892 3369 dolorem
2924 3329 3096 3385 nuper
3124 3314 3314 3379 oblita,
3345 3329 3449 3370 non
3489 3326 3569 3369 ta-

1972 3422 2093 3462 men
2139 3406 2369 3463 antehac
2422 3422 2641 3476 prorsus
2689 3410 2932 3478 ignorata
2962 3408 3166 3463 dixisti.
3204 3408 3308 3464 Sed
3345 3424 3407 3463 ea
3452 3410 3571 3477 ipsa

1968 3507 2053 3551 est
2081 3497 2164 3551 vel
2196 3500 2425 3551 maxima
2453 3496 2476 3529 ‘
2501 3497 2673 3552 nostri
2696 3496 2775 3567 (5)
2792 3512 2954 3552 causa
2988 3499 3259 3565 maeroris,
3283 3499 3423 3569 quod
3447 3514 3570 3554 cum

1969 3606 2148 3646 rerum
2199 3591 2371 3647 bonus
2402 3601 2581 3647 rector
2628 3593 2845 3657 existat,
2879 3591 2962 3647 vel
3008 3607 3129 3647 esse
3159 3593 3379 3648 omnino
3426 3593 3566 3647 mala

1968 3688 2194 3755 possint,
2222 3687 2305 3741 vel
2336 3688 2595 3755 impunita
2620 3696 2963 3756 praetereant.
2988 3686 3139 3753 Quod
3174 3689 3348 3744 solum
3371 3700 3572 3759 quanta

1968 3779 2185 3848 dignum
2211 3780 2281 3833 sit
2310 3779 2687 3843 admiratione,
2712 3779 2956 3846 profecto
2981 3782 3317 3836 consideras.
3349 3782 3417 3836 At
3445 3782 3571 3836 huic

1966 3871 2108 3925 aliud
2143 3872 2318 3939 majus
2362 3871 2667 3941 adjungitur
2701 3889 2714 3926 :
2746 3886 2866 3925 nam
2898 3872 3200 3943 imperante
3228 3872 3561 3943 ﬂoreuteque

1966 3966 2220 4035 nequitia,
2271 3967 2441 4020 virtus
2490 3980 2596 4020 non
2646 3966 2819 4019 solum
2867 3966 3104 4037 praemiis
3150 3974 3316 4032 caret,
3378 3981 3566 4022 verum

1963 4058 2125 4112 etiam
2172 4056 2560 4111 sceleratorum
2593 4056 2818 4126 pedibus
2874 4056 3113 4126 subjecta
3141 4057 3397 4121 calcatur,
3425 4066 3481 4111 et
3510 4058 3562 4111 in

1963 4150 2139 4205 locum
2189 4148 2304 4217 (10)
2348 4148 2642 4203 facinorum
2688 4146 2945 4229 supplicia
2981 4148 3095 4205 lttit.
3139 4148 3269 4216 Quae
3309 4148 3421 4203 fieri
3462 4149 3480 4179 ⁵
3514 4151 3566 4206 in

1617 4286 2199 4344 INTERPRETATIO.

333 4412 357 4437 δι
392 4398 641 4456 Interius.

334 4471 365 4512 δ
393 4472 421 4526 Ι
428 4472 744 4545 uterpellavi.

2044 4412 2065 4436 τε
2093 4400 2459 4471 Philos0phia.

2044 4471 2067 4506 ιι
2098 4470 2163 4524 Et
2195 4470 2337 4526 clara
2365 4483 2410 4525 et
2436 4482 2596 4529 certa.

1792 4628 2022 4687 ΝΟΤᾹΞ.

320 4751 355 4827 *f
394 4747 659 4827 Dignitate
703 4750 955 4827 millia-sl
1001 4747 1104 4827 oris
1150 4746 1399 4827 gravitate
1446 4744 1692 4817 servata.]
1719 4744 1853 4827 Cum
1886 4748 1941 4810 D
1970 4747 2055 4801 hic
2084 4748 2535 4827 appellariillud,
2576 4766 2683 4827 quo
2722 4766 3122 4827 mens_sperat,
3181 4759 3352 4824 ruptis
3399 4759 3569 4827 ipsiu‘

260 4824 406 4878 enim
438 4817 600 4874 homo
619 4832 744 4874 suas
760 4817 1544 4888 signiiicaturus'cogitationes,
1561 4833 1667 4873 non
1698 4819 1859 4873 modo

261 4893 468 4963 lingua,
502 4892 595 4963 sed
626 4887 1025 4963 etiam_’oculis,
1059 4887 1257 4951 fronte,
1284 4898 1446 4963 nutu,
1476 4899 1861 4963 gestu,_catte-

258 4958 447 5033 risque
471 4961 734 5033 ejusmodi
756 4961 848 5033 sic
876 4962 1143 5033 loquatur,
1176 4971 1234 5015 ut
1258 4974 1356 5033 pro
1396 4958 1858 5033 diversisAhorum

262 5030 511 5090 omnium
536 5032 711 5086 modis
739 5030 981 5086 diversas
1001 5040 1052 5085 et
1081 5030 1350 5102 loquentis
1375 5031 1453 5084 sui
1488 5030 1772 5102 significet,
1805 5041 1860 5086 et

262 5103 541 5159 audientis
595 5102 819 5157 alterius
864 5103 1070 5157 excitet
1118 5101 1518 5169 cogitationes;
1552 5101 1856 5172 'pr0pterea

259 5173 613 5243 PhilosOphia
643 5174 928 5228 humanam
948 5174 1172 5228 formam
1197 5172 1379 5227 induta
1402 5175 1540 5240 aptis
1568 5174 1670 5228 illis
1692 5174 1858 5243 signis

263 5249 551 5303 veritatem
585 5245 789 5299 felicius
829 5244 1134 5312 persuadet,
1182 5245 1234 5297 in
1264 5259 1371 5313 quo
1416 5243 1595 5299 dili'ert
1624 5260 1652 5297 a
1698 5246 1860 5299 musis

262 5318 514 5388 poeticis,_
533 5331 666 5384 qttas
690 5330 850 5383 supra
877 5316 1085 5388 vocavit
1102 5315 1453 5388 meretriculas
1475 5332 1631 5386 usque
1659 5316 1713 5369 in
1742 5317 1857 5388 esci-

263 5386 393 5443 tium
421 5386 619 5453 dulces,
651 5401 875 5456 quaeque
902 5386 1042 5455 quod
1072 5387 1178 5440 alio
1203 5386 1352 5440 vultu
1392 5386 1699 5449 loquantur,
1725 5386 1861 5444 alias

262 5461 427 5515 etiam
455 5468 796 5512 commovent
821 5459 875 5511 in
907 5457 1242 5512 auditoribus
1269 5457 1641 5525 cogitationes.

336 5535 357 5564 ν
414 5527 535 5583 Veri
570 5528 759 5601 praevia
795 5526 1050 5601 luminis]
1078 5526 1441 5601 PhilosOphia,
1474 5544 1593 5601 qua:
1621 5529 1765 5600 quod
1790 5530 1861 5585 sit

264 5601 506 5672 cognitio
559 5598 700 5653 elara
733 5607 788 5653 et
814 5598 1064 5672 distincta
1114 5598 1355 5672 adeoque
1398 5599 1572 5672 errori
1626 5598 1738 5672 non
1762 5602 1859 5653 ob-

266 5669 451 5736 noiia,
483 5669 597 5739 ipsa
642 5685 829 5724 verum
879 5670 1056 5724 lumen
1099 5679 1220 5733 est;
1250 5670 1343 5724 sed
1391 5671 1534 5738 quod
1564 5671 1859 5727 attendenti

266 5744 452 5798 lumen
472 5740 687 5796 luminis
709 5742 778 5795 sit
804 5740 976 5811 origo,
1002 5751 1285 5810 propterea
1303 5740 1490 5795 eadem
1514 5741 1859 5810 Philosophia

264 5816 463 5869 dicitur
493 5812 597 5867 veri
627 5812 833 5886 luminis
859 5813 1069 5890 prmia.
1116 5811 1226 5867 Nisi
1266 5812 1435 5877 dicas,
1478 5830 1648 5873 verum
1679 5813 1855 5879 lumen

1966 4818 2528 4892 corporisnexibus,
2553 4818 2843 4892 aliquando
2882 4818 3025 4879 frui:
3059 4818 3163 4883 hac
3203 4818 3344 4883 enim
3385 4818 3565 4885 lumen

1968 4891 2168 4961 lumine
2197 4889 2572 4961 philosophice
2617 4889 2963 4961 praevenitur.

1963 4961 2057 5085 de:
2110 4958 2519 5032 Speculatione.]
2561 4958 2884 5035 speculatio,
2918 4984 3019 5024 vox
3062 4970 3239 5025 minus
3270 4971 3454 5027 Latina
3496 4977 3566 5031 vi-

2061 5047 2142 5085 ur.

2002 5040 2142 5086 etur.

2035 5101 2294 5186 ‘_Nostri
2331 5120 2484 5186 causa
2537 5109 2813 5186 maioris]
2846 5111 2918 5186 Ut_
2942 5127 3150 5167 summa
3187 5115 3352 5168 animi
3384 5115 3566 5172 lmtitia

1966 5174 2307 5255 perfunditur
2336 5176 2444 5241 ille,
2480 5181 2569 5247 qui
2594 5197 2663 5255 ex
2694 5174 3007 5255 quibusdam
3044 5186 3324 5255 principiis
3352 5188 3562 5254 positis,

1966 5246 2537 5322 conclusiones,-qua_s
2559 5246 2777 5306 aliunde
2803 5256 2903 5307 scit
2938 5246 3059 5310 esse
3102 5246 3431 5322 verissimas,
3466 5246 3565 5315 im;

1968 5316 2186 5400 proviso
2211 5316 2453 5400 colligit;
2477 5320 2556 5375 sic
2587 5322 2798 5400 tristitia
2829 5325 3088 5392 afficitur,
3119 5328 3371 5397 quiquod
3402 5316 3565 5399 ἐκνε-

1968 5387 2162 5470 tientia
2188 5387 2465 5470 probatur,
2492 5404 2613 5470 cum
2643 5395 2756 5470 suis
2782 5411 2886 5470 non
2909 5387 3085 5464 potest
3103 5387 3391 5453 conciliare
3418 5387 3565 5466 prin-

1967 5460 2121 5526 cipiis
2154 5476 2168 5537 ξ
2203 5468 2260 5512 ut
2300 5460 2461 5537 enim_
2490 5463 2641 5537 prius
2672 5479 2699 5519 a
2730 5460 2950 5537 lumine,
2995 5470 3136 5535 quod
3168 5460 3449 5537 amamus;
3484 5474 3562 5528 sic

1967 5530 2237 5603 posterius
2265 5545 2294 5581 τι
2324 5530 2579 5599 tenebris,
2604 5550 2736 5603 quas
2764 5536 2890 5589 odio
2917 5530 3196 5599 habemus,
3223 5540 3417 5594 oritur.

2040 5602 2061 5684 ξ
2096 5599 2163 5684 fu
2204 5618 2367 5684 regno
2415 5599 2687 5678 scientis.]
2729 5606 2785 5667 Si
2815 5606 2958 5684 _Deus
2986 5625 3090 5684 non
3134 5610 3297 5684 sciret
3338 5614 3559 5680 omnia;

1966 5683 2057 5752 aut
2077 5677 2127 5752 si_
2142 5677 2338 5737 sciens,
2359 5685 2665 5752 nonposset
2679 5677 2889 5752 omnia;
2913 5692 2999 5732 aut
3024 5682 3067 5734 si
3087 5682 3261 5737 sciens
3277 5690 3332 5738 et
3348 5677 3557 5752 potens,

1966 5743 2081 5826 sola
2113 5742 2251 5826 bona
2278 5758 2381 5798 non
2405 5745 2590 5826 vellet,
2616 5748 2746 5801 nihil
2767 5750 2983 5826 mirum,
3006 5752 3144 5821 quod
3168 5754 3305 5826 mala
3326 5742 3513 5812 essent
3541 5742 3555 5817 ξ

1964 5813 2079 5877 haec
2106 5814 2250 5875 enim
2282 5826 2371 5871 aut
2402 5816 2679 5874 scientiam
2705 5813 3124 5890 przeterire,'aut
3146 5820 3440 5893 potentiam
3465 5813 3559 5881 su;
