3984 6382
1218 249 1229 277 1

452 312 547 366 ’7111

448 424 519 479 20
658 423 921 494 Orbisque
951 422 1186 477 habenas
1216 429 1503 491 temperat,

590 524 653 573 lit
687 519 958 571 volucrem
991 532 1207 570 currum
1237 516 1447 571 stabilis
1474 516 1631 589 regit,

669 612 863 664 lterum
887 623 1147 664 coruscus
1170 610 1393 664 arbiter.

591 711 703 765 lluc
733 720 785 766 te
812 712 854 765 si
879 710 1134 766 reducem
1169 709 1367 765 referat
1396 710 1504 774 via,

661 804 831 870 Quam
862 818 1000 857 nunc
1035 802 1267 873 requiris
1296 804 1603 866 immemor,

443 893 515 949 9.5
594 894 716 949 ":BC
744 896 908 959 dices,
943 895 1183 961 memini,
1218 895 1391 965 patria
1416 903 1500 949 est
1524 893 1676 957 mihi,

663 989 794 1043 llinc
827 1000 997 1058 ortus,
1032 991 1118 1045 hic
1146 992 1330 1045 sistam
1360 990 1605 1061 gradum.

587 1081 739 1145 Quod
773 1082 816 1135 si
853 1092 1116 1135 terrarum
1148 1082 1360 1151 placeat
1389 1080 1482 1135 tibi

658 1174 880 1229 Noctem
915 1177 1163 1231 relictam
1194 1177 1393 1243 visere,

658 1268 818 1339 263
848 1268 993 1334 Quos
1019 1269 1199 1325 miseri
1230 1278 1412 1323 torvos
1441 1265 1622 1337 populi
1655 1266 1865 1327 timent,

442 1360 512 1415 δυ
660 1364 861 1417 tLernes
894 1373 1154 1432 tyrannos
1190 1362 1430 1417 exsules.

974 1474 1138 1547 251.
1180 1472 1406 1529 causa
1448 1473 1514 1525 ιι.

438 1568 836 1624 Διιδυιιειιτυιι.
877 1598 949 1609 -
992 1568 1076 1621 Ea;
1128 1566 1387 1638 prwdictis
1438 1564 1780 1638 Philowphia
1830 1563 2046 1615 demon-

501 1648 651 1703 strat,
676 1650 721 1693 et
736 1639 921 1709 probos
946 1636 1193 1707 potentes,
1211 1648 1258 1691 et
1282 1637 1541 1704 improbos
1562 1636 1865 1705 impotentes
1883 1650 2006 1686 esse.

426 1728 429 1731 ’
516 1727 650 1782 Tum
684 1744 806 1798 ego,
839 1731 854 1760 ¹
883 1744 1057 1799 papae,
1091 1730 1330 1799 inquam,
1367 1736 1391 1762 ⁸
1424 1735 1484 1780 ιιι
1515 1740 1707 1795 magna
1736 1724 2042 1796 promittis!

1706 312 1817 366 AN.
1864 312 2070 367 MANL.
2114 313 2265 370 SEV.
2312 314 2563 371 BOETII'

2072 438 2128 495 Α
2154 428 2351 481 frustra
2382 430 2471 482 sit.
2508 430 2623 498 Quo
2652 432 2742 497 tit;
2776 441 2832 486 ut
2860 434 2904 488 si
2927 447 3088 504 quem
3120 435 3305 493 videas
3330 437 3555 509 adipisci
3585 440 3738 502 velle,

3640 324 3737 380 79?.

2147 525 2289 595 quod
2339 527 2561 583 minime
2600 528 2954 598 adipiscatur,
2986 532 3110 587 huic
3150 533 3434 591 obtinendi
3464 535 3609 606 quod
3649 552 3740 587 vo-

2147 617 2328 682 luerit,
2354 618 2590 675 defuisse
2616 633 2638 658 ο
2674 625 2962 679 volentiam
2993 625 3110 698 (15)
3140 626 3387 685 dubitare
3417 645 3525 685 non
3548 631 3740 700 possis.

2145 708 2496 779 Perspicuum
2528 723 2632 778 est,
2678 714 2915 784 inquam,
2959 732 3061 771 nec
3101 719 3209 773 ullo
3249 719 3410 775 modo
3439 722 3622 791 negari
3655 738 3747 791 po-

2146 808 2270 855 test.
2305 802 2473 869 Quem
2498 818 2628 858 vero
2650 804 2897 861 effecisse
2926 808 3067 878 quod
3096 810 3345 872 voluerit,
3378 811 3586 876 videas,
3619 829 3746 868 num

2149 894 2310 947 etiam
2336 896 2577 963 potuisse
2607 896 2912 952 dubitabis?
2933 900 3170 955 Minime.
3191 900 3344 968 Quod
3372 917 3497 958 vero
3522 906 3748 973 quisque

2146 994 2344 1055 potest,
2384 988 2437 1042 in
2461 1003 2527 1043 eo
2553 990 2799 1056 validus;
2832 992 2974 1062 quod
3004 1009 3134 1049 vero
3177 1010 3284 1050 non
3319 1005 3521 1067 potest,
3552 998 3606 1051 in
3649 998 3748 1052 hoc

2148 1077 2431 1134 imbecillis
2460 1096 2582 1137 esse
2603 1083 2910 1139 censendus
2940 1097 3044 1141 est.
3071 1088 3235 1160 265
3258 1088 3477 1155 Fateor,
3506 1092 3741 1161 inquam.

2147 1170 2513 1228 Meministine
2562 1175 2747 1245 igitur,
2792 1178 2987 1248 inquit,
3030 1183 3401 1251 superioribus
3451 1186 3745 1241 rationibus

2147 1278 2269 1317 esse
2305 1265 2627 1331 'collectum,
2664 1271 3018 1327 intentionem
3060 1289 3277 1331 omnem
3316 1278 3611 1334 voluntatis
3653 1281 3747 1334 hu-

2151 1369 2345 1422 manm,
2379 1372 2500 1426 qua:
2536 1359 2767 1415 diversis
2807 1365 3001 1419 studiis
3029 1368 3227 1436 agitur,
3266 1370 3333 1424 ad
3361 1370 3744 1428 beatitudinem

2151 1451 2437 1509 festinare?
2471 1456 2711 1523 Memini,
2745 1459 2983 1530 inquam,
3016 1462 3067 1517 id
3106 1479 3322 1534 quoque
3365 1481 3488 1523 esse
3519 1468 3742 1524 demon-

2151 1555 2401 1601 stratum.
2443 1548 2578 1603 Num
2630 1555 2933 1608 recordaris
2974 1556 3359 1613 beatitudinem
3407 1560 3582 1629 ipsum
3628 1576 3747 1618 esse

2150 1640 2370 1707 bonum,
2400 1644 2482 1713 (5)
2509 1659 2683 1714 eoque
2730 1645 2891 1700 modo
2936 1663 3056 1701 cum
3096 1650 3371 1704 beatitudo
3421 1653 3641 1722 petitur,
3681 1655 3750 1710 ab

2153 1736 2406 1789 omnibus
2427 1736 2722 1793 desiderari
2757 1740 2993 1794 bonum?
3026 1740 3265 1806 Minime,
3296 1746 3534 1814 inquam,
3566 1762 3749 1802 recor-

438 1836 543 1877 nec
572 1822 760 1877 dubito
785 1823 913 1891 quin
942 1824 1122 1892 possis
1142 1825 1361 1877 efficere
1387 1840 1399 1874 :
1436 1830 1491 1875 tu
1515 1820 1675 1875 modo
1702 1835 1864 1891 quem
1896 1820 2043 1875 exci-
2073 1816 2123 1877 Β
2149 1827 2268 1894 dor,
2290 1831 2540 1896 quoniam
2570 1832 2621 1885 id
2655 1833 2933 1887 memoria:
2959 1834 3125 1889 fixum
3155 1846 3335 1891 teneo.
3361 1836 3565 1894 Omnes
3592 1840 3750 1910 igitur

439 1915 671 1985 taveris,
696 1931 764 1972 ne
786 1914 813 1954 ι)
845 1918 1092 1971 moreris.
1125 1919 1143 1948 ⁹
1168 1916 1407 1971 Primum
1450 1914 1632 1985 igitur,
1658 1915 1852 1985 inquit,
1889 1916 2046 1971 bonis

440 2021 658 2078 semper
680 2008 873 2063 adesse
906 2010 1223 2078 potentiam,
1261 2009 1434 2063 malos
1460 2009 1673 2063 cunctis
1702 2009 1906 2065 viribus
1925 2023 2047 2066 esse

437 2098 715 2157 desertos.
748 2114 1011 2169 agnoscas
1040 2100 1221 2154 licebit
1257 2119 1267 2153 :
1294 2114 1523 2170 quorum
1557 2100 1790 2154 alterum
1821 2100 2047 2155 demon-

439 2201 643 2247 stratur
672 2194 752 2263 (5)
785 2209 851 2247 ex
890 2193 1081 2247 altero.
1132 2192 1264 2247 Nam
1302 2208 1425 2248 cum
1490 2194 1689 2248 bonum
1734 2193 2048 2265 malumque

437 2286 707 2339 contraria
744 2290 872 2347 sint,
917 2288 961 2338 si
1001 2286 1198 2340 bonum
1236 2296 1428 2354 potens
1457 2300 1579 2340 esse
1611 2286 1937 2355 constiterit,
1972 2288 2046 2342 li-

436 2392 567 2451 quet
597 2382 938 2436 imbecillitas
967 2382 1093 2437 mali
1116 2400 1127 2434 :
1150 2392 1205 2434 at
1234 2382 1281 2436 si
1310 2381 1571 2452 fragilitas
1601 2381 1866 2437 clarescat
1893 2383 2041 2449 mali,

438 2475 569 2529 boni
601 2476 826 2528 firmitas
857 2485 982 2528 nota
1014 2482 1115 2529 est.
1150 2475 1255 2528 Sed
1300 2473 1375 2529 uti
1421 2483 1621 2528 nostra:
1649 2475 1952 2539 sententiae,
1982 2474 2048 2529 fi-

437 2569 536 2622 des
563 2567 926 2622 abundantior
956 2567 1048 2630 sit,
1086 2567 1350 2621 alterutro
1383 2565 1521 2620 calle
1554 2566 1864 2635 procedam,
1896 2582 2043 2622 nunc

438 2660 565 2715 hinc
591 2702 605 2726 ,
642 2675 781 2713 nunc
819 2659 943 2713 inde
987 2659 1261 2727 proposita
1304 2658 1657 2713 confirmans.
1687 2659 1707 2689 ³
1732 2658 1849 2713 Duo
1891 2671 2037 2725 sunt,

437 2754 633 2824 quibus
663 2754 840 2807 omnis
875 2753 1233 2805 humanorum
1270 2752 1383 2822 (10)
1414 2761 1629 2806 actuum
1668 2761 1878 2806 constat
1914 2752 2044 2808 effe-

438 2858 559 2903 ctus
584 2864 597 2911 ;
628 2847 875 2901 voluntas
906 2846 1131 2909 scilicet,
1159 2860 1221 2899 ac
1249 2854 1487 2914 potestas
1513 2863 1525 2896 :
1548 2860 1777 2915 quorum
1806 2845 1853 2900 si
1878 2846 2042 2901 alter-

438 2951 620 2996 utrmn
659 2939 831 3006 desit,
885 2940 1020 2994 nihil
1063 2950 1145 2994 est
1191 2939 1333 3009 quod
1375 2940 1634 3009 explicari
1676 2950 1857 3011 queat.
1899 2940 2041 2995 Defl-

437 3036 616 3090 eiente
646 3035 844 3089 etenim
874 3034 1175 3098 voluntate,
1209 3047 1277 3086 ne
1308 3032 1618 3102 aggreditur
1646 3034 1863 3104 quidem
1894 3034 2041 3104 quis-

436 3140 541 3197 que
584 3127 727 3197 quod
772 3141 878 3182 non
929 3124 1041 3180 vult
1068 3142 1080 3179 :
1108 3133 1164 3179 at
1207 3125 1251 3180 si
1284 3133 1523 3193 potestas
1570 3124 1729 3191 absit,
1791 3125 2040 3183 voluntas

2151 1922 2396 1977 homines
2424 1924 2550 1979 boni
2581 1926 2803 1993 pariter,
2836 1941 2899 1981 ac
2930 1928 3078 1992 mali,
3114 1929 3407 1985 indiscreta
3447 1931 3752 1989 intentione

2148 2015 2215 2069 ad
2261 2016 2461 2071 bonum
2496 2020 2780 2087 pervenire
2822 2020 3096 2074 nituntur?
3140 2022 3239 2086 Ita,
3285 2022 3527 2093 inquam,
3561 2040 3754 2080 conse-

2148 2122 2320 2177 quens
2361 2119 2463 2162 est.
2509 2108 2617 2164 Sed
2657 2118 2863 2165 certum
2910 2120 3014 2178 est,
3054 2112 3341 2183 adeptione
3382 2114 3530 2181 boni,
3580 2116 3753 2173 bonos

2149 2202 2286 2257 fieri.
2327 2202 2569 2258 Certum.
2616 2204 3006 2274 Adipiscuntur
3036 2206 3150 2277 (10)
3198 2206 3361 2277 igitur
3408 2209 3557 2273 boni,
3608 2210 3751 2280 quod

2150 2297 2451 2365 appetunt?
2494 2295 2584 2350 Sic
2613 2296 2847 2351 videtur.
2884 2297 3005 2351 Mali
3044 2313 3174 2353 vero
3203 2300 3249 2353 si
3295 2299 3750 2370 adipiscerentur,

2149 2389 2289 2459 quod
2336 2392 2599 2457 appetunt
2648 2392 2865 2458 bonum,
2922 2390 3047 2445 mali
3089 2406 3211 2447 esse
3253 2408 3357 2447 non
3400 2404 3646 2459 possent.
3679 2395 3753 2453 Ita

2148 2490 2251 2535 est.
2282 2481 2413 2535 Cum
2444 2483 2605 2550 igitur
2627 2484 2842 2551 utrique
2872 2483 3070 2538 bonum
3096 2493 3303 2552 petant,
3327 2484 3421 2539 sed
3452 2485 3503 2539 hi
3530 2485 3752 2555 quidem

2150 2574 2516 2643 adipiscantur
2562 2574 2637 2630 illi
2674 2589 2803 2630 vero
2844 2577 3098 2643 minime;
3128 2592 3235 2631 non
3263 2577 3484 2632 dubium
3516 2588 3600 2633 est
3654 2580 3755 2634 bon

2150 2682 2249 2721 nos
2272 2668 2487 2738 quidem
2521 2677 2766 2737 potentes
2796 2682 2941 2735 esse,
2974 2670 3063 2737 qui
3093 2680 3221 2724 vero
3244 2669 3370 2723 mali
3396 2680 3547 2735 sunt,
3578 2671 3755 2727 imbe-

2148 2759 2321 2813 cilles.
2385 2758 2659 2829 Quisquis,
2712 2758 2949 2828 inquam,
2999 2759 3231 2825 dubitat,
3280 2776 3381 2815 nec
3421 2776 3603 2816 rerum
3630 2759 3755 2833 (15)

2150 2860 2415 2914 naturam,
2456 2867 2557 2906 nec
2589 2854 3035 2921 consequentiam
3075 2862 3255 2923 potest
3280 2855 3629 2911 considerare
3662 2871 3754 2910 ra-

2148 2946 2378 3000 tionum.
2405 2944 2427 2976 δ
2458 2945 2664 3001 RurSns
2696 2946 2863 3016 inquit
2889 2964 2902 3000 :
2934 2946 2990 3001 Si
3018 2946 3126 3002 duo
3152 2948 3284 3013 sint,
3323 2948 3519 3018 quibus
3551 2950 3695 3004 idem
3720 2946 3750 2988 ⁴

2147 3038 2447 3093 secundum
2483 3047 2727 3093 naturam
2772 3040 3105 3109 prepositum
3150 3040 3241 3107 sit,
3281 3056 3575 3113 eorumque
3606 3058 3745 3097 unus

2146 3130 2377 3185 naturali
2424 3130 2602 3187 offibio
2656 3131 2890 3200 idipsnm
2924 3142 3047 3202 agat
3088 3142 3251 3203 atque
3293 3134 3567 3205 perficiat;
3600 3135 3738 3191 alter

1795 3259 2375 3319 INTERPRETATIO.

436 3382 717 3448 quiescam.
744 3378 821 3434 Ex
851 3392 953 3449 qua
984 3377 1115 3433 sede
1140 3378 1184 3430 si
1206 3376 1425 3449 uolueris
1450 3382 1739 3449 convertere
1762 3374 1938 3428 oculos
1964 3375 2031 3427 ad
2058 3378 2104 3438 C

434 3445 667 3504 tenebras
704 3445 985 3511 terrarum,
1022 3463 1149 3517 quas
1196 3447 1494 3509 deseruisti,
1531 3445 2028 3517 videbisilyrannos,

436 3538 566 3584 quos
585 3532 753 3590 gentes
770 3522 968 3590 afﬂicta:
993 3516 1221 3575 metuunt
1250 3518 1351 3571 sibi
1373 3518 1623 3587 infensos,
1646 3531 1711 3571 ex
1739 3516 1838 3571 hac
1862 3518 2030 3586 patria

436 3596 624 3665 ejeclos
658 3592 909 3645 exsulare.

2217 3385 2240 3411 τι
2275 3377 2499 3441 Quanta.

2212 3447 2241 3484 δ
2280 3447 2550 3501 Relardes.

2217 3530 2237 3551 τ’
2276 3517 2607 3570 Polestatem.

2206 3590 2232 3625 ἀ
2266 3588 2347 3642 Ex
2374 3589 2617 3642 instinctu
2643 3596 2856 3641 natum.

1974 3731 2196 3787 NOTAE.

435 3867 542 3919 ms,
573 3867 601 3905 a
643 3866 749 3921 quo
774 3848 934 3921 etiam
968 3846 1035 3900 ad
1074 3837 1242 3921 Deum
1288 3855 1508 3914 propter
1545 3847 1830 3915 quamdam
1863 3863 2031 3917 nupe-

435 3918 591 3982 randi
620 3918 1029 3975 similitudinem
1064 3920 1406 3972 transfertur.
1526 3964 1527 3967 η

506 3996 595 4050 20.
632 3994 781 4047 Ortis
824 3988 1095 4057 habenam]
1128 3988 1494 4043 Similitudine
1524 3999 1734 4056 sumpta
1758 3990 1826 4043 ab
1852 3992 2026 4053 equis,

434 4081 572 4136 quos
602 4063 825 4136 habenis
852 4065 956 4136 huc
985 4060 1220 4136 illucque
1250 4060 1317 4113 ad
1341 4070 1528 4136 nutum
1561 4062 1858 4115 flectimus:
1894 4062 2033 4136 Deus

434 4132 637 4208 quippe
657 4134 839 4188 omnia
874 4134 951 4186 sic
980 4132 1139 4200 regit,
1175 4140 1231 4185 ιιι
1259 4132 1461 4197 omnia,
1495 4146 1814 4201 quocunque
1842 4134 2032 4187 volue—

434 4211 527 4273 rit,
560 4216 897 4263 moveantur.
1206 4272 1215 4273 ί
1578 4272 1585 4273 ί
1898 4208 1901 4209 ⁷

507 4272 599 4333 21.
638 4278 911 4331 Volucrem
960 4272 1224 4344 currum]
1268 4275 1473 4328 Auctor
1502 4272 1715 4327 videtur
1754 4276 2030 4341 speciatim

435 4351 743 4417 intelligere
766 4362 983 4401 clunem
1006 4345 1219 4399 mobilis
1246 4345 1369 4399 caeli
1398 4345 1609 4417 orbem,
1633 4347 1929 4414 generatim
1957 4356 2034 4399 ta-

436 4438 563 4477 men
593 4416 878 4475 u’niversus
905 4418 1137 4471 mundus
1164 4431 1459 4484 corporeus
1488 4416 1593 4469 dici
1630 4427 1800 4483 potest
1832 4418 2033 4471 volucer

435 4508 620 4545 currus
643 4508 661 4541 :
689 4491 810 4559 quia
843 4505 963 4542 cum
998 4488 1227 4559 mundus
1280 4487 1368 4540 ille
1401 4488 1473 4559 sit
1520 4487 1689 4539 moles
1726 4488 1861 4541 adeo
1904 4503 2035 4541 con-

437 4565 623 4624 Ierta;
677 4557 807 4614 nihil
856 4573 912 4611 ut
971 4559 1042 4612 sit
1104 4557 1213 4611 illic
1261 4558 1456 4621 vacui,
1515 4566 1801 4624 propterea
1855 4561 2032 4612 nullus

439 4634 498 4688 fit
540 4636 591 4687 in
634 4633 835 4686 mundo
865 4639 1075 4695 motus,
1107 4632 1235 4697 quin
1277 4629 1405 4683 inibi
1456 4629 1545 4682 fiat
1587 4630 1829 4683 materiae
1872 4644 2032 4684 mota:

440 4704 723 4759 circuitus.
1640 4718 1643 4721 λ

508 4776 580 4829 “29
604 4786 656 4829 et
687 4776 773 4829 50.
812 4771 1004 4825 Tervos
1042 4768 1334 4841 tyrannos.]
1380 4769 1619 4829 Torvus,
1653 4785 1681 4823 a
1732 4770 2032 4839 torquendo

438 4845 632 4907 dictus,
670 4846 759 4898 ille
789 4852 869 4899 est
904 4844 994 4911 qui
1035 4840 1185 4894 vultu
1214 4844 1296 4894 vel
1337 4842 1513 4908 petitis
1550 4840 1722 4895 oculis
1767 4848 1921 4896 tortis
1953 4844 2031 4895 in-

438 4918 697 4971 teriorem
732 4913 927 4967 furoris
986 4923 1186 4965 motmn
1219 4913 1292 4965 ita
1333 4912 1631 4979 signiﬁcat,
1667 4923 1724 4966 ut
1756 4913 2032 4967 tuentibus

439 4990 511 5042 sit
542 4986 798 5041 terribilis
825 5002 838 5036 :
871 4984 993 5037 hinc
1019 4992 1205 5035 taurus
1236 4983 1531 5049 praesertim
1565 4992 1747 5036 torvus
1778 4985 2029 5049 habetur,

436 5060 579 5126 quod
609 5056 805 5110 animal
838 5054 966 5126 illud
999 5053 1197 5121 saepius
1229 5055 1365 5126 hanc
1396 5054 1620 5126 formam
1654 5053 1858 5126 induat.
1882 5055 2028 5123 Virg.

435 5123 635 5197 Georg.
688 5143 743 5181 ιιι
776 5143 792 5180 :
838 5125 1045 5193 Optima
1087 5134 1243 5197 torva:
1284 5124 1460 5197 forma
1500 5123 1682 5197 boris.[
1714 5126 1880 5179 Porro
1909 5141 2033 5179 cum

434 5195 612 5263 exsul,
644 5200 757 5253 sive
797 5205 854 5251 ut
886 5196 1126 5250 nonnulli
1170 5196 1435 5257 scribunt,
1464 5195 1603 5247 exsol
1632 5195 1847 5249 dicatur
1875 5197 2029 5263 quasi

436 5285 504 5325 ex
538 5275 653 5326 solo
684 5271 797 5324 sive
827 5269 996 5337 patria
1028 5265 1245 5338 pulsus,
1274 5278 1505 5338 cumque
1535 5271 1743 5334 tyranni
1787 5272 1838 5319 in
1874 5268 2034 5321 terris

434 5343 737 5396 habitantes
762 5335 838 5394 exi
862 5340 979 5392 solo
1024 5335 1138 5391 sive
1181 5335 1357 5403 potius
1386 5337 1547 5399 coelo,
1580 5338 1748 5403 patria
1787 5352 1883 5390 sua
1919 5338 2036 5390 vel-

435 5413 514 5465 uti
567 5412 775 5481 expulsi
807 5410 983 5481 sint,
1022 5409 1157 5481 ideo
1197 5405 1368 5481 videri
1420 5418 1643 5473 possunt
1671 5408 1915 5481 exsules.
1951 5408 2034 5462 Ad

439 5482 605 5536 llebr.
638 5476 727 5535 itttt
752 5497 765 5533 :
794 5479 915 5533 Non
945 5478 1188 5531 habemus
1209 5476 1291 5529 hic
1319 5487 1606 5529 manentem
1635 5479 1912 5544 civitatem,
1942 5481 2031 5531 sed

438 5554 667 5619 futuram
694 5553 1022 5616 inquirimus.

511 5624 525 5651 ¹
573 5621 787 5746 Papw.‘
807 5620 989 5689 Papa,
1026 5620 1139 5673 sive
1166 5627 1223 5671 ut
1245 5618 1482 5695 loquitur
1505 5615 1726 5671 Plautus
1758 5618 1915 5681 babae,
1947 5627 2031 5673 est

511 5694 743 5746 teriectin
790 5693 1005 5746 nominis
1028 5692 1159 5744 inira
1189 5690 1368 5743 subito
1399 5689 1744 5746 accipientis:
1773 5690 1942 5746 quod.
1975 5700 2031 5743 ut

437 5692 743 5760 interjectin
768 5689 1005 5746 hominis
1028 5692 1159 5744 inira
1189 5690 1368 5743 subito
1399 5689 1744 5756 accipientis;
1773 5690 1942 5756 quod,
1975 5700 2032 5743 ut

439 5761 777 5828 eonjicimus,
822 5766 904 5815 lue
932 5776 1092 5815 voces
1120 5761 1306 5829 primm
1336 5760 1464 5822 sint,
1498 5774 1633 5828 quas
1662 5760 1810 5827 pueri
1849 5763 2026 5814 omnia

438 5842 498 5893 ut
534 5835 840 5897 ignorantes
868 5835 947 5886 sic
981 5832 1308 5889 admirantes
1341 5830 1843 5897 proterresoleant.

2217 3852 2235 3880 ³
2272 3848 2505 3901 Primum
2557 3849 2735 3917 igitur,
2779 3844 2912 3919 δια]
2945 3847 3291 3915 Philosophia
3323 3833 3574 3918 proponit
3598 3851 3740 3920 quod

2143 3920 2244 3973 sibi
2280 3921 2331 3973 in
2367 3922 2466 3974 hac
2512 3922 2757 3975 oratione
2787 3920 3124 3989 probandum
3176 3920 3456 3982 incumbit,
3489 3920 3741 3976 videlicet

2143 4002 2200 4044 et
2233 3991 2426 4058 probos
2468 4000 2713 4058 potentes
2742 4001 2798 4046 et
2838 3991 3113 4060 improbos
3158 3991 3519 4059 impotentes:
3556 3992 3606 4045 id
3648 4007 3739 4047 au-

2146 4071 2251 4114 tem
2316 4061 2562 4129 probabit
2618 4063 2809 4129 triplici
2867 4072 3303 4132 argumentorum
3353 4076 3575 4131 genere,
3619 4078 3738 4134 qua

2144 4134 2461 4185 contrahere
2484 4135 2815 4187 cantabimur.

2219 4203 2239 4231 ³
2267 4203 2385 4256 Duo
2426 4214 2564 4262 sunt,
2598 4203 2726 4274 etc.]
2755 4205 2795 4258 l.
2830 4204 3145 4272 Argumenti
3176 4218 3365 4274 genus.
3409 4204 3730 4274 Quicunque

2145 4273 2310 4328 homo
2343 4274 2393 4328 id
2419 4273 2735 4347 adipiscitur
2759 4276 2900 4343 quod
2924 4276 3056 4340 vult,
3082 4275 3129 4329 is
3154 4273 3348 4347 potens
3369 4288 3453 4329 est
3479 4273 3732 4346 :quicun-

2143 4360 2248 4414 que
2281 4360 2411 4399 vero
2447 4348 2561 4399 vult
2590 4346 2816 4415 aliquid,
2848 4347 2991 4415 quod
3041 4362 3149 4400 non
3197 4346 3535 4415 adipiscitur,
3581 4349 3626 4402 is
3653 4356 3732 4402 est

2146 4416 2455 4485 impotens:
2490 4417 2631 4485 quod
2672 4416 2896 4471 effectus
2938 4417 3221 4483 humanus,
3260 4417 3400 4471 unde
3447 4423 3567 4487 quis
3591 4419 3729 4486 judi-

2142 4497 2296 4541 catur
2381 4503 2501 4540 esse
2572 4489 2651 4541 vel
2719 4504 2823 4540 non
2894 4502 3014 4541 esse
3088 4498 3313 4555 potens,
3374 4490 3726 4543 neéessitudi-

2145 4574 2265 4611 nem
2325 4558 2521 4612 habeat
2563 4575 2683 4612 cum
2728 4559 3000 4611 voluntate
3053 4570 3106 4611 et
3156 4568 3447 4626 potestate,
3506 4574 3727 4627 quarum

2141 4639 2366 4693 utraque
2410 4641 2495 4683 est
2539 4629 2591 4682 in
2626 4630 2818 4693 primo,
2860 4641 2914 4683 et
2942 4630 3113 4683 altera
3156 4640 3358 4683 tantum
3408 4633 3460 4684 in
3489 4636 3722 4684 secundo

2141 4702 2234 4753 illo
2265 4700 2501 4754 homine.
2533 4701 2686 4770 Atqui
2733 4703 2895 4754 homo
2923 4704 3123 4769 probus
3157 4701 3211 4755 id
3238 4701 3556 4770 adipiscitur
3580 4700 3718 4770 quod

2140 4772 2288 4823 vult:
2320 4772 2596 4839 improbus
2622 4787 2749 4825 vero
2778 4771 2919 4841 quod
2948 4772 3060 4825 vult
3086 4786 3192 4825 non
3225 4770 3540 4839 adipi-citur
3566 4790 3579 4826 :
3601 4786 3720 4825 cum

2139 4852 2364 4909 uterque
2394 4857 2543 4895 suam
2576 4842 2705 4896 velit
2738 4842 3147 4905 beatitudinem,
3180 4856 3338 4911 quam
3364 4843 3581 4909 probus,
3618 4859 3718 4894 non

2142 4913 2422 4975 improbus
2456 4912 2767 4981 adipiscitur
2796 4932 2806 4963 :
2838 4913 3101 4981 siquidem
3146 4924 3202 4966 ιιι
3247 4913 3419 4966 bonus
3460 4929 3562 4967 non
3594 4914 3721 4965 dici-

2140 4992 2229 5036 tur
2258 4984 2357 5036 nisi
2387 4984 2675 5051 adeptione
2706 4984 2830 5037 boni
2874 4985 3090 5050 Summi,
3126 4983 3195 5038 ita
3236 4987 3408 5038 malus
3452 4999 3554 5038 non
3585 4984 3715 5038 dici-

2141 5064 2227 5107 tur
2256 5055 2358 5107 nisi
2393 5055 2688 5121 privatione
2718 5054 2957 5122 eiusdem
2987 5055 3135 5108 boni.

2214 5123 2230 5152 ³
2265 5124 2462 5179 Rursus
2502 5127 2546 5178 si
2583 5128 2686 5177 (luo
2724 5126 2846 5185 sint,
2890 5124 3019 5195 etc.]
3054 5124 3118 5178 ll.
3167 5127 3480 5193 Argumenti
3531 5137 3708 5195 genus.

2140 5195 2219 5248 Ex
2257 5196 2487 5256 duobus.
2521 5196 2711 5264 quibus
2735 5197 2802 5249 ab
2835 5198 2950 5265 ipso
2991 5205 3194 5249 naturae
3224 5208 3442 5251 auctore
3468 5206 3714 5251 constatu—

2139 5273 2251 5319 tum
2274 5276 2359 5319 est
2383 5266 2566 5336 aliquo
2599 5267 2842 5329 tendere,
2877 5268 2919 5319 si
2952 5268 3178 5320 alterum
3201 5267 3382 5321 officio
3414 5282 3611 5336 parens,
3643 5268 3715 5316 il-

2143 5336 2230 5389 luc
2255 5337 2468 5401 tendat;
2503 5338 2727 5391 alterum
2758 5340 2824 5389 ab
2844 5337 3027 5391 oflieio
3053 5337 3322 5391 decedens
3346 5349 3436 5392 aut
3463 5347 3709 5395 moretur,

2141 5416 2235 5460 aut
2267 5418 2413 5461 certe
2456 5409 2561 5461 alio
2595 5408 2867 5473 deﬂectat,
2901 5411 3047 5476 prius
3078 5417 3287 5474 potens,
3320 5410 3579 5478 posterius
3605 5408 3713 5478 inr-

2142 5488 2335 5546 potens
2383 5478 2569 5533 haberi
2615 5480 2773 5533 debet
2813 5495 2972 5531 :cum
3010 5481 3155 5532 enim
3194 5481 3430 5548 potentia
3482 5478 3597 5531 nihil
3633 5477 3711 5525 sit

2140 5548 2304 5615 aliud,
2333 5563 2491 5617 quam
2521 5551 2807 5603 instinctus
2852 5548 2943 5603 ille
2983 5549 3050 5603 ab
3080 5562 3298 5604 anetore
3328 5560 3524 5604 natura:
3560 5560 3707 5599 acte-

2138 5627 2283 5687 ptus,
2314 5619 2564 5686 potentia:
2596 5630 2681 5674 est
2709 5625 3012 5688 pervenire,
3052 5621 3435 5676 imbecillitatis
3464 5635 3557 5673 non
3587 5629 3709 5679 iicr-

2136 5690 2321 5744 venire
2353 5706 2459 5757 quo
2500 5691 2643 5745 Deus
2683 5702 2840 5744 vocat
2869 5710 2880 5743 :
2913 5692 2990 5745 sic
3031 5706 3097 5745 ex
3142 5693 3351 5745 duobus
3396 5690 3706 5747 hominibus,

2135 5759 2331 5829 quibus
2360 5761 2428 5813 ab
2459 5762 2574 5827 ipso
2608 5771 2813 5815 natura:
2842 5772 3061 5816 auctore
3089 5766 3437 5817 constitutum
3459 5772 3533 5815 est
3559 5757 3708 5829 pcdi-

2134 5827 2236 5884 hus
2266 5831 2565 5895 ambulare,
2594 5833 2639 5887 si
2668 5833 2803 5887 alter
2830 5832 3007 5889 ofﬁcio
3038 5834 3251 5887 functus
3288 5835 3534 5890 ambulet.
3569 5827 3715 5889 :Illcf.
