3984 6382
237 332 341 388 795

1146 325 1233 381 DE
1272 324 1796 382 CONSOLA'I‘IONE
1835 324 2306 385 PHILOSOPHI/E
2345 330 2474 387 LIB.
2517 331 2605 387 IV.

3424 330 3528 385 ’794

237 461 367 501 vero
417 443 664 501 naturale
718 442 849 499 illud
893 441 1130 499 ofﬁcium
1178 443 1400 497 minime
1451 442 1828 498 administrare
1858 445 1911 505 Α
1941 445 2087 513 pellit
2127 446 2371 500 intentio.
2423 448 2487 501 Et
2515 446 2678 518 quid?
2724 447 2767 501 si
2797 447 2898 502 hoc
2931 456 3035 501 tam
3066 460 3259 518 magno
3299 458 3361 501 ac
3392 460 3529 517 pene

236 550 421 614 queat,
456 540 565 594 alio
592 554 725 595 vero
761 538 943 607 modo,
991 553 1151 607 quam
1178 545 1385 593 natura;
1415 539 1690 603 convenit,
1724 553 1831 593 non

236 634 456 705 quidem
489 632 709 703 impleat
749 632 1081 702 propositum
1113 647 1292 698 suum,
1324 632 1442 703 (20)
1471 633 1563 687 sed
1598 632 1835 687 imitetur

234 725 587 799 implentem;
610 738 897 795 quemnam
927 723 1118 779 horum
1157 732 1183 761 α
1207 723 1562 779 valentiorem
1593 736 1713 778 esse
1741 722 1834 778 de-

233 822 452 879 cernis?
472 818 502 859 δ
524 820 637 876 Etsi
664 818 934 889 conjecto,
968 819 1207 890 inquam,
1240 820 1367 890 quid
1389 820 1545 885 velis,
1577 802 1834 889 coplanius

237 924 416 969 tamen
463 912 653 968 audire
680 911 949 968 desidero.
994 912 1339 977 Ambulandi,
1390 913 1583 983 inquit,
1629 921 1833 967 motum

235 1006 539 1062 secundum
583 1012 829 1061 naturam
871 1020 993 1060 esse
1035 1004 1368 1072 hominibus,
1414 1021 1539 1059 num
1572 1006 1834 1075 negabis?

230 1099 479 1164 Minime,
516 1099 759 1170 inquam.
794 1097 1034 1168 Ejusque
1076 1098 1156 1152 rei
1206 1098 1400 1167 pedum
1438 1097 1679 1153 officium
1712 1113 1834 1153 esse

230 1192 484 1249 naturale
514 1207 641 1248 num
672 1190 927 1247 dubitas?
958 1189 1035 1246 Ne
1078 1189 1181 1246 hoc
1224 1190 1462 1258 quidem,
1498 1192 1739 1260 inquam.
1780 1190 1835 1246 Si

229 1288 354 1358 quis
394 1286 561 1357 igitttr
613 1284 839 1355 pedibus
876 1283 992 1357 (εὸ)
1019 1284 1272 1339 incedere
1320 1284 1505 1338 valens
1571 1284 1831 1350 ambulet,

231 1380 501 1450 aliusque,
525 1378 612 1434 cui
643 1378 745 1432 hoc
773 1377 1018 1433 naturale
1040 1377 1235 1447 pedum
1258 1377 1401 1433 desit
1425 1378 1687 1444 officium,
1716 1393 1833 1433 ma-

235 1472 392 1528 nibus
435 1471 636 1535 nitens,
681 1470 961 1525 ambulare
1002 1481 1252 1536 conetur,
1297 1472 1417 1543 quis
1476 1473 1667 1527 horum
1716 1473 1837 1543 jure

236 1566 504 1621 valentior
553 1564 854 1619 existimari
892 1564 1104 1633 petest?
1132 1564 1397 1634 Contexe,
1440 1567 1682 1636 inquam,
1733 1582 1836 1622 cae-

240 1667 356 1712 tera
384 1671 541 1711 :nam
572 1655 700 1725 quin
725 1655 990 1711 naturalis
1017 1655 1185 1710 ofﬁcii
1215 1666 1427 1724 potens,
1456 1673 1543 1724 eo,
1574 1661 1664 1727 qui
1692 1658 1837 1713 idem

246 1757 490 1818 nequeat,
536 1747 802 1802 valentior
843 1748 932 1815 sit,
974 1748 1152 1802 nullus
1188 1744 1216 1784 ἀ
1247 1748 1492 1820 ambigit.
1527 1751 1689 1822 266
1729 1750 1835 1806 Sed

1946 538 2144 593 invicto
2173 541 2464 609 praeeuntis
2495 549 2701 595 natura:
2729 540 3109 596 desererentur
3135 539 3368 595 auxilio?
3388 538 3529 595 Con-

1938 632 2115 687 sidera
2143 648 2271 688 vero
2299 643 2495 702 quanta
2528 635 2825 690 sceleratos
2858 635 3106 689 homines
3131 634 3326 689 habeat
3358 634 3529 703 impo-

1940 726 2128 781 tentia.
2175 726 2364 797 Neque
2407 727 2551 785 enim
2583 727 2738 793 levia,
2791 735 2881 782 aut
2924 727 3127 782 ludicra
3155 726 3269 797 (l5)
3304 726 3525 795 praemia

1941 830 2152 892 petunt,
2184 836 2303 891 qua:
2345 823 2597 888 consequi
2649 830 2811 891 atque
2837 821 3085 877 obtinere
3124 835 3232 875 non
3266 830 3529 889 possunt:

1939 914 2033 969 sed
2069 915 2212 967 circa
2259 914 2427 983 ipsam
2467 928 2647 968 rerum
2679 929 2966 978 summam,
2999 914 3363 983 verticemque
3400 909 3532 966 deﬁ-

1940 1007 2110 1069 ciunt,
2138 1022 2238 1062 nec
2268 1007 2320 1061 in
2349 1022 2416 1061 eo
2447 1006 2661 1061 miseris
2698 1008 2959 1077 contingit
2986 1006 3231 1072 effectus,
3264 1004 3404 1074 quod
3443 1018 3533 1060 so.

1941 1100 2051 1154 lum
2095 1099 2232 1165 dies,
2260 1108 2558 1170 noctesque
2588 1100 2881 1156 moliuntur
2908 1119 2922 1154 :
2946 1102 2999 1156 in
3030 1115 3133 1171 qua
3163 1115 3224 1156 re
3270 1100 3531 1155 bonorum

1942 1192 2087 1247 vires
2112 1193 2372 1248 eminent.
2396 1192 2548 1249 Sicut
2568 1194 2710 1249 enim
2736 1210 2857 1248 eum
2885 1195 2974 1265 qui
3000 1194 3227 1263 pedibus
3254 1194 3531 1268 incedens,

1941 1286 2006 1339 ad
2047 1301 2167 1340 eum
2208 1285 2382 1340 locum
2418 1302 2587 1357 usque
2615 1288 2901 1356 pervenire
2946 1290 3231 1358 potuisset,
3262 1303 3370 1354 quo
3400 1288 3533 1342 nihil

1942 1380 2167 1435 ulterius
2214 1380 2453 1450 pervium
2501 1381 2712 1451 jacet-et
2753 1382 3009 1448 incessui,
3054 1380 3170 1453 (20)
3228 1380 3534 1436 ambulandi

1943 1475 2373 1544 potentissimum
2397 1488 2517 1529 esse
2555 1489 2810 1555 censeres
2844 1492 2856 1529 :
2887 1476 2957 1529 ita
2980 1490 3127 1540 eum,
3156 1476 3246 1545 qui
3279 1482 3531 1545 expeten-

1942 1569 2133 1623 dorum
2177 1569 2361 1630 finem,
2394 1584 2501 1639 quo
2532 1569 2664 1623 nihil
2710 1570 2848 1623 ultra
2899 1578 3000 1633 est,
3039 1568 3412 1641 apprehendit,
3441 1582 3535 1638 po-

1943 1660 2302 1715 tentissimum
2336 1676 2558 1716 necesse
2599 1670 2684 1717 est
2721 1662 2950 1731 judices.
2983 1663 3057 1717 Ex
3089 1678 3196 1733 quo
3240 1664 3318 1729 ﬁt,
3346 1673 3370 1706 κ
3395 1662 3536 1732 Quod

1946 1753 2067 1807 huic
2100 1752 2334 1822 ohjacet,
2363 1764 2419 1808 ut
2444 1753 2606 1809 iidem
2647 1754 2886 1821 scelesti,
2930 1754 3092 1809 iidem
3126 1754 3328 1809 viribus
3364 1753 3537 1808 omni-

240 1856 531 1904 summum,
552 1841 745 1911 inquit,
773 1840 995 1909 bunum,
1031 1842 1175 1912 quod
1207 1858 1362 1911 atque
1392 1845 1548 1899 malis
1573 1845 1837 1916 bonisque
1868 1842 1917 1904 Β
1945 1844 2045 1899 bus
2076 1845 2358 1901 videantur
2403 1860 2525 1901 esse
2570 1846 2794 1901 deserti.
2827 1846 2985 1918 267
3032 1845 3143 1900 Cur
3180 1846 3323 1900 enim
3353 1846 3535 1900 relicta

235 1937 601 2008 propositum,
642 1935 767 1990 boni
820 1935 1035 2005 quidem
1082 1937 1312 1991 naturali
1365 1936 1544 1991 ofﬁcio
1577 1938 1835 1993 virtutum

234 2039 476 2103 petunt:
510 2031 637 2087 mali
679 2046 810 2086 vero
856 2031 1061 2086 variam
1118 2048 1213 2102 per
1261 2034 1634 2104 cupiditatem,
1691 2035 1835 2106 quod

232 2125 572 2194 adipiscendi
615 2124 741 2179 boni
793 2126 1033 2179 naturale
1087 2124 1326 2180 ofﬁcium
1369 2141 1473 2181 non
1534 2140 1635 2193 est,
1695 2129 1834 2184 idem

232 2218 414 2288 ipsum
438 2224 709 2272 conantur
734 2216 981 2286 adipisci.
1009 2216 1091 2272 An
1135 2226 1190 2272 tu
1220 2218 1375 2273 aliter
1404 2219 1712 2275 existimas?
1742 2220 1838 2277 Mi-

231 2313 401 2377 nime,
420 2310 502 2381 (5)
526 2309 927 2381 inquam°nam
961 2309 1144 2376 etiam,
1175 2311 1319 2381 quod
1350 2324 1432 2367 est
1469 2327 1829 2384 consequens,

232 2411 404 2475 patet.
436 2402 519 2457 Ex
550 2401 633 2457 his
662 2401 808 2458 enim
835 2417 955 2473 quae
976 2416 1385 2470 concesseram,
1411 2404 1581 2459 bonos
1613 2406 1831 2476 quidem

230 2504 507 2565 potentes,
552 2494 722 2549 malos
770 2508 904 2549 vero
946 2509 1071 2551 esse
1108 2510 1331 2550 necesse
1383 2506 1466 2551 est
1512 2498 1829 2553 imbecilles.

237 2588 421 2655 Recte,
471 2586 667 2655 inquit,
701 2588 1018 2656 prmeurris,
1052 2587 1233 2657 idque,
1262 2589 1337 2641 uti
1378 2588 1570 2643 medici
1610 2604 1835 2659 sperare

233 2684 433 2750 solent,
465 2682 723 2738 indicium
769 2691 852 2737 est
879 2693 1075 2739 erectae
1104 2683 1237 2753 jam,
1275 2684 1691 2753 resistentisque
1736 2701 1833 2738 na-

230 2785 391 2832 turae.
422 2778 439 2807 ¹
471 2774 578 2831 Sed
611 2776 867 2846 quoniam
913 2785 968 2829 te
997 2775 1065 2829 ad
1108 2774 1517 2846 intelligendum
1548 2779 1837 2847 promptis-

234 2868 434 2923 simum
473 2883 598 2923 esse
640 2868 940 2935 conspicio,
978 2866 1247 2924 tcrebras
1296 2870 1627 2925 coacervabo
1674 2872 1838 2925 ratio-

230 2975 359 3016 nes.
401 2959 521 3030 (l0)
558 2959 692 3014 Vide
739 2960 882 3014 enim
937 2968 1135 3028 quanta
1179 2961 1493 3015 vitiosorum
1558 2960 1835 3018 hominum

227 3059 421 3122 pateat
458 3049 767 3114 inﬁrmitas,
815 3049 903 3119 qui
934 3064 1001 3103 ne
1030 3049 1095 3103 ad
1142 3049 1245 3105 hoc
1290 3049 1505 3119 quidem
1552 3052 1839 3120 pervenire

1944 1939 2143 1994 virtute
2192 1938 2316 1992 vitia
2368 1937 2718 1993 seclantur?’
2764 1938 3053 1991 inscitianc
3091 1938 3392 1992 honorum?
3441 1936 3535 1993 sed

1943 2034 2069 2105 quid
2095 2030 2121 2070 ιι
2144 2032 2458 2087 enervatius
2495 2030 2815 2100 ignorantia:
2858 2030 3139 2085 cmcitate?
3170 2028 3250 2083 An
3281 2029 3536 2084 sectanda

1943 2128 2250 2185 noverunt?
2276 2127 2370 2183 sed
2394 2126 2414 2158 ³
2440 2137 2784 2181 transversos
2810 2139 2903 2180 eos
2932 2124 3096 2179 libido
3120 2124 3438 2192 przccipitat,
3460 2123 3538 2179 sic

1941 2236 2156 2291 quoque
2203 2219 2615 2290 intemperantia
2666 2217 2898 2288 fragiles,
2933 2215 3021 2286 qui
3054 2215 3065 2252 ί
3100 2216 3361 2271 obluctari
3404 2215 3538 2271 vitio

1941 2322 2237 2382 nequeunt.
2266 2311 2287 2342 ⁸
2320 2315 2399 2366 An
2433 2312 2689 2376 scientes,
2724 2306 3076 2378 volentesque
3106 2310 3303 2363 bonum
3333 2308 3412 2380 (5)
3441 2308 3538 2365 de-

1940 2416 2152 2470 serunt,
2185 2405 2250 2459 ad
2280 2404 2406 2459 vitia
2440 2401 2958 2458 deﬁectuntur?Sed
2991 2402 3094 2456 hoc
3129 2402 3287 2456 modo
3320 2413 3428 2456 non
3457 2415 3539 2456 so.

1940 2500 2049 2555 lum
2084 2497 2351 2569 potenteis
2378 2506 2525 2561 esSe,
2563 2497 2663 2553 sed
2696 2496 2916 2551 omnino
2947 2510 3069 2551 esse
3099 2495 3374 2550 desinunt.
3409 2493 3541 2549 Nam

1941 2595 2034 2665 qui
2090 2606 2435 2647 communem
2489 2590 2754 2655 omnium,
2797 2603 2916 2658 quae
2964 2597 3109 2654 sunt,
3162 2587 3323 2642 ﬁnem
3378 2586 3540 2641 relin-

1943 2694 2133 2757 quunt,
2168 2685 2371 2754 pariter
2396 2698 2609 2753 quoque
2654 2697 2777 2737 esse
2814 2682 3102 2736 desistunt.
3128 2679 3279 2749 Quod
3320 2678 3541 2750 quidem

1945 2782 2176 2848 cuipiam
2220 2779 2414 2833 mirum
2442 2777 2581 2831 forte
2608 2776 2873 2837 videatur,
2903 2785 2963 2830 ut
2994 2775 3188 2842 malos,
3232 2775 3322 2844 qui
3364 2774 3543 2843 plures

1947 2872 2224 2926 hominum
2266 2880 2412 2934 sunt,
2455 2870 2675 2926 eosdem
2724 2883 2832 2923 non
2873 2882 2994 2923 esse
3030 2868 3310 2922 dicamus:
3337 2866 3430 2921 sed
3471 2866 3542 2920 ita

1946 2980 2069 3021 sese
2114 2980 2204 3021 res
2234 2965 2422 3019 habet.
2447 2963 2580 3019 Nam
2616 2964 2706 3033 qui
2750 2962 2878 3017 mali
2921 2970 3067 3027 sunt,
3099 2960 3213 3034 (10)
3250 2974 3344 3015 eos
3375 2960 3544 3014 malos

1948 3075 2072 3115 esse
2104 3076 2210 3115 non
2243 3059 2423 3114 abnuo
2450 3077 2464 3113 ε
2495 3058 2614 3126 sed,
2645 3056 2867 3112 eosdem
2898 3071 3042 3119 esse,
3077 3070 3208 3126 pure
3230 3063 3389 3126 atque
3416 3056 3544 3109 sim-

226 3151 463 3214 queunt,
496 3141 562 3197 ad
591 3140 737 3212 quod
767 3155 863 3197 eos
892 3141 1155 3196 naturalis
1198 3141 1366 3207 ducit,
1418 3157 1482 3198 ac
1524 3158 1660 3210 pene
1689 3159 1840 3199 com-
1871 3159 1917 3221 ρ
1950 3153 2162 3222 pliciter
2194 3167 2352 3223 nego.
2384 3151 2515 3207 Nam
2561 3151 2634 3206 uti
2682 3148 2918 3206 cadaver
2955 3149 3226 3205 hominem
3275 3156 3543 3202 mortuum

1600 3286 2180 3350 INTERPBETATIO.

312 3408 338 3435 ἰ
370 3396 743 3453 Potentiorem.

306 3469 337 3508 ιι
370 3469 618 3541 Quamuis
646 3470 943 3541 conjectura
971 3483 1231 3537 assequar.

316 3551 339 3579 ι·
369 3540 597 3595 Clarius.

306 3608 335 3647 ά
369 3612 604 3665 Dubitat.

312 3692 337 3720 ο
371 3683 532 3749 Quin.

2031 3407 2050 3445 τ
2083 3407 2419 3478 Frequentes.

2028 3490 2052 3525 κ
2084 3477 2412 3535 Ecoutrario.

2026 3548 2054 3586 δ
2098 3550 2389 3619 lnﬁrmius.

2034 3620 2046 3658 ί
2090 3622 2364 3680 Resistere.

1782 3827 2012 3885 NO'LE.

224 3945 305 4001 ab
328 3940 512 3999 ofﬁcio
537 3938 819 3995 discedens
845 3948 940 3994 aut
964 3940 1211 4009 quiescat
1235 3948 1326 3993 aut
1353 3939 1601 3995 manibus
1622 3949 1831 3995 tantum

224 4020 422 4072 nitens
463 4011 731 4077 ambulet;
781 4010 926 4079 prior
973 4021 1190 4080 potens,
1240 4012 1507 4080 posterior
1548 4011 1832 4067 imbecillis

226 4087 523 4142 habendus
569 4093 671 4138 est.
712 4082 872 4153 Atqui
902 4096 970 4136 ex
1000 4082 1142 4136 bono
1178 4093 1235 4136 et
1271 4084 1411 4136 malo
1443 4083 1682 4147 homine,
1712 4085 1832 4153 qui-

223 4161 341 4215 bus
363 4159 433 4210 ab
462 4157 576 4224 ipso
600 4163 805 4208 natura:
831 4163 1056 4209 auctore
1083 4153 1433 4207 constitutum
1466 4167 1548 4207 est
1575 4156 1641 4207 ad
1686 4171 1830 4207 sum-

223 4246 385 4286 mum
418 4228 615 4282 bonum
649 4241 733 4291 ea,
765 4240 925 4294 quam
950 4224 1091 4277 Deus
1121 4226 1330 4292 utrique
1359 4228 1427 4278 ah
1455 4236 1573 4279 ortu
1605 4226 1832 4292 impres-

222 4304 333 4366 sit,
365 4299 729 4368 prepensione
769 4295 1022 4368 tendere;
1057 4295 1230 4368 bonus
1271 4295 1449 4349 officio
1489 4312 1589 4349 suo
1617 4296 1834 4350 functus

223 4374 301 4428 ad
334 4365 605 4425 summum
636 4368 834 4422 bonum
879 4365 1071 4429 tendit,
1102 4367 1274 4419 malus
1298 4382 1427 4420 vero
1458 4382 1485 4419 a
1520 4382 1617 4419 suo
1653 4368 1833 4423 officio

224 4440 514 4499 decedens
554 4448 645 4493 aut
675 4439 899 4508 gradum
930 4438 1103 4508 sistit,
1128 4447 1219 4489 attt
1248 4438 1409 4491 variis
1450 4438 1834 4505 cupiditatibus

224 4514 499 4581 abreptus
526 4511 593 4563 ad
626 4507 1271 4581 bonarcaduca‘deﬁectit.
1313 4510 1479 4578 Igitur
1536 4511 1707 4562 bonus
1743 4525 1836 4577 po-

228 4578 390 4645 tens,
412 4582 584 4637 malus
616 4596 744 4635 vero
766 4579 1054 4634 imbecillis
1079 4578 1363 4639 habeatur,
1399 4594 1622 4634 necesse
1654 4592 1758 4635 est.

316 4657 329 4685 '
366 4655 472 4706 Sed
510 4653 756 4719 quoniam
799 4662 877 4714 te,
916 4648 1045 4721 etc.]
1077 4649 1163 4721 lll.
1198 4653 1511 4719 Argumenti
1542 4666 1729 4719 genus.
1778 4651 1833 4706 Si

226 4740 349 4795 quo
397 4732 604 4792 spectet
640 4724 889 4785 intentio,
930 4720 1552 4795 consideraverisyhinc
1583 4722 1835 4795 quaedam

228 4791 351 4853 tam
386 4791 669 4856 benorum,
699 4808 859 4863 quam
885 4793 1149 4847 malorum
1176 4792 1380 4860 patebit
1401 4791 1715 4857 inﬁrmitas;
1742 4792 1838 4847 sed

228 4868 512 4923 malorum
563 4867 753 4933 major.
804 4863 1191 4933 Utrorumque,
1233 4865 1472 4933 inquam,
1520 4864 1722 4931 patebit
1758 4866 1842 4918 in-

228 4942 475 4994 firmitas
514 4937 812 5005 :quoniam
868 4950 991 4989 cum
1041 4934 1255 5003 utrique
1301 4937 1369 4987 ad
1427 4949 1695 4988 summum
1744 4934 1840 4989 bo-

229 5024 373 5065 num
420 5007 682 5073 aspirent,
739 5007 843 5060 huc
886 5006 1060 5058 neutri
1116 5008 1400 5073 pervenire
1441 5015 1683 5072 possunt,
1736 5006 1838 5062 nisi

230 5089 549 5152 praeeunte,
580 5078 828 5141 ducente,
849 5084 957 5152 aut
982 5076 1094 5130 fere
1124 5078 1482 5152 compellente
1512 5076 1834 5152 intentione,

230 5147 446 5219 inagna
471 5150 562 5203 illo
588 5164 651 5203 ac
680 5163 819 5219 pene
849 5147 1046 5219 invicto
1074 5148 1362 5213 praeeuntis
1393 5159 1596 5200 naturae
1616 5150 1707 5219 vel
1734 5164 1834 5216 po-

233 5216 359 5276 tius
390 5221 481 5275 Dei
514 5216 735 5283 auxilio,
765 5233 925 5287 quam
959 5216 1317 5273 intentionem
1354 5233 1383 5272 a
1419 5220 1526 5272 Deo
1563 5218 1629 5272 ad
1665 5220 1831 5273 Deum

234 5296 425 5363 ipsum
467 5290 875 5363 adipiscendum
905 5300 1265 5363 acceperunt:
1298 5305 1405 5360 quo
1433 5298 1609 5363 autem
1643 5292 1834 5363 majori

232 5360 382 5431 opus
412 5371 496 5416 est
536 5362 739 5416 auxilio
770 5360 837 5415 ad
877 5360 1349 5430 progrediendum,
1391 5376 1458 5415 eo
1489 5362 1723 5415 minores
1752 5362 1833 5414 vi-

232 5435 446 5503 dentur
474 5432 854 5503 progrediendi
882 5432 1043 5485 vires.
1080 5435 1146 5485 At
1184 5431 1356 5499 major
1386 5432 1648 5486 malorum
1683 5442 1836 5500 pate-

233 5507 322 5560 bit
351 5502 636 5559 inﬁrmitas
660 5522 676 5562 :
707 5504 846 5558 sicut
872 5504 1017 5557 enim
1046 5518 1109 5555 ex
1136 5503 1347 5556 duobus
1370 5503 1833 5571 proﬁciscentibus

236 5578 338 5631 ille
367 5576 663 5645 potentior,
698 5576 786 5644 qui
829 5574 1082 5633 incedens
1125 5575 1190 5627 ad
1232 5588 1354 5628 eum
1387 5588 1559 5641 usque
1595 5575 1842 5645 pervenit

232 5644 453 5712 (acum,
496 5646 634 5700 ultra
663 5660 822 5716 quem
857 5644 1107 5715 progredi
1150 5660 1257 5699 non
1288 5646 1440 5706 licet;
1471 5645 1559 5699 ille
1590 5660 1717 5698 vero
1757 5644 1840 5697 in-

234 5728 484 5780 tirones.
513 5718 607 5787 qui
636 5719 704 5770 ab
730 5731 816 5782 eo,
845 5717 913 5771 ad
946 5731 1102 5785 quem
1135 5716 1417 5787 pervenire
1445 5716 1691 5787 intendit,
1722 5716 1841 5771 loco

237 5785 561 5851 deﬂectené
589 5803 659 5843 ne
686 5789 835 5850 illum
873 5787 1086 5858 quidem
1124 5785 1548 5858 attingitflocum
1582 5786 1649 5841 ad
1679 5801 1837 5855 quem

235 5882 435 5923 errore
478 5882 579 5923 suo
620 5856 903 5921 videbatur
934 5858 1057 5914 duci
1090 5876 1101 5911 :
1135 5860 1210 5914 ita
1240 5856 1385 5925 boni,
1439 5866 1621 5927 utpote
1652 5859 1740 5929 qui
1773 5859 1837 5917 ad

1864 4262 1919 4325 D

1947 3943 2194 3997 ultimum
2238 3942 2425 4006 finem,
2475 3940 2833 4011 compellente
2869 3948 3049 3994 tamen
3088 3940 3219 4005 Deo,
3266 3939 3549 4005 accedunt,

1947 4015 2313 4083 potentiores;
2348 4012 2475 4066 mali
2499 4010 2649 4074 vero,
2684 4012 3009 4083 utpotequi,
3032 4010 3166 4083 nihil
3195 4011 3442 4065 obstante
3471 4014 3549 4065 in-

1945 4081 2046 4139 sita
2091 4085 2477 4153 propensione,
2518 4084 2585 4137 ab
2619 4084 2808 4137 ultimo
2852 4081 2958 4137 flne
2995 4082 3307 4136 aberrantes
3340 4098 3406 4135 tte
3437 4084 3550 4137 Ittec

1945 4157 2163 4224 quidem
2216 4157 2485 4225 attingunt
2528 4157 2688 4219 bona,
2736 4154 2931 4223 quibus
2981 4166 3165 4207 noctes
3204 4154 3433 4223 diesque
3472 4154 3550 4206 in-

1947 4229 2120 4290 hiant,
2160 4226 2486 4280 inﬁrmiores
2530 4236 2657 4281 sunt
2686 4243 2698 4280 :
2724 4225 2866 4293 quod
2905 4226 3202 4279 attendenti
3255 4225 3319 4278 ad
3359 4239 3550 4278 causas

1946 4297 2257 4366 huiusmodi
2288 4298 2490 4351 erroris
2520 4298 2689 4368 magis
2720 4312 2784 4351 ac
2827 4298 2999 4364 magis
3040 4296 3245 4368 patebit
3276 4313 3289 4368 ς
3316 4311 3436 4349 nam
3465 4296 3549 4350 vel

1944 4372 2069 4422 mali
2111 4370 2377 4423 recedunt
2418 4369 2486 4421 ab
2530 4367 2621 4430 eo,
2652 4382 2760 4439 quo
2788 4369 2972 4422 insita
3017 4367 3229 4420 illorum
3274 4367 3552 4439 inclinatio

1946 4440 2087 4495 ferre
2134 4440 2368 4500 videtur,
2426 4437 2788 4504 ignoratione,
2849 4440 2929 4493 vel
2982 4438 3411 4509 perturbatione,
3461 4437 3545 4491 vel

1946 4513 2170 4567 scientia
2204 4512 2614 4580 voluntateque.

2018 4608 2039 4636 ²
2074 4600 2414 4673 Inscitianeﬁ
2446 4602 2555 4659 Seu
2590 4605 2714 4659 boni
2740 4605 2877 4668 veri,
2923 4620 2949 4654 a
2977 4617 3085 4672 quo
3113 4601 3413 4667 recedunt;
3452 4616 3548 4656 seu

1947 4676 2076 4731 boni
2110 4674 2354 4731 ementiti
2389 4674 2454 4728 ad
2487 4674 2629 4743 quod
2656 4674 2957 4729 accedunt?
2987 4675 3084 4729 sed
3115 4675 3467 4743 ignoratione,
3493 4684 3554 4730 ut

1947 4756 2075 4817 pote
2103 4762 2224 4817 qua:
2248 4746 2379 4800 nihil
2412 4756 2512 4811 est,
2541 4747 2671 4801 nihil
2708 4746 2993 4801 inﬁrmius.
3024 4746 3130 4800 Au.

2024 4841 2044 4871 ³
2075 4840 2413 4895 Transverso:
2462 4857 2549 4895 eos
2593 4839 2755 4894 libido
2799 4840 3084 4910 praecipitat
3102 4837 3147 4911 ?]
3191 4839 3302 4894 Hoc
3339 4849 3552 4911 est,an

1948 4912 2397 4982 perturbatione?
2441 4924 2496 4966 at
2530 4915 2632 4965 hoc
2662 4926 2913 4981 maguum
2946 4922 3024 4965 est
3058 4910 3430 4980 argumentum
3463 4910 3549 4965 in-

1947 4985 2205 5039 ﬁrmioris
2234 4985 2454 5046 mentis,
2483 4983 2683 5053 quippe
2714 4998 2833 5052 quae
2867 4982 3119 5052 mancipii
3148 4983 3392 5052 corporis
3424 4998 3547 5037 mo-

1947 5056 2090 5109 tibus
2122 5056 2263 5109 victa
2294 5055 2636 5115 obsequitur.
3288 5078 3291 5087 λ

2021 5146 2043 5175 ⁸
2074 5147 2153 5198 An
2194 5145 2406 5215 scientes
2448 5145 2770 5215 volentesque
2812 5144 3001 5197 bonum
3046 5144 3306 5210 deserunt,
3335 5146 3401 5196 ad
3430 5143 3551 5197 uitia

1946 5214 2351 5288 deﬂectuntur?]
2393 5215 2499 5269 Sed
2556 5214 2879 5288 hoc‘modo
2932 5230 3038 5269 non
3088 5217 3260 5288 solum
3305 5223 3583 5288 potentes

1942 5285 2088 5350 esse,
2130 5287 2223 5340 scd
2258 5285 2477 5341 omnino
2504 5300 2625 5341 esse
2664 5285 2939 5353 desinunt,
2972 5302 3078 5342 non
3115 5286 3331 5356 quidem
3363 5285 3538 5352 quoad

1944 5374 2057 5412 rem
2089 5368 2334 5426 spectat:
2369 5357 2596 5427 improbi
2631 5359 2774 5412 enim
2812 5357 2888 5411 illi
2930 5372 3146 5426 semper
3172 5373 3239 5411 ex
3272 5364 3452 5410 mente
3484 5365 3537 5409 et

1943 5443 2192 5498 corpore,
2222 5430 2427 5484 duabus
2452 5429 2614 5484 rebus
2644 5428 2785 5483 inter
2814 5442 2874 5481 se
2899 5427 3504 5496 eonjunctis,‘constant
3530 5446 3541 5478 :

1942 5503 2038 5556 sed
2061 5501 2235 5569 quoad
2261 5501 2476 5554 modum
2500 5502 2690 5555 attinet
2710 5517 2723 5553 :
2742 5514 2864 5553 cum
2896 5499 3039 5553 enim
3066 5498 3208 5553 Deus
3228 5512 3340 5569 non
3368 5500 3543 5551 minus

1951 5571 2023 5625 sit
2055 5567 2175 5624 linis
2207 5572 2428 5625 ultimus
2465 5572 2659 5626 mentis
2691 5573 2959 5632 humana,
2988 5584 3146 5638 quam
3188 5567 3428 5638 ejusdem
3466 5580 3548 5622 est

1954 5644 2123 5710 prima
2155 5656 2352 5706 causa;
2400 5650 2456 5695 ut
2497 5658 2651 5696 mens
2679 5641 2911 5695 humana
2952 5640 3158 5693 dicatur
3201 5655 3323 5693 esse
3355 5655 3551 5693 secun-

1953 5713 2078 5767 dum
2107 5714 2346 5777 modum,
2372 5712 2487 5767 haec
2514 5715 2579 5765 ad
2605 5712 2770 5767 Deum
2793 5713 2954 5767 debet
2981 5711 3201 5766 tendere
3225 5721 3281 5765 ut
3306 5711 3543 5771 notione,

1953 5785 2031 5838 sic
2082 5785 2379 5837 voluntaria
2422 5785 2806 5854 propensione,
2850 5796 2958 5854 quo
3000 5784 3166 5838 modo
3206 5782 3436 5854 improbi
3477 5782 3545 5839 ad

1954 5855 2120 5911 Deutn
2155 5869 2258 5909 non
2288 5855 2506 5909 tendunt
2519 5896 2531 5909 .
