3984 6382
196 324 292 379 797

469 421 660 491 Κνίδια
680 435 845 491 corda
876 436 1119 499 venenis,

405 528 543 583 Hinc
566 527 796 599 flagellat
820 529 902 583 ira
932 536 1167 592 mentem

476 620 699 675 Fluctus
730 619 942 675 turbida
969 620 1185 683 tollens,

294 713 364 769 15
403 714 604 770 lmror
633 724 727 768 aut
747 723 936 783 captos
962 712 1166 783 fatigat,

475 808 583 860 Aut
610 819 736 875 spes
761 804 962 860 lubrica
993 812 1231 873 torquet.

411 895 572 967 Ergo,
598 909 721 950 cum
752 904 911 965 caput
940 903 1021 949 tot
1040 909 1205 950 unum

478 986 685 1043 Cernas
704 987 849 1043 ferre
875 996 1156 1057 tyrannos,

412 1077 529 1135 Non
551 1077 699 1148 facit,
731 1079 876 1150 quod
901 1087 1069 1150 optat,
1098 1074 1219 1150 ipse

290 1172 368 1228 20
477 1172 739 1229 Dominus
769 1186 990 1243 pressus
1018 1173 1239 1244 iniquis.

715 1268 875 1339 ειη
919 1267 1143 1325 reuss
1181 1266 1273 1322 ιιι.

192 1363 587 1417 Διιεωιεκτυιι.
617 1358 1054 1430 —Philosophia
1112 1360 1261 1413 addit
1319 1359 1506 1428 probos
1544 1356 1792 1430 manliis,

261 1430 523 1513 improbos
544 1430 816 1513 suppliciis
841 1428 1077 1513 ita'amci
1120 1432 1456 1513 intrinsecus,
1488 1436 1542 1479 ut
1576 1437 1624 1481 et
1647 1428 1791 1498 probi

257 1503 311 1555 in
338 1502 491 1567 deos,
522 1509 570 1555 et
600 1501 816 1571 improbi
841 1501 893 1553 in
919 1501 1100 1554 bestias
1126 1508 1501 1555 convertantur.

265 1612 498 1669 Videsne
532 1614 694 1684 igitur
723 1624 749 1650 ει
779 1622 985 1685 quanto
1023 1614 1077 1669 in
1108 1612 1135 1651 δ
1165 1628 1322 1670 emno
1344 1616 1543 1687 probra
1568 1616 1791 1671 volvan-

198 1718 309 1777 tur,
331 1723 431 1778 qua
463 1706 701 1777 probitas
741 1708 862 1763 luce
913 1708 1293 1777 resplendeat!
1335 1710 1389 1764 in
1430 1725 1539 1780 quo
1589 1711 1798 1781 perspi-

1043 320 1130 376 DE
1170 313 1685 374 CONSOLATIONE
1726 309 2197 369 PHILOSOPHIE
2234 308 2361 365 LIB.
2398 309 2491 367 IV.

1808 434 1865 490 Α
1890 444 2040 493 num,
2090 426 2257 481 veluti
2301 426 2580 495 praemium
2623 438 2910 481 commune
2951 421 3299 493 propositum.
3327 421 3348 450 ³
3378 424 3473 475 At-

3364 301 3468 359 798

1884 518 1975 587 qui
2018 518 2121 571 huc
2166 531 2197 569 a
2242 516 2397 571 bonis
2444 529 2550 573 non
2593 525 2773 586 potest
2815 516 3072 584 separari.
3116 512 3299 582 Neque
3327 500 3471 566 enim

1889 610 2061 667 bonus
2103 610 2217 681 (10)
2256 608 2393 664 ultra
2428 608 2549 677 jure
2594 607 2893 672 vocabitur,
2941 606 3030 676 qui
3072 611 3254 659 careat
3292 601 3477 669 bono;

1889 716 2057 770 quare
2097 700 2297 769 probos
2344 713 2525 754 mores
2568 713 2661 752 sua
2715 696 2933 767 praemia
2985 710 3091 750 non
3148 694 3478 763 relinquunt.

1891 791 2158 859 Quantum
2206 790 2341 845 libet
2382 788 2544 857 igitur
2580 786 2803 842 saeviant
2843 785 3002 851 mali,
3042 782 3273 853 sapienti
3304 791 3479 837 tamen

1892 898 2093 940 corona
2124 897 2229 938 non
2258 879 2493 945 decidet,
2527 893 2633 933 non
2664 884 2894 933 arescet.
2917 875 3100 947 Neque
3127 876 3269 931 enim
3302 870 3486 944 probis

1891 977 2086 1032 animis
2118 976 2393 1046 proprium
2441 971 2627 1036 decus,
2658 970 2831 1025 aliena
2861 966 3102 1037 decerpit
3148 966 3484 1037 improbitas.

1892 1068 2045 1137 Quod
2078 1068 2123 1122 si
2162 1066 2503 1124 extrinsecus
2532 1071 2755 1132 accepto
2795 1061 3087 1125 laetaretur,
3129 1066 3339 1129 poterat
3386 1056 3490 1111 huc

1892 1162 1979 1216 vel
2004 1162 2138 1216 alius
2166 1156 2449 1228 quiSpiam,
2482 1155 2566 1210 vel
2612 1155 2731 1223 ipse
2782 1153 2965 1218 etiam,
3007 1151 3097 1222 qui
3144 1150 3485 1215 contulisset,

1896 1252 2059 1325 272
2087 1248 2321 1304 auferre.
2357 1244 2464 1304 Sed
2494 1245 2746 1317 quoniam
2793 1244 2843 1299 id
2892 1258 2986 1298 sua
3033 1243 3226 1313 cuique
3256 1240 3492 1313 probitas

1896 1342 2125 1407 confert,
2155 1351 2266 1394 tum
2295 1352 2392 1393 suo
2421 1336 2646 1408 praemio
2691 1333 2916 1399 carebit,
2961 1348 3084 1388 cum
3132 1330 3333 1402 probus
3373 1346 3493 1386 esse

1898 1432 2138 1488 desierit.
2170 1430 2453 1486 Postremo
2478 1443 2599 1485 cum
2631 1440 2792 1482 omne
2832 1425 3109 1496 praemium
3157 1422 3356 1478 idcirco
3394 1437 3492 1492 ap-

1900 1532 2133 1594 petatur,
2183 1522 2441 1592 quoniam
2490 1520 2689 1575 bonum
2731 1532 2855 1573 esse
2897 1516 3158 1580 creditur,
3205 1515 3325 1585 quis
3364 1514 3494 1569 boni

1899 1615 1925 1655 ἀ
1949 1625 2288 1688 compotem,
2337 1615 2545 1687 praemii
2587 1612 2795 1683 judicet
2841 1608 3165 1681 expertem?
3191 1607 3213 1639 ⁸
3236 1611 3303 1664 At
3341 1609 3496 1675 cujus

1904 1709 2144 1781 praemii?
2185 1707 2424 1764 omnium
2452 1704 2535 1779 (5)
2584 1702 2961 1775 pulcherrimi,
3004 1700 3352 1767 maximique.
3388 1696 3497 1754 Me-

199 1818 357 1859 cuum
401 1812 514 1869 est,
563 1816 832 1871 nunquam
883 1800 1039 1856 bonis
1089 1803 1347 1871 prtemia,
1382 1818 1655 1873 nunquam
1697 1818 1792 1858 sua
1823 1786 1873 1848 Β
1901 1810 2084 1858 mento
2128 1802 2330 1856 etenim
2374 1796 2645 1855 corollarii
2686 1795 2829 1850 illius
2886 1803 2933 1859 ε,
2983 1791 3124 1863 quod
3171 1792 3327 1861 paulo
3370 1802 3499 1846 ante

195 1895 492 1951 sceleribus
534 1894 728 1951 deesse
780 1894 1063 1964 supplicia.
1112 1896 1128 1924 ¹
1187 1895 1386 1949 Rerum
1434 1898 1632 1951 etenim
1677 1911 1797 1964 qum

201 1997 488 2058 geruntur,
515 1986 642 2041 illud
670 1993 890 2056 propter
916 1984 1060 2054 quod
1088 2000 1420 2056 unaquaeque
1449 2001 1539 2041 res
1565 1985 1794 2057 geritur,

194 2079 438 2150 ejusdem
464 2080 543 2133 rei
585 2077 666 2149 (5)
695 2078 978 2147 praemium
1020 2091 1144 2132 esse
1174 2088 1197 2115 ο
1232 2092 1342 2132 non
1390 2077 1583 2147 injuria
1630 2077 1797 2134 videri

196 2179 380 2242 potest
411 2188 424 2223 :
455 2170 532 2224 uti
562 2170 798 2225 currenti
831 2169 886 2223 in
927 2168 1125 2237 stadio,
1170 2178 1392 2239 propter
1429 2185 1589 2240 quam
1631 2172 1802 2227 curri-

197 2272 303 2329 tur,
324 2264 472 2334 jacet
513 2262 794 2333 prtemium
826 2276 1049 2317 corona.
1096 2261 1203 2318 Sed
1244 2260 1635 2318 beatitudinem
1678 2276 1801 2319 esse

199 2356 338 2413 idem
388 2357 565 2427 ipsum
596 2357 813 2422 bonum,
847 2365 1065 2426 prapter
1111 2354 1254 2424 quod
1284 2354 1466 2409 omnia
1513 2363 1797 2425 geruntur,

202 2447 559 2505 ostendimus.
602 2446 701 2503 Est
732 2447 894 2519 igitur
938 2447 1186 2502 humanis
1233 2447 1443 2503 actibus
1487 2448 1661 2517 ipsum
1695 2447 1797 2504 bo-

1903 1895 2227 1966 prtecipuum
2260 1891 2416 1959 dedi,
2457 1905 2521 1946 ac
2565 1890 2641 1945 sic
2671 1888 2883 1959 collige.
2910 1885 3045 1942 Cum
3097 1886 3269 1955 ipsum
3297 1884 3498 1940 bonum

1904 1984 2178 2042 beatitudo
2206 1986 2297 2051 sit,
2331 1986 2502 2039 bunos
2534 1996 2722 2038 omnes
2753 1994 2820 2035 eo
2865 1980 2983 2049 ipso
3020 1976 3163 2049 quod
3209 1976 3333 2032 boni
3366 1978 3497 2043 sint,

1906 2076 2021 2136 fieri
2047 2078 2233 2134 beatos
2262 2078 2451 2148 liquet.
2484 2072 2590 2134 Sed
2617 2076 2708 2146 qui
2733 2074 2873 2129 beati
2903 2083 3049 2139 sunt,
3074 2073 3202 2127 deos
3221 2080 3343 2127 esse
3372 2085 3498 2126 con-

1905 2172 2073 2229 venit.
2119 2168 2218 2226 Est
2255 2171 2416 2243 igitur
2468 2170 2747 2240 prmmium
2791 2167 3082 2234 bonorum,
3132 2167 3273 2234 quod
3321 2163 3500 2220 nullus

1907 2266 2112 2321 deterat
2142 2265 2279 2332 dies,
2315 2263 2510 2318 nullius
2552 2261 2759 2316 minuat
2790 2268 3049 2330 potestas,
3084 2258 3282 2313 nullius
3318 2254 3337 2295 ί
3378 2256 3493 2312 fus-

1907 2367 1994 2413 cet
2038 2356 2151 2428 (10)
2182 2357 2529 2427 improbitas,
2573 2354 2704 2409 deus
2749 2352 2883 2408 fieri.
2931 2352 3061 2419 Quae
3097 2365 3216 2405 cum
3253 2350 3324 2404 ita
3356 2349 3499 2417 sint,

1910 2451 1930 2480 ⁵
1948 2450 2016 2505 de
2042 2450 2306 2504 malorum
2334 2461 2546 2518 quoque
2584 2444 2929 2514 insebarabili
2954 2458 3109 2513 pmna
3139 2441 3385 2497 dubitare
3414 2450 3499 2493 sa-

1561 2583 2143 2642 INTERPRETATIO.

208 2704 363 2785 premi
393 2698 610 2755 uinculis
654 2697 964 2785 tenacibus:
1009 2693 1293 2785 uerginium:
1329 2692 1593 2785 ’qupiditas
1640 2695 1803 2785 agitat

207 2764 417 2828 illorum
445 2782 649 2842 pectora
676 2768 861 2823 morbis
890 2764 1263 2842 insatiabilibus
1282 2807 1296 2830 ,
1326 2766 1444 2842 inde
1475 2767 1554 2818 ira
1597 2766 1803 2842 turbata

204 2837 648 2899 verberat‘eorum
680 2853 931 2904 mentem,
960 2837 1185 2892 excitans
1223 2838 1500 2900 tumultus;
1533 2852 1669 2890 nunc
1712 2838 1802 2890 tri-

207 2917 350 2985 stitia
374 2912 565 2985 frangit
592 2912 767 2985 victos,
796 2926 927 2963 nunc
978 2924 1091 2985 spes
1118 2906 1310 2961 incerta
1332 2908 1529 2985 cruciat
1551 2906 1798 2963 eosdem.

207 2984 337 3039 Cum
365 2977 539 3055 igitui',
572 2992 626 3055 ut
662 2980 820 3055 uides,
851 2996 980 3033 unus
1007 2977 1246 3055 princeps
1276 2977 1593 3055 subjiciatur
1611 2989 1681 3032 tot
1711 2989 1791 3049 ty-

204 3049 402 3110 rannis
422 3053 734 3116 aﬂectibus,
764 3054 870 3120 ipse
908 3061 1115 3105 vexatus
1162 3049 1620 3121 dominisjnjustis
1642 3094 1657 3119 ,
1692 3065 1795 3103 non

206 3127 311 3198 agit
332 3126 470 3194 quod
494 3124 620 3178 vult.

1982 2707 2008 2736 ⁸
2038 2699 2083 2753 Ο
2113 2696 2285 2752 Boeti.

1979 2768 2004 2807 δ
2036 2768 2192 2822 Luto.

1982 2850 2003 2878 ε
2041 2839 2247 2892 Merito.

1979 2909 2003 2948 ἀ
2043 2910 2377 2977 Participem.

1982 2991 2005 3019 ε
2041 2979 2376 3035 Consectarii.

1988 3051 2007 3091 ί
2045 3052 2366 3107 Obscurabit.

1746 3230 1979 3288 NOTAE.

204 3352 407 3407 noxius
432 3357 537 3405 est.
562 3349 739 3418 Atque
767 3347 886 3402 hac
904 3346 1051 3415 regis
1070 3347 1148 3402 ira
1178 3354 1331 3403 tanto
1351 3345 1588 3416 majores
1613 3350 1804 3417 ﬂuctus

204 3424 347 3476 tollet
376 3420 619 3485 turbida;
643 3428 843 3488 quanto
873 3419 1045 3485 major
1073 3428 1154 3473 est
1180 3419 1300 3473 irati
1323 3420 1635 3474 auctoritas.

272 3494 335 3548 3°
364 3491 683 3547 Nominatur
698 3491 904 3544 tristitia
922 3492 1037 3544 sive
1060 3502 1258 3545 maror
1280 3509 1291 3543 :
1317 3488 1571 3559 quoniam
1591 3501 1803 3559 pertur-

201 3564 354 3620 batio
370 3565 487 3617 haec
500 3571 584 3616 est
610 3561 807 3617 ﬂebilis
826 3560 1073 3627 quaedam
1094 3562 1379 3631 aegritudo,
1394 3570 1513 3614 orta
1537 3577 1601 3615 es
1622 3564 1801 3629 malis,

200 3650 328 3704 qua:
351 3631 868 3704 nequeantrepelli;
900 3632 1040 3685 unde
1060 3646 1125 3704 eo
1156 3633 1327 3701 major
1359 3631 1572 3704 videtur
1603 3636 1801 3689 essein

199 3702 474 3775 principe,
502 3703 643 3773 quod
672 3718 784 3775 sua;
812 3703 1151 3775 auctoritatis
1168 3704 1415 3757 conscius
1434 3702 1803 3775 facilcgcredat

199 3772 309 3832 sibi
330 3772 470 3829 milia
484 3772 730 3829 accidere
745 3773 945 3829 debere
963 3774 1125 3841 mala,
1139 3789 1258 3843 qua:
1282 3789 1385 3827 non
1404 3773 1574 3841 possit
1593 3772 1797 3843 fugare.

273 3849 338 3902 ι’
377 3847 697 3900 Nominatur
741 3860 875 3914 spes,
915 3844 1031 3897 sive
1073 3844 1407 3913 exspectatio
1450 3845 1572 3897 boni
1606 3862 1618 3896 :
1658 3847 1800 3914 quod

197 3921 354 3973 enim
402 3933 495 3971 rex
542 3916 741 3970 divitiis
789 3915 1122 3983 subditisque
1178 3916 1449 3984 stipatus,
1515 3916 1694 3968 omnia
1738 3931 1797 3971 se

200 4004 375 4059 posse
403 3995 575 4056 putet,
596 4000 693 4059 {pe
724 3986 877 4040 facile
902 3984 1154 4040 afﬁcitur.

278 4061 351 4114 17
377 4067 434 4114 et
463 4060 547 4113 l8.
584 4056 711 4110 Cum
752 4067 903 4126 caput
943 4067 1014 4110 tot
1056 4072 1213 4109 unum
1254 4072 1431 4111 cernas
1467 4057 1602 4124 ferre
1625 4066 1801 4127 tyran-

198 4132 352 4201 num]
375 4129 511 4184 Cum
543 4129 755 4201 videas,
798 4142 959 4182 unum
988 4127 1298 4201 principem,
1325 4137 1401 4201 tot
1445 4129 1799 4195 perturbatio-

198 4198 393 4267 nibus,
426 4200 589 4255 veluti
624 4200 846 4253 totidem
877 4198 1136 4269 tyrannis,
1164 4198 1376 4267 subjici.

280 4273 374 4327 l9.
426 4270 601 4341 Ipse.)
652 4267 1198 4341 Cuidam'videbitur
1244 4267 1530 4341 dicendum
1586 4270 1797 4335 ipsum;

198 4357 407 4412 nempe
452 4340 595 4412 quia
619 4342 826 4395 videtur
878 4340 1063 4395 referri
1101 4340 1167 4393 ad
1213 4340 1564 4412 praedictum,
1598 4351 1750 4409 caput
1779 4356 1798 4393 :

198 4357 407 4467 uemge
452 4357 575 4412 quia
619 4357 826 4395 vmetur
878 4357 1063 4395 reterrt
1101 4357 1167 4393 au
1213 4357 1564 4409 praeutctum,
1598 4357 1749 4409 caput
1779 4357 1798 4393 :

198 4416 301 4472 sed
381 4428 457 4467 ac
487 4423 569 4466 est
596 4413 863 4482 syllepsis,
895 4412 1009 4464 sive
1039 4411 1363 4482 compositio
1389 4426 1582 4465 sensus
1624 4414 1800 4478 potius

198 4502 375 4555 quam
395 4480 678 4539 verborum
752 4480 1395 4555 sicut‘dicitur_Terentio
1421 4498 1433 4532 :
1465 4482 1552 4536 ubi
1575 4492 1655 4535 est
1677 4497 1797 4536 sce-

200 4550 289 4612 lus
326 4559 416 4625 qui
449 4568 533 4608 me
578 4553 813 4621 perdidit
830 4550 1182 4625 ?7_Cice_roni;
1211 4552 1319 4605 duo
1348 4554 1649 4625 importuna
1676 4568 1799 4625 pro-

197 4623 374 4698 digia,
404 4641 527 4694 quos
556 4633 769 4693 egestas
799 4640 812 4675 :
848 4623 1066 4698 Horatio
1092 4641 1105 4675 :
1130 4624 1291 4698 daret
1316 4633 1371 4676 ut
1398 4625 1604 4676 catt-nis
1635 4623 1797 4679 fatale

197 4694 534 4761 monstrum,
556 4710 673 4765 qua:
691 4696 1007 4761 generosius
1030 4694 1207 4762 perire
1230 4706 1501 4765 quaerens,
1526 4702 1634 4747 etc.

278 4772 297 4800 ι
335 4767 525 4820 Rerum
565 4762 747 4819 etenim
780 4779 893 4829 qua
938 4776 1200 4834 geruntur,
1232 4762 1361 4836 etc.]
1395 4765 1434 4817 Ι.
1480 4764 1635 4836 Probi
1681 4764 1799 4818 affi-

195 4841 429 4894 ciuntur
457 4837 691 4903 prtemiis
724 4852 736 4887 :
766 4838 888 4903 quia
920 4849 1041 4888 cum
1066 4834 1355 4902 praemium
1378 4837 1431 4888 id
1461 4834 1669 4888 dicatur
1698 4837 1795 4887 lto-

195 4909 509 4971 norarium,
544 4920 651 4976 quo
672 4906 1044 4959 alliciebamur
1068 4906 1103 4958 ii
1135 4906 1221 4972 qui
1254 4906 1407 4974 primi
1439 4919 1502 4959 ac
1529 4907 1799 4976 principes

193 4978 411 5049 aliquid
434 4974 672 5047 pne-clari
692 4976 1139 5049 gesseranqunde
1157 4976 1431 5049 Scaligero
1453 4974 1799 5045 pluribusque

194 5045 331 5105 aliis
367 5045 633 5119 prtemium
659 5048 854 5119 dicitur
881 5045 1033 5113 quasi
1064 5048 1355 5119 prreemiam
1383 5063 1411 5098 ιι
1454 5062 1559 5115 prie
1595 5054 1648 5099 et
1688 5062 1801 5099 emo

193 5117 407 5191 capia),
434 5120 635 5173 idcirco
662 5117 794 5171 illud
826 5124 1044 5191 propter
1066 5118 1207 5184 quo'd
1239 5130 1569 5191 unaquaeque
1595 5130 1684 5191 res
1704 5133 1798 5191 ge-

192 5188 372 5256 ritur,
406 5191 645 5258 ejusdem
680 5191 753 5242 rei
787 5189 1064 5257 prmmium
1110 5201 1249 5253 esse,
1295 5203 1403 5242 non
1448 5188 1663 5256 injuria,
1709 5188 1793 5240 vi-

194 5266 325 5317 deri
380 5270 554 5329 potest
594 5280 604 5313 :
651 5261 917 5328 siquidem
962 5266 1046 5312 est
1093 5260 1438 5312 honorarium
1486 5272 1595 5326 quo
1645 5268 1797 5312 actor

195 5337 493 5399 victorque
529 5331 757 5385 alticiiur
788 5345 803 5382 :
835 5330 916 5383 sic
960 5330 1197 5383 currenti
1231 5330 1283 5383 in
1319 5330 1493 5384 stadio
1522 5330 1612 5383 illa
1633 5369 1648 5393 ,
1675 5343 1799 5396 pro-

193 5416 328 5474 pter
344 5417 500 5474 quam
516 5404 750 5474 curritur
780 5410 978 5474 corona
999 5412 1086 5474 est
1100 5402 1417 5474 praemium,
1443 5402 1795 5469 quemadmoo

195 5471 333 5529 dum
349 5472 407 5528 S.
426 5472 657 5526 Paulus’l
679 5471 987 5526 Gomfait:
1008 5472 1110 5534 Qui
1120 5473 1172 5524 in
1189 5472 1357 5524 stadio
1369 5479 1603 5534 currunt,
1619 5486 1794 5525 omnes

194 5546 412 5615 quidem
450 5550 691 5606 currunt,
732 5543 821 5597 sed
848 5556 978 5594 unus
1013 5544 1195 5611 accipit
1224 5543 1474 5615 brevium.
1499 5542 1659 5611 Atqui
1680 5543 1791 5615 viri

195 5612 363 5685 probi
413 5615 462 5667 id
505 5626 893 5683 assequuntur,
923 5624 1138 5681 propter
1165 5612 1310 5685 quod
1328 5627 1519 5685 omnes
1550 5612 1793 5685 homines

195 5680 321 5741 tam
347 5686 497 5755 probi
533 5680 691 5754 quam
721 5686 945 5753 improbi
990 5680 1197 5755 agunt
1224 5684 1476 5737 nimirum
1508 5680 1793 5738 beatitudiv

197 5774 330 5812 nem
374 5758 494 5810 sive
531 5769 801 5810 summum
848 5755 1045 5810 bonum
1085 5772 1100 5808 :
1135 5754 1373 5823 alioquin
1413 5754 1538 5808 boni
1571 5768 1675 5809 nou
1707 5768 1793 5809 es-

198 5839 326 5891 sent
359 5845 374 5884 :
406 5838 528 5882 cum
556 5826 727 5883 bonus
754 5840 860 5881 non
886 5826 976 5895 sit,
1005 5827 1094 5898 qui
1121 5834 1302 5883 careat
1330 5824 1492 5881 bono.

1984 3349 2006 3421 ξ
2036 3347 2193 3417 Atqui
2220 3346 2317 3402 hoc
2342 3364 2373 3402 ιι
2394 3348 2565 3417 bonis,
2585 3348 2715 3421 etc.]
2756 3349 2817 3405 ΙΙ.
2850 3350 3135 3406 Praemium
3159 3389 3176 3416 ,
3216 3364 3324 3419 quo
3350 3349 3504 3421 probi

1908 3417 2237 3484 afficiuntur,
2290 3430 2375 3474 est
2419 3423 2523 3476 illis
2566 3417 2787 3477 insitum
2828 3440 2841 3475 ε
2883 3425 3004 3490 quia
3051 3423 3191 3491 quod
3224 3417 3505 3490 praemium

1910 3500 2155 3546 versatur
2174 3491 2229 3545 in
2252 3492 2579 3559 cogitatione
2608 3493 2862 3559 hominis,
2898 3494 3026 3547 illud
3053 3493 3254 3548 homini
3280 3495 3501 3549 insitum

1906 3563 2055 3617 credi
2088 3572 2267 3634 potest
2294 3579 2311 3617 :
2342 3563 2603 3633 siquidem
2636 3566 2891 3633 cogitatio
2919 3574 3002 3617 est
3050 3565 3277 3634 qualitas
3329 3566 3501 3620 menti

1907 3634 2091 3688 insita.
2139 3632 2245 3689 Sed
2292 3632 2453 3700 illud,
2496 3650 2605 3703 quo
2646 3632 2797 3705 prObi
2842 3632 3167 3698 afﬁciuntur,
3220 3638 3501 3705 premium

1908 3716 2150 3759 versatur
2181 3706 2235 3758 in
2280 3706 2605 3773 cogitatione
2638 3724 2651 3759 :
2685 3706 2817 3759 alias
2859 3708 3134 3773 praemium
3167 3709 3367 3760 bonum
3392 3722 3504 3763 non

1905 3776 2219 3846 crederetur
2249 3792 2262 3827 :
2294 3791 2415 3829 cum
2459 3792 2618 3830 nemo
2656 3777 2781 3831 boni
2815 3788 3118 3843 compotem
3138 3817 3155 3843 ,
3178 3779 3383 3846 prmum
3409 3779 3499 3846 ju-

1906 3845 2048 3899 dicet
2074 3854 2350 3913 expertem
2384 3866 2396 3899 :
2431 3847 2553 3901 hinc
2575 3848 2968 3915 quantumlibet
2998 3845 3218 3901 saaviant
3250 3850 3377 3901 mali
3401 3845 3417 3911 ,7
3441 3859 3501 3903 ut

1905 3932 2013 3969 non
2039 3916 2404 3982 contulerunt,
2430 3918 2509 3971 sic
2548 3919 2760 3972 auferre
2805 3928 3079 3986 nequeunt
3127 3918 3258 3972 illud
3305 3920 3499 3986 probo-

1906 4002 2023 4059 rum
2061 3988 2365 4054 praemium,
2397 3990 2561 4056 quod,
2598 4004 2704 4041 non
2736 3984 2837 4042 nisi
2862 3984 2997 4041 mala
3024 3990 3187 4059 ipsius
3212 3984 3491 4058 possiden-

1907 4057 1979 4110 tis
2006 4060 2298 4121 voluntate,
2332 4060 2504 4112 amitti
2539 4070 2731 4126 potest.

1977 4126 1998 4158 ³
2028 4129 2094 4181 At
2115 4129 2264 4197 cujus
2283 4131 2512 4198 prtemii,
2541 4128 2675 4201 etc.]
2700 4131 2780 4183 III.
2819 4129 2976 4184 Probi
3017 4130 3072 4184 in
3109 4130 3242 4185 deos
3262 4144 3494 4186 convero

1907 4208 2093 4252 tuntur
2140 4216 2152 4249 :
2196 4201 2498 4270 quicunque
2542 4204 2683 4255 enim
2736 4203 2871 4254 beati
2911 4213 3065 4266 sunt,
3100 4202 3182 4254 his
3215 4202 3348 4255 deos
3372 4217 3495 4257 esse

1903 4270 2202 4324 Convenit:
2248 4286 2354 4324 non
2392 4272 2608 4340 quidem
2655 4281 2873 4338 natura,
2924 4273 3018 4325 sed
3062 4273 3495 4339 necessitudine,

1902 4354 2004 4412 qua
2035 4340 2285 4412 nimirum
2318 4356 2503 4395 eorum
2535 4357 2685 4395 mens
2705 4384 2717 4403 ,
2754 4359 2857 4395 non
2887 4344 3263 4412 cognoscendo
3292 4352 3493 4408 solum,

1901 4411 1996 4463 sed
2028 4410 2187 4463 etiam
2230 4412 2460 4466 volendo
2500 4414 2554 4466 fit
2599 4428 2759 4466 tntum
2793 4410 2991 4481 ίιΙιιμιιῖΙ
3022 4429 3140 4468 cum
3177 4413 3286 4468 Deo
3314 4432 3325 4465 :
3358 4416 3498 4471 sient

1901 4481 2169 4553 corollarii
2195 4481 2360 4536 instar
2384 4496 2446 4536 ex
2476 4484 2742 4552 pracdictis
2772 4498 2929 4553 supra
2962 4485 3163 4538 illatum
3196 4494 3298 4538 est.
3334 4487 3494 4553 Atqui

1902 4551 2025 4624 boui
2065 4567 2281 4624 omnes,
2333 4551 2595 4624 quatenus
2644 4552 2725 4620 hi,
2761 4563 2816 4607 ιιι
2841 4551 3237 4623 probavimus,
3273 4551 3493 4623 praemio

1903 4621 2207 4676 afficiuntur
2234 4621 2574 4689 intrinsecus,
2604 4634 2728 4678 sunt
2768 4621 2905 4680 beati
2949 4626 3063 4681 sive
3104 4640 3224 4680 cum
3275 4621 3492 4681 Sutntno

1902 4693 2162 4765 bunoAstta
2186 4696 2509 4765 cogitatione
2543 4697 2837 4765 conjuncti.

1974 4762 1995 4793 δ
2028 4760 2102 4839 De
2124 4760 2383 4839 malorum
2427 4760 3007 4839 quoqne'inseparabili
3027 4784 3173 4839 ptrna
3192 4809 3209 4833 ,
3234 4765 3368 4839 etc.]
3402 4767 3493 4823 IV.

1905 4833 2136 4903 [mprobi
2166 4850 2196 4888 e
2226 4837 2493 4889 contrario
2536 4833 2815 4905 Suppliciis
2852 4840 2923 4891 ita
2954 4833 3265 4893 afficiuntur
3297 4833 3489 4893 initiu-

1903 4919 2081 4970 secus,
2103 4912 2159 4957 ut
2190 4907 2239 4959 in
2261 4905 2457 4960 bestias
2479 4914 2863 4963 convertantur
2891 4927 2901 4960 :
2929 4924 3050 4963 nam
3073 4910 3491 4974 contrariorum,

1905 4976 2079 5049 inquit
2119 4973 2345 5049 Tullius,
2375 4983 2640 5032 contraria
2680 4988 2805 5033 sunt
2847 4981 3231 5049 consequentia
3284 4998 3296 5033 :
3347 4973 3493 5049 atqui

1904 5042 2102 5120 bonum
2132 5056 2184 5099 et
2217 5048 2413 5100 malum
2445 5060 2569 5120 sunt
2603 5050 2867 5103 contraria
2912 5042 3285 5105 antecedentia
3309 5092 3324 5114 ,
3358 5042 3493 5120 prie-

1906 5116 2073 5191 tnium
2115 5125 2338 5191 veroret
2380 5118 2698 5186 supplicium
2748 5129 3015 5175 contraria
3066 5116 3446 5191 consequentia
3474 5164 3491 5188 ,

1905 5186 2039 5262 sive,
2072 5188 2212 5253 quod
2256 5186 2393 5262 idem
2438 5202 2539 5253 est,
2567 5191 2778 5262 adversa
2825 5196 2992 5260 fronte
3025 5186 3293 5245 dissident.
3333 5186 3494 5262 Igitur

1907 5267 1966 5330 ιιι
2008 5258 2160 5311 bouis
2192 5260 2465 5330 prtemitnn
2490 5302 2504 5324 ,
2538 5260 2617 5316 sic
2647 5263 2800 5314 malis
2826 5258 2985 5315 suum
3028 5276 3110 5316 est
3146 5258 3487 5330 supplicium.

1904 5329 2041 5393 Quin
2073 5332 2209 5382 sicut
2241 5329 2501 5383 bonorum
2546 5331 2860 5400 prmutium,
2900 5330 3058 5387 bonis
3099 5329 3371 5388 mentibus
3415 5336 3463 5388 in

1903 5401 2088 5464 situm,
2120 5408 2364 5454 versatur
2395 5400 2445 5453 in
2477 5415 2664 5455 eorum
2708 5403 3059 5471 cogitatione;
3106 5406 3174 5458 ita
3224 5406 3521 5462 malorum.

1903 5471 2246 5539 supplicium,
2279 5472 2433 5525 malis
2456 5475 2725 5527 mentibus
2754 5474 2994 5537 insitum,
3022 5482 3267 5528 γριειιιυι*
3292 5477 3492 5540 pariter

1904 5543 1957 5595 in
1987 5556 2173 5597 eorum
2202 5543 2524 5610 cogitatione
2556 5562 2566 5595 :
2597 5544 2849 5598 nimirum
2892 5546 2941 5597 in
2983 5546 3306 5600 conscientia
3340 5564 3351 5597 :
3382 5563 3491 5599 ma-

1897 5626 1998 5687 gna
2024 5614 2159 5665 enim
2182 5614 2507 5687 conscientia:
2519 5617 2591 5667 vis
2612 5624 2688 5669 est
2711 5617 2763 5667 in
2788 5625 3054 5682 utramque
3080 5627 3294 5684 partem.
3320 5617 3492 5687 inquit

1896 5684 2091 5738 Cicero
2130 5698 2225 5751 pro
2253 5685 2481 5746 Milone;
2514 5693 2569 5737 ut
2608 5700 2771 5751 neque
2812 5688 3020 5739 timeant
3062 5689 3099 5739 ii
3129 5690 3215 5754 qui
3247 5688 3370 5741 nihil
3396 5684 3491 5741 ad-

1897 5756 2166 5830 miserunt,
2191 5765 2239 5809 et
2260 5768 2465 5830 pernam
2486 5770 2687 5830 semper
2706 5757 3249 5830 anle‘ocuiospersari
3292 5770 3488 5830 putent,

1897 5826 1985 5909 qui
2006 5835 2357 5907 peccaverunt.
2383 5826 2437 5883 S.
2470 5827 2748 5896 Ambros,
2774 5843 2789 5881 ι
2816 5826 2996 5896 Offic.,
3029 5827 3234 5901 Impius
3259 5871 3274 5902 ,
3293 5826 3490 5903 inquit,
