  <div class='ocr_page' id='page_1' title='image "/cluster/home/n/w/nwhite01/storage/ocr_20150623/63/hvd.32044015469307/403.png"; bbox 0 0 3984 6382; ppageno 0'>
   <div class='ocr_carea' id='block_1_1' title="bbox 480 322 582 381">
    <p class='ocr_par' dir='ltr' id='par_1_1' title="bbox 480 322 582 381">
     <span class='ocr_line' id='line_1_1' title="bbox 480 322 582 381; baseline 0.01 -1"><span class='ocrx_word' id='word_1_1' title='bbox 480 322 582 381; x_wconf 81' lang='grc'><strong>799</strong></span> 
     </span>
    </p>
   </div>
   <div class='ocr_carea' id='block_1_2' title="bbox 1722 312 2545 375">
    <p class='ocr_par' dir='ltr' id='par_1_2' title="bbox 1722 312 2545 375">
     <span class='ocr_line' id='line_1_2' title="bbox 1722 312 2545 375; baseline -0.006 -2"><span class='ocrx_word' id='word_1_2' title='bbox 1722 319 1831 374; x_wconf 81' lang='grc' dir='ltr'><strong>ΑΝ.</strong></span> <span class='ocrx_word' id='word_1_3' title='bbox 1876 316 2087 375; x_wconf 76' lang='lat' dir='ltr'><strong>MANL.</strong></span> <span class='ocrx_word' id='word_1_4' title='bbox 2135 315 2288 372; x_wconf 67' lang='grc' dir='ltr'><strong>δεῖν.</strong></span> <span class='ocrx_word' id='word_1_5' title='bbox 2325 312 2545 371; x_wconf 82' lang='lat' dir='ltr'><strong>BOE&#39;I‘II</strong></span> 
     </span>
    </p>
   </div>
   <div class='ocr_carea' id='block_1_3' title="bbox 3658 314 3751 370">
    <p class='ocr_par' dir='ltr' id='par_1_3' title="bbox 3658 314 3751 370">
     <span class='ocr_line' id='line_1_3' title="bbox 3658 314 3751 370; baseline 0.022 -2"><span class='ocrx_word' id='word_1_6' title='bbox 3658 314 3751 370; x_wconf 85' lang='lat'><strong>800</strong></span> 
     </span>
    </p>
   </div>
   <div class='ocr_carea' id='block_1_4' title="bbox 480 425 3752 513">
    <p class='ocr_par' dir='ltr' id='par_1_4' title="bbox 480 425 3752 513">
     <span class='ocr_line' id='line_1_4' title="bbox 480 425 3752 513; baseline -0.005 -16"><span class='ocrx_word' id='word_1_7' title='bbox 480 443 634 513; x_wconf 85' lang='lat' dir='ltr'><strong>piens</strong></span> <span class='ocrx_word' id='word_1_8' title='bbox 682 447 931 512; x_wconf 91' lang='lat' dir='ltr'><strong>nequeat.</strong></span> <span class='ocrx_word' id='word_1_9' title='bbox 963 435 1095 493; x_wconf 80' lang='lat' dir='ltr'><strong>Nam</strong></span> <span class='ocrx_word' id='word_1_10' title='bbox 1138 449 1260 492; x_wconf 91' lang='lat' dir='ltr'><strong>cum</strong></span> <span class='ocrx_word' id='word_1_11' title='bbox 1311 435 1508 491; x_wconf 91' lang='lat' dir='ltr'><strong>bonum</strong></span> <span class='ocrx_word' id='word_1_12' title='bbox 1551 433 1893 505; x_wconf 73' lang='lat' dir='ltr'><strong>malumque,</strong></span> <span class='ocrx_word' id='word_1_13' title='bbox 1941 433 2066 485; x_wconf 92' lang='lat' dir='ltr'><strong>item</strong></span> <span class='ocrx_word' id='word_1_14' title='bbox 2097 434 2147 493; x_wconf 80' lang='grc' dir='ltr'><strong>Α</strong></span> <span class='ocrx_word' id='word_1_15' title='bbox 2174 444 2441 500; x_wconf 85' lang='lat' dir='ltr'><strong>quemque</strong></span> <span class='ocrx_word' id='word_1_16' title='bbox 2465 426 2759 498; x_wconf 71' lang='lat' dir='ltr'><strong>provehere</strong></span> <span class='ocrx_word' id='word_1_17' title='bbox 2785 428 2893 481; x_wconf 91' lang='lat' dir='ltr'><strong>sola</strong></span> <span class='ocrx_word' id='word_1_18' title='bbox 2930 427 3168 496; x_wconf 95' lang='lat' dir='ltr'><strong>probitas</strong></span> <span class='ocrx_word' id='word_1_19' title='bbox 3199 425 3388 497; x_wconf 85' lang='lat' dir='ltr'><strong>possit,</strong></span> <span class='ocrx_word' id='word_1_20' title='bbox 3413 440 3636 484; x_wconf 87' lang='lat' dir='ltr'><strong>necesse</strong></span> <span class='ocrx_word' id='word_1_21' title='bbox 3657 442 3752 493; x_wconf 79' lang='lat' dir='ltr'><strong>est,</strong></span> 
     </span>
    </p>
   </div>
   <div class='ocr_carea' id='block_1_5' title="bbox 479 528 2074 605">
    <p class='ocr_par' dir='ltr' id='par_1_5' title="bbox 479 528 2074 605">
     <span class='ocr_line' id='line_1_5' title="bbox 479 528 2074 605; baseline -0.008 -13"><span class='ocrx_word' id='word_1_22' title='bbox 479 550 655 605; x_wconf 65' lang='lat' dir='ltr'><strong>plenae</strong></span> <span class='ocrx_word' id='word_1_23' title='bbox 676 543 834 605; x_wconf 92' lang='lat' dir='ltr'><strong>atque</strong></span> <span class='ocrx_word' id='word_1_24' title='bbox 858 532 1135 603; x_wconf 66' lang='lat' dir='ltr'><strong>praemium</strong></span> <span class='ocrx_word' id='word_1_25' title='bbox 1160 530 1385 585; x_wconf 89' lang='lat' dir='ltr'><strong>adversa</strong></span> <span class='ocrx_word' id='word_1_26' title='bbox 1419 528 1593 584; x_wconf 91' lang='lat' dir='ltr'><strong>fronte</strong></span> <span class='ocrx_word' id='word_1_27' title='bbox 1616 528 1931 593; x_wconf 79' lang='lat' dir='ltr'><strong>dissideant,</strong></span> <span class='ocrx_word' id='word_1_28' title='bbox 1956 540 2074 596; x_wconf 61' lang='lat' dir='ltr'><strong>quae</strong></span> 
     </span>
    </p>
   </div>
   <div class='ocr_carea' id='block_1_6' title="bbox 478 618 2075 696">
    <p class='ocr_par' dir='ltr' id='par_1_6' title="bbox 478 618 2075 696">
     <span class='ocr_line' id='line_1_6' title="bbox 478 618 2075 696; baseline -0.004 -15"><span class='ocrx_word' id='word_1_29' title='bbox 478 625 532 682; x_wconf 92' lang='lat' dir='ltr'><strong>in</strong></span> <span class='ocrx_word' id='word_1_30' title='bbox 582 626 708 681; x_wconf 92' lang='lat' dir='ltr'><strong>boni</strong></span> <span class='ocrx_word' id='word_1_31' title='bbox 757 624 978 696; x_wconf 68' lang='lat' dir='ltr'><strong>praemio</strong></span> <span class='ocrx_word' id='word_1_32' title='bbox 1027 618 1270 679; x_wconf 83' lang='lat' dir='ltr'><strong>videmus</strong></span> <span class='ocrx_word' id='word_1_33' title='bbox 1310 622 1588 689; x_wconf 90' lang='lat' dir='ltr'><strong>accidere,</strong></span> <span class='ocrx_word' id='word_1_34' title='bbox 1633 620 1819 677; x_wconf 83' lang='lat' dir='ltr'><strong>eadem</strong></span> <span class='ocrx_word' id='word_1_35' title='bbox 1854 634 2075 676; x_wconf 89' lang='lat' dir='ltr'><strong>necesse</strong></span> 
     </span>
    </p>
   </div>
   <div class='ocr_carea' id='block_1_7' title="bbox 478 715 2076 788">
    <p class='ocr_par' dir='ltr' id='par_1_7' title="bbox 478 715 2076 788">
     <span class='ocr_line' id='line_1_7' title="bbox 478 715 2076 788; baseline -0.004 -13"><span class='ocrx_word' id='word_1_36' title='bbox 478 730 561 776; x_wconf 84' lang='lat' dir='ltr'><strong>est</strong></span> <span class='ocrx_word' id='word_1_37' title='bbox 594 720 646 775; x_wconf 90' lang='lat' dir='ltr'><strong>in</strong></span> <span class='ocrx_word' id='word_1_38' title='bbox 677 720 801 775; x_wconf 88' lang='lat' dir='ltr'><strong>mali</strong></span> <span class='ocrx_word' id='word_1_39' title='bbox 840 733 998 788; x_wconf 68' lang='lat' dir='ltr'><strong>paena</strong></span> <span class='ocrx_word' id='word_1_40' title='bbox 1029 718 1297 773; x_wconf 89' lang='lat' dir='ltr'><strong>contraria</strong></span> <span class='ocrx_word' id='word_1_41' title='bbox 1323 726 1475 788; x_wconf 87' lang='lat' dir='ltr'><strong>parte</strong></span> <span class='ocrx_word' id='word_1_42' title='bbox 1510 715 1894 787; x_wconf 83' lang='lat' dir='ltr'><strong>respondeant.</strong></span> <span class='ocrx_word' id='word_1_43' title='bbox 1926 715 2076 771; x_wconf 86' lang='lat' dir='ltr'><strong>Sicut</strong></span> 
     </span>
    </p>
   </div>
   <div class='ocr_carea' id='block_1_8' title="bbox 476 807 2074 885">
    <p class='ocr_par' dir='ltr' id='par_1_8' title="bbox 476 807 2074 885">
     <span class='ocr_line' id='line_1_8' title="bbox 476 807 2074 885; baseline -0.004 -18"><span class='ocrx_word' id='word_1_44' title='bbox 476 811 637 885; x_wconf 92' lang='lat' dir='ltr'><strong>igitur</strong></span> <span class='ocrx_word' id='word_1_45' title='bbox 682 810 866 883; x_wconf 86' lang='lat' dir='ltr'><strong>probis</strong></span> <span class='ocrx_word' id='word_1_46' title='bbox 908 810 1147 881; x_wconf 87' lang='lat' dir='ltr'><strong>probitas</strong></span> <span class='ocrx_word' id='word_1_47' title='bbox 1192 810 1305 881; x_wconf 87' lang='lat' dir='ltr'><strong>ipsa</strong></span> <span class='ocrx_word' id='word_1_48' title='bbox 1360 809 1418 863; x_wconf 89' lang='lat' dir='ltr'><strong>lit</strong></span> <span class='ocrx_word' id='word_1_49' title='bbox 1471 809 1785 878; x_wconf 56' lang='lat' dir='ltr'><strong>praemium;</strong></span> <span class='ocrx_word' id='word_1_50' title='bbox 1833 808 1952 881; x_wconf 78' lang='grc'><strong>(15)</strong></span> <span class='ocrx_word' id='word_1_51' title='bbox 2000 807 2074 862; x_wconf 90' lang='lat' dir='ltr'><strong>ita</strong></span> 
     </span>
    </p>
   </div>
   <div class='ocr_carea' id='block_1_9' title="bbox 476 900 2074 975">
    <p class='ocr_par' dir='ltr' id='par_1_9' title="bbox 476 900 2074 975">
     <span class='ocr_line' id='line_1_9' title="bbox 476 900 2074 975; baseline -0.003 -14"><span class='ocrx_word' id='word_1_52' title='bbox 476 904 740 975; x_wconf 86' lang='lat' dir='ltr'><strong>improbis</strong></span> <span class='ocrx_word' id='word_1_53' title='bbox 771 903 1007 975; x_wconf 86' lang='lat' dir='ltr'><strong>nequitia</strong></span> <span class='ocrx_word' id='word_1_54' title='bbox 1031 902 1355 974; x_wconf 89' lang='lat' dir='ltr'><strong>supplicium</strong></span> <span class='ocrx_word' id='word_1_55' title='bbox 1381 912 1484 958; x_wconf 86' lang='lat' dir='ltr'><strong>est.</strong></span> <span class='ocrx_word' id='word_1_56' title='bbox 1529 902 1645 957; x_wconf 78' lang='lat' dir='ltr'><strong>lam</strong></span> <span class='ocrx_word' id='word_1_57' title='bbox 1677 917 1807 958; x_wconf 91' lang='lat' dir='ltr'><strong>vero</strong></span> <span class='ocrx_word' id='word_1_58' title='bbox 1831 900 2074 972; x_wconf 85' lang='lat' dir='ltr'><strong>quisquis</strong></span> 
     </span>
    </p>
   </div>
   <div class='ocr_carea' id='block_1_10' title="bbox 476 995 2073 1070">
    <p class='ocr_par' dir='ltr' id='par_1_10' title="bbox 476 995 2073 1070">
     <span class='ocr_line' id='line_1_10' title="bbox 476 995 2073 1070; baseline -0.001 -17"><span class='ocrx_word' id='word_1_59' title='bbox 476 999 708 1055; x_wconf 89' lang='lat' dir='ltr'><strong>afﬁcitur</strong></span> <span class='ocrx_word' id='word_1_60' title='bbox 738 1013 922 1070; x_wconf 77' lang='lat' dir='ltr'><strong>poma,</strong></span> <span class='ocrx_word' id='word_1_61' title='bbox 956 999 1098 1054; x_wconf 90' lang='lat' dir='ltr'><strong>malo</strong></span> <span class='ocrx_word' id='word_1_62' title='bbox 1128 1014 1189 1054; x_wconf 87' lang='lat' dir='ltr'><strong>se</strong></span> <span class='ocrx_word' id='word_1_63' title='bbox 1209 997 1460 1053; x_wconf 80' lang='lat' dir='ltr'><strong>ali‘ectum</strong></span> <span class='ocrx_word' id='word_1_64' title='bbox 1491 1011 1610 1053; x_wconf 91' lang='lat' dir='ltr'><strong>esse</strong></span> <span class='ocrx_word' id='word_1_65' title='bbox 1636 1012 1741 1050; x_wconf 91' lang='lat' dir='ltr'><strong>non</strong></span> <span class='ocrx_word' id='word_1_66' title='bbox 1763 996 1989 1051; x_wconf 82' lang='lat' dir='ltr'><strong>dubitat.</strong></span> <span class='ocrx_word' id='word_1_67' title='bbox 2015 995 2073 1051; x_wconf 90' lang='lat' dir='ltr'><strong>Si</strong></span> 
     </span>
    </p>
   </div>
   <div class='ocr_carea' id='block_1_11' title="bbox 478 1086 2071 1162">
    <p class='ocr_par' dir='ltr' id='par_1_11' title="bbox 478 1086 2071 1162">
     <span class='ocr_line' id='line_1_11' title="bbox 478 1086 2071 1162; baseline -0.003 -17"><span class='ocrx_word' id='word_1_68' title='bbox 478 1092 640 1162; x_wconf 92' lang='lat' dir='ltr'><strong>igitur</strong></span> <span class='ocrx_word' id='word_1_69' title='bbox 678 1106 801 1147; x_wconf 91' lang='lat' dir='ltr'><strong>sese</strong></span> <span class='ocrx_word' id='word_1_70' title='bbox 846 1090 947 1160; x_wconf 91' lang='lat' dir='ltr'><strong>ipsi</strong></span> <span class='ocrx_word' id='word_1_71' title='bbox 996 1099 1021 1128; x_wconf 81' lang='grc'><strong>⁸</strong></span> <span class='ocrx_word' id='word_1_72' title='bbox 1073 1090 1341 1145; x_wconf 68' lang='lat' dir='ltr'><strong>aestimare</strong></span> <span class='ocrx_word' id='word_1_73' title='bbox 1369 1089 1563 1153; x_wconf 86' lang='lat' dir='ltr'><strong>velint,</strong></span> <span class='ocrx_word' id='word_1_74' title='bbox 1593 1096 1819 1159; x_wconf 87' lang='lat' dir='ltr'><strong>possunt</strong></span> <span class='ocrx_word' id='word_1_75' title='bbox 1862 1102 1931 1143; x_wconf 90' lang='lat' dir='ltr'><strong>ne</strong></span> <span class='ocrx_word' id='word_1_76' title='bbox 1970 1086 2071 1142; x_wconf 89' lang='lat' dir='ltr'><strong>sibi</strong></span> 
     </span>
    </p>
   </div>
   <div class='ocr_carea' id='block_1_12' title="bbox 476 1182 2075 1256">
    <p class='ocr_par' dir='ltr' id='par_1_12' title="bbox 476 1182 2075 1256">
     <span class='ocr_line' id='line_1_12' title="bbox 476 1182 2075 1256; baseline -0.002 -17"><span class='ocrx_word' id='word_1_77' title='bbox 476 1184 723 1253; x_wconf 85' lang='lat' dir='ltr'><strong>supplicii</strong></span> <span class='ocrx_word' id='word_1_78' title='bbox 754 1195 1006 1256; x_wconf 82' lang='lat' dir='ltr'><strong>expertes</strong></span> <span class='ocrx_word' id='word_1_79' title='bbox 1034 1183 1231 1248; x_wconf 89' lang='lat' dir='ltr'><strong>videri,</strong></span> <span class='ocrx_word' id='word_1_80' title='bbox 1257 1198 1393 1255; x_wconf 87' lang='lat' dir='ltr'><strong>quos</strong></span> <span class='ocrx_word' id='word_1_81' title='bbox 1418 1182 1656 1238; x_wconf 91' lang='lat' dir='ltr'><strong>omnium</strong></span> <span class='ocrx_word' id='word_1_82' title='bbox 1686 1182 1947 1237; x_wconf 90' lang='lat' dir='ltr'><strong>malorum</strong></span> <span class='ocrx_word' id='word_1_83' title='bbox 1976 1198 2075 1236; x_wconf 82' lang='lat' dir='ltr'><strong>ex-</strong></span> 
     </span>
    </p>
   </div>
   <div class='ocr_carea' id='block_1_13' title="bbox 481 1276 2076 1348">
    <p class='ocr_par' dir='ltr' id='par_1_13' title="bbox 481 1276 2076 1348">
     <span class='ocr_line' id='line_1_13' title="bbox 481 1276 2076 1348; baseline 0 -17"><span class='ocrx_word' id='word_1_84' title='bbox 481 1288 648 1335; x_wconf 88' lang='lat' dir='ltr'><strong>trema</strong></span> <span class='ocrx_word' id='word_1_85' title='bbox 681 1279 915 1348; x_wconf 88' lang='lat' dir='ltr'><strong>nequitia</strong></span> <span class='ocrx_word' id='word_1_86' title='bbox 950 1294 1056 1333; x_wconf 91' lang='lat' dir='ltr'><strong>non</strong></span> <span class='ocrx_word' id='word_1_87' title='bbox 1088 1277 1257 1333; x_wconf 86' lang='lat' dir='ltr'><strong>allicit</strong></span> <span class='ocrx_word' id='word_1_88' title='bbox 1288 1277 1469 1342; x_wconf 87' lang='lat' dir='ltr'><strong>modo,</strong></span> <span class='ocrx_word' id='word_1_89' title='bbox 1501 1292 1686 1332; x_wconf 91' lang='lat' dir='ltr'><strong>verum</strong></span> <span class='ocrx_word' id='word_1_90' title='bbox 1718 1278 1880 1332; x_wconf 85' lang='lat' dir='ltr'><strong>etiam</strong></span> <span class='ocrx_word' id='word_1_91' title='bbox 1913 1276 2076 1332; x_wconf 86' lang='lat' dir='ltr'><strong>vehe-</strong></span> 
     </span>
    </p>
   </div>
   <div class='ocr_carea' id='block_1_14' title="bbox 480 1368 2074 1439">
    <p class='ocr_par' dir='ltr' id='par_1_14' title="bbox 480 1368 2074 1439">
     <span class='ocr_line' id='line_1_14' title="bbox 480 1368 2074 1439; baseline -0.001 -14"><span class='ocrx_word' id='word_1_92' title='bbox 480 1379 692 1425; x_wconf 88' lang='lat' dir='ltr'><strong>menter</strong></span> <span class='ocrx_word' id='word_1_93' title='bbox 720 1369 920 1426; x_wconf 91' lang='lat' dir='ltr'><strong>inﬁcit?</strong></span> <span class='ocrx_word' id='word_1_94' title='bbox 946 1369 1081 1425; x_wconf 84' lang='lat' dir='ltr'><strong>Vide</strong></span> <span class='ocrx_word' id='word_1_95' title='bbox 1131 1379 1310 1425; x_wconf 92' lang='lat' dir='ltr'><strong>autem</strong></span> <span class='ocrx_word' id='word_1_96' title='bbox 1344 1384 1411 1425; x_wconf 85' lang='lat' dir='ltr'><strong>ex</strong></span> <span class='ocrx_word' id='word_1_97' title='bbox 1441 1369 1668 1423; x_wconf 89' lang='lat' dir='ltr'><strong>adversa</strong></span> <span class='ocrx_word' id='word_1_98' title='bbox 1713 1378 1867 1439; x_wconf 90' lang='lat' dir='ltr'><strong>parte</strong></span> <span class='ocrx_word' id='word_1_99' title='bbox 1906 1368 2074 1425; x_wconf 89' lang='lat' dir='ltr'><strong>bono-</strong></span> 
     </span>
    </p>
   </div>
   <div class='ocr_carea' id='block_1_15' title="bbox 478 1463 2075 1535">
    <p class='ocr_par' dir='ltr' id='par_1_15' title="bbox 478 1463 2075 1535">
     <span class='ocr_line' id='line_1_15' title="bbox 478 1463 2075 1535; baseline 0.001 -16"><span class='ocrx_word' id='word_1_100' title='bbox 478 1477 638 1529; x_wconf 91' lang='lat' dir='ltr'><strong>rum,</strong></span> <span class='ocrx_word' id='word_1_101' title='bbox 688 1479 809 1535; x_wconf 60' lang='lat' dir='ltr'><strong>quas</strong></span> <span class='ocrx_word' id='word_1_102' title='bbox 852 1464 1127 1534; x_wconf 91' lang='lat' dir='ltr'><strong>improbos</strong></span> <span class='ocrx_word' id='word_1_103' title='bbox 1170 1463 1287 1535; x_wconf 70' lang='grc' dir='ltr'><strong>(ΞΟ)</strong></span> <span class='ocrx_word' id='word_1_104' title='bbox 1332 1479 1489 1534; x_wconf 72' lang='lat' dir='ltr'><strong>poena</strong></span> <span class='ocrx_word' id='word_1_105' title='bbox 1540 1464 1847 1519; x_wconf 88' lang='lat' dir='ltr'><strong>comitetur.</strong></span> <span class='ocrx_word' id='word_1_106' title='bbox 1904 1464 2075 1521; x_wconf 83' lang='lat' dir='ltr'><strong>Omne</strong></span> 
     </span>
    </p>
   </div>
   <div class='ocr_carea' id='block_1_16' title="bbox 478 1559 2075 1629">
    <p class='ocr_par' dir='ltr' id='par_1_16' title="bbox 478 1559 2075 1629">
     <span class='ocr_line' id='line_1_16' title="bbox 478 1559 2075 1629; baseline 0.001 -15"><span class='ocrx_word' id='word_1_107' title='bbox 478 1572 731 1629; x_wconf 86' lang='lat' dir='ltr'><strong>namque,</strong></span> <span class='ocrx_word' id='word_1_108' title='bbox 775 1559 917 1629; x_wconf 90' lang='lat' dir='ltr'><strong>quod</strong></span> <span class='ocrx_word' id='word_1_109' title='bbox 969 1560 1058 1627; x_wconf 86' lang='lat' dir='ltr'><strong>sit,</strong></span> <span class='ocrx_word' id='word_1_110' title='bbox 1090 1574 1255 1614; x_wconf 91' lang='lat' dir='ltr'><strong>unum</strong></span> <span class='ocrx_word' id='word_1_111' title='bbox 1298 1572 1439 1625; x_wconf 88' lang='lat' dir='ltr'><strong>esse,</strong></span> <span class='ocrx_word' id='word_1_112' title='bbox 1478 1559 1759 1629; x_wconf 90' lang='lat' dir='ltr'><strong>ipsumque</strong></span> <span class='ocrx_word' id='word_1_113' title='bbox 1790 1573 1952 1613; x_wconf 90' lang='lat' dir='ltr'><strong>unum</strong></span> <span class='ocrx_word' id='word_1_114' title='bbox 1982 1559 2075 1615; x_wconf 86' lang='lat' dir='ltr'><strong>bo-</strong></span> 
     </span>
    </p>
   </div>
   <div class='ocr_carea' id='block_1_17' title="bbox 480 1650 2072 1722">
    <p class='ocr_par' dir='ltr' id='par_1_17' title="bbox 480 1650 2072 1722">
     <span class='ocr_line' id='line_1_17' title="bbox 480 1650 2072 1722; baseline 0.001 -17"><span class='ocrx_word' id='word_1_115' title='bbox 480 1664 608 1705; x_wconf 87' lang='lat' dir='ltr'><strong>num</strong></span> <span class='ocrx_word' id='word_1_116' title='bbox 637 1663 759 1705; x_wconf 92' lang='lat' dir='ltr'><strong>esse</strong></span> <span class='ocrx_word' id='word_1_117' title='bbox 788 1650 949 1722; x_wconf 89' lang='lat' dir='ltr'><strong>paulo</strong></span> <span class='ocrx_word' id='word_1_118' title='bbox 976 1660 1102 1706; x_wconf 89' lang='lat' dir='ltr'><strong>ante</strong></span> <span class='ocrx_word' id='word_1_119' title='bbox 1143 1651 1401 1706; x_wconf 80' lang='lat' dir='ltr'><strong>didiciSti.</strong></span> <span class='ocrx_word' id='word_1_120' title='bbox 1452 1652 1544 1706; x_wconf 87' lang='lat' dir='ltr'><strong>Cui</strong></span> <span class='ocrx_word' id='word_1_121' title='bbox 1588 1666 1924 1721; x_wconf 87' lang='lat' dir='ltr'><strong>consequens</strong></span> <span class='ocrx_word' id='word_1_122' title='bbox 1969 1661 2072 1715; x_wconf 91' lang='lat' dir='ltr'><strong>est,</strong></span> 
     </span>
    </p>
   </div>
   <div class='ocr_carea' id='block_1_18' title="bbox 478 1745 2072 1815">
    <p class='ocr_par' dir='ltr' id='par_1_18' title="bbox 478 1745 2072 1815">
     <span class='ocr_line' id='line_1_18' title="bbox 478 1745 2072 1815; baseline 0.001 -15"><span class='ocrx_word' id='word_1_123' title='bbox 478 1753 535 1800; x_wconf 87' lang='lat' dir='ltr'><strong>ut</strong></span> <span class='ocrx_word' id='word_1_124' title='bbox 558 1758 717 1800; x_wconf 91' lang='lat' dir='ltr'><strong>omne</strong></span> <span class='ocrx_word' id='word_1_125' title='bbox 739 1745 878 1815; x_wconf 91' lang='lat' dir='ltr'><strong>quod</strong></span> <span class='ocrx_word' id='word_1_126' title='bbox 906 1746 999 1810; x_wconf 89' lang='lat' dir='ltr'><strong>sit,</strong></span> <span class='ocrx_word' id='word_1_127' title='bbox 1033 1745 1083 1799; x_wconf 94' lang='lat' dir='ltr'><strong>id</strong></span> <span class='ocrx_word' id='word_1_128' title='bbox 1105 1746 1268 1801; x_wconf 88' lang='lat' dir='ltr'><strong>etiam</strong></span> <span class='ocrx_word' id='word_1_129' title='bbox 1290 1746 1490 1802; x_wconf 91' lang='lat' dir='ltr'><strong>bonum</strong></span> <span class='ocrx_word' id='word_1_130' title='bbox 1523 1761 1644 1802; x_wconf 89' lang='lat' dir='ltr'><strong>esse</strong></span> <span class='ocrx_word' id='word_1_131' title='bbox 1667 1746 1928 1803; x_wconf 89' lang='lat' dir='ltr'><strong>videatttr.</strong></span> <span class='ocrx_word' id='word_1_132' title='bbox 1960 1746 2072 1802; x_wconf 87' lang='lat' dir='ltr'><strong>Hoc</strong></span> 
     </span>
    </p>
   </div>
   <div class='ocr_carea' id='block_1_19' title="bbox 2178 520 3758 593">
    <p class='ocr_par' dir='ltr' id='par_1_19' title="bbox 2178 520 3758 593">
     <span class='ocr_line' id='line_1_19' title="bbox 2178 520 3758 593; baseline -0.003 -15"><span class='ocrx_word' id='word_1_133' title='bbox 2178 534 2235 578; x_wconf 87' lang='lat' dir='ltr'><strong>ttt</strong></span> <span class='ocrx_word' id='word_1_134' title='bbox 2262 538 2397 593; x_wconf 90' lang='lat' dir='ltr'><strong>quos</strong></span> <span class='ocrx_word' id='word_1_135' title='bbox 2423 522 2489 576; x_wconf 89' lang='lat' dir='ltr'><strong>ab</strong></span> <span class='ocrx_word' id='word_1_136' title='bbox 2517 523 2744 576; x_wconf 88' lang='lat' dir='ltr'><strong>humana</strong></span> <span class='ocrx_word' id='word_1_137' title='bbox 2770 520 3078 575; x_wconf 89' lang='lat' dir='ltr'><strong>conditione</strong></span> <span class='ocrx_word' id='word_1_138' title='bbox 3112 520 3336 589; x_wconf 85' lang='lat' dir='ltr'><strong>dejecit.</strong></span> <span class='ocrx_word' id='word_1_139' title='bbox 3366 521 3502 576; x_wconf 89' lang='lat' dir='ltr'><strong>infra</strong></span> <span class='ocrx_word' id='word_1_140' title='bbox 3533 522 3758 577; x_wconf 85' lang='lat' dir='ltr'><strong>hominis</strong></span> 
     </span>
    </p>
   </div>
   <div class='ocr_carea' id='block_1_20' title="bbox 2177 613 3756 683">
    <p class='ocr_par' dir='ltr' id='par_1_20' title="bbox 2177 613 3756 683">
     <span class='ocr_line' id='line_1_20' title="bbox 2177 613 3756 683; baseline -0.001 -12"><span class='ocrx_word' id='word_1_141' title='bbox 2177 617 2423 671; x_wconf 83' lang='lat' dir='ltr'><strong>meritum</strong></span> <span class='ocrx_word' id='word_1_142' title='bbox 2452 614 2697 669; x_wconf 89' lang='lat' dir='ltr'><strong>detrudat</strong></span> <span class='ocrx_word' id='word_1_143' title='bbox 2729 614 3063 683; x_wconf 86' lang='lat' dir='ltr'><strong>improbitas.</strong></span> <span class='ocrx_word' id='word_1_144' title='bbox 3086 613 3277 669; x_wconf 79' lang='lat' dir='ltr'><strong>Evenit</strong></span> <span class='ocrx_word' id='word_1_145' title='bbox 3306 614 3486 683; x_wconf 84' lang='lat' dir='ltr'><strong>igitur,</strong></span> <span class='ocrx_word' id='word_1_146' title='bbox 3520 623 3579 668; x_wconf 93' lang='lat' dir='ltr'><strong>ut</strong></span> <span class='ocrx_word' id='word_1_147' title='bbox 3603 631 3756 683; x_wconf 83' lang='lat' dir='ltr'><strong>quem</strong></span> 
     </span>
    </p>
   </div>
   <div class='ocr_carea' id='block_1_21' title="bbox 2178 706 3759 774">
    <p class='ocr_par' dir='ltr' id='par_1_21' title="bbox 2178 706 3759 774">
     <span class='ocr_line' id='line_1_21' title="bbox 2178 706 3759 774; baseline -0.001 -11"><span class='ocrx_word' id='word_1_148' title='bbox 2178 708 2611 763; x_wconf 88' lang='lat' dir='ltr'><strong>transformatum</strong></span> <span class='ocrx_word' id='word_1_149' title='bbox 2643 708 2786 761; x_wconf 84' lang='lat' dir='ltr'><strong>vitiis</strong></span> <span class='ocrx_word' id='word_1_150' title='bbox 2816 707 3026 774; x_wconf 88' lang='lat' dir='ltr'><strong>videas,</strong></span> <span class='ocrx_word' id='word_1_151' title='bbox 3056 706 3327 762; x_wconf 89' lang='lat' dir='ltr'><strong>hominem</strong></span> <span class='ocrx_word' id='word_1_152' title='bbox 3360 707 3628 763; x_wconf 65' lang='lat' dir='ltr'><strong>aestimare</strong></span> <span class='ocrx_word' id='word_1_153' title='bbox 3658 724 3759 761; x_wconf 90' lang='lat' dir='ltr'><strong>non</strong></span> 
     </span>
    </p>
   </div>
   <div class='ocr_carea' id='block_1_22' title="bbox 2176 797 3762 870">
    <p class='ocr_par' dir='ltr' id='par_1_22' title="bbox 2176 797 3762 870">
     <span class='ocr_line' id='line_1_22' title="bbox 2176 797 3762 870; baseline 0.001 -17"><span class='ocrx_word' id='word_1_154' title='bbox 2176 800 2371 869; x_wconf 88' lang='lat' dir='ltr'><strong>possis.</strong></span> <span class='ocrx_word' id='word_1_155' title='bbox 2406 799 2564 870; x_wconf 74' lang='lat'><strong>273</strong></span> <span class='ocrx_word' id='word_1_156' title='bbox 2606 800 2619 829; x_wconf 88' lang='grc'>¹</span> <span class='ocrx_word' id='word_1_157' title='bbox 2672 797 2697 834; x_wconf 70' lang='grc' dir='ltr'>δ</span> <span class='ocrx_word' id='word_1_158' title='bbox 2751 798 2989 854; x_wconf 79' lang='lat' dir='ltr'><strong>Avaritia</strong></span> <span class='ocrx_word' id='word_1_159' title='bbox 3038 797 3208 852; x_wconf 82' lang='lat' dir='ltr'><strong>fervet</strong></span> <span class='ocrx_word' id='word_1_160' title='bbox 3255 798 3554 855; x_wconf 90' lang='lat' dir='ltr'><strong>alienarum</strong></span> <span class='ocrx_word' id='word_1_161' title='bbox 3604 815 3762 869; x_wconf 91' lang='lat' dir='ltr'><strong>opum</strong></span> 
     </span>
    </p>
   </div>
   <div class='ocr_carea' id='block_1_23' title="bbox 2176 890 3765 961">
    <p class='ocr_par' dir='ltr' id='par_1_23' title="bbox 2176 890 3765 961">
     <span class='ocr_line' id='line_1_23' title="bbox 2176 890 3765 961; baseline -0.001 -16"><span class='ocrx_word' id='word_1_162' title='bbox 2176 893 2442 947; x_wconf 90' lang='lat' dir='ltr'><strong>violentus</strong></span> <span class='ocrx_word' id='word_1_163' title='bbox 2469 891 2725 961; x_wconf 75' lang='lat' dir='ltr'><strong>ereptor?</strong></span> <span class='ocrx_word' id='word_1_164' title='bbox 2748 890 2856 961; x_wconf 88' lang='lat' dir='ltr'><strong>lupi</strong></span> <span class='ocrx_word' id='word_1_165' title='bbox 2880 891 3113 945; x_wconf 89' lang='lat' dir='ltr'><strong>similem</strong></span> <span class='ocrx_word' id='word_1_166' title='bbox 3143 891 3366 949; x_wconf 82' lang='lat' dir='ltr'><strong>dixeris.</strong></span> <span class='ocrx_word' id='word_1_167' title='bbox 3407 905 3427 931; x_wconf 76' lang='grc' dir='ltr'><em>ε</em></span> <span class='ocrx_word' id='word_1_168' title='bbox 3461 892 3656 956; x_wconf 83' lang='lat' dir='ltr'><strong>Ferox,</strong></span> <span class='ocrx_word' id='word_1_169' title='bbox 3691 903 3765 945; x_wconf 80' lang='lat' dir='ltr'><strong>at-</strong></span> 
     </span>
    </p>
   </div>
   <div class='ocr_carea' id='block_1_24' title="bbox 2175 983 3763 1055">
    <p class='ocr_par' dir='ltr' id='par_1_24' title="bbox 2175 983 3763 1055">
     <span class='ocr_line' id='line_1_24' title="bbox 2175 983 3763 1055; baseline 0.001 -18"><span class='ocrx_word' id='word_1_170' title='bbox 2175 1000 2281 1055; x_wconf 90' lang='lat' dir='ltr'><strong>que</strong></span> <span class='ocrx_word' id='word_1_171' title='bbox 2310 984 2543 1051; x_wconf 88' lang='lat' dir='ltr'><strong>inquies,</strong></span> <span class='ocrx_word' id='word_1_172' title='bbox 2582 983 2813 1053; x_wconf 79' lang='lat' dir='ltr'><strong>linguam</strong></span> <span class='ocrx_word' id='word_1_173' title='bbox 2847 983 3027 1054; x_wconf 90' lang='lat' dir='ltr'><strong>litigiis</strong></span> <span class='ocrx_word' id='word_1_174' title='bbox 3048 986 3305 1039; x_wconf 81' lang='lat' dir='ltr'><strong>exercet?</strong></span> <span class='ocrx_word' id='word_1_175' title='bbox 3346 985 3464 1040; x_wconf 84' lang='lat' dir='ltr'><strong>cani</strong></span> <span class='ocrx_word' id='word_1_176' title='bbox 3487 999 3763 1055; x_wconf 85' lang='lat' dir='ltr'><strong>compara-</strong></span> 
     </span>
    </p>
   </div>
   <div class='ocr_carea' id='block_1_25' title="bbox 2176 1058 3763 1146">
    <p class='ocr_par' dir='ltr' id='par_1_25' title="bbox 2176 1058 3763 1146">
     <span class='ocr_line' id='line_1_25' title="bbox 2176 1058 3763 1146; baseline 0 -16"><span class='ocrx_word' id='word_1_177' title='bbox 2176 1076 2279 1131; x_wconf 90' lang='lat' dir='ltr'><strong>bis.</strong></span> <span class='ocrx_word' id='word_1_178' title='bbox 2309 1073 2335 1112; x_wconf 71' lang='grc' dir='ltr'>ἀ</span> <span class='ocrx_word' id='word_1_179' title='bbox 2365 1074 2653 1130; x_wconf 90' lang='lat' dir='ltr'><strong>lnsidiator</strong></span> <span class='ocrx_word' id='word_1_180' title='bbox 2692 1058 2915 1130; x_wconf 83' lang='lat' dir='ltr'><strong>occultis</strong></span> <span class='ocrx_word' id='word_1_181' title='bbox 2954 1075 3276 1146; x_wconf 85' lang='lat' dir='ltr'><strong>surripuisse</strong></span> <span class='ocrx_word' id='word_1_182' title='bbox 3326 1075 3600 1132; x_wconf 78' lang='lat' dir='ltr'><strong>fraudibus</strong></span> <span class='ocrx_word' id='word_1_183' title='bbox 3638 1093 3763 1146; x_wconf 87' lang='lat' dir='ltr'><strong>gau-</strong></span> 
     </span>
    </p>
   </div>
   <div class='ocr_carea' id='block_1_26' title="bbox 2175 1167 3763 1240">
    <p class='ocr_par' dir='ltr' id='par_1_26' title="bbox 2175 1167 3763 1240">
     <span class='ocr_line' id='line_1_26' title="bbox 2175 1167 3763 1240; baseline 0.001 -17"><span class='ocrx_word' id='word_1_184' title='bbox 2175 1167 2304 1224; x_wconf 86' lang='lat' dir='ltr'><strong>det?</strong></span> <span class='ocrx_word' id='word_1_185' title='bbox 2350 1168 2646 1236; x_wconf 85' lang='lat' dir='ltr'><strong>vulpeculis</strong></span> <span class='ocrx_word' id='word_1_186' title='bbox 2684 1176 3025 1239; x_wconf 60' lang='lat' dir='ltr'><strong>exaequetur.</strong></span> <span class='ocrx_word' id='word_1_187' title='bbox 3059 1177 3082 1205; x_wconf 82' lang='lat'><strong><em>°</em></strong></span> <span class='ocrx_word' id='word_1_188' title='bbox 3115 1169 3213 1223; x_wconf 63' lang='lat' dir='ltr'><strong>Irae</strong></span> <span class='ocrx_word' id='word_1_189' title='bbox 3258 1169 3624 1240; x_wconf 88' lang='lat' dir='ltr'><strong>intemperans</strong></span> <span class='ocrx_word' id='word_1_190' title='bbox 3669 1168 3763 1224; x_wconf 88' lang='lat' dir='ltr'><strong>fre-</strong></span> 
     </span>
    </p>
   </div>
   <div class='ocr_carea' id='block_1_27' title="bbox 2175 1262 3765 1336">
    <p class='ocr_par' dir='ltr' id='par_1_27' title="bbox 2175 1262 3765 1336">
     <span class='ocr_line' id='line_1_27' title="bbox 2175 1262 3765 1336; baseline 0.003 -19"><span class='ocrx_word' id='word_1_191' title='bbox 2175 1262 2310 1317; x_wconf 85' lang='lat' dir='ltr'><strong>mit?</strong></span> <span class='ocrx_word' id='word_1_192' title='bbox 2338 1262 2511 1317; x_wconf 91' lang='lat' dir='ltr'><strong>leonis</strong></span> <span class='ocrx_word' id='word_1_193' title='bbox 2540 1263 2776 1317; x_wconf 88' lang='lat' dir='ltr'><strong>anitnum</strong></span> <span class='ocrx_word' id='word_1_194' title='bbox 2808 1272 3019 1333; x_wconf 80' lang='lat' dir='ltr'><strong>gestare</strong></span> <span class='ocrx_word' id='word_1_195' title='bbox 3049 1262 3321 1319; x_wconf 90' lang='lat' dir='ltr'><strong>credatur.</strong></span> <span class='ocrx_word' id='word_1_196' title='bbox 3348 1265 3423 1336; x_wconf 67' lang='lat'><strong>(5)</strong></span> <span class='ocrx_word' id='word_1_197' title='bbox 3461 1264 3480 1302; x_wconf 71' lang='grc' dir='ltr'><em>τ</em></span> <span class='ocrx_word' id='word_1_198' title='bbox 3539 1264 3765 1322; x_wconf 85' lang='lat' dir='ltr'><strong>Pavidos</strong></span> 
     </span>
    </p>
   </div>
   <div class='ocr_carea' id='block_1_28' title="bbox 2176 1353 3765 1425">
    <p class='ocr_par' dir='ltr' id='par_1_28' title="bbox 2176 1353 3765 1425">
     <span class='ocr_line' id='line_1_28' title="bbox 2176 1353 3765 1425; baseline 0.001 -16"><span class='ocrx_word' id='word_1_199' title='bbox 2176 1368 2239 1409; x_wconf 90' lang='lat' dir='ltr'><strong>ac</strong></span> <span class='ocrx_word' id='word_1_200' title='bbox 2263 1353 2420 1425; x_wconf 85' lang='lat' dir='ltr'><strong>fugax</strong></span> <span class='ocrx_word' id='word_1_201' title='bbox 2458 1369 2563 1409; x_wconf 93' lang='lat' dir='ltr'><strong>non</strong></span> <span class='ocrx_word' id='word_1_202' title='bbox 2594 1354 2878 1409; x_wconf 89' lang='lat' dir='ltr'><strong>metuenda</strong></span> <span class='ocrx_word' id='word_1_203' title='bbox 2911 1353 3197 1409; x_wconf 84' lang='lat' dir='ltr'><strong>formidat?</strong></span> <span class='ocrx_word' id='word_1_204' title='bbox 3224 1355 3399 1411; x_wconf 88' lang='lat' dir='ltr'><strong>cervis</strong></span> <span class='ocrx_word' id='word_1_205' title='bbox 3439 1355 3629 1410; x_wconf 89' lang='lat' dir='ltr'><strong>similis</strong></span> <span class='ocrx_word' id='word_1_206' title='bbox 3672 1356 3765 1410; x_wconf 87' lang='lat' dir='ltr'><strong>ha-</strong></span> 
     </span>
    </p>
   </div>
   <div class='ocr_carea' id='block_1_29' title="bbox 2176 1446 3765 1519">
    <p class='ocr_par' dir='ltr' id='par_1_29' title="bbox 2176 1446 3765 1519">
     <span class='ocr_line' id='line_1_29' title="bbox 2176 1446 3765 1519; baseline 0.002 -17"><span class='ocrx_word' id='word_1_207' title='bbox 2176 1446 2385 1503; x_wconf 88' lang='lat' dir='ltr'><strong>beatur.</strong></span> <span class='ocrx_word' id='word_1_208' title='bbox 2419 1456 2443 1495; x_wconf 75' lang='lat'><strong>8</strong></span> <span class='ocrx_word' id='word_1_209' title='bbox 2471 1447 2684 1519; x_wconf 85' lang='lat' dir='ltr'><strong>Segnis,</strong></span> <span class='ocrx_word' id='word_1_210' title='bbox 2709 1463 2771 1501; x_wconf 89' lang='lat' dir='ltr'><strong>ac</strong></span> <span class='ocrx_word' id='word_1_211' title='bbox 2800 1448 3047 1518; x_wconf 90' lang='lat' dir='ltr'><strong>stupidus</strong></span> <span class='ocrx_word' id='word_1_212' title='bbox 3075 1452 3289 1518; x_wconf 82' lang='lat' dir='ltr'><strong>torpet?</strong></span> <span class='ocrx_word' id='word_1_213' title='bbox 3319 1451 3337 1479; x_wconf 80' lang='grc'>²</span> <span class='ocrx_word' id='word_1_214' title='bbox 3376 1449 3581 1504; x_wconf 83' lang='lat' dir='ltr'><strong>asinum</strong></span> <span class='ocrx_word' id='word_1_215' title='bbox 3612 1450 3765 1505; x_wconf 82' lang='lat' dir='ltr'><strong>vivit.</strong></span> 
     </span>
    </p>
   </div>
   <div class='ocr_carea' id='block_1_30' title="bbox 2176 1540 3769 1613">
    <p class='ocr_par' dir='ltr' id='par_1_30' title="bbox 2176 1540 3769 1613">
     <span class='ocr_line' id='line_1_30' title="bbox 2176 1540 3769 1613; baseline 0.001 -15"><span class='ocrx_word' id='word_1_216' title='bbox 2176 1540 2202 1580; x_wconf 75' lang='grc' dir='ltr'><strong>ιι</strong></span> <span class='ocrx_word' id='word_1_217' title='bbox 2233 1542 2391 1598; x_wconf 85' lang='lat' dir='ltr'><strong>Levis</strong></span> <span class='ocrx_word' id='word_1_218' title='bbox 2413 1551 2571 1610; x_wconf 90' lang='lat' dir='ltr'><strong>atque</strong></span> <span class='ocrx_word' id='word_1_219' title='bbox 2605 1543 2917 1598; x_wconf 89' lang='lat' dir='ltr'><strong>inconstans</strong></span> <span class='ocrx_word' id='word_1_220' title='bbox 2947 1541 3121 1597; x_wconf 84' lang='lat' dir='ltr'><strong>studia</strong></span> <span class='ocrx_word' id='word_1_221' title='bbox 3173 1545 3473 1613; x_wconf 85' lang='lat' dir='ltr'><strong>permutat?</strong></span> <span class='ocrx_word' id='word_1_222' title='bbox 3516 1544 3649 1598; x_wconf 90' lang='lat' dir='ltr'><strong>nihil</strong></span> <span class='ocrx_word' id='word_1_223' title='bbox 3700 1545 3769 1599; x_wconf 88' lang='lat' dir='ltr'><strong>ab</strong></span> 
     </span>
    </p>
   </div>
   <div class='ocr_carea' id='block_1_31' title="bbox 2176 1634 3769 1706">
    <p class='ocr_par' dir='ltr' id='par_1_31' title="bbox 2176 1634 3769 1706">
     <span class='ocr_line' id='line_1_31' title="bbox 2176 1634 3769 1706; baseline 0.001 -17"><span class='ocrx_word' id='word_1_224' title='bbox 2176 1636 2365 1690; x_wconf 90' lang='lat' dir='ltr'><strong>avibus</strong></span> <span class='ocrx_word' id='word_1_225' title='bbox 2385 1634 2582 1690; x_wconf 79' lang='lat' dir='ltr'><strong>differt.</strong></span> <span class='ocrx_word' id='word_1_226' title='bbox 2619 1634 2633 1673; x_wconf 80' lang='grc' dir='ltr'><strong>ί</strong></span> <span class='ocrx_word' id='word_1_227' title='bbox 2670 1635 2850 1693; x_wconf 75' lang='lat' dir='ltr'><strong>Ftedis</strong></span> <span class='ocrx_word' id='word_1_228' title='bbox 2886 1635 3285 1706; x_wconf 88' lang='lat' dir='ltr'><strong>immundisque</strong></span> <span class='ocrx_word' id='word_1_229' title='bbox 3314 1635 3631 1695; x_wconf 81' lang='lat' dir='ltr'><strong>libidinibus</strong></span> <span class='ocrx_word' id='word_1_230' title='bbox 3669 1636 3769 1690; x_wconf 89' lang='lat' dir='ltr'><strong>im-</strong></span> 
     </span>
    </p>
   </div>
   <div class='ocr_carea' id='block_1_32' title="bbox 2177 1727 3768 1799">
    <p class='ocr_par' dir='ltr' id='par_1_32' title="bbox 2177 1727 3768 1799">
     <span class='ocr_line' id='line_1_32' title="bbox 2177 1727 3768 1799; baseline 0.001 -17"><span class='ocrx_word' id='word_1_231' title='bbox 2177 1727 2473 1799; x_wconf 87' lang='lat' dir='ltr'><strong>mergitur?</strong></span> <span class='ocrx_word' id='word_1_232' title='bbox 2499 1727 2732 1783; x_wconf 72' lang='lat' dir='ltr'><strong>sordidre</strong></span> <span class='ocrx_word' id='word_1_233' title='bbox 2774 1730 2887 1784; x_wconf 91' lang='lat' dir='ltr'><strong>suis</strong></span> <span class='ocrx_word' id='word_1_234' title='bbox 2934 1728 3204 1799; x_wconf 75' lang='lat' dir='ltr'><strong>voluptate</strong></span> <span class='ocrx_word' id='word_1_235' title='bbox 3240 1729 3527 1785; x_wconf 90' lang='lat' dir='ltr'><strong>detinetur.</strong></span> <span class='ocrx_word' id='word_1_236' title='bbox 3566 1729 3639 1783; x_wconf 87' lang='lat' dir='ltr'><strong>Ita</strong></span> <span class='ocrx_word' id='word_1_237' title='bbox 3672 1729 3768 1799; x_wconf 89' lang='lat' dir='ltr'><strong>lit,</strong></span> 
     </span>
    </p>
   </div>
   <div class='ocr_carea' id='block_1_33' title="bbox 478 1817 2073 1909">
    <p class='ocr_par' dir='ltr' id='par_1_33' title="bbox 478 1834 2070 1909">
     <span class='ocr_line' id='line_1_33' title="bbox 478 1834 2070 1909; baseline 0.003 -18"><span class='ocrx_word' id='word_1_238' title='bbox 478 1834 639 1905; x_wconf 86' lang='lat' dir='ltr'><strong>igitur</strong></span> <span class='ocrx_word' id='word_1_239' title='bbox 679 1837 839 1892; x_wconf 91' lang='lat' dir='ltr'><strong>modo</strong></span> <span class='ocrx_word' id='word_1_240' title='bbox 870 1838 1125 1909; x_wconf 87' lang='lat' dir='ltr'><strong>quidquid</strong></span> <span class='ocrx_word' id='word_1_241' title='bbox 1170 1853 1198 1891; x_wconf 88' lang='lat' dir='ltr'><strong>a</strong></span> <span class='ocrx_word' id='word_1_242' title='bbox 1231 1838 1374 1893; x_wconf 91' lang='lat' dir='ltr'><strong>bono</strong></span> <span class='ocrx_word' id='word_1_243' title='bbox 1416 1839 1629 1905; x_wconf 85' lang='lat' dir='ltr'><strong>deﬁcit,</strong></span> <span class='ocrx_word' id='word_1_244' title='bbox 1661 1855 1782 1897; x_wconf 88' lang='lat' dir='ltr'><strong>esse</strong></span> <span class='ocrx_word' id='word_1_245' title='bbox 1812 1840 2021 1895; x_wconf 80' lang='lat' dir='ltr'><strong>desistit</strong></span> <span class='ocrx_word' id='word_1_246' title='bbox 2056 1857 2070 1896; x_wconf 88' lang='lat'><strong>:</strong></span> 
     </span>
    </p>
   </div>
   <div class='ocr_carea' id='block_1_34' title="bbox 2184 1817 3770 1909">
    <p class='ocr_par' dir='ltr' id='par_1_34' title="bbox 2184 1822 3770 1893">
     <span class='ocr_line' id='line_1_34' title="bbox 2184 1822 3770 1893; baseline 0 -16"><span class='ocrx_word' id='word_1_247' title='bbox 2184 1834 2235 1877; x_wconf 89' lang='lat' dir='ltr'><strong>ut</strong></span> <span class='ocrx_word' id='word_1_248' title='bbox 2256 1822 2369 1893; x_wconf 91' lang='lat' dir='ltr'><strong>qui,</strong></span> <span class='ocrx_word' id='word_1_249' title='bbox 2400 1822 2664 1892; x_wconf 88' lang='lat' dir='ltr'><strong>probitate</strong></span> <span class='ocrx_word' id='word_1_250' title='bbox 2695 1822 2931 1887; x_wconf 85' lang='lat' dir='ltr'><strong>deserta,</strong></span> <span class='ocrx_word' id='word_1_251' title='bbox 2962 1822 3123 1878; x_wconf 89' lang='lat' dir='ltr'><strong>homo</strong></span> <span class='ocrx_word' id='word_1_252' title='bbox 3150 1837 3270 1878; x_wconf 86' lang='lat' dir='ltr'><strong>esse</strong></span> <span class='ocrx_word' id='word_1_253' title='bbox 3293 1822 3533 1889; x_wconf 90' lang='lat' dir='ltr'><strong>desierit,</strong></span> <span class='ocrx_word' id='word_1_254' title='bbox 3565 1836 3686 1876; x_wconf 90' lang='lat' dir='ltr'><strong>cum</strong></span> <span class='ocrx_word' id='word_1_255' title='bbox 3716 1824 3770 1877; x_wconf 90' lang='lat' dir='ltr'><strong>in</strong></span> 
     </span>
    </p>
   </div>
   <div class='ocr_carea' id='block_1_35' title="bbox 479 1931 2075 2003">
    <p class='ocr_par' dir='ltr' id='par_1_35' title="bbox 479 1931 2075 2003">
     <span class='ocr_line' id='line_1_35' title="bbox 479 1931 2075 2003; baseline 0.003 -18"><span class='ocrx_word' id='word_1_256' title='bbox 479 1945 588 2003; x_wconf 91' lang='lat' dir='ltr'><strong>quo</strong></span> <span class='ocrx_word' id='word_1_257' title='bbox 617 1931 699 1997; x_wconf 88' lang='lat' dir='ltr'><strong>ﬁt,</strong></span> <span class='ocrx_word' id='word_1_258' title='bbox 718 1940 775 1988; x_wconf 94' lang='lat' dir='ltr'><strong>ut</strong></span> <span class='ocrx_word' id='word_1_259' title='bbox 797 1932 923 1987; x_wconf 86' lang='lat' dir='ltr'><strong>mali</strong></span> <span class='ocrx_word' id='word_1_260' title='bbox 952 1932 1198 1988; x_wconf 88' lang='lat' dir='ltr'><strong>desinant</strong></span> <span class='ocrx_word' id='word_1_261' title='bbox 1218 1948 1339 1988; x_wconf 88' lang='lat' dir='ltr'><strong>esse</strong></span> <span class='ocrx_word' id='word_1_262' title='bbox 1358 1934 1499 2001; x_wconf 89' lang='lat' dir='ltr'><strong>quod</strong></span> <span class='ocrx_word' id='word_1_263' title='bbox 1525 1932 1757 1989; x_wconf 87' lang='lat' dir='ltr'><strong>fuerant.</strong></span> <span class='ocrx_word' id='word_1_264' title='bbox 1779 1934 1884 1989; x_wconf 92' lang='lat' dir='ltr'><strong>Sed</strong></span> <span class='ocrx_word' id='word_1_265' title='bbox 1910 1933 2075 1989; x_wconf 83' lang='lat' dir='ltr'><strong>fuisse</strong></span> 
     </span>
    </p>
   </div>
   <div class='ocr_carea' id='block_1_36' title="bbox 476 2020 2077 2097">
    <p class='ocr_par' dir='ltr' id='par_1_36' title="bbox 476 2020 2077 2097">
     <span class='ocr_line' id='line_1_36' title="bbox 476 2020 2077 2097; baseline 0.003 -20"><span class='ocrx_word' id='word_1_266' title='bbox 476 2020 956 2087; x_wconf 82' lang='lat' dir='ltr'><strong>homines,-adbuc</strong></span> <span class='ocrx_word' id='word_1_267' title='bbox 979 2026 1093 2095; x_wconf 91' lang='lat' dir='ltr'><strong>ipsa</strong></span> <span class='ocrx_word' id='word_1_268' title='bbox 1124 2024 1342 2080; x_wconf 87' lang='lat' dir='ltr'><strong>humani</strong></span> <span class='ocrx_word' id='word_1_269' title='bbox 1368 2026 1614 2094; x_wconf 89' lang='lat' dir='ltr'><strong>corporis</strong></span> <span class='ocrx_word' id='word_1_270' title='bbox 1642 2026 1849 2097; x_wconf 86' lang='lat' dir='ltr'><strong>reliqua</strong></span> <span class='ocrx_word' id='word_1_271' title='bbox 1870 2028 2077 2097; x_wconf 88' lang='lat' dir='ltr'><strong>species</strong></span> 
     </span>
    </p>
   </div>
   <div class='ocr_carea' id='block_1_37' title="bbox 480 2112 2071 2187">
    <p class='ocr_par' dir='ltr' id='par_1_37' title="bbox 480 2112 2071 2187">
     <span class='ocr_line' id='line_1_37' title="bbox 480 2112 2071 2187; baseline 0.003 -19"><span class='ocrx_word' id='word_1_272' title='bbox 480 2112 595 2187; x_wconf 67' lang='lat'><strong>(25)</strong></span> <span class='ocrx_word' id='word_1_273' title='bbox 641 2124 894 2169; x_wconf 85' lang='lat' dir='ltr'><strong>ostentat.</strong></span> <span class='ocrx_word' id='word_1_274' title='bbox 935 2116 1111 2184; x_wconf 87' lang='lat' dir='ltr'><strong>Quare</strong></span> <span class='ocrx_word' id='word_1_275' title='bbox 1161 2117 1300 2171; x_wconf 85' lang='lat' dir='ltr'><strong>versi</strong></span> <span class='ocrx_word' id='word_1_276' title='bbox 1344 2118 1395 2170; x_wconf 93' lang='lat' dir='ltr'><strong>in</strong></span> <span class='ocrx_word' id='word_1_277' title='bbox 1443 2118 1731 2187; x_wconf 90' lang='lat' dir='ltr'><strong>malitiam,</strong></span> <span class='ocrx_word' id='word_1_278' title='bbox 1786 2118 2071 2175; x_wconf 90' lang='lat' dir='ltr'><strong>humanam</strong></span> 
     </span>
    </p>
   </div>
   <div class='ocr_carea' id='block_1_38' title="bbox 477 2210 2075 2278">
    <p class='ocr_par' dir='ltr' id='par_1_38' title="bbox 477 2210 2075 2278">
     <span class='ocr_line' id='line_1_38' title="bbox 477 2210 2075 2278; baseline 0.004 -16"><span class='ocrx_word' id='word_1_279' title='bbox 477 2220 689 2278; x_wconf 85' lang='lat' dir='ltr'><strong>quoque</strong></span> <span class='ocrx_word' id='word_1_280' title='bbox 733 2212 963 2266; x_wconf 89' lang='lat' dir='ltr'><strong>amisere</strong></span> <span class='ocrx_word' id='word_1_281' title='bbox 1013 2222 1280 2267; x_wconf 86' lang='lat' dir='ltr'><strong>naturam.</strong></span> <span class='ocrx_word' id='word_1_282' title='bbox 1330 2210 1434 2267; x_wconf 89' lang='lat' dir='ltr'><strong>Sed</strong></span> <span class='ocrx_word' id='word_1_283' title='bbox 1483 2226 1604 2268; x_wconf 91' lang='lat' dir='ltr'><strong>cum</strong></span> <span class='ocrx_word' id='word_1_284' title='bbox 1647 2213 1782 2270; x_wconf 91' lang='lat' dir='ltr'><strong>ultra</strong></span> <span class='ocrx_word' id='word_1_285' title='bbox 1831 2215 2075 2269; x_wconf 86' lang='lat' dir='ltr'><strong>homines</strong></span> 
     </span>
    </p>
   </div>
   <div class='ocr_carea' id='block_1_39' title="bbox 2179 1914 3769 1988">
    <p class='ocr_par' dir='ltr' id='par_1_39' title="bbox 2179 1914 3769 1988">
     <span class='ocr_line' id='line_1_39' title="bbox 2179 1914 3769 1988; baseline 0.001 -19"><span class='ocrx_word' id='word_1_286' title='bbox 2179 1914 2414 1971; x_wconf 91' lang='lat' dir='ltr'><strong>divinam</strong></span> <span class='ocrx_word' id='word_1_287' title='bbox 2444 1916 2808 1972; x_wconf 90' lang='lat' dir='ltr'><strong>conditionem</strong></span> <span class='ocrx_word' id='word_1_288' title='bbox 2840 1917 2956 1988; x_wconf 78' lang='lat'><strong>(10)</strong></span> <span class='ocrx_word' id='word_1_289' title='bbox 2985 1918 3213 1973; x_wconf 89' lang='lat' dir='ltr'><strong>transire</strong></span> <span class='ocrx_word' id='word_1_290' title='bbox 3245 1932 3349 1971; x_wconf 92' lang='lat' dir='ltr'><strong>non</strong></span> <span class='ocrx_word' id='word_1_291' title='bbox 3384 1916 3568 1987; x_wconf 88' lang='lat' dir='ltr'><strong>possit,</strong></span> <span class='ocrx_word' id='word_1_292' title='bbox 3595 1926 3769 1971; x_wconf 86' lang='lat' dir='ltr'><strong>verta-</strong></span> 
     </span>
    </p>
   </div>
   <div class='ocr_carea' id='block_1_40' title="bbox 2181 2007 2631 2063">
    <p class='ocr_par' dir='ltr' id='par_1_40' title="bbox 2181 2007 2631 2063">
     <span class='ocr_line' id='line_1_40' title="bbox 2181 2007 2631 2063; baseline 0.004 -2"><span class='ocrx_word' id='word_1_293' title='bbox 2181 2016 2267 2062; x_wconf 90' lang='lat' dir='ltr'><strong>tur</strong></span> <span class='ocrx_word' id='word_1_294' title='bbox 2298 2008 2353 2062; x_wconf 89' lang='lat' dir='ltr'><strong>in</strong></span> <span class='ocrx_word' id='word_1_295' title='bbox 2379 2007 2631 2063; x_wconf 89' lang='lat' dir='ltr'><strong>belluam.</strong></span> 
     </span>
    </p>
   </div>
   <div class='ocr_carea' id='block_1_41' title="bbox 2635 2079 3312 2153">
    <p class='ocr_par' dir='ltr' id='par_1_41' title="bbox 2635 2079 3312 2153">
     <span class='ocr_line' id='line_1_41' title="bbox 2635 2079 3312 2153; baseline 0 -17"><span class='ocrx_word' id='word_1_296' title='bbox 2635 2080 2798 2153; x_wconf 65' lang='lat'><strong>27!.</strong></span> <span class='ocrx_word' id='word_1_297' title='bbox 2835 2079 3125 2136; x_wconf 68' lang='lat' dir='ltr'><strong>uernum</strong></span> <span class='ocrx_word' id='word_1_298' title='bbox 3168 2084 3187 2104; x_wconf 73' lang='grc' dir='ltr'><strong>ο</strong></span> <span class='ocrx_word' id='word_1_299' title='bbox 3227 2079 3312 2136; x_wconf 93' lang='lat' dir='ltr'><strong>lll.</strong></span> 
     </span>
    </p>
   </div>
   <div class='ocr_carea' id='block_1_42' title="bbox 2184 2170 3770 2242">
    <p class='ocr_par' dir='ltr' id='par_1_42' title="bbox 2184 2170 3770 2242">
     <span class='ocr_line' id='line_1_42' title="bbox 2184 2170 3770 2242; baseline 0 -16"><span class='ocrx_word' id='word_1_300' title='bbox 2184 2170 2667 2227; x_wconf 72' lang='lat' dir='ltr'><strong>Ancuunnruu.-—-</strong></span> <span class='ocrx_word' id='word_1_301' title='bbox 2692 2173 2829 2236; x_wconf 84' lang='lat' dir='ltr'><strong>Quin</strong></span> <span class='ocrx_word' id='word_1_302' title='bbox 2858 2174 2983 2227; x_wconf 90' lang='lat' dir='ltr'><strong>mali</strong></span> <span class='ocrx_word' id='word_1_303' title='bbox 3009 2189 3197 2236; x_wconf 86' lang='lat' dir='ltr'><strong>mores,</strong></span> <span class='ocrx_word' id='word_1_304' title='bbox 3224 2173 3389 2242; x_wconf 80' lang='lat' dir='ltr'><strong>inquit</strong></span> <span class='ocrx_word' id='word_1_305' title='bbox 3413 2171 3770 2239; x_wconf 73' lang='lat' dir='ltr'><strong>Philosophia,</strong></span> 
     </span>
    </p>
   </div>
   <div class='ocr_carea' id='block_1_43' title="bbox 2256 2242 3775 2315">
    <p class='ocr_par' dir='ltr' id='par_1_43' title="bbox 2256 2242 3775 2315">
     <span class='ocr_line' id='line_1_43' title="bbox 2256 2242 3775 2315; baseline -0.001 -18"><span class='ocrx_word' id='word_1_306' title='bbox 2256 2242 2461 2299; x_wconf 63' lang='grc' dir='ltr'><strong>εἰν·οωὶε</strong></span> <span class='ocrx_word' id='word_1_307' title='bbox 2504 2244 2815 2299; x_wconf 78' lang='lat' dir='ltr'><strong>carminibus</strong></span> <span class='ocrx_word' id='word_1_308' title='bbox 2849 2242 3180 2315; x_wconf 84' lang='lat' dir='ltr'><strong>poteittiores,</strong></span> <span class='ocrx_word' id='word_1_309' title='bbox 3229 2261 3331 2297; x_wconf 89' lang='lat' dir='ltr'><strong>non</strong></span> <span class='ocrx_word' id='word_1_310' title='bbox 3374 2245 3537 2298; x_wconf 89' lang='lat' dir='ltr'><strong>instar</strong></span> <span class='ocrx_word' id='word_1_311' title='bbox 3570 2244 3775 2309; x_wconf 78' lang='lat' dir='ltr'><strong>borum,</strong></span> 
     </span>
    </p>
   </div>
   <div class='ocr_carea' id='block_1_44' title="bbox 1839 2328 2420 2392">
    <p class='ocr_par' dir='ltr' id='par_1_44' title="bbox 1839 2328 2420 2392">
     <span class='ocr_line' id='line_1_44' title="bbox 1839 2328 2420 2392; baseline 0.012 -9"><span class='ocrx_word' id='word_1_312' title='bbox 1839 2328 2420 2392; x_wconf 79' lang='lat' dir='ltr'><strong>INTERPRETATIO.</strong></span> 
     </span>
    </p>
   </div>
   <div class='ocr_carea' id='block_1_45' title="bbox 550 2416 875 2473">
    <p class='ocr_par' dir='ltr' id='par_1_45' title="bbox 550 2416 875 2473">
     <span class='ocr_line' id='line_1_45' title="bbox 550 2416 875 2473; baseline 0 -2"><span class='ocrx_word' id='word_1_313' title='bbox 550 2425 579 2454; x_wconf 70' lang='grc' dir='ltr'><strong><em>λ</em></strong></span> <span class='ocrx_word' id='word_1_314' title='bbox 609 2416 875 2473; x_wconf 76' lang='lat' dir='ltr'><strong>Judicare.</strong></span> 
     </span>
    </p>
   </div>
   <div class='ocr_carea' id='block_1_46' title="bbox 550 2486 968 2562">
    <p class='ocr_par' dir='ltr' id='par_1_46' title="bbox 550 2486 968 2562">
     <span class='ocr_line' id='line_1_46' title="bbox 550 2486 968 2562; baseline 0.007 -21"><span class='ocrx_word' id='word_1_315' title='bbox 550 2486 577 2527; x_wconf 73' lang='grc' dir='ltr'><strong>ι’</strong></span> <span class='ocrx_word' id='word_1_316' title='bbox 599 2490 799 2562; x_wconf 81' lang='lat' dir='ltr'><strong>A_varus</strong></span> <span class='ocrx_word' id='word_1_317' title='bbox 828 2494 968 2562; x_wconf 83' lang='lat' dir='ltr'><strong>lupo.</strong></span> 
     </span>
    </p>
   </div>
   <div class='ocr_carea' id='block_1_47' title="bbox 552 2558 1045 2628">
    <p class='ocr_par' dir='ltr' id='par_1_47' title="bbox 552 2558 1045 2628">
     <span class='ocr_line' id='line_1_47' title="bbox 552 2558 1045 2628; baseline 0.008 -16"><span class='ocrx_word' id='word_1_318' title='bbox 552 2570 573 2628; x_wconf 58' lang='grc' dir='ltr'>ς</span> <span class='ocrx_word' id='word_1_319' title='bbox 607 2558 892 2628; x_wconf 68' lang='grc' dir='ltr'><strong>ιὲιὶρίοευέ</strong></span> <span class='ocrx_word' id='word_1_320' title='bbox 911 2564 1045 2617; x_wconf 87' lang='lat' dir='ltr'><strong>cuni.</strong></span> 
     </span>
    </p>
   </div>
   <div class='ocr_carea' id='block_1_48' title="bbox 550 2626 1087 2701">
    <p class='ocr_par' dir='ltr' id='par_1_48' title="bbox 550 2626 1087 2701">
     <span class='ocr_line' id='line_1_48' title="bbox 550 2626 1087 2701; baseline 0.007 -17"><span class='ocrx_word' id='word_1_321' title='bbox 550 2626 578 2667; x_wconf 72' lang='grc' dir='ltr'>ἀ</span> <span class='ocrx_word' id='word_1_322' title='bbox 608 2626 894 2701; x_wconf 85' lang='lat' dir='ltr'><strong>lnsidiator</strong></span> <span class='ocrx_word' id='word_1_323' title='bbox 925 2634 1087 2701; x_wconf 82' lang='lat' dir='ltr'><strong>vulpi.</strong></span> 
     </span>
    </p>
   </div>
   <div class='ocr_carea' id='block_1_49' title="bbox 552 2700 1088 2758">
    <p class='ocr_par' dir='ltr' id='par_1_49' title="bbox 552 2700 1088 2758">
     <span class='ocr_line' id='line_1_49' title="bbox 552 2700 1088 2758; baseline 0.007 -3"><span class='ocrx_word' id='word_1_324' title='bbox 552 2711 577 2739; x_wconf 73' lang='grc'><strong><em>⁸</em></strong></span> <span class='ocrx_word' id='word_1_325' title='bbox 611 2700 640 2755; x_wconf 92' lang='grc' dir='ltr'><strong><em>Ι</em></strong></span> <span class='ocrx_word' id='word_1_326' title='bbox 644 2704 844 2756; x_wconf 87' lang='lat' dir='ltr'><strong>racund</strong></span> <span class='ocrx_word' id='word_1_327' title='bbox 849 2721 906 2757; x_wconf 92' lang='lat' dir='ltr'><strong>us</strong></span> <span class='ocrx_word' id='word_1_328' title='bbox 937 2700 1070 2758; x_wconf 82' lang='lat' dir='ltr'><strong>leoni</strong></span> <span class='ocrx_word' id='word_1_329' title='bbox 1076 2746 1088 2758; x_wconf 93' lang='lat'><strong>.</strong></span> 
     </span>
    </p>
   </div>
   <div class='ocr_carea' id='block_1_50' title="bbox 553 2772 1019 2831">
    <p class='ocr_par' dir='ltr' id='par_1_50' title="bbox 553 2772 1019 2831">
     <span class='ocr_line' id='line_1_50' title="bbox 553 2772 1019 2831; baseline 0.013 -6"><span class='ocrx_word' id='word_1_330' title='bbox 553 2772 573 2811; x_wconf 69' lang='grc' dir='ltr'>ί</span> <span class='ocrx_word' id='word_1_331' title='bbox 607 2772 831 2831; x_wconf 86' lang='lat' dir='ltr'><strong>lanavus</strong></span> <span class='ocrx_word' id='word_1_332' title='bbox 856 2791 1019 2831; x_wconf 82' lang='lat' dir='ltr'><strong>cervo.</strong></span> 
     </span>
    </p>
   </div>
   <div class='ocr_carea' id='block_1_51' title="bbox 551 2846 958 2915">
    <p class='ocr_par' dir='ltr' id='par_1_51' title="bbox 551 2846 958 2915">
     <span class='ocr_line' id='line_1_51' title="bbox 551 2846 958 2915; baseline 0.012 -19"><span class='ocrx_word' id='word_1_333' title='bbox 551 2852 577 2915; x_wconf 65' lang='grc' dir='ltr'>β</span> <span class='ocrx_word' id='word_1_334' title='bbox 610 2846 767 2915; x_wconf 87' lang='lat' dir='ltr'><strong>Piger</strong></span> <span class='ocrx_word' id='word_1_335' title='bbox 791 2846 958 2901; x_wconf 85' lang='lat' dir='ltr'><strong>asino.</strong></span> 
     </span>
    </p>
   </div>
   <div class='ocr_carea' id='block_1_52' title="bbox 544 2911 1001 2992">
    <p class='ocr_par' dir='ltr' id='par_1_52' title="bbox 544 2911 1001 2992">
     <span class='ocr_line' id='line_1_52' title="bbox 544 2911 1001 2992; baseline 0.007 -23"><span class='ocrx_word' id='word_1_336' title='bbox 544 2911 575 2992; x_wconf 62' lang='lat'><strong>1}</strong></span> <span class='ocrx_word' id='word_1_337' title='bbox 616 2911 885 2992; x_wconf 55' lang='lat' dir='ltr'><strong>Eolaticus</strong></span> <span class='ocrx_word' id='word_1_338' title='bbox 901 2919 1001 2972; x_wconf 82' lang='lat' dir='ltr'><strong>avi.</strong></span> 
     </span>
    </p>
   </div>
   <div class='ocr_carea' id='block_1_53' title="bbox 552 2985 1353 3059">
    <p class='ocr_par' dir='ltr' id='par_1_53' title="bbox 552 2985 1353 3059">
     <span class='ocr_line' id='line_1_53' title="bbox 552 2985 1353 3059; baseline 0.011 -20"><span class='ocrx_word' id='word_1_339' title='bbox 552 2985 568 3024; x_wconf 66' lang='grc' dir='ltr'><strong>ί</strong></span> <span class='ocrx_word' id='word_1_340' title='bbox 616 2985 950 3056; x_wconf 84' lang='lat' dir='ltr'><strong>Voluptarius</strong></span> <span class='ocrx_word' id='word_1_341' title='bbox 976 3006 1130 3059; x_wconf 85' lang='lat' dir='ltr'><strong>porco</strong></span> <span class='ocrx_word' id='word_1_342' title='bbox 1150 2991 1353 3048; x_wconf 87' lang='lat' dir='ltr'><strong>similis.</strong></span> 
     </span>
    </p>
   </div>
   <div class='ocr_carea' id='block_1_54' title="bbox 2099 2972 2148 3039">
    <p class='ocr_par' dir='ltr' id='par_1_54' title="bbox 2099 2972 2148 3039">
     <span class='ocr_line' id='line_1_54' title="bbox 2099 2972 2148 3039; baseline 0 0"><span class='ocrx_word' id='word_1_343' title='bbox 2099 2972 2148 3039; x_wconf 91' lang='lat' dir='ltr'><strong><em>C</em></strong></span> 
     </span>
    </p>
   </div>
   <div class='ocr_carea' id='block_1_55' title="bbox 2266 2430 3776 2502">
    <p class='ocr_par' dir='ltr' id='par_1_55' title="bbox 2266 2430 3776 2502">
     <span class='ocr_line' id='line_1_55' title="bbox 2266 2430 3776 2502; baseline -0.001 -17"><span class='ocrx_word' id='word_1_344' title='bbox 2266 2430 2459 2497; x_wconf 85' lang='lat' dir='ltr'><strong>Navis,</strong></span> <span class='ocrx_word' id='word_1_345' title='bbox 2491 2449 2591 2501; x_wconf 89' lang='lat' dir='ltr'><strong>qua</strong></span> <span class='ocrx_word' id='word_1_346' title='bbox 2630 2433 2737 2486; x_wconf 72' lang='lat' dir='ltr'><strong>duo:</strong></span> <span class='ocrx_word' id='word_1_347' title='bbox 2767 2431 2973 2502; x_wconf 82' lang='lat' dir='ltr'><strong>Ulysses</strong></span> <span class='ocrx_word' id='word_1_348' title='bbox 3017 2447 3138 2486; x_wconf 86' lang='lat' dir='ltr'><strong>cum</strong></span> <span class='ocrx_word' id='word_1_349' title='bbox 3167 2432 3330 2486; x_wconf 86' lang='lat' dir='ltr'><strong>sociis</strong></span> <span class='ocrx_word' id='word_1_350' title='bbox 3356 2431 3635 2500; x_wconf 76' lang='lat' dir='ltr'><strong>ferebatur,</strong></span> <span class='ocrx_word' id='word_1_351' title='bbox 3668 2444 3776 2494; x_wconf 81' lang='lat' dir='ltr'><strong>post</strong></span> 
     </span>
    </p>
   </div>
   <div class='ocr_carea' id='block_1_56' title="bbox 2180 2502 3772 2569">
    <p class='ocr_par' dir='ltr' id='par_1_56' title="bbox 2180 2502 3772 2569">
     <span class='ocr_line' id='line_1_56' title="bbox 2180 2502 3772 2569; baseline -0.001 -14"><span class='ocrx_word' id='word_1_352' title='bbox 2180 2504 2348 2555; x_wconf 83' lang='lat' dir='ltr'><strong>varios</strong></span> <span class='ocrx_word' id='word_1_353' title='bbox 2369 2520 2563 2557; x_wconf 86' lang='lat' dir='ltr'><strong>errores</strong></span> <span class='ocrx_word' id='word_1_354' title='bbox 2585 2506 2636 2556; x_wconf 92' lang='lat' dir='ltr'><strong>in</strong></span> <span class='ocrx_word' id='word_1_355' title='bbox 2670 2505 2818 2569; x_wconf 85' lang='lat' dir='ltr'><strong>mari,</strong></span> <span class='ocrx_word' id='word_1_356' title='bbox 2848 2504 3005 2556; x_wconf 79' lang='lat' dir='ltr'><strong>rentis</strong></span> <span class='ocrx_word' id='word_1_357' title='bbox 3034 2504 3259 2555; x_wconf 86' lang='lat' dir='ltr'><strong>adducta</strong></span> <span class='ocrx_word' id='word_1_358' title='bbox 3287 2502 3451 2555; x_wconf 87' lang='lat' dir='ltr'><strong>estad</strong></span> <span class='ocrx_word' id='word_1_359' title='bbox 3480 2503 3704 2554; x_wconf 81' lang='lat' dir='ltr'><strong>insulnm</strong></span> <span class='ocrx_word' id='word_1_360' title='bbox 3724 2506 3772 2555; x_wconf 83' lang='lat' dir='ltr'><strong>in</strong></span> 
     </span>
    </p>
   </div>
   <div class='ocr_carea' id='block_1_57' title="bbox 2178 2572 3773 2645">
    <p class='ocr_par' dir='ltr' id='par_1_57' title="bbox 2178 2572 3773 2645">
     <span class='ocr_line' id='line_1_57' title="bbox 2178 2572 3773 2645; baseline 0 -20"><span class='ocrx_word' id='word_1_361' title='bbox 2178 2590 2279 2642; x_wconf 90' lang='lat' dir='ltr'><strong>qua</strong></span> <span class='ocrx_word' id='word_1_362' title='bbox 2307 2572 2471 2638; x_wconf 82' lang='lat' dir='ltr'><strong>Circe,</strong></span> <span class='ocrx_word' id='word_1_363' title='bbox 2500 2576 2597 2628; x_wconf 86' lang='lat' dir='ltr'><strong>dea</strong></span> <span class='ocrx_word' id='word_1_364' title='bbox 2621 2575 2857 2645; x_wconf 87' lang='lat' dir='ltr'><strong>pulchra,</strong></span> <span class='ocrx_word' id='word_1_365' title='bbox 2885 2591 2915 2626; x_wconf 94' lang='lat' dir='ltr'><strong>a</strong></span> <span class='ocrx_word' id='word_1_366' title='bbox 2950 2573 3073 2629; x_wconf 83' lang='lat' dir='ltr'><strong>Sole</strong></span> <span class='ocrx_word' id='word_1_367' title='bbox 3101 2584 3243 2645; x_wconf 87' lang='lat' dir='ltr'><strong>nata,</strong></span> <span class='ocrx_word' id='word_1_368' title='bbox 3273 2574 3507 2645; x_wconf 82' lang='lat' dir='ltr'><strong>habitans</strong></span> <span class='ocrx_word' id='word_1_369' title='bbox 3539 2578 3773 2641; x_wconf 84' lang='lat' dir='ltr'><strong>prapinat</strong></span> 
     </span>
    </p>
   </div>
   <div class='ocr_carea' id='block_1_58' title="bbox 2180 2644 3774 2710">
    <p class='ocr_par' dir='ltr' id='par_1_58' title="bbox 2180 2644 3774 2710">
     <span class='ocr_line' id='line_1_58' title="bbox 2180 2644 3774 2710; baseline -0.001 -14"><span class='ocrx_word' id='word_1_370' title='bbox 2180 2646 2364 2699; x_wconf 80' lang='lat' dir='ltr'><strong>calices</strong></span> <span class='ocrx_word' id='word_1_371' title='bbox 2395 2644 2678 2699; x_wconf 72' lang='lat' dir='ltr'><strong>incantatus</strong></span> <span class='ocrx_word' id='word_1_372' title='bbox 2701 2646 2907 2699; x_wconf 86' lang='lat' dir='ltr'><strong>advenis</strong></span> <span class='ocrx_word' id='word_1_373' title='bbox 2934 2646 3096 2697; x_wconf 81' lang='lat' dir='ltr'><strong>novis.</strong></span> <span class='ocrx_word' id='word_1_374' title='bbox 3128 2644 3266 2709; x_wconf 84' lang='lat' dir='ltr'><strong>Quos</strong></span> <span class='ocrx_word' id='word_1_375' title='bbox 3290 2645 3375 2697; x_wconf 90' lang='lat' dir='ltr'><strong>ubi</strong></span> <span class='ocrx_word' id='word_1_376' title='bbox 3402 2644 3570 2707; x_wconf 81' lang='lat' dir='ltr'><strong>Circe,</strong></span> <span class='ocrx_word' id='word_1_377' title='bbox 3599 2655 3774 2710; x_wconf 81' lang='lat' dir='ltr'><strong>potens</strong></span> 
     </span>
    </p>
   </div>
   <div class='ocr_carea' id='block_1_59' title="bbox 2180 2713 3773 2784">
    <p class='ocr_par' dir='ltr' id='par_1_59' title="bbox 2180 2713 3773 2784">
     <span class='ocr_line' id='line_1_59' title="bbox 2180 2713 3773 2784; baseline 0.001 -19"><span class='ocrx_word' id='word_1_378' title='bbox 2180 2713 2366 2780; x_wconf 80' lang='lat' dir='ltr'><strong>herbis,</strong></span> <span class='ocrx_word' id='word_1_379' title='bbox 2393 2720 2603 2768; x_wconf 82' lang='lat' dir='ltr'><strong>mutavit</strong></span> <span class='ocrx_word' id='word_1_380' title='bbox 2635 2718 2685 2769; x_wconf 86' lang='lat' dir='ltr'><strong>in</strong></span> <span class='ocrx_word' id='word_1_381' title='bbox 2718 2718 2913 2784; x_wconf 77' lang='lat' dir='ltr'><strong>formas</strong></span> <span class='ocrx_word' id='word_1_382' title='bbox 2943 2717 3187 2782; x_wconf 81' lang='lat' dir='ltr'><strong>diversas,</strong></span> <span class='ocrx_word' id='word_1_383' title='bbox 3218 2732 3347 2767; x_wconf 88' lang='lat' dir='ltr'><strong>unus</strong></span> <span class='ocrx_word' id='word_1_384' title='bbox 3376 2715 3546 2767; x_wconf 82' lang='lat' dir='ltr'><strong>induit</strong></span> <span class='ocrx_word' id='word_1_385' title='bbox 3579 2719 3773 2768; x_wconf 78' lang='lat' dir='ltr'><strong>rultunt</strong></span> 
     </span>
    </p>
   </div>
   <div class='ocr_carea' id='block_1_60' title="bbox 2176 2786 3769 2857">
    <p class='ocr_par' dir='ltr' id='par_1_60' title="bbox 2176 2786 3769 2857">
     <span class='ocr_line' id='line_1_60' title="bbox 2176 2786 3769 2857; baseline -0.002 -18"><span class='ocrx_word' id='word_1_386' title='bbox 2176 2788 2291 2855; x_wconf 88' lang='lat' dir='ltr'><strong>apri</strong></span> <span class='ocrx_word' id='word_1_387' title='bbox 2308 2804 2325 2849; x_wconf 73' lang='grc' dir='ltr'><em>ς</em></span> <span class='ocrx_word' id='word_1_388' title='bbox 2353 2788 2482 2842; x_wconf 82' lang='lat' dir='ltr'><strong>alter</strong></span> <span class='ocrx_word' id='word_1_389' title='bbox 2511 2786 2682 2840; x_wconf 76' lang='lat' dir='ltr'><strong>factus</strong></span> <span class='ocrx_word' id='word_1_390' title='bbox 2708 2792 2786 2840; x_wconf 87' lang='lat' dir='ltr'><strong>leo</strong></span> <span class='ocrx_word' id='word_1_391' title='bbox 2813 2788 3087 2857; x_wconf 77' lang='lat' dir='ltr'><strong>Africanus</strong></span> <span class='ocrx_word' id='word_1_392' title='bbox 3116 2788 3295 2838; x_wconf 81' lang='lat' dir='ltr'><strong>crescit</strong></span> <span class='ocrx_word' id='word_1_393' title='bbox 3323 2786 3561 2839; x_wconf 87' lang='lat' dir='ltr'><strong>dentibus</strong></span> <span class='ocrx_word' id='word_1_394' title='bbox 3588 2804 3769 2855; x_wconf 80' lang='lat' dir='ltr'><strong>ungui-</strong></span> 
     </span>
    </p>
   </div>
   <div class='ocr_carea' id='block_1_61' title="bbox 2177 2857 3771 2927">
    <p class='ocr_par' dir='ltr' id='par_1_61' title="bbox 2177 2857 3771 2927">
     <span class='ocr_line' id='line_1_61' title="bbox 2177 2857 3771 2927; baseline -0.001 -18"><span class='ocrx_word' id='word_1_395' title='bbox 2177 2858 2368 2927; x_wconf 88' lang='lat' dir='ltr'><strong>busque</strong></span> <span class='ocrx_word' id='word_1_396' title='bbox 2396 2873 2414 2912; x_wconf 93' lang='lat'><strong><em>:</em></strong></span> <span class='ocrx_word' id='word_1_397' title='bbox 2444 2859 2527 2912; x_wconf 87' lang='lat' dir='ltr'><strong>Itie</strong></span> <span class='ocrx_word' id='word_1_398' title='bbox 2570 2871 2931 2911; x_wconf 89' lang='lat' dir='ltr'><strong>annumeratus</strong></span> <span class='ocrx_word' id='word_1_399' title='bbox 2976 2859 3109 2925; x_wconf 85' lang='lat' dir='ltr'><strong>lupis</strong></span> <span class='ocrx_word' id='word_1_400' title='bbox 3150 2857 3337 2920; x_wconf 85' lang='lat' dir='ltr'><strong>ululat,</strong></span> <span class='ocrx_word' id='word_1_401' title='bbox 3392 2873 3506 2908; x_wconf 79' lang='lat' dir='ltr'><strong>cun:</strong></span> <span class='ocrx_word' id='word_1_402' title='bbox 3561 2868 3771 2909; x_wconf 77' lang='lat' dir='ltr'><strong>conatur</strong></span> 
     </span>
    </p>
   </div>
   <div class='ocr_carea' id='block_1_62' title="bbox 2177 2928 3778 3000">
    <p class='ocr_par' dir='ltr' id='par_1_62' title="bbox 2177 2928 3778 3000">
     <span class='ocr_line' id='line_1_62' title="bbox 2177 2928 3778 3000; baseline 0.002 -19"><span class='ocrx_word' id='word_1_403' title='bbox 2177 2930 2389 3000; x_wconf 87' lang='lat' dir='ltr'><strong>lugere;</strong></span> <span class='ocrx_word' id='word_1_404' title='bbox 2415 2930 2503 2983; x_wconf 84' lang='lat' dir='ltr'><strong>ille</strong></span> <span class='ocrx_word' id='word_1_405' title='bbox 2551 2930 2683 2983; x_wconf 88' lang='lat' dir='ltr'><strong>velut</strong></span> <span class='ocrx_word' id='word_1_406' title='bbox 2727 2930 2869 3000; x_wconf 81' lang='lat' dir='ltr'><strong>tigris</strong></span> <span class='ocrx_word' id='word_1_407' title='bbox 2902 2928 3070 2983; x_wconf 78' lang='lat' dir='ltr'><strong>India:</strong></span> <span class='ocrx_word' id='word_1_408' title='bbox 3113 2929 3295 2982; x_wconf 83' lang='lat' dir='ltr'><strong>circuit</strong></span> <span class='ocrx_word' id='word_1_409' title='bbox 3326 2928 3529 2995; x_wconf 81' lang='lat' dir='ltr'><strong>domos,</strong></span> <span class='ocrx_word' id='word_1_410' title='bbox 3561 2929 3778 2984; x_wconf 72' lang='lat' dir='ltr'><strong>clemens</strong></span> 
     </span>
    </p>
   </div>
   <div class='ocr_carea' id='block_1_63' title="bbox 2006 3108 2237 3165">
    <p class='ocr_par' dir='ltr' id='par_1_63' title="bbox 2006 3108 2237 3165">
     <span class='ocr_line' id='line_1_63' title="bbox 2006 3108 2237 3165; baseline -0.013 -1"><span class='ocrx_word' id='word_1_411' title='bbox 2006 3108 2237 3165; x_wconf 66' lang='lat' dir='ltr'><strong>NOT/E.</strong></span> 
     </span>
    </p>
   </div>
   <div class='ocr_carea' id='block_1_64' title="bbox 476 3196 2068 3274">
    <p class='ocr_par' dir='ltr' id='par_1_64' title="bbox 476 3196 2068 3274">
     <span class='ocr_line' id='line_1_64' title="bbox 476 3196 2068 3274; baseline 0.004 -24"><span class='ocrx_word' id='word_1_412' title='bbox 476 3196 583 3269; x_wconf 86' lang='lat' dir='ltr'><strong>ipse</strong></span> <span class='ocrx_word' id='word_1_413' title='bbox 602 3197 700 3251; x_wconf 83' lang='lat' dir='ltr'><strong>sibi</strong></span> <span class='ocrx_word' id='word_1_414' title='bbox 719 3214 869 3274; x_wconf 69' lang='lat' dir='ltr'><strong>plena</strong></span> <span class='ocrx_word' id='word_1_415' title='bbox 896 3206 993 3263; x_wconf 87' lang='lat' dir='ltr'><strong>est,</strong></span> <span class='ocrx_word' id='word_1_416' title='bbox 1006 3202 1184 3270; x_wconf 88' lang='lat' dir='ltr'><strong>justus</strong></span> <span class='ocrx_word' id='word_1_417' title='bbox 1214 3211 1382 3254; x_wconf 87' lang='lat' dir='ltr'><strong>autem</strong></span> <span class='ocrx_word' id='word_1_418' title='bbox 1408 3202 1517 3271; x_wconf 89' lang='lat' dir='ltr'><strong>ipse</strong></span> <span class='ocrx_word' id='word_1_419' title='bbox 1536 3202 1631 3255; x_wconf 90' lang='lat' dir='ltr'><strong>sibi</strong></span> <span class='ocrx_word' id='word_1_420' title='bbox 1653 3204 1838 3274; x_wconf 85' lang='lat' dir='ltr'><strong>gratia,</strong></span> <span class='ocrx_word' id='word_1_421' title='bbox 1862 3212 1917 3257; x_wconf 87' lang='lat' dir='ltr'><strong>ttt</strong></span> <span class='ocrx_word' id='word_1_422' title='bbox 1938 3204 2068 3257; x_wconf 87' lang='lat' dir='ltr'><strong>utri-</strong></span> 
     </span>
    </p>
   </div>
   <div class='ocr_carea' id='block_1_65' title="bbox 476 3270 2069 3341">
    <p class='ocr_par' dir='ltr' id='par_1_65' title="bbox 476 3270 2069 3341">
     <span class='ocr_line' id='line_1_65' title="bbox 476 3270 2069 3341; baseline 0.005 -21"><span class='ocrx_word' id='word_1_423' title='bbox 476 3284 569 3340; x_wconf 75' lang='lat' dir='ltr'><strong>que</strong></span> <span class='ocrx_word' id='word_1_424' title='bbox 597 3278 685 3321; x_wconf 89' lang='lat' dir='ltr'><strong>aut</strong></span> <span class='ocrx_word' id='word_1_425' title='bbox 712 3270 960 3341; x_wconf 80' lang='lat' dir='ltr'><strong>bonorum</strong></span> <span class='ocrx_word' id='word_1_426' title='bbox 980 3282 1071 3324; x_wconf 92' lang='lat' dir='ltr'><strong>aut</strong></span> <span class='ocrx_word' id='word_1_427' title='bbox 1096 3274 1349 3325; x_wconf 90' lang='lat' dir='ltr'><strong>malorum</strong></span> <span class='ocrx_word' id='word_1_428' title='bbox 1377 3270 1584 3341; x_wconf 81' lang='lat' dir='ltr'><strong>operum</strong></span> <span class='ocrx_word' id='word_1_429' title='bbox 1614 3270 1799 3327; x_wconf 69' lang='lat' dir='ltr'><strong>merces</strong></span> <span class='ocrx_word' id='word_1_430' title='bbox 1820 3290 1883 3328; x_wconf 77' lang='lat' dir='ltr'><strong>ex</strong></span> <span class='ocrx_word' id='word_1_431' title='bbox 1902 3275 2069 3340; x_wconf 87' lang='lat' dir='ltr'><strong>seipso</strong></span> 
     </span>
    </p>
   </div>
   <div class='ocr_carea' id='block_1_66' title="bbox 476 3340 2069 3414">
    <p class='ocr_par' dir='ltr' id='par_1_66' title="bbox 476 3340 2069 3414">
     <span class='ocr_line' id='line_1_66' title="bbox 476 3340 2069 3414; baseline 0.004 -21"><span class='ocrx_word' id='word_1_432' title='bbox 476 3341 724 3414; x_wconf 71' lang='lat' dir='ltr'><strong>solvatur.</strong></span> <span class='ocrx_word' id='word_1_433' title='bbox 752 3340 991 3414; x_wconf 85' lang='lat' dir='ltr'><strong>Denique</strong></span> <span class='ocrx_word' id='word_1_434' title='bbox 1019 3342 1159 3397; x_wconf 88' lang='lat' dir='ltr'><strong>sicut</strong></span> <span class='ocrx_word' id='word_1_435' title='bbox 1184 3344 1353 3397; x_wconf 92' lang='lat' dir='ltr'><strong>bonus</strong></span> <span class='ocrx_word' id='word_1_436' title='bbox 1380 3358 1475 3398; x_wconf 89' lang='lat' dir='ltr'><strong>sua</strong></span> <span class='ocrx_word' id='word_1_437' title='bbox 1500 3344 1638 3397; x_wconf 90' lang='lat' dir='ltr'><strong>bona</strong></span> <span class='ocrx_word' id='word_1_438' title='bbox 1661 3346 1990 3414; x_wconf 84' lang='lat' dir='ltr'><strong>cogitatione</strong></span> <span class='ocrx_word' id='word_1_439' title='bbox 2012 3345 2069 3399; x_wconf 89' lang='lat' dir='ltr'><strong>ﬁt</strong></span> 
     </span>
    </p>
   </div>
   <div class='ocr_carea' id='block_1_67' title="bbox 477 3410 2070 3484">
    <p class='ocr_par' dir='ltr' id='par_1_67' title="bbox 477 3410 2070 3484">
     <span class='ocr_line' id='line_1_67' title="bbox 477 3410 2070 3484; baseline 0.004 -19"><span class='ocrx_word' id='word_1_440' title='bbox 477 3410 641 3484; x_wconf 82' lang='lat' dir='ltr'><strong>deus;</strong></span> <span class='ocrx_word' id='word_1_441' title='bbox 669 3412 747 3465; x_wconf 90' lang='lat' dir='ltr'><strong>sic</strong></span> <span class='ocrx_word' id='word_1_442' title='bbox 775 3412 947 3465; x_wconf 92' lang='lat' dir='ltr'><strong>malus</strong></span> <span class='ocrx_word' id='word_1_443' title='bbox 986 3427 1080 3466; x_wconf 90' lang='lat' dir='ltr'><strong>sua</strong></span> <span class='ocrx_word' id='word_1_444' title='bbox 1110 3414 1247 3466; x_wconf 83' lang='lat' dir='ltr'><strong>mala</strong></span> <span class='ocrx_word' id='word_1_445' title='bbox 1291 3415 1615 3484; x_wconf 87' lang='lat' dir='ltr'><strong>cogitatione</strong></span> <span class='ocrx_word' id='word_1_446' title='bbox 1662 3410 1948 3471; x_wconf 51' lang='lat' dir='ltr'><strong>ﬁt&#39;bestia.</strong></span> <span class='ocrx_word' id='word_1_447' title='bbox 1977 3415 2070 3470; x_wconf 83' lang='lat' dir='ltr'><strong>Ni-</strong></span> 
     </span>
    </p>
   </div>
   <div class='ocr_carea' id='block_1_68' title="bbox 479 3481 2070 3542">
    <p class='ocr_par' dir='ltr' id='par_1_68' title="bbox 479 3481 2070 3542">
     <span class='ocr_line' id='line_1_68' title="bbox 479 3481 2070 3542; baseline 0.003 -7"><span class='ocrx_word' id='word_1_448' title='bbox 479 3481 674 3535; x_wconf 89' lang='lat' dir='ltr'><strong>mirum</strong></span> <span class='ocrx_word' id='word_1_449' title='bbox 708 3497 858 3537; x_wconf 90' lang='lat' dir='ltr'><strong>mens</strong></span> <span class='ocrx_word' id='word_1_450' title='bbox 891 3485 1120 3538; x_wconf 85' lang='lat' dir='ltr'><strong>humana</strong></span> <span class='ocrx_word' id='word_1_451' title='bbox 1153 3486 1223 3538; x_wconf 86' lang='lat' dir='ltr'><strong>ita</strong></span> <span class='ocrx_word' id='word_1_452' title='bbox 1252 3481 1428 3541; x_wconf 79' lang='lat' dir='ltr'><strong>media</strong></span> <span class='ocrx_word' id='word_1_453' title='bbox 1469 3496 1553 3542; x_wconf 90' lang='lat' dir='ltr'><strong>est</strong></span> <span class='ocrx_word' id='word_1_454' title='bbox 1600 3487 1739 3541; x_wconf 91' lang='lat' dir='ltr'><strong>inter</strong></span> <span class='ocrx_word' id='word_1_455' title='bbox 1782 3490 1943 3542; x_wconf 89' lang='lat' dir='ltr'><strong>Deum</strong></span> <span class='ocrx_word' id='word_1_456' title='bbox 1976 3502 2070 3540; x_wconf 89' lang='lat' dir='ltr'><strong>au-</strong></span> 
     </span>
    </p>
   </div>
   <div class='ocr_carea' id='block_1_69' title="bbox 477 3558 2068 3627">
    <p class='ocr_par' dir='ltr' id='par_1_69' title="bbox 477 3558 2068 3627">
     <span class='ocr_line' id='line_1_69' title="bbox 477 3558 2068 3627; baseline 0.004 -22"><span class='ocrx_word' id='word_1_457' title='bbox 477 3562 704 3627; x_wconf 73' lang='lat' dir='ltr'><strong>ctorem,</strong></span> <span class='ocrx_word' id='word_1_458' title='bbox 733 3562 788 3608; x_wconf 92' lang='lat' dir='ltr'><strong>et</strong></span> <span class='ocrx_word' id='word_1_459' title='bbox 815 3567 1013 3627; x_wconf 84' lang='lat' dir='ltr'><strong>corpus</strong></span> <span class='ocrx_word' id='word_1_460' title='bbox 1042 3570 1287 3621; x_wconf 85' lang='lat' dir='ltr'><strong>consors,</strong></span> <span class='ocrx_word' id='word_1_461' title='bbox 1319 3566 1376 3609; x_wconf 90' lang='lat' dir='ltr'><strong>ut</strong></span> <span class='ocrx_word' id='word_1_462' title='bbox 1404 3572 1498 3625; x_wconf 91' lang='lat' dir='ltr'><strong>pro</strong></span> <span class='ocrx_word' id='word_1_463' title='bbox 1539 3558 1686 3612; x_wconf 77' lang='lat' dir='ltr'><strong>varia</strong></span> <span class='ocrx_word' id='word_1_464' title='bbox 1729 3573 1822 3613; x_wconf 90' lang='lat' dir='ltr'><strong>sua</strong></span> <span class='ocrx_word' id='word_1_465' title='bbox 1865 3559 2068 3627; x_wconf 89' lang='lat' dir='ltr'><strong>cogita-</strong></span> 
     </span>
    </p>
   </div>
   <div class='ocr_carea' id='block_1_70' title="bbox 478 3623 2064 3697">
    <p class='ocr_par' dir='ltr' id='par_1_70' title="bbox 478 3623 2064 3697">
     <span class='ocr_line' id='line_1_70' title="bbox 478 3623 2064 3697; baseline 0.004 -20"><span class='ocrx_word' id='word_1_466' title='bbox 478 3623 644 3686; x_wconf 88' lang='lat' dir='ltr'><strong>tione,</strong></span> <span class='ocrx_word' id='word_1_467' title='bbox 671 3625 811 3679; x_wconf 88' lang='lat' dir='ltr'><strong>bona</strong></span> <span class='ocrx_word' id='word_1_468' title='bbox 840 3625 1048 3680; x_wconf 87' lang='lat' dir='ltr'><strong>scilicet</strong></span> <span class='ocrx_word' id='word_1_469' title='bbox 1082 3627 1179 3697; x_wconf 10' lang='lat' dir='ltr'><strong>vel,</strong></span> <span class='ocrx_word' id='word_1_470' title='bbox 1208 3627 1367 3691; x_wconf 88' lang='lat' dir='ltr'><strong>mala,</strong></span> <span class='ocrx_word' id='word_1_471' title='bbox 1398 3623 1478 3682; x_wconf 81' lang='lat' dir='ltr'><strong>vel</strong></span> <span class='ocrx_word' id='word_1_472' title='bbox 1509 3644 1629 3683; x_wconf 90' lang='lat' dir='ltr'><strong>cum</strong></span> <span class='ocrx_word' id='word_1_473' title='bbox 1660 3628 1796 3697; x_wconf 88' lang='lat' dir='ltr'><strong>Deo,</strong></span> <span class='ocrx_word' id='word_1_474' title='bbox 1828 3630 1911 3684; x_wconf 89' lang='lat' dir='ltr'><strong>vel</strong></span> <span class='ocrx_word' id='word_1_475' title='bbox 1936 3623 2064 3684; x_wconf 73' lang='lat' dir='ltr'><strong>cum</strong></span> 
     </span>
    </p>
   </div>
   <div class='ocr_carea' id='block_1_71' title="bbox 478 3696 2069 3772">
    <p class='ocr_par' dir='ltr' id='par_1_71' title="bbox 478 3696 2069 3772">
     <span class='ocr_line' id='line_1_71' title="bbox 478 3696 2069 3772; baseline 0.006 -24"><span class='ocrx_word' id='word_1_476' title='bbox 478 3705 1019 3772; x_wconf 32' lang='lat' dir='ltr'><strong>corporencontracta</strong></span> <span class='ocrx_word' id='word_1_477' title='bbox 1046 3696 1276 3767; x_wconf 88' lang='lat' dir='ltr'><strong>quadam</strong></span> <span class='ocrx_word' id='word_1_478' title='bbox 1300 3700 1716 3763; x_wconf 70' lang='lat' dir='ltr'><strong>necessitudine,</strong></span> <span class='ocrx_word' id='word_1_479' title='bbox 1748 3696 1837 3755; x_wconf 85' lang='lat' dir='ltr'><strong>fiat</strong></span> <span class='ocrx_word' id='word_1_480' title='bbox 1866 3701 2069 3772; x_wconf 84' lang='lat' dir='ltr'><strong>aliquid</strong></span> 
     </span>
    </p>
   </div>
   <div class='ocr_carea' id='block_1_72' title="bbox 480 3767 2074 3831">
    <p class='ocr_par' dir='ltr' id='par_1_72' title="bbox 480 3767 2074 3831">
     <span class='ocr_line' id='line_1_72' title="bbox 480 3767 2074 3831; baseline 0.008 -14"><span class='ocrx_word' id='word_1_481' title='bbox 480 3780 666 3818; x_wconf 90' lang='lat' dir='ltr'><strong>unum.</strong></span> <span class='ocrx_word' id='word_1_482' title='bbox 707 3767 1068 3831; x_wconf 81' lang='lat' dir='ltr'><strong>Quamobrem</strong></span> <span class='ocrx_word' id='word_1_483' title='bbox 1112 3783 1234 3822; x_wconf 90' lang='lat' dir='ltr'><strong>cum</strong></span> <span class='ocrx_word' id='word_1_484' title='bbox 1284 3778 1432 3823; x_wconf 91' lang='lat' dir='ltr'><strong>tanta</strong></span> <span class='ocrx_word' id='word_1_485' title='bbox 1473 3772 1544 3824; x_wconf 87' lang='lat' dir='ltr'><strong>sit</strong></span> <span class='ocrx_word' id='word_1_486' title='bbox 1587 3772 1887 3829; x_wconf 86' lang='lat' dir='ltr'><strong>similitudo</strong></span> <span class='ocrx_word' id='word_1_487' title='bbox 1934 3767 2074 3829; x_wconf 79' lang='lat' dir='ltr'><strong>inter</strong></span> 
     </span>
    </p>
   </div>
   <div class='ocr_carea' id='block_1_73' title="bbox 478 3836 2073 3913">
    <p class='ocr_par' dir='ltr' id='par_1_73' title="bbox 478 3836 2073 3913">
     <span class='ocr_line' id='line_1_73' title="bbox 478 3836 2073 3913; baseline 0.005 -22"><span class='ocrx_word' id='word_1_488' title='bbox 478 3851 677 3913; x_wconf 81' lang='lat' dir='ltr'><strong>corpus</strong></span> <span class='ocrx_word' id='word_1_489' title='bbox 725 3836 960 3913; x_wconf 76' lang='lat' dir='ltr'><strong>hominis</strong></span> <span class='ocrx_word' id='word_1_490' title='bbox 997 3847 1287 3913; x_wconf 7' lang='lat' dir='ltr'><strong>etgcorpus</strong></span> <span class='ocrx_word' id='word_1_491' title='bbox 1327 3841 1541 3907; x_wconf 68' lang='lat' dir='ltr'><strong>bestiae,</strong></span> <span class='ocrx_word' id='word_1_492' title='bbox 1574 3852 1633 3897; x_wconf 91' lang='lat' dir='ltr'><strong>ut</strong></span> <span class='ocrx_word' id='word_1_493' title='bbox 1661 3844 1805 3912; x_wconf 87' lang='lat' dir='ltr'><strong>prius</strong></span> <span class='ocrx_word' id='word_1_494' title='bbox 1833 3863 1861 3899; x_wconf 88' lang='lat' dir='ltr'><strong>a</strong></span> <span class='ocrx_word' id='word_1_495' title='bbox 1895 3856 2073 3913; x_wconf 90' lang='lat' dir='ltr'><strong>poste-</strong></span> 
     </span>
    </p>
   </div>
   <div class='ocr_carea' id='block_1_74' title="bbox 478 3908 2073 3995">
    <p class='ocr_par' dir='ltr' id='par_1_74' title="bbox 478 3908 2073 3995">
     <span class='ocr_line' id='line_1_74' title="bbox 478 3908 2073 3995; baseline 0.007 -39"><span class='ocrx_word' id='word_1_496' title='bbox 478 3908 607 3995; x_wconf 61' lang='lat' dir='ltr'><strong>riori</strong></span> <span class='ocrx_word' id='word_1_497' title='bbox 632 3923 738 3995; x_wconf 68' lang='lat' dir='ltr'><strong>non</strong></span> <span class='ocrx_word' id='word_1_498' title='bbox 760 3908 993 3995; x_wconf 72' lang='lat' dir='ltr'><strong>dill&#39;eral,</strong></span> <span class='ocrx_word' id='word_1_499' title='bbox 1020 3911 1120 3964; x_wconf 87' lang='lat' dir='ltr'><strong>nisi</strong></span> <span class='ocrx_word' id='word_1_500' title='bbox 1143 3925 1309 3995; x_wconf 78' lang='lat' dir='ltr'><strong>penes</strong></span> <span class='ocrx_word' id='word_1_501' title='bbox 1328 3924 1582 3995; x_wconf 71' lang='lat' dir='ltr'><strong>mentem,</strong></span> <span class='ocrx_word' id='word_1_502' title='bbox 1608 3908 2073 3995; x_wconf 45' lang='lat' dir='ltr'><strong>qnainlIorrnatur,</strong></span> 
     </span>
    </p>
   </div>
   <div class='ocr_carea' id='block_1_75' title="bbox 477 3978 2074 4053">
    <p class='ocr_par' dir='ltr' id='par_1_75' title="bbox 477 3978 2074 4053">
     <span class='ocr_line' id='line_1_75' title="bbox 477 3978 2074 4053; baseline 0 -19"><span class='ocrx_word' id='word_1_503' title='bbox 477 3978 675 4053; x_wconf 86' lang='lat' dir='ltr'><strong>idcirco</strong></span> <span class='ocrx_word' id='word_1_504' title='bbox 707 3980 867 4053; x_wconf 82' lang='lat' dir='ltr'><strong>homo</strong></span> <span class='ocrx_word' id='word_1_505' title='bbox 897 3980 1102 4036; x_wconf 87' lang='lat' dir='ltr'><strong>ratione</strong></span> <span class='ocrx_word' id='word_1_506' title='bbox 1120 3978 1275 4036; x_wconf 78' lang='lat' dir='ltr'><strong>make</strong></span> <span class='ocrx_word' id='word_1_507' title='bbox 1289 3998 1402 4037; x_wconf 75' lang='lat' dir='ltr'><strong>sum</strong></span> <span class='ocrx_word' id='word_1_508' title='bbox 1428 3978 1762 4053; x_wconf 82' lang='lat' dir='ltr'><strong>cogitationis</strong></span> <span class='ocrx_word' id='word_1_509' title='bbox 1785 3984 1841 4036; x_wconf 89' lang='lat' dir='ltr'><strong>ﬁt</strong></span> <span class='ocrx_word' id='word_1_510' title='bbox 1879 3985 2074 4038; x_wconf 73' lang='lat' dir='ltr'><strong>bestia:</strong></span> 
     </span>
    </p>
   </div>
   <div class='ocr_carea' id='block_1_76' title="bbox 478 4051 2086 4122">
    <p class='ocr_par' dir='ltr' id='par_1_76' title="bbox 478 4051 2086 4122">
     <span class='ocr_line' id='line_1_76' title="bbox 478 4051 2086 4122; baseline 0.004 -20"><span class='ocrx_word' id='word_1_511' title='bbox 478 4051 618 4119; x_wconf 90' lang='lat' dir='ltr'><strong>quod</strong></span> <span class='ocrx_word' id='word_1_512' title='bbox 653 4051 944 4118; x_wconf 87' lang='lat' dir='ltr'><strong>prohibens</strong></span> <span class='ocrx_word' id='word_1_513' title='bbox 974 4055 1229 4121; x_wconf 84' lang='lat' dir='ltr'><strong>propheta</strong></span> <span class='ocrx_word' id='word_1_514' title='bbox 1256 4069 1375 4119; x_wconf 78' lang='lat' dir='ltr'><strong>rex,</strong></span> <span class='ocrx_word' id='word_1_515' title='bbox 1407 4051 1541 4122; x_wconf 86' lang='lat' dir='ltr'><strong>psal.</strong></span> <span class='ocrx_word' id='word_1_516' title='bbox 1576 4069 1698 4107; x_wconf 87' lang='lat' dir='ltr'><strong>xxxt</strong></span> <span class='ocrx_word' id='word_1_517' title='bbox 1731 4072 1744 4107; x_wconf 90' lang='lat'><strong>:</strong></span> <span class='ocrx_word' id='word_1_518' title='bbox 1782 4053 1977 4117; x_wconf 82' lang='lat' dir='ltr'><strong>Nolite,</strong></span> <span class='ocrx_word' id='word_1_519' title='bbox 2004 4054 2086 4108; x_wconf 93' lang='lat' dir='ltr'><strong>in-</strong></span> 
     </span>
    </p>
   </div>
   <div class='ocr_carea' id='block_1_77' title="bbox 476 4122 2079 4193">
    <p class='ocr_par' dir='ltr' id='par_1_77' title="bbox 476 4122 2079 4193">
     <span class='ocr_line' id='line_1_77' title="bbox 476 4122 2079 4193; baseline 0.003 -19"><span class='ocrx_word' id='word_1_520' title='bbox 476 4122 610 4191; x_wconf 85' lang='lat' dir='ltr'><strong>quit,</strong></span> <span class='ocrx_word' id='word_1_521' title='bbox 634 4122 748 4189; x_wconf 82' lang='lat' dir='ltr'><strong>ﬁeri</strong></span> <span class='ocrx_word' id='word_1_522' title='bbox 762 4123 1066 4192; x_wconf 80' lang='lat' dir='ltr'><strong>sicutequus</strong></span> <span class='ocrx_word' id='word_1_523' title='bbox 1083 4135 1130 4178; x_wconf 81' lang='lat' dir='ltr'><strong>et</strong></span> <span class='ocrx_word' id='word_1_524' title='bbox 1150 4124 1343 4187; x_wconf 88' lang='lat' dir='ltr'><strong>mulus,</strong></span> <span class='ocrx_word' id='word_1_525' title='bbox 1364 4126 1542 4193; x_wconf 86' lang='lat' dir='ltr'><strong>quibus</strong></span> <span class='ocrx_word' id='word_1_526' title='bbox 1565 4140 1665 4177; x_wconf 89' lang='lat' dir='ltr'><strong>non</strong></span> <span class='ocrx_word' id='word_1_527' title='bbox 1687 4133 1758 4177; x_wconf 82' lang='lat' dir='ltr'><strong>est</strong></span> <span class='ocrx_word' id='word_1_528' title='bbox 1775 4125 2079 4179; x_wconf 86' lang='lat' dir='ltr'><strong>intellectus.</strong></span> 
     </span>
    </p>
   </div>
   <div class='ocr_carea' id='block_1_78' title="bbox 553 4212 2077 4286">
    <p class='ocr_par' dir='ltr' id='par_1_78' title="bbox 553 4212 2077 4286">
     <span class='ocr_line' id='line_1_78' title="bbox 553 4212 2077 4286; baseline 0.001 -20"><span class='ocrx_word' id='word_1_529' title='bbox 553 4213 569 4286; x_wconf 61' lang='grc' dir='ltr'>ξ</span> <span class='ocrx_word' id='word_1_530' title='bbox 610 4214 838 4267; x_wconf 81' lang='lat' dir='ltr'><strong>Avaritia</strong></span> <span class='ocrx_word' id='word_1_531' title='bbox 864 4214 1041 4283; x_wconf 76' lang='lat' dir='ltr'><strong>fervet,</strong></span> <span class='ocrx_word' id='word_1_532' title='bbox 1066 4212 1199 4286; x_wconf 89' lang='lat' dir='ltr'><strong>etc.]</strong></span> <span class='ocrx_word' id='word_1_533' title='bbox 1236 4216 1327 4271; x_wconf 84' lang='lat' dir='ltr'><strong>Sic</strong></span> <span class='ocrx_word' id='word_1_534' title='bbox 1356 4231 1553 4270; x_wconf 84' lang='lat' dir='ltr'><strong>avarus</strong></span> <span class='ocrx_word' id='word_1_535' title='bbox 1581 4216 1775 4269; x_wconf 90' lang='lat' dir='ltr'><strong>similis</strong></span> <span class='ocrx_word' id='word_1_536' title='bbox 1797 4224 1880 4269; x_wconf 90' lang='lat' dir='ltr'><strong>est</strong></span> <span class='ocrx_word' id='word_1_537' title='bbox 1908 4216 2034 4283; x_wconf 90' lang='lat' dir='ltr'><strong>lupo</strong></span> <span class='ocrx_word' id='word_1_538' title='bbox 2063 4229 2077 4267; x_wconf 89' lang='lat'><strong>:</strong></span> 
     </span>
    </p>
   </div>
   <div class='ocr_carea' id='block_1_79' title="bbox 479 4284 2080 4354">
    <p class='ocr_par' dir='ltr' id='par_1_79' title="bbox 479 4284 2080 4354">
     <span class='ocr_line' id='line_1_79' title="bbox 479 4284 2080 4354; baseline 0.002 -17"><span class='ocrx_word' id='word_1_539' title='bbox 479 4284 604 4354; x_wconf 86' lang='lat' dir='ltr'><strong>quia</strong></span> <span class='ocrx_word' id='word_1_540' title='bbox 634 4286 792 4354; x_wconf 90' lang='lat' dir='ltr'><strong>lupus</strong></span> <span class='ocrx_word' id='word_1_541' title='bbox 813 4295 897 4340; x_wconf 92' lang='lat' dir='ltr'><strong>est</strong></span> <span class='ocrx_word' id='word_1_542' title='bbox 924 4286 1123 4339; x_wconf 87' lang='lat' dir='ltr'><strong>animal</strong></span> <span class='ocrx_word' id='word_1_543' title='bbox 1159 4284 1565 4341; x_wconf 84' lang='lat' dir='ltr'><strong>voracissimurn</strong></span> <span class='ocrx_word' id='word_1_544' title='bbox 1600 4304 1611 4338; x_wconf 91' lang='lat'>:</span> <span class='ocrx_word' id='word_1_545' title='bbox 1653 4286 1796 4341; x_wconf 90' lang='lat' dir='ltr'><strong>unde</strong></span> <span class='ocrx_word' id='word_1_546' title='bbox 1835 4288 2080 4341; x_wconf 88' lang='lat' dir='ltr'><strong>meretri-</strong></span> 
     </span>
    </p>
   </div>
   <div class='ocr_carea' id='block_1_80' title="bbox 478 4356 2073 4427">
    <p class='ocr_par' dir='ltr' id='par_1_80' title="bbox 478 4356 2073 4427">
     <span class='ocr_line' id='line_1_80' title="bbox 478 4356 2073 4427; baseline 0.003 -19"><span class='ocrx_word' id='word_1_547' title='bbox 478 4368 592 4427; x_wconf 81' lang='lat' dir='ltr'><strong>ces,</strong></span> <span class='ocrx_word' id='word_1_548' title='bbox 618 4356 758 4424; x_wconf 89' lang='lat' dir='ltr'><strong>quod</strong></span> <span class='ocrx_word' id='word_1_549' title='bbox 783 4357 1031 4425; x_wconf 89' lang='lat' dir='ltr'><strong>luporum</strong></span> <span class='ocrx_word' id='word_1_550' title='bbox 1055 4358 1249 4423; x_wconf 87' lang='lat' dir='ltr'><strong>instar,</strong></span> <span class='ocrx_word' id='word_1_551' title='bbox 1282 4357 1389 4412; x_wconf 91' lang='lat' dir='ltr'><strong>sint</strong></span> <span class='ocrx_word' id='word_1_552' title='bbox 1419 4372 1659 4427; x_wconf 84' lang='lat' dir='ltr'><strong>rapaces,</strong></span> <span class='ocrx_word' id='word_1_553' title='bbox 1686 4367 1823 4413; x_wconf 90' lang='lat' dir='ltr'><strong>teste</strong></span> <span class='ocrx_word' id='word_1_554' title='bbox 1848 4356 2073 4422; x_wconf 92' lang='lat' dir='ltr'><strong>Isidoro,</strong></span> 
     </span>
    </p>
   </div>
   <div class='ocr_carea' id='block_1_81' title="bbox 477 4424 2069 4499">
    <p class='ocr_par' dir='ltr' id='par_1_81' title="bbox 477 4424 2069 4499">
     <span class='ocr_line' id='line_1_81' title="bbox 477 4424 2069 4499; baseline 0.003 -20"><span class='ocrx_word' id='word_1_555' title='bbox 477 4424 635 4499; x_wconf 72' lang='lat' dir='ltr'><strong>dicta:</strong></span> <span class='ocrx_word' id='word_1_556' title='bbox 663 4437 787 4482; x_wconf 92' lang='lat' dir='ltr'><strong>sunt</strong></span> <span class='ocrx_word' id='word_1_557' title='bbox 820 4424 1003 4499; x_wconf 72' lang='lat' dir='ltr'><strong>lapte:</strong></span> <span class='ocrx_word' id='word_1_558' title='bbox 1033 4428 1181 4483; x_wconf 89' lang='lat' dir='ltr'><strong>ferox</strong></span> <span class='ocrx_word' id='word_1_559' title='bbox 1207 4438 1365 4497; x_wconf 91' lang='lat' dir='ltr'><strong>atque</strong></span> <span class='ocrx_word' id='word_1_560' title='bbox 1392 4424 1603 4499; x_wconf 74' lang='lat' dir='ltr'><strong>inquies</strong></span> <span class='ocrx_word' id='word_1_561' title='bbox 1632 4430 1747 4483; x_wconf 80' lang='lat' dir='ltr'><strong>sive</strong></span> <span class='ocrx_word' id='word_1_562' title='bbox 1780 4429 2069 4499; x_wconf 89' lang='lat' dir='ltr'><strong>inquietus,</strong></span> 
     </span>
    </p>
   </div>
   <div class='ocr_carea' id='block_1_82' title="bbox 478 4498 2068 4568">
    <p class='ocr_par' dir='ltr' id='par_1_82' title="bbox 478 4498 2068 4568">
     <span class='ocr_line' id='line_1_82' title="bbox 478 4498 2068 4568; baseline 0.003 -18"><span class='ocrx_word' id='word_1_563' title='bbox 478 4498 618 4563; x_wconf 87' lang='lat' dir='ltr'><strong>cani,</strong></span> <span class='ocrx_word' id='word_1_564' title='bbox 658 4513 766 4567; x_wconf 90' lang='lat' dir='ltr'><strong>quo</strong></span> <span class='ocrx_word' id='word_1_565' title='bbox 795 4498 927 4552; x_wconf 91' lang='lat' dir='ltr'><strong>nihil</strong></span> <span class='ocrx_word' id='word_1_566' title='bbox 967 4498 1331 4568; x_wconf 90' lang='lat' dir='ltr'><strong>impudentius</strong></span> <span class='ocrx_word' id='word_1_567' title='bbox 1374 4498 1497 4555; x_wconf 82' lang='lat' dir='ltr'><strong>est:</strong></span> <span class='ocrx_word' id='word_1_568' title='bbox 1535 4500 1837 4565; x_wconf 86' lang='lat' dir='ltr'><strong>insidiator,</strong></span> <span class='ocrx_word' id='word_1_569' title='bbox 1878 4501 2068 4568; x_wconf 82' lang='lat' dir='ltr'><strong>vulpe-</strong></span> 
     </span>
    </p>
   </div>
   <div class='ocr_carea' id='block_1_83' title="bbox 478 4568 2068 4639">
    <p class='ocr_par' dir='ltr' id='par_1_83' title="bbox 478 4568 2068 4639">
     <span class='ocr_line' id='line_1_83' title="bbox 478 4568 2068 4639; baseline 0.003 -18"><span class='ocrx_word' id='word_1_570' title='bbox 478 4569 634 4631; x_wconf 75' lang='lat' dir='ltr'><strong>culte,</strong></span> <span class='ocrx_word' id='word_1_571' title='bbox 665 4583 786 4639; x_wconf 65' lang='lat' dir='ltr'><strong>quae</strong></span> <span class='ocrx_word' id='word_1_572' title='bbox 813 4579 897 4623; x_wconf 89' lang='lat' dir='ltr'><strong>est</strong></span> <span class='ocrx_word' id='word_1_573' title='bbox 924 4568 1092 4624; x_wconf 87' lang='lat' dir='ltr'><strong>bestia</strong></span> <span class='ocrx_word' id='word_1_574' title='bbox 1122 4570 1496 4635; x_wconf 83' lang='lat' dir='ltr'><strong>callidissima,</strong></span> <span class='ocrx_word' id='word_1_575' title='bbox 1530 4573 1654 4626; x_wconf 79' lang='lat' dir='ltr'><strong>vitae</strong></span> <span class='ocrx_word' id='word_1_576' title='bbox 1684 4572 2068 4626; x_wconf 71' lang='lat' dir='ltr'><strong>conservanda:</strong></span> 
     </span>
    </p>
   </div>
   <div class='ocr_carea' id='block_1_84' title="bbox 478 4639 2070 4709">
    <p class='ocr_par' dir='ltr' id='par_1_84' title="bbox 478 4639 2070 4709">
     <span class='ocr_line' id='line_1_84' title="bbox 478 4639 2070 4709; baseline 0.003 -19"><span class='ocrx_word' id='word_1_577' title='bbox 478 4651 681 4695; x_wconf 88' lang='lat' dir='ltr'><strong>causa:</strong></span> <span class='ocrx_word' id='word_1_578' title='bbox 715 4640 810 4694; x_wconf 73' lang='lat' dir='ltr'><strong>irae</strong></span> <span class='ocrx_word' id='word_1_579' title='bbox 834 4639 1117 4701; x_wconf 87' lang='lat' dir='ltr'><strong>obnoxius,</strong></span> <span class='ocrx_word' id='word_1_580' title='bbox 1149 4641 1312 4706; x_wconf 90' lang='lat' dir='ltr'><strong>leoni,</strong></span> <span class='ocrx_word' id='word_1_581' title='bbox 1348 4644 1435 4709; x_wconf 87' lang='lat' dir='ltr'><strong>qui</strong></span> <span class='ocrx_word' id='word_1_582' title='bbox 1467 4642 1660 4697; x_wconf 87' lang='lat' dir='ltr'><strong>Ovidio</strong></span> <span class='ocrx_word' id='word_1_583' title='bbox 1702 4654 1927 4697; x_wconf 90' lang='lat' dir='ltr'><strong>vocatur</strong></span> <span class='ocrx_word' id='word_1_584' title='bbox 1965 4643 2070 4695; x_wconf 90' lang='lat' dir='ltr'><strong>ira-</strong></span> 
     </span>
    </p>
   </div>
   <div class='ocr_carea' id='block_1_85' title="bbox 478 4710 2071 4781">
    <p class='ocr_par' dir='ltr' id='par_1_85' title="bbox 478 4710 2071 4781">
     <span class='ocr_line' id='line_1_85' title="bbox 478 4710 2071 4781; baseline 0.002 -18"><span class='ocrx_word' id='word_1_585' title='bbox 478 4710 712 4781; x_wconf 83' lang='lat' dir='ltr'><strong>cundus,</strong></span> <span class='ocrx_word' id='word_1_586' title='bbox 747 4711 917 4775; x_wconf 88' lang='lat' dir='ltr'><strong>quod,</strong></span> <span class='ocrx_word' id='word_1_587' title='bbox 951 4721 1006 4765; x_wconf 92' lang='lat' dir='ltr'><strong>ut</strong></span> <span class='ocrx_word' id='word_1_588' title='bbox 1031 4711 1105 4765; x_wconf 89' lang='lat' dir='ltr'><strong>ait</strong></span> <span class='ocrx_word' id='word_1_589' title='bbox 1134 4711 1430 4779; x_wconf 87' lang='lat' dir='ltr'><strong>Lucretius,</strong></span> <span class='ocrx_word' id='word_1_590' title='bbox 1456 4712 1492 4766; x_wconf 83' lang='lat' dir='ltr'><strong>l.</strong></span> <span class='ocrx_word' id='word_1_591' title='bbox 1524 4728 1604 4779; x_wconf 89' lang='lat' dir='ltr'><strong>ttt,</strong></span> <span class='ocrx_word' id='word_1_592' title='bbox 1649 4712 1817 4768; x_wconf 87' lang='lat' dir='ltr'><strong>Calidi</strong></span> <span class='ocrx_word' id='word_1_593' title='bbox 1853 4715 1968 4781; x_wconf 82' lang='lat' dir='ltr'><strong>plus</strong></span> <span class='ocrx_word' id='word_1_594' title='bbox 1998 4722 2071 4766; x_wconf 84' lang='lat' dir='ltr'><strong>est</strong></span> 
     </span>
    </p>
   </div>
   <div class='ocr_carea' id='block_1_86' title="bbox 479 4778 2068 4852">
    <p class='ocr_par' dir='ltr' id='par_1_86' title="bbox 479 4778 2068 4852">
     <span class='ocr_line' id='line_1_86' title="bbox 479 4778 2068 4852; baseline 0.003 -19"><span class='ocrx_word' id='word_1_595' title='bbox 479 4778 559 4834; x_wconf 88' lang='lat' dir='ltr'><strong>illi</strong></span> <span class='ocrx_word' id='word_1_596' title='bbox 583 4797 601 4838; x_wconf 89' lang='lat'><strong><em>:</em></strong></span> <span class='ocrx_word' id='word_1_597' title='bbox 625 4780 876 4849; x_wconf 87' lang='lat' dir='ltr'><strong>pavidus,</strong></span> <span class='ocrx_word' id='word_1_598' title='bbox 903 4783 1075 4836; x_wconf 89' lang='lat' dir='ltr'><strong>cervis</strong></span> <span class='ocrx_word' id='word_1_599' title='bbox 1098 4823 1112 4846; x_wconf 95' lang='lat'><strong>,</strong></span> <span class='ocrx_word' id='word_1_600' title='bbox 1137 4783 1328 4852; x_wconf 89' lang='lat' dir='ltr'><strong>quibus</strong></span> <span class='ocrx_word' id='word_1_601' title='bbox 1356 4783 1561 4839; x_wconf 93' lang='lat' dir='ltr'><strong>nullum</strong></span> <span class='ocrx_word' id='word_1_602' title='bbox 1588 4785 1783 4838; x_wconf 87' lang='lat' dir='ltr'><strong>animal</strong></span> <span class='ocrx_word' id='word_1_603' title='bbox 1814 4778 1894 4837; x_wconf 82' lang='lat' dir='ltr'><strong>cst</strong></span> <span class='ocrx_word' id='word_1_604' title='bbox 1920 4784 2068 4837; x_wconf 88' lang='lat' dir='ltr'><strong>timi-</strong></span> 
     </span>
    </p>
   </div>
   <div class='ocr_carea' id='block_1_87' title="bbox 479 4852 2067 4922">
    <p class='ocr_par' dir='ltr' id='par_1_87' title="bbox 479 4852 2067 4922">
     <span class='ocr_line' id='line_1_87' title="bbox 479 4852 2067 4922; baseline 0.001 -16"><span class='ocrx_word' id='word_1_605' title='bbox 479 4852 601 4906; x_wconf 86' lang='lat' dir='ltr'><strong>dius</strong></span> <span class='ocrx_word' id='word_1_606' title='bbox 628 4869 640 4903; x_wconf 88' lang='lat'><strong>:</strong></span> <span class='ocrx_word' id='word_1_607' title='bbox 666 4862 946 4922; x_wconf 87' lang='lat' dir='ltr'><strong>propterea</strong></span> <span class='ocrx_word' id='word_1_608' title='bbox 968 4855 1197 4907; x_wconf 77' lang='lat' dir='ltr'><strong>cervinus</strong></span> <span class='ocrx_word' id='word_1_609' title='bbox 1222 4854 1307 4907; x_wconf 90' lang='lat' dir='ltr'><strong>vir</strong></span> <span class='ocrx_word' id='word_1_610' title='bbox 1335 4854 1463 4909; x_wconf 87' lang='lat' dir='ltr'><strong>olim</strong></span> <span class='ocrx_word' id='word_1_611' title='bbox 1499 4855 1776 4910; x_wconf 88' lang='lat' dir='ltr'><strong>dicebatur</strong></span> <span class='ocrx_word' id='word_1_612' title='bbox 1812 4854 2067 4909; x_wconf 89' lang='lat' dir='ltr'><strong>formido-</strong></span> 
     </span>
    </p>
   </div>
   <div class='ocr_carea' id='block_1_88' title="bbox 478 4922 2071 4996">
    <p class='ocr_par' dir='ltr' id='par_1_88' title="bbox 478 4922 2071 4996">
     <span class='ocr_line' id='line_1_88' title="bbox 478 4922 2071 4996; baseline 0.001 -19"><span class='ocrx_word' id='word_1_613' title='bbox 478 4922 630 4978; x_wconf 90' lang='lat' dir='ltr'><strong>losus</strong></span> <span class='ocrx_word' id='word_1_614' title='bbox 652 4934 710 4996; x_wconf 78' lang='lat' dir='ltr'><strong>et</strong></span> <span class='ocrx_word' id='word_1_615' title='bbox 736 4922 873 4996; x_wconf 58' lang='lat' dir='ltr'><strong>fuga:</strong></span> <span class='ocrx_word' id='word_1_616' title='bbox 902 4924 1095 4995; x_wconf 85' lang='lat' dir='ltr'><strong>magis,</strong></span> <span class='ocrx_word' id='word_1_617' title='bbox 1122 4939 1280 4994; x_wconf 87' lang='lat' dir='ltr'><strong>quam</strong></span> <span class='ocrx_word' id='word_1_618' title='bbox 1308 4926 1510 4981; x_wconf 89' lang='lat' dir='ltr'><strong>viribus</strong></span> <span class='ocrx_word' id='word_1_619' title='bbox 1538 4926 1708 4981; x_wconf 87' lang='lat' dir='ltr'><strong>ﬁdens</strong></span> <span class='ocrx_word' id='word_1_620' title='bbox 1741 4942 1756 4980; x_wconf 88' lang='lat'><strong>:</strong></span> <span class='ocrx_word' id='word_1_621' title='bbox 1781 4926 1945 4996; x_wconf 89' lang='lat' dir='ltr'><strong>quod,</strong></span> <span class='ocrx_word' id='word_1_622' title='bbox 1974 4940 2071 4979; x_wconf 89' lang='lat' dir='ltr'><strong>au-</strong></span> 
     </span>
    </p>
   </div>
   <div class='ocr_carea' id='block_1_89' title="bbox 482 4994 2073 5068">
    <p class='ocr_par' dir='ltr' id='par_1_89' title="bbox 482 4994 2073 5068">
     <span class='ocr_line' id='line_1_89' title="bbox 482 4994 2073 5068; baseline -0.001 -18"><span class='ocrx_word' id='word_1_623' title='bbox 482 4994 909 5068; x_wconf 85' lang='lat' dir='ltr'><strong>ctore_Lucretio</strong></span> <span class='ocrx_word' id='word_1_624' title='bbox 938 4996 975 5053; x_wconf 90' lang='grc' dir='ltr'><strong>Ι.</strong></span> <span class='ocrx_word' id='word_1_625' title='bbox 1002 5011 1090 5068; x_wconf 85' lang='lat' dir='ltr'><strong>tu,</strong></span> <span class='ocrx_word' id='word_1_626' title='bbox 1110 5002 1268 5050; x_wconf 81' lang='lat' dir='ltr'><strong>cervis</strong></span> <span class='ocrx_word' id='word_1_627' title='bbox 1299 4996 1417 5064; x_wconf 86' lang='lat' dir='ltr'><strong>plus</strong></span> <span class='ocrx_word' id='word_1_628' title='bbox 1438 4998 1503 5051; x_wconf 83' lang='lat' dir='ltr'><strong>sit</strong></span> <span class='ocrx_word' id='word_1_629' title='bbox 1534 4998 1709 5068; x_wconf 78' lang='lat' dir='ltr'><strong>frigidi</strong></span> <span class='ocrx_word' id='word_1_630' title='bbox 1754 5014 1773 5052; x_wconf 93' lang='lat'><strong><em>:</em></strong></span> <span class='ocrx_word' id='word_1_631' title='bbox 1801 4994 1988 5066; x_wconf 80' lang='lat' dir='ltr'><strong>segnis</strong></span> <span class='ocrx_word' id='word_1_632' title='bbox 2011 5012 2073 5050; x_wconf 87' lang='lat' dir='ltr'><strong>ac</strong></span> 
     </span>
    </p>
   </div>
   <div class='ocr_carea' id='block_1_90' title="bbox 482 5066 2074 5137">
    <p class='ocr_par' dir='ltr' id='par_1_90' title="bbox 482 5066 2074 5137">
     <span class='ocr_line' id='line_1_90' title="bbox 482 5066 2074 5137; baseline 0 -17"><span class='ocrx_word' id='word_1_633' title='bbox 482 5066 760 5136; x_wconf 89' lang='lat' dir='ltr'><strong>stupidus,</strong></span> <span class='ocrx_word' id='word_1_634' title='bbox 788 5067 972 5132; x_wconf 87' lang='lat' dir='ltr'><strong>asino,</strong></span> <span class='ocrx_word' id='word_1_635' title='bbox 1006 5067 1094 5137; x_wconf 91' lang='lat' dir='ltr'><strong>qui</strong></span> <span class='ocrx_word' id='word_1_636' title='bbox 1137 5075 1221 5120; x_wconf 89' lang='lat' dir='ltr'><strong>est</strong></span> <span class='ocrx_word' id='word_1_637' title='bbox 1259 5068 1457 5122; x_wconf 85' lang='lat' dir='ltr'><strong>animal</strong></span> <span class='ocrx_word' id='word_1_638' title='bbox 1503 5066 1863 5123; x_wconf 84' lang='lat' dir='ltr'><strong>tardissimum</strong></span> <span class='ocrx_word' id='word_1_639' title='bbox 1901 5086 1911 5119; x_wconf 91' lang='lat'>:</span> <span class='ocrx_word' id='word_1_640' title='bbox 1942 5068 2074 5122; x_wconf 88' lang='lat' dir='ltr'><strong>levis</strong></span> 
     </span>
    </p>
   </div>
   <div class='ocr_carea' id='block_1_91' title="bbox 482 5137 2076 5209">
    <p class='ocr_par' dir='ltr' id='par_1_91' title="bbox 482 5137 2076 5209">
     <span class='ocr_line' id='line_1_91' title="bbox 482 5137 2076 5209; baseline 0.001 -18"><span class='ocrx_word' id='word_1_641' title='bbox 482 5148 643 5206; x_wconf 88' lang='lat' dir='ltr'><strong>atque</strong></span> <span class='ocrx_word' id='word_1_642' title='bbox 668 5137 1001 5209; x_wconf 87' lang='lat' dir='ltr'><strong>inconstans,</strong></span> <span class='ocrx_word' id='word_1_643' title='bbox 1032 5137 1242 5205; x_wconf 84' lang='lat' dir='ltr'><strong>avibus,</strong></span> <span class='ocrx_word' id='word_1_644' title='bbox 1287 5155 1405 5209; x_wconf 74' lang='lat' dir='ltr'><strong>qua:</strong></span> <span class='ocrx_word' id='word_1_645' title='bbox 1452 5140 1555 5193; x_wconf 92' lang='lat' dir='ltr'><strong>huc</strong></span> <span class='ocrx_word' id='word_1_646' title='bbox 1602 5140 1833 5205; x_wconf 89' lang='lat' dir='ltr'><strong>illucque</strong></span> <span class='ocrx_word' id='word_1_647' title='bbox 1868 5138 2076 5193; x_wconf 82' lang='lat' dir='ltr'><strong>discur-</strong></span> 
     </span>
    </p>
   </div>
   <div class='ocr_carea' id='block_1_92' title="bbox 485 5208 2078 5278">
    <p class='ocr_par' dir='ltr' id='par_1_92' title="bbox 485 5208 2078 5278">
     <span class='ocr_line' id='line_1_92' title="bbox 485 5208 2078 5278; baseline 0.001 -16"><span class='ocrx_word' id='word_1_648' title='bbox 485 5218 655 5262; x_wconf 90' lang='lat' dir='ltr'><strong>runt:</strong></span> <span class='ocrx_word' id='word_1_649' title='bbox 693 5208 1029 5273; x_wconf 87' lang='lat' dir='ltr'><strong>libidinosus,</strong></span> <span class='ocrx_word' id='word_1_650' title='bbox 1080 5208 1313 5274; x_wconf 78' lang='lat' dir='ltr'><strong>suibus,</strong></span> <span class='ocrx_word' id='word_1_651' title='bbox 1351 5211 1471 5277; x_wconf 87' lang='lat' dir='ltr'><strong>qui,</strong></span> <span class='ocrx_word' id='word_1_652' title='bbox 1521 5211 1693 5278; x_wconf 89' lang='lat' dir='ltr'><strong>inquit</strong></span> <span class='ocrx_word' id='word_1_653' title='bbox 1739 5209 1962 5275; x_wconf 87' lang='lat' dir='ltr'><strong>Festus,</strong></span> <span class='ocrx_word' id='word_1_654' title='bbox 2015 5226 2078 5263; x_wconf 76' lang='lat' dir='ltr'><strong>ex</strong></span> 
     </span>
    </p>
   </div>
   <div class='ocr_carea' id='block_1_93' title="bbox 486 5279 2072 5350">
    <p class='ocr_par' dir='ltr' id='par_1_93' title="bbox 486 5279 2072 5350">
     <span class='ocr_line' id='line_1_93' title="bbox 486 5279 2072 5350; baseline 0 -18"><span class='ocrx_word' id='word_1_655' title='bbox 486 5279 626 5333; x_wconf 89' lang='lat' dir='ltr'><strong>omni</strong></span> <span class='ocrx_word' id='word_1_656' title='bbox 647 5290 910 5333; x_wconf 87' lang='lat' dir='ltr'><strong>mansueto</strong></span> <span class='ocrx_word' id='word_1_657' title='bbox 936 5296 1119 5350; x_wconf 85' lang='lat' dir='ltr'><strong>pecore</strong></span> <span class='ocrx_word' id='word_1_658' title='bbox 1137 5281 1537 5334; x_wconf 87' lang='lat' dir='ltr'><strong>immundissimi</strong></span> <span class='ocrx_word' id='word_1_659' title='bbox 1562 5290 1705 5346; x_wconf 88' lang='lat' dir='ltr'><strong>sunt,</strong></span> <span class='ocrx_word' id='word_1_660' title='bbox 1738 5291 1783 5335; x_wconf 85' lang='lat' dir='ltr'><strong>et</strong></span> <span class='ocrx_word' id='word_1_661' title='bbox 1813 5282 2072 5333; x_wconf 84' lang='lat' dir='ltr'><strong>ardentis-</strong></span> 
     </span>
    </p>
   </div>
   <div class='ocr_carea' id='block_1_94' title="bbox 484 5350 2072 5421">
    <p class='ocr_par' dir='ltr' id='par_1_94' title="bbox 484 5350 2072 5421">
     <span class='ocr_line' id='line_1_94' title="bbox 484 5350 2072 5421; baseline 0.001 -18"><span class='ocrx_word' id='word_1_662' title='bbox 484 5354 629 5405; x_wconf 71' lang='lat' dir='ltr'><strong>simae</strong></span> <span class='ocrx_word' id='word_1_663' title='bbox 686 5350 958 5416; x_wconf 84' lang='lat' dir='ltr'><strong>libidinis;</strong></span> <span class='ocrx_word' id='word_1_664' title='bbox 1002 5353 1075 5405; x_wconf 90' lang='lat' dir='ltr'><strong>ita</strong></span> <span class='ocrx_word' id='word_1_665' title='bbox 1124 5364 1177 5404; x_wconf 89' lang='lat' dir='ltr'><strong>ut</strong></span> <span class='ocrx_word' id='word_1_666' title='bbox 1228 5351 1556 5421; x_wconf 85' lang='lat' dir='ltr'><strong>opprobrium</strong></span> <span class='ocrx_word' id='word_1_667' title='bbox 1596 5353 1898 5406; x_wconf 86' lang='lat' dir='ltr'><strong>mulieribus</strong></span> <span class='ocrx_word' id='word_1_668' title='bbox 1948 5352 2072 5405; x_wconf 85' lang='lat' dir='ltr'><strong>inde</strong></span> 
     </span>
    </p>
   </div>
   <div class='ocr_carea' id='block_1_95' title="bbox 488 5423 1785 5487">
    <p class='ocr_par' dir='ltr' id='par_1_95' title="bbox 488 5423 1785 5487">
     <span class='ocr_line' id='line_1_95' title="bbox 488 5423 1785 5487; baseline 0.001 -12"><span class='ocrx_word' id='word_1_669' title='bbox 488 5430 705 5475; x_wconf 85' lang='lat' dir='ltr'><strong>tractum</strong></span> <span class='ocrx_word' id='word_1_670' title='bbox 725 5423 813 5487; x_wconf 89' lang='lat' dir='ltr'><strong>sit,</strong></span> <span class='ocrx_word' id='word_1_671' title='bbox 842 5439 959 5476; x_wconf 87' lang='lat' dir='ltr'><strong>cum</strong></span> <span class='ocrx_word' id='word_1_672' title='bbox 998 5424 1182 5476; x_wconf 86' lang='lat' dir='ltr'><strong>subare</strong></span> <span class='ocrx_word' id='word_1_673' title='bbox 1227 5432 1271 5475; x_wconf 86' lang='lat' dir='ltr'><strong>et</strong></span> <span class='ocrx_word' id='word_1_674' title='bbox 1310 5424 1472 5476; x_wconf 88' lang='lat' dir='ltr'><strong>surire</strong></span> <span class='ocrx_word' id='word_1_675' title='bbox 1521 5423 1785 5477; x_wconf 90' lang='lat' dir='ltr'><strong>dicuntur.</strong></span> 
     </span>
    </p>
   </div>
   <div class='ocr_carea' id='block_1_96' title="bbox 523 5514 2079 5597">
    <p class='ocr_par' dir='ltr' id='par_1_96' title="bbox 523 5514 2079 5597">
     <span class='ocr_line' id='line_1_96' title="bbox 523 5514 2079 5597; baseline 0 -30"><span class='ocrx_word' id='word_1_676' title='bbox 523 5516 576 5596; x_wconf 43' lang='lat'><strong>.&#39;</strong></span> <span class='ocrx_word' id='word_1_677' title='bbox 608 5516 823 5597; x_wconf 69' lang='lat' dir='ltr'><strong>Asinum</strong></span> <span class='ocrx_word' id='word_1_678' title='bbox 848 5514 1015 5597; x_wconf 69' lang='lat' dir='ltr'><strong>vivit.)</strong></span> <span class='ocrx_word' id='word_1_679' title='bbox 1036 5514 1233 5597; x_wconf 38' lang='lat' dir='ltr'><strong>Modus.</strong></span> <span class='ocrx_word' id='word_1_680' title='bbox 1252 5514 1503 5597; x_wconf 75' lang='lat' dir='ltr'><strong>loquendi</strong></span> <span class='ocrx_word' id='word_1_681' title='bbox 1529 5516 1663 5597; x_wconf 72' lang='lat' dir='ltr'><strong>satis</strong></span> <span class='ocrx_word' id='word_1_682' title='bbox 1710 5517 1979 5597; x_wconf 80' lang='lat' dir='ltr'><strong>u_sitatus,_</strong></span> <span class='ocrx_word' id='word_1_683' title='bbox 1999 5515 2079 5568; x_wconf 87' lang='lat' dir='ltr'><strong>di-</strong></span> 
     </span>
    </p>
   </div>
   <div class='ocr_carea' id='block_1_97' title="bbox 486 5585 2077 5655">
    <p class='ocr_par' dir='ltr' id='par_1_97' title="bbox 486 5585 2077 5655">
     <span class='ocr_line' id='line_1_97' title="bbox 486 5585 2077 5655; baseline 0 -16"><span class='ocrx_word' id='word_1_684' title='bbox 486 5586 629 5639; x_wconf 89' lang='lat' dir='ltr'><strong>citur</strong></span> <span class='ocrx_word' id='word_1_685' title='bbox 647 5586 845 5654; x_wconf 84' lang='lat' dir='ltr'><strong>ellipsis</strong></span> <span class='ocrx_word' id='word_1_686' title='bbox 875 5602 895 5640; x_wconf 91' lang='lat'><strong><em>:</em></strong></span> <span class='ocrx_word' id='word_1_687' title='bbox 924 5585 1015 5642; x_wconf 89' lang='lat' dir='ltr'><strong>ubi</strong></span> <span class='ocrx_word' id='word_1_688' title='bbox 1062 5586 1292 5655; x_wconf 73' lang='lat' dir='ltr'><strong>intelligi</strong></span> <span class='ocrx_word' id='word_1_689' title='bbox 1319 5585 1480 5641; x_wconf 86' lang='lat' dir='ltr'><strong>debet</strong></span> <span class='ocrx_word' id='word_1_690' title='bbox 1524 5586 1787 5655; x_wconf 84' lang='lat' dir='ltr'><strong>particula</strong></span> <span class='ocrx_word' id='word_1_691' title='bbox 1828 5586 2077 5655; x_wconf 67' lang='lat' dir='ltr'><strong>quaedam</strong></span> 
     </span>
    </p>
   </div>
   <div class='ocr_carea' id='block_1_98' title="bbox 490 5655 2081 5726">
    <p class='ocr_par' dir='ltr' id='par_1_98' title="bbox 490 5655 2081 5726">
     <span class='ocr_line' id='line_1_98' title="bbox 490 5655 2081 5726; baseline 0 -17"><span class='ocrx_word' id='word_1_692' title='bbox 490 5655 648 5709; x_wconf 83' lang='lat' dir='ltr'><strong>tacita</strong></span> <span class='ocrx_word' id='word_1_693' title='bbox 674 5672 689 5713; x_wconf 86' lang='lat'><strong>:</strong></span> <span class='ocrx_word' id='word_1_694' title='bbox 715 5658 799 5710; x_wconf 89' lang='lat' dir='ltr'><strong>hic</strong></span> <span class='ocrx_word' id='word_1_695' title='bbox 824 5665 1000 5711; x_wconf 89' lang='lat' dir='ltr'><strong>autem</strong></span> <span class='ocrx_word' id='word_1_696' title='bbox 1032 5657 1345 5726; x_wconf 89' lang='lat' dir='ltr'><strong>intelligitur</strong></span> <span class='ocrx_word' id='word_1_697' title='bbox 1371 5659 1688 5722; x_wconf 84' lang='lat' dir='ltr'><strong>secundum;</strong></span> <span class='ocrx_word' id='word_1_698' title='bbox 1715 5664 1776 5710; x_wconf 90' lang='lat' dir='ltr'><strong>ut</strong></span> <span class='ocrx_word' id='word_1_699' title='bbox 1794 5671 1914 5711; x_wconf 91' lang='lat' dir='ltr'><strong>cum</strong></span> <span class='ocrx_word' id='word_1_700' title='bbox 1942 5656 2081 5711; x_wconf 83' lang='lat' dir='ltr'><strong>dici-</strong></span> 
     </span>
    </p>
   </div>
   <div class='ocr_carea' id='block_1_99' title="bbox 490 5728 2082 5852">
    <p class='ocr_par' dir='ltr' id='par_1_99' title="bbox 490 5728 2082 5852">
     <span class='ocr_line' id='line_1_99' title="bbox 490 5728 2082 5851; baseline 0.003 -72"><span class='ocrx_word' id='word_1_701' title='bbox 490 5735 621 5849; x_wconf 83' lang='lat' dir='ltr'><strong>tur</strong></span> <span class='ocrx_word' id='word_1_702' title='bbox 663 5744 902 5851; x_wconf 62' lang='lat' dir='ltr'><strong>miltgnam</strong></span> <span class='ocrx_word' id='word_1_703' title='bbox 948 5739 1145 5800; x_wconf 87' lang='lat' dir='ltr'><strong>partem</strong></span> <span class='ocrx_word' id='word_1_704' title='bbox 1183 5728 1424 5784; x_wconf 85' lang='lat' dir='ltr'><strong>mentitur</strong></span> <span class='ocrx_word' id='word_1_705' title='bbox 1453 5744 1474 5785; x_wconf 80' lang='lat'><strong>.°</strong></span> <span class='ocrx_word' id='word_1_706' title='bbox 1504 5738 1686 5783; x_wconf 69' lang='lat' dir='ltr'><strong>caztera</strong></span> <span class='ocrx_word' id='word_1_707' title='bbox 1724 5728 1950 5797; x_wconf 86' lang='lat' dir='ltr'><strong>prudens</strong></span> <span class='ocrx_word' id='word_1_708' title='bbox 1982 5743 2002 5781; x_wconf 88' lang='lat'><strong><em>:</em></strong></span> <span class='ocrx_word' id='word_1_709' title='bbox 2027 5736 2082 5783; x_wconf 88' lang='lat' dir='ltr'><strong>et</strong></span> 
     </span>
     <span class='ocr_line' id='line_1_100' title="bbox 490 5810 1951 5852; baseline 0.002 0"><span class='ocrx_word' id='word_1_710' title='bbox 490 5810 571 5852; x_wconf 86' lang='lat' dir='ltr'><strong>stc</strong></span> <span class='ocrx_word' id='word_1_711' title='bbox 625 5811 656 5850; x_wconf 89' lang='lat' dir='ltr'><strong>e</strong></span> <span class='ocrx_word' id='word_1_712' title='bbox 683 5812 712 5851; x_wconf 88' lang='lat' dir='ltr'><strong>a</strong></span> <span class='ocrx_word' id='word_1_713' title='bbox 740 5813 825 5852; x_wconf 88' lang='lat' dir='ltr'><strong>ns.</strong></span> <span class='ocrx_word' id='word_1_714' title='bbox 1946 5814 1951 5819; x_wconf 84' lang='grc'><strong>·</strong></span> 
     </span>
    </p>
   </div>
   <div class='ocr_carea' id='block_1_100' title="bbox 490 5811 2068 5940">
    <p class='ocr_par' dir='ltr' id='par_1_100' title="bbox 490 5811 2068 5940">
     <span class='ocr_line' id='line_1_101' title="bbox 524 5811 1951 5852; baseline 0.001 -1"><span class='ocrx_word' id='word_1_715' title='bbox 524 5811 571 5851; x_wconf 90' lang='lat' dir='ltr'><strong>tc</strong></span> <span class='ocrx_word' id='word_1_716' title='bbox 589 5811 656 5850; x_wconf 88' lang='lat' dir='ltr'><strong>ue</strong></span> <span class='ocrx_word' id='word_1_717' title='bbox 683 5811 825 5852; x_wconf 88' lang='lat' dir='ltr'><strong>atus.</strong></span> <span class='ocrx_word' id='word_1_718' title='bbox 1946 5814 1951 5819; x_wconf 86' lang='grc'><strong>·</strong></span> 
     </span>
     <span class='ocr_line' id='line_1_102' title="bbox 490 5811 2068 5940; baseline 0.003 -17"><span class='ocrx_word' id='word_1_719' title='bbox 490 5811 519 5854; x_wconf 62' lang='grc'>⁸</span> <span class='ocrx_word' id='word_1_720' title='bbox 566 5867 770 5939; x_wconf 66' lang='grc' dir='ltr'><strong>*ρυοά</strong></span> <span class='ocrx_word' id='word_1_721' title='bbox 795 5868 989 5926; x_wconf 88' lang='lat' dir='ltr'><strong>dicitur</strong></span> <span class='ocrx_word' id='word_1_722' title='bbox 1021 5868 1392 5940; x_wconf 81' lang='lat' dir='ltr'><strong>Glyconicum,</strong></span> <span class='ocrx_word' id='word_1_723' title='bbox 1434 5886 1651 5929; x_wconf 86' lang='lat' dir='ltr'><strong>carmen</strong></span> <span class='ocrx_word' id='word_1_724' title='bbox 1702 5880 1953 5929; x_wconf 88' lang='lat' dir='ltr'><strong>constans</strong></span> <span class='ocrx_word' id='word_1_725' title='bbox 2003 5886 2068 5928; x_wconf 84' lang='lat' dir='ltr'><strong>ex</strong></span> 
     </span>
    </p>
   </div>
   <div class='ocr_carea' id='block_1_101' title="bbox 2179 3197 3761 3272">
    <p class='ocr_par' dir='ltr' id='par_1_101' title="bbox 2179 3197 3761 3272">
     <span class='ocr_line' id='line_1_103' title="bbox 2179 3197 3761 3272; baseline -0.003 -15"><span class='ocrx_word' id='word_1_726' title='bbox 2179 3216 2288 3257; x_wconf 91' lang='lat' dir='ltr'><strong>uno</strong></span> <span class='ocrx_word' id='word_1_727' title='bbox 2315 3215 2519 3272; x_wconf 89' lang='lat' dir='ltr'><strong>genere</strong></span> <span class='ocrx_word' id='word_1_728' title='bbox 2549 3215 2823 3265; x_wconf 90' lang='lat' dir='ltr'><strong>versuum,</strong></span> <span class='ocrx_word' id='word_1_729' title='bbox 2855 3214 3081 3269; x_wconf 84' lang='lat' dir='ltr'><strong>quorum</strong></span> <span class='ocrx_word' id='word_1_730' title='bbox 3100 3198 3327 3272; x_wconf 89' lang='lat' dir='ltr'><strong>quilibet</strong></span> <span class='ocrx_word' id='word_1_731' title='bbox 3345 3214 3426 3272; x_wconf 83' lang='lat' dir='ltr'><strong>ex</strong></span> <span class='ocrx_word' id='word_1_732' title='bbox 3463 3197 3761 3272; x_wconf 66' lang='lat' dir='ltr'><strong>trochmoet</strong></span> 
     </span>
    </p>
   </div>
   <div class='ocr_carea' id='block_1_102' title="bbox 2178 3267 3762 3342">
    <p class='ocr_par' dir='ltr' id='par_1_102' title="bbox 2178 3267 3762 3342">
     <span class='ocr_line' id='line_1_104' title="bbox 2178 3267 3762 3342; baseline -0.004 -15"><span class='ocrx_word' id='word_1_733' title='bbox 2178 3267 2390 3328; x_wconf 69' lang='lat' dir='ltr'><strong>duobus</strong></span> <span class='ocrx_word' id='word_1_734' title='bbox 2417 3272 2645 3342; x_wconf 84' lang='lat' dir='ltr'><strong>dactylis</strong></span> <span class='ocrx_word' id='word_1_735' title='bbox 2688 3267 3029 3340; x_wconf 84' lang='lat' dir='ltr'><strong>componitur</strong></span> <span class='ocrx_word' id='word_1_736' title='bbox 3071 3288 3102 3342; x_wconf 10' lang='lat'><strong>:7</strong></span> <span class='ocrx_word' id='word_1_737' title='bbox 3128 3270 3181 3325; x_wconf 91' lang='lat' dir='ltr'><strong>in</strong></span> <span class='ocrx_word' id='word_1_738' title='bbox 3211 3284 3317 3340; x_wconf 92' lang='lat' dir='ltr'><strong>quo</strong></span> <span class='ocrx_word' id='word_1_739' title='bbox 3343 3270 3446 3323; x_wconf 88' lang='lat' dir='ltr'><strong>hoc</strong></span> <span class='ocrx_word' id='word_1_740' title='bbox 3474 3283 3634 3342; x_wconf 80' lang='lat' dir='ltr'><strong>genus</strong></span> <span class='ocrx_word' id='word_1_741' title='bbox 3662 3267 3762 3342; x_wconf 84' lang='lat' dir='ltr'><strong>dil-_</strong></span> 
     </span>
    </p>
   </div>
   <div class='ocr_carea' id='block_1_103' title="bbox 2178 3340 3771 3413">
    <p class='ocr_par' dir='ltr' id='par_1_103' title="bbox 2178 3340 3771 3413">
     <span class='ocr_line' id='line_1_105' title="bbox 2178 3340 3771 3413; baseline -0.003 -14"><span class='ocrx_word' id='word_1_742' title='bbox 2178 3345 2280 3399; x_wconf 83' lang='lat' dir='ltr'><strong>lert</strong></span> <span class='ocrx_word' id='word_1_743' title='bbox 2326 3345 2395 3397; x_wconf 90' lang='lat' dir='ltr'><strong>ab</strong></span> <span class='ocrx_word' id='word_1_744' title='bbox 2441 3340 2557 3399; x_wconf 82' lang='lat' dir='ltr'><strong>alio</strong></span> <span class='ocrx_word' id='word_1_745' title='bbox 2591 3345 2833 3398; x_wconf 89' lang='lat' dir='ltr'><strong>carmine</strong></span> <span class='ocrx_word' id='word_1_746' title='bbox 2882 3341 3305 3413; x_wconf 85' lang='lat' dir='ltr'><strong>Glyconico,de</strong></span> <span class='ocrx_word' id='word_1_747' title='bbox 3330 3357 3439 3410; x_wconf 91' lang='lat' dir='ltr'><strong>quo</strong></span> <span class='ocrx_word' id='word_1_748' title='bbox 3477 3346 3587 3409; x_wconf 85' lang='lat' dir='ltr'><strong>jam</strong></span> <span class='ocrx_word' id='word_1_749' title='bbox 3613 3340 3771 3395; x_wconf 84' lang='lat' dir='ltr'><strong>locuti</strong></span> 
     </span>
    </p>
   </div>
   <div class='ocr_carea' id='block_1_104' title="bbox 2177 3412 3654 3485">
    <p class='ocr_par' dir='ltr' id='par_1_104' title="bbox 2177 3412 3654 3485">
     <span class='ocr_line' id='line_1_106' title="bbox 2177 3412 3654 3485; baseline -0.003 -16"><span class='ocrx_word' id='word_1_750' title='bbox 2177 3429 2386 3481; x_wconf 90' lang='lat' dir='ltr'><strong>sumus,</strong></span> <span class='ocrx_word' id='word_1_751' title='bbox 2417 3417 2467 3469; x_wconf 92' lang='lat' dir='ltr'><strong>in</strong></span> <span class='ocrx_word' id='word_1_752' title='bbox 2499 3430 2605 3485; x_wconf 89' lang='lat' dir='ltr'><strong>quo</strong></span> <span class='ocrx_word' id='word_1_753' title='bbox 2634 3415 2906 3485; x_wconf 90' lang='lat' dir='ltr'><strong>spondeus</strong></span> <span class='ocrx_word' id='word_1_754' title='bbox 2940 3412 3192 3485; x_wconf 66' lang='lat' dir='ltr'><strong>praecedit</strong></span> <span class='ocrx_word' id='word_1_755' title='bbox 3212 3412 3348 3466; x_wconf 92' lang='lat' dir='ltr'><strong>duos</strong></span> <span class='ocrx_word' id='word_1_756' title='bbox 3381 3413 3654 3485; x_wconf 82' lang='lat' dir='ltr'><strong>dactylos.</strong></span> 
     </span>
    </p>
   </div>
   <div class='ocr_carea' id='block_1_105' title="bbox 2248 3483 3777 3554">
    <p class='ocr_par' dir='ltr' id='par_1_105' title="bbox 2248 3483 3777 3554">
     <span class='ocr_line' id='line_1_107' title="bbox 2248 3483 3777 3554; baseline -0.002 -14"><span class='ocrx_word' id='word_1_757' title='bbox 2248 3487 2475 3542; x_wconf 82' lang='lat' dir='ltr'><strong>Carmen</strong></span> <span class='ocrx_word' id='word_1_758' title='bbox 2504 3483 2604 3541; x_wconf 83' lang='lat' dir='ltr'><strong>hoc</strong></span> <span class='ocrx_word' id='word_1_759' title='bbox 2631 3483 2736 3540; x_wconf 82' lang='lat' dir='ltr'><strong>non</strong></span> <span class='ocrx_word' id='word_1_760' title='bbox 2759 3496 2883 3540; x_wconf 91' lang='lat' dir='ltr'><strong>ante</strong></span> <span class='ocrx_word' id='word_1_761' title='bbox 2904 3484 3175 3551; x_wconf 81' lang='lat' dir='ltr'><strong>intelliges</strong></span> <span class='ocrx_word' id='word_1_762' title='bbox 3200 3498 3359 3554; x_wconf 87' lang='lat' dir='ltr'><strong>quam</strong></span> <span class='ocrx_word' id='word_1_763' title='bbox 3385 3484 3439 3537; x_wconf 94' lang='lat' dir='ltr'><strong>in</strong></span> <span class='ocrx_word' id='word_1_764' title='bbox 3464 3483 3777 3537; x_wconf 76' lang='lat' dir='ltr'><strong>memoriam</strong></span> 
     </span>
    </p>
   </div>
   <div class='ocr_carea' id='block_1_106' title="bbox 2178 3554 3776 3627">
    <p class='ocr_par' dir='ltr' id='par_1_106' title="bbox 2178 3554 3776 3627">
     <span class='ocr_line' id='line_1_108' title="bbox 2178 3554 3776 3627; baseline -0.003 -14"><span class='ocrx_word' id='word_1_765' title='bbox 2178 3559 2518 3613; x_wconf 85' lang='lat' dir='ltr'><strong>revocaveris</strong></span> <span class='ocrx_word' id='word_1_766' title='bbox 2548 3573 2607 3611; x_wconf 82' lang='lat' dir='ltr'><strong>ea</strong></span> <span class='ocrx_word' id='word_1_767' title='bbox 2632 3572 2752 3627; x_wconf 73' lang='lat' dir='ltr'><strong>quae</strong></span> <span class='ocrx_word' id='word_1_768' title='bbox 2777 3572 2805 3610; x_wconf 94' lang='lat' dir='ltr'><strong>a</strong></span> <span class='ocrx_word' id='word_1_769' title='bbox 2834 3556 3005 3625; x_wconf 88' lang='lat' dir='ltr'><strong>poetis</strong></span> <span class='ocrx_word' id='word_1_770' title='bbox 3030 3555 3137 3627; x_wconf 88' lang='lat' dir='ltr'><strong>dici</strong></span> <span class='ocrx_word' id='word_1_771' title='bbox 3167 3556 3485 3627; x_wconf 26' lang='lat' dir='ltr'><strong>solent‘cum</strong></span> <span class='ocrx_word' id='word_1_772' title='bbox 3516 3554 3587 3608; x_wconf 90' lang='lat' dir='ltr'><strong>de</strong></span> <span class='ocrx_word' id='word_1_773' title='bbox 3590 3554 3776 3627; x_wconf 61' lang='lat' dir='ltr'><strong>pit-ce,</strong></span> 
     </span>
    </p>
   </div>
   <div class='ocr_carea' id='block_1_107' title="bbox 2180 3624 3773 3699">
    <p class='ocr_par' dir='ltr' id='par_1_107' title="bbox 2180 3624 3773 3699">
     <span class='ocr_line' id='line_1_109' title="bbox 2180 3624 3773 3699; baseline -0.004 -16"><span class='ocrx_word' id='word_1_774' title='bbox 2180 3638 2293 3684; x_wconf 88' lang='lat' dir='ltr'><strong>tum</strong></span> <span class='ocrx_word' id='word_1_775' title='bbox 2320 3629 2479 3684; x_wconf 87' lang='lat' dir='ltr'><strong>etiam</strong></span> <span class='ocrx_word' id='word_1_776' title='bbox 2507 3628 2573 3683; x_wconf 91' lang='lat' dir='ltr'><strong>de</strong></span> <span class='ocrx_word' id='word_1_777' title='bbox 2597 3624 3012 3699; x_wconf 34' lang='lat' dir='ltr'><strong>UlysseaCirce,</strong></span> <span class='ocrx_word' id='word_1_778' title='bbox 3038 3624 3563 3699; x_wconf 36' lang='lat' dir='ltr'><strong>inquiunt,_Solis‘e_t</strong></span> <span class='ocrx_word' id='word_1_779' title='bbox 3587 3624 3773 3699; x_wconf 56' lang='lat' dir='ltr'><strong>Perses</strong></span> 
     </span>
    </p>
   </div>
   <div class='ocr_carea' id='block_1_108' title="bbox 2182 3694 3768 3774">
    <p class='ocr_par' dir='ltr' id='par_1_108' title="bbox 2182 3694 3768 3774">
     <span class='ocr_line' id='line_1_110' title="bbox 2182 3694 3768 3774; baseline -0.006 -17"><span class='ocrx_word' id='word_1_780' title='bbox 2182 3699 2442 3774; x_wconf 62' lang='lat' dir='ltr'><strong>Nymphae</strong></span> <span class='ocrx_word' id='word_1_781' title='bbox 2474 3700 2611 3767; x_wconf 87' lang='lat' dir='ltr'><strong>ﬁlia,</strong></span> <span class='ocrx_word' id='word_1_782' title='bbox 2668 3694 3048 3774; x_wconf 69' lang='lat' dir='ltr'><strong>veneﬁciorum</strong></span> <span class='ocrx_word' id='word_1_783' title='bbox 3099 3697 3425 3774; x_wconf 81' lang='lat' dir='ltr'><strong>peritissima</strong></span> <span class='ocrx_word' id='word_1_784' title='bbox 3472 3694 3606 3774; x_wconf 51' lang='lat' dir='ltr'><strong>fuit:</strong></span> <span class='ocrx_word' id='word_1_785' title='bbox 3661 3694 3768 3774; x_wconf 62' lang='lat' dir='ltr'><strong>[iter</strong></span> 
     </span>
    </p>
   </div>
   <div class='ocr_carea' id='block_1_109' title="bbox 2184 3765 3773 3839">
    <p class='ocr_par' dir='ltr' id='par_1_109' title="bbox 2184 3765 3773 3839">
     <span class='ocr_line' id='line_1_111' title="bbox 2184 3765 3773 3839; baseline -0.006 -10"><span class='ocrx_word' id='word_1_786' title='bbox 2184 3765 2549 3829; x_wconf 72' lang='lat' dir='ltr'><strong>Sarmatarum</strong></span> <span class='ocrx_word' id='word_1_787' title='bbox 2580 3765 2689 3839; x_wconf 82' lang='lat' dir='ltr'><strong>regi</strong></span> <span class='ocrx_word' id='word_1_788' title='bbox 2736 3771 2943 3838; x_wconf 90' lang='lat' dir='ltr'><strong>nupsit,</strong></span> <span class='ocrx_word' id='word_1_789' title='bbox 2973 3782 3080 3838; x_wconf 92' lang='lat' dir='ltr'><strong>quo</strong></span> <span class='ocrx_word' id='word_1_790' title='bbox 3111 3768 3332 3839; x_wconf 83' lang='lat' dir='ltr'><strong>venenis</strong></span> <span class='ocrx_word' id='word_1_791' title='bbox 3370 3766 3557 3839; x_wconf 78' lang='lat' dir='ltr'><strong>occiso</strong></span> <span class='ocrx_word' id='word_1_792' title='bbox 3591 3767 3650 3820; x_wconf 90' lang='lat' dir='ltr'><strong>in</strong></span> <span class='ocrx_word' id='word_1_793' title='bbox 3682 3765 3773 3839; x_wconf 79' lang='lat' dir='ltr'><strong>Ita-</strong></span> 
     </span>
    </p>
   </div>
   <div class='ocr_carea' id='block_1_110' title="bbox 2186 3836 3771 3913">
    <p class='ocr_par' dir='ltr' id='par_1_110' title="bbox 2186 3836 3771 3913">
     <span class='ocr_line' id='line_1_112' title="bbox 2186 3836 3771 3913; baseline -0.006 -15"><span class='ocrx_word' id='word_1_794' title='bbox 2186 3846 2312 3898; x_wconf 91' lang='lat' dir='ltr'><strong>liam</strong></span> <span class='ocrx_word' id='word_1_795' title='bbox 2342 3844 2472 3913; x_wconf 89' lang='lat' dir='ltr'><strong>lugit</strong></span> <span class='ocrx_word' id='word_1_796' title='bbox 2501 3844 2565 3896; x_wconf 86' lang='lat' dir='ltr'><strong>ad</strong></span> <span class='ocrx_word' id='word_1_797' title='bbox 2599 3836 2873 3913; x_wconf 71' lang='lat' dir='ltr'><strong>montem,</strong></span> <span class='ocrx_word' id='word_1_798' title='bbox 2898 3836 3264 3913; x_wconf 28' lang='lat' dir='ltr'><strong>qui‘quoniam</strong></span> <span class='ocrx_word' id='word_1_799' title='bbox 3293 3837 3631 3913; x_wconf 75' lang='lat' dir='ltr'><strong>quibusdam</strong></span> <span class='ocrx_word' id='word_1_800' title='bbox 3664 3836 3771 3890; x_wconf 79' lang='lat' dir='ltr'><strong>cin-</strong></span> 
     </span>
    </p>
   </div>
   <div class='ocr_carea' id='block_1_111' title="bbox 2186 3907 3769 3983">
    <p class='ocr_par' dir='ltr' id='par_1_111' title="bbox 2186 3907 3769 3983">
     <span class='ocr_line' id='line_1_113' title="bbox 2186 3907 3769 3983; baseline -0.004 -16"><span class='ocrx_word' id='word_1_801' title='bbox 2186 3918 2327 3983; x_wconf 90' lang='lat' dir='ltr'><strong>gitur</strong></span> <span class='ocrx_word' id='word_1_802' title='bbox 2352 3907 2656 3983; x_wconf 60' lang='lat' dir='ltr'><strong>pa&#39;ludibus,</strong></span> <span class='ocrx_word' id='word_1_803' title='bbox 2686 3913 2808 3967; x_wconf 91' lang='lat' dir='ltr'><strong>ideo</strong></span> <span class='ocrx_word' id='word_1_804' title='bbox 2835 3907 3282 3983; x_wconf 54' lang='lat' dir='ltr'><strong>insulae&#39;formam</strong></span> <span class='ocrx_word' id='word_1_805' title='bbox 3312 3907 3518 3983; x_wconf 65' lang='lat' dir='ltr'><strong>habere</strong></span> <span class='ocrx_word' id='word_1_806' title='bbox 3542 3908 3769 3983; x_wconf 71' lang='lat' dir='ltr'><strong>videtur,</strong></span> 
     </span>
    </p>
   </div>
   <div class='ocr_carea' id='block_1_112' title="bbox 2189 3977 3773 4053">
    <p class='ocr_par' dir='ltr' id='par_1_112' title="bbox 2189 3977 3773 4053">
     <span class='ocr_line' id='line_1_114' title="bbox 2189 3977 3773 4053; baseline -0.004 -16"><span class='ocrx_word' id='word_1_807' title='bbox 2189 3977 2386 4053; x_wconf 75' lang='lat' dir='ltr'><strong>quique</strong></span> <span class='ocrx_word' id='word_1_808' title='bbox 2412 3999 2440 4037; x_wconf 87' lang='lat' dir='ltr'><strong>a</strong></span> <span class='ocrx_word' id='word_1_809' title='bbox 2471 3999 2563 4038; x_wconf 88' lang='lat' dir='ltr'><strong>sua</strong></span> <span class='ocrx_word' id='word_1_810' title='bbox 2595 3977 2807 4052; x_wconf 78' lang='lat' dir='ltr'><strong>linspite</strong></span> <span class='ocrx_word' id='word_1_811' title='bbox 2837 3991 3021 4053; x_wconf 89' lang='lat' dir='ltr'><strong>postea</strong></span> <span class='ocrx_word' id='word_1_812' title='bbox 3051 3979 3227 4053; x_wconf 87' lang='lat' dir='ltr'><strong>dictus</strong></span> <span class='ocrx_word' id='word_1_813' title='bbox 3255 3986 3338 4053; x_wconf 82' lang='lat' dir='ltr'><strong>est</strong></span> <span class='ocrx_word' id='word_1_814' title='bbox 3368 3977 3643 4053; x_wconf 69' lang='lat' dir='ltr'><strong>Cit-cacus.</strong></span> <span class='ocrx_word' id='word_1_815' title='bbox 3672 3978 3773 4053; x_wconf 69' lang='grc' dir='ltr'><strong>ΔΗίιε</strong></span> 
     </span>
    </p>
   </div>
   <div class='ocr_carea' id='block_1_113' title="bbox 2189 4048 3771 4125">
    <p class='ocr_par' dir='ltr' id='par_1_113' title="bbox 2189 4048 3771 4125">
     <span class='ocr_line' id='line_1_115' title="bbox 2189 4048 3771 4125; baseline -0.004 -17"><span class='ocrx_word' id='word_1_816' title='bbox 2189 4048 2316 4125; x_wconf 75' lang='lat' dir='ltr'><strong>saga</strong></span> <span class='ocrx_word' id='word_1_817' title='bbox 2338 4056 2575 4110; x_wconf 90' lang='lat' dir='ltr'><strong>crudelis</strong></span> <span class='ocrx_word' id='word_1_818' title='bbox 2599 4048 2847 4109; x_wconf 83' lang='lat' dir='ltr'><strong>homines</strong></span> <span class='ocrx_word' id='word_1_819' title='bbox 2872 4054 2923 4106; x_wconf 92' lang='lat' dir='ltr'><strong>in</strong></span> <span class='ocrx_word' id='word_1_820' title='bbox 2952 4051 3183 4125; x_wconf 81' lang='lat' dir='ltr'><strong>bestias,</strong></span> <span class='ocrx_word' id='word_1_821' title='bbox 3216 4050 3412 4125; x_wconf 70' lang='lat' dir='ltr'><strong>oblatis</strong></span> <span class='ocrx_word' id='word_1_822' title='bbox 3457 4048 3771 4118; x_wconf 86' lang='lat' dir='ltr'><strong>quibusdam</strong></span> 
     </span>
    </p>
   </div>
   <div class='ocr_carea' id='block_1_114' title="bbox 2188 4121 3769 4195">
    <p class='ocr_par' dir='ltr' id='par_1_114' title="bbox 2188 4121 3769 4195">
     <span class='ocr_line' id='line_1_116' title="bbox 2188 4121 3769 4195; baseline -0.004 -17"><span class='ocrx_word' id='word_1_823' title='bbox 2188 4121 2393 4194; x_wconf 74' lang='lat' dir='ltr'><strong>poculis</strong></span> <span class='ocrx_word' id='word_1_824' title='bbox 2422 4168 2436 4189; x_wconf 92' lang='lat'><strong>,</strong></span> <span class='ocrx_word' id='word_1_825' title='bbox 2485 4126 2768 4195; x_wconf 86' lang='lat' dir='ltr'><strong>verbisque</strong></span> <span class='ocrx_word' id='word_1_826' title='bbox 2810 4122 3127 4195; x_wconf 83' lang='lat' dir='ltr'><strong>quibusdam</strong></span> <span class='ocrx_word' id='word_1_827' title='bbox 3179 4121 3429 4195; x_wconf 83' lang='lat' dir='ltr'><strong>prolatis,</strong></span> <span class='ocrx_word' id='word_1_828' title='bbox 3458 4130 3769 4195; x_wconf 83' lang='lat' dir='ltr'><strong>convertere</strong></span> 
     </span>
    </p>
   </div>
   <div class='ocr_carea' id='block_1_115' title="bbox 2187 4192 3767 4265">
    <p class='ocr_par' dir='ltr' id='par_1_115' title="bbox 2187 4192 3767 4265">
     <span class='ocr_line' id='line_1_117' title="bbox 2187 4192 3767 4265; baseline -0.003 -15"><span class='ocrx_word' id='word_1_829' title='bbox 2187 4192 2480 4260; x_wconf 77' lang='lat' dir='ltr'><strong>ferebatur;</strong></span> <span class='ocrx_word' id='word_1_830' title='bbox 2523 4197 2657 4250; x_wconf 84' lang='lat' dir='ltr'><strong>alios</strong></span> <span class='ocrx_word' id='word_1_831' title='bbox 2683 4192 2909 4265; x_wconf 76' lang='lat' dir='ltr'><strong>quidem</strong></span> <span class='ocrx_word' id='word_1_832' title='bbox 2953 4198 3006 4248; x_wconf 87' lang='lat' dir='ltr'><strong>in</strong></span> <span class='ocrx_word' id='word_1_833' title='bbox 3046 4192 3453 4265; x_wconf 84' lang='lat' dir='ltr'><strong>leones,_alios</strong></span> <span class='ocrx_word' id='word_1_834' title='bbox 3503 4192 3559 4265; x_wconf 81' lang='lat' dir='ltr'><strong>in</strong></span> <span class='ocrx_word' id='word_1_835' title='bbox 3592 4193 3767 4265; x_wconf 81' lang='lat' dir='ltr'><strong>lupos,</strong></span> 
     </span>
    </p>
   </div>
   <div class='ocr_carea' id='block_1_116' title="bbox 2183 4262 3762 4336">
    <p class='ocr_par' dir='ltr' id='par_1_116' title="bbox 2183 4262 3762 4336">
     <span class='ocr_line' id='line_1_118' title="bbox 2183 4262 3762 4336; baseline -0.005 -15"><span class='ocrx_word' id='word_1_836' title='bbox 2183 4268 2319 4321; x_wconf 88' lang='lat' dir='ltr'><strong>alios</strong></span> <span class='ocrx_word' id='word_1_837' title='bbox 2360 4269 2410 4321; x_wconf 93' lang='lat' dir='ltr'><strong>in</strong></span> <span class='ocrx_word' id='word_1_838' title='bbox 2454 4268 2617 4336; x_wconf 88' lang='lat' dir='ltr'><strong>tigres</strong></span> <span class='ocrx_word' id='word_1_839' title='bbox 2638 4307 2652 4330; x_wconf 94' lang='lat'><strong>,</strong></span> <span class='ocrx_word' id='word_1_840' title='bbox 2690 4262 2823 4321; x_wconf 78' lang='lat' dir='ltr'><strong>alios</strong></span> <span class='ocrx_word' id='word_1_841' title='bbox 2853 4267 2906 4320; x_wconf 91' lang='lat' dir='ltr'><strong>in</strong></span> <span class='ocrx_word' id='word_1_842' title='bbox 2939 4280 3095 4325; x_wconf 88' lang='lat' dir='ltr'><strong>sues.</strong></span> <span class='ocrx_word' id='word_1_843' title='bbox 3118 4262 3251 4336; x_wconf 85' lang='lat' dir='ltr'><strong>alios</strong></span> <span class='ocrx_word' id='word_1_844' title='bbox 3282 4262 3333 4317; x_wconf 91' lang='lat' dir='ltr'><strong>in</strong></span> <span class='ocrx_word' id='word_1_845' title='bbox 3365 4264 3501 4315; x_wconf 89' lang='lat' dir='ltr'><strong>alias</strong></span> <span class='ocrx_word' id='word_1_846' title='bbox 3531 4262 3721 4336; x_wconf 79' lang='lat' dir='ltr'><strong>bestias</strong></span> <span class='ocrx_word' id='word_1_847' title='bbox 3750 4279 3762 4313; x_wconf 93' lang='lat'>:</span> 
     </span>
    </p>
   </div>
   <div class='ocr_carea' id='block_1_117' title="bbox 2182 4334 3763 4408">
    <p class='ocr_par' dir='ltr' id='par_1_117' title="bbox 2182 4334 3763 4408">
     <span class='ocr_line' id='line_1_119' title="bbox 2182 4334 3763 4408; baseline -0.006 -15"><span class='ocrx_word' id='word_1_848' title='bbox 2182 4340 2321 4407; x_wconf 91' lang='lat' dir='ltr'><strong>quod</strong></span> <span class='ocrx_word' id='word_1_849' title='bbox 2352 4334 2627 4408; x_wconf 78' lang='lat' dir='ltr'><strong>eleganter</strong></span> <span class='ocrx_word' id='word_1_850' title='bbox 2650 4338 2727 4391; x_wconf 91' lang='lat' dir='ltr'><strong>sic</strong></span> <span class='ocrx_word' id='word_1_851' title='bbox 2747 4336 3012 4406; x_wconf 85' lang='lat' dir='ltr'><strong>expressit</strong></span> <span class='ocrx_word' id='word_1_852' title='bbox 3036 4334 3371 4391; x_wconf 87' lang='lat' dir='ltr'><strong>clarissimus</strong></span> <span class='ocrx_word' id='word_1_853' title='bbox 3400 4342 3588 4388; x_wconf 87' lang='lat' dir='ltr'><strong>noster</strong></span> <span class='ocrx_word' id='word_1_854' title='bbox 3608 4335 3763 4388; x_wconf 79' lang='lat' dir='ltr'><strong>Anto-</strong></span> 
     </span>
    </p>
   </div>
   <div class='ocr_carea' id='block_1_118' title="bbox 2180 4408 2939 4464">
    <p class='ocr_par' dir='ltr' id='par_1_118' title="bbox 2180 4408 2939 4464">
     <span class='ocr_line' id='line_1_120' title="bbox 2180 4408 2939 4464; baseline -0.005 0"><span class='ocrx_word' id='word_1_855' title='bbox 2180 4412 2300 4464; x_wconf 92' lang='lat' dir='ltr'><strong>nius</strong></span> <span class='ocrx_word' id='word_1_856' title='bbox 2324 4410 2551 4463; x_wconf 70' lang='lat' dir='ltr'><strong>Hallaaus</strong></span> <span class='ocrx_word' id='word_1_857' title='bbox 2572 4424 2639 4462; x_wconf 87' lang='lat' dir='ltr'><strong>ex</strong></span> <span class='ocrx_word' id='word_1_858' title='bbox 2671 4408 2903 4462; x_wconf 87' lang='lat' dir='ltr'><strong>Homero</strong></span> <span class='ocrx_word' id='word_1_859' title='bbox 2927 4426 2939 4459; x_wconf 92' lang='lat'>:</span> 
     </span>
    </p>
   </div>
   <div class='ocr_carea' id='block_1_119' title="bbox 2239 4484 3713 4549">
    <p class='ocr_par' dir='ltr' id='par_1_119' title="bbox 2239 4484 3713 4549">
     <span class='ocr_line' id='line_1_121' title="bbox 2239 4484 3713 4549; baseline -0.005 -11"><span class='ocrx_word' id='word_1_860' title='bbox 2239 4490 2389 4549; x_wconf 87' lang='lat' dir='ltr'><strong>Queis</strong></span> <span class='ocrx_word' id='word_1_861' title='bbox 2414 4490 2663 4538; x_wconf 90' lang='lat' dir='ltr'><strong>hominum</strong></span> <span class='ocrx_word' id='word_1_862' title='bbox 2686 4487 2956 4537; x_wconf 87' lang='lat' dir='ltr'><strong>abstulerat</strong></span> <span class='ocrx_word' id='word_1_863' title='bbox 2978 4486 3153 4535; x_wconf 85' lang='lat' dir='ltr'><strong>faciem</strong></span> <span class='ocrx_word' id='word_1_864' title='bbox 3177 4484 3488 4548; x_wconf 87' lang='lat' dir='ltr'><strong>dederatque</strong></span> <span class='ocrx_word' id='word_1_865' title='bbox 3511 4484 3713 4534; x_wconf 80' lang='lat' dir='ltr'><strong>ferarum</strong></span> 
     </span>
    </p>
   </div>
   <div class='ocr_carea' id='block_1_120' title="bbox 2241 4548 3496 4612">
    <p class='ocr_par' dir='ltr' id='par_1_120' title="bbox 2241 4548 3496 4612">
     <span class='ocr_line' id='line_1_122' title="bbox 2241 4548 3496 4612; baseline -0.005 -11"><span class='ocrx_word' id='word_1_866' title='bbox 2241 4548 2361 4601; x_wconf 88' lang='lat' dir='ltr'><strong>Diva</strong></span> <span class='ocrx_word' id='word_1_867' title='bbox 2378 4552 2531 4600; x_wconf 84' lang='lat' dir='ltr'><strong>salax.</strong></span> <span class='ocrx_word' id='word_1_868' title='bbox 2558 4550 2648 4600; x_wconf 84' lang='lat' dir='ltr'><strong>Hic</strong></span> <span class='ocrx_word' id='word_1_869' title='bbox 2665 4563 2875 4612; x_wconf 88' lang='lat' dir='ltr'><strong>namque</strong></span> <span class='ocrx_word' id='word_1_870' title='bbox 2895 4549 2992 4611; x_wconf 91' lang='lat' dir='ltr'><strong>lupi</strong></span> <span class='ocrx_word' id='word_1_871' title='bbox 3012 4548 3311 4612; x_wconf 69' lang='lat' dir='ltr'><strong>curvatusin</strong></span> <span class='ocrx_word' id='word_1_872' title='bbox 3336 4557 3496 4612; x_wconf 86' lang='lat' dir='ltr'><strong>artus,</strong></span> 
     </span>
    </p>
   </div>
   <div class='ocr_carea' id='block_1_121' title="bbox 2239 4608 3649 4676">
    <p class='ocr_par' dir='ltr' id='par_1_121' title="bbox 2239 4608 3649 4676">
     <span class='ocr_line' id='line_1_123' title="bbox 2239 4608 3649 4676; baseline -0.006 -13"><span class='ocrx_word' id='word_1_873' title='bbox 2239 4614 2325 4663; x_wconf 72' lang='lat' dir='ltr'><strong>list</strong></span> <span class='ocrx_word' id='word_1_874' title='bbox 2346 4618 2429 4676; x_wconf 90' lang='lat' dir='ltr'><strong>qui</strong></span> <span class='ocrx_word' id='word_1_875' title='bbox 2456 4615 2627 4669; x_wconf 87' lang='lat' dir='ltr'><strong>ululat,</strong></span> <span class='ocrx_word' id='word_1_876' title='bbox 2647 4608 2866 4674; x_wconf 80' lang='lat' dir='ltr'><strong>seseque</strong></span> <span class='ocrx_word' id='word_1_877' title='bbox 2888 4608 3060 4676; x_wconf 77' lang='lat' dir='ltr'><strong>pavet;</strong></span> <span class='ocrx_word' id='word_1_878' title='bbox 3087 4610 3172 4676; x_wconf 89' lang='lat' dir='ltr'><strong>qui</strong></span> <span class='ocrx_word' id='word_1_879' title='bbox 3193 4608 3348 4676; x_wconf 78' lang='lat' dir='ltr'><strong>dente</strong></span> <span class='ocrx_word' id='word_1_880' title='bbox 3371 4611 3461 4659; x_wconf 85' lang='lat' dir='ltr'><strong>sed</strong></span> <span class='ocrx_word' id='word_1_881' title='bbox 3490 4614 3649 4658; x_wconf 85' lang='lat' dir='ltr'><strong>insons</strong></span> 
     </span>
    </p>
   </div>
   <div class='ocr_carea' id='block_1_122' title="bbox 2240 4672 3583 4738">
    <p class='ocr_par' dir='ltr' id='par_1_122' title="bbox 2240 4672 3583 4738">
     <span class='ocr_line' id='line_1_124' title="bbox 2240 4672 3583 4738; baseline -0.005 -13"><span class='ocrx_word' id='word_1_882' title='bbox 2240 4672 2429 4725; x_wconf 77' lang='lat' dir='ltr'><strong>Crescit</strong></span> <span class='ocrx_word' id='word_1_883' title='bbox 2453 4686 2506 4726; x_wconf 90' lang='lat' dir='ltr'><strong>et</strong></span> <span class='ocrx_word' id='word_1_884' title='bbox 2527 4688 2692 4738; x_wconf 89' lang='lat' dir='ltr'><strong>ungue</strong></span> <span class='ocrx_word' id='word_1_885' title='bbox 2714 4672 2811 4732; x_wconf 84' lang='lat' dir='ltr'><strong>leo,</strong></span> <span class='ocrx_word' id='word_1_886' title='bbox 2833 4672 2919 4723; x_wconf 86' lang='lat' dir='ltr'><strong>aut.</strong></span> <span class='ocrx_word' id='word_1_887' title='bbox 2942 4672 3068 4738; x_wconf 81' lang='lat' dir='ltr'><strong>villis</strong></span> <span class='ocrx_word' id='word_1_888' title='bbox 3087 4672 3396 4738; x_wconf 73' lang='lat' dir='ltr'><strong>nigrantibus</strong></span> <span class='ocrx_word' id='word_1_889' title='bbox 3420 4683 3583 4738; x_wconf 76' lang='lat' dir='ltr'><strong>ursus,</strong></span> 
     </span>
    </p>
   </div>
   <div class='ocr_carea' id='block_1_123' title="bbox 2243 4732 3583 4801">
    <p class='ocr_par' dir='ltr' id='par_1_123' title="bbox 2243 4732 3583 4801">
     <span class='ocr_line' id='line_1_125' title="bbox 2243 4732 3583 4801; baseline -0.004 -14"><span class='ocrx_word' id='word_1_890' title='bbox 2243 4739 2434 4801; x_wconf 85' lang='lat' dir='ltr'><strong>Quique</strong></span> <span class='ocrx_word' id='word_1_891' title='bbox 2458 4732 2640 4800; x_wconf 69' lang='lat' dir='ltr'><strong>amplis</strong></span> <span class='ocrx_word' id='word_1_892' title='bbox 2665 4738 2805 4797; x_wconf 82' lang='lat' dir='ltr'><strong>tigris</strong></span> <span class='ocrx_word' id='word_1_893' title='bbox 2829 4734 3068 4784; x_wconf 87' lang='lat' dir='ltr'><strong>maculosa</strong></span> <span class='ocrx_word' id='word_1_894' title='bbox 3090 4732 3404 4796; x_wconf 77' lang='lat' dir='ltr'><strong>perambulat</strong></span> <span class='ocrx_word' id='word_1_895' title='bbox 3430 4732 3583 4781; x_wconf 63' lang='lat' dir='ltr'><strong>ades.</strong></span> 
     </span>
    </p>
   </div>
   <div class='ocr_carea' id='block_1_124' title="bbox 2182 4804 3752 4882">
    <p class='ocr_par' dir='ltr' id='par_1_124' title="bbox 2182 4804 3752 4882">
     <span class='ocr_line' id='line_1_126' title="bbox 2182 4804 3752 4882; baseline -0.007 -17"><span class='ocrx_word' id='word_1_896' title='bbox 2182 4809 2400 4882; x_wconf 76' lang='lat' dir='ltr'><strong>Ulysses</strong></span> <span class='ocrx_word' id='word_1_897' title='bbox 2428 4824 2556 4863; x_wconf 91' lang='lat' dir='ltr'><strong>vero</strong></span> <span class='ocrx_word' id='word_1_898' title='bbox 2583 4818 2735 4882; x_wconf 78' lang='lat' dir='ltr'><strong>ortus</strong></span> <span class='ocrx_word' id='word_1_899' title='bbox 2756 4817 2845 4882; x_wconf 75' lang='lat' dir='ltr'><strong>est</strong></span> <span class='ocrx_word' id='word_1_900' title='bbox 2867 4822 2931 4860; x_wconf 89' lang='lat' dir='ltr'><strong>ex</strong></span> <span class='ocrx_word' id='word_1_901' title='bbox 2963 4806 3354 4882; x_wconf 68' lang='lat' dir='ltr'><strong>Neritomoiite</strong></span> <span class='ocrx_word' id='word_1_902' title='bbox 3377 4804 3589 4867; x_wconf 71' lang='lat' dir='ltr'><strong>Ithacae,</strong></span> <span class='ocrx_word' id='word_1_903' title='bbox 3620 4812 3752 4882; x_wconf 73' lang='lat' dir='ltr'><strong>patre</strong></span> 
     </span>
    </p>
   </div>
   <div class='ocr_carea' id='block_1_125' title="bbox 2178 4876 3757 4948">
    <p class='ocr_par' dir='ltr' id='par_1_125' title="bbox 2178 4876 3757 4948">
     <span class='ocr_line' id='line_1_127' title="bbox 2178 4876 3757 4948; baseline -0.007 -13"><span class='ocrx_word' id='word_1_904' title='bbox 2178 4876 2393 4948; x_wconf 77' lang='lat' dir='ltr'><strong>Laerta,</strong></span> <span class='ocrx_word' id='word_1_905' title='bbox 2420 4883 2526 4940; x_wconf 89' lang='lat' dir='ltr'><strong>vel,</strong></span> <span class='ocrx_word' id='word_1_906' title='bbox 2561 4888 2619 4932; x_wconf 89' lang='lat' dir='ltr'><strong>ut</strong></span> <span class='ocrx_word' id='word_1_907' title='bbox 2647 4879 2738 4933; x_wconf 89' lang='lat' dir='ltr'><strong>alii</strong></span> <span class='ocrx_word' id='word_1_908' title='bbox 2763 4879 2971 4940; x_wconf 91' lang='lat' dir='ltr'><strong>volunt,</strong></span> <span class='ocrx_word' id='word_1_909' title='bbox 2995 4877 3247 4948; x_wconf 79' lang='lat' dir='ltr'><strong>Sisypho,</strong></span> <span class='ocrx_word' id='word_1_910' title='bbox 3275 4885 3464 4948; x_wconf 33' lang='lat' dir='ltr'><strong>matre”</strong></span> <span class='ocrx_word' id='word_1_911' title='bbox 3487 4889 3610 4948; x_wconf 80' lang='lat' dir='ltr'><strong>vero</strong></span> <span class='ocrx_word' id='word_1_912' title='bbox 3633 4876 3757 4926; x_wconf 77' lang='lat' dir='ltr'><strong>An-</strong></span> 
     </span>
    </p>
   </div>
   <div class='ocr_carea' id='block_1_126' title="bbox 2180 4944 3747 5023">
    <p class='ocr_par' dir='ltr' id='par_1_126' title="bbox 2180 4944 3747 5023">
     <span class='ocr_line' id='line_1_128' title="bbox 2180 4944 3747 5023; baseline -0.008 -15"><span class='ocrx_word' id='word_1_913' title='bbox 2180 4954 2337 5008; x_wconf 89' lang='lat' dir='ltr'><strong>ticlea</strong></span> <span class='ocrx_word' id='word_1_914' title='bbox 2360 4944 2390 5005; x_wconf 73' lang='grc'><strong>;’</strong></span> <span class='ocrx_word' id='word_1_915' title='bbox 2410 4952 2625 5020; x_wconf 90' lang='lat' dir='ltr'><strong>ﬁngitur</strong></span> <span class='ocrx_word' id='word_1_916' title='bbox 2649 4953 2716 5003; x_wconf 89' lang='lat' dir='ltr'><strong>ab</strong></span> <span class='ocrx_word' id='word_1_917' title='bbox 2748 4948 2982 5023; x_wconf 83' lang='lat' dir='ltr'><strong>Homero</strong></span> <span class='ocrx_word' id='word_1_918' title='bbox 3008 4944 3097 5001; x_wconf 80' lang='lat' dir='ltr'><strong>vir</strong></span> <span class='ocrx_word' id='word_1_919' title='bbox 3114 4946 3276 5023; x_wconf 81' lang='lat' dir='ltr'><strong>multa</strong></span> <span class='ocrx_word' id='word_1_920' title='bbox 3302 4946 3556 5023; x_wconf 59' lang='lat' dir='ltr'><strong>praeditus</strong></span> <span class='ocrx_word' id='word_1_921' title='bbox 3584 4944 3747 5023; x_wconf 70' lang='lat' dir='ltr'><strong>facun-</strong></span> 
     </span>
    </p>
   </div>
   <div class='ocr_carea' id='block_1_127' title="bbox 2179 5018 3759 5089">
    <p class='ocr_par' dir='ltr' id='par_1_127' title="bbox 2179 5018 3759 5089">
     <span class='ocr_line' id='line_1_129' title="bbox 2179 5018 3759 5089; baseline -0.009 -10"><span class='ocrx_word' id='word_1_922' title='bbox 2179 5024 2265 5079; x_wconf 89' lang='lat' dir='ltr'><strong>dia</strong></span> <span class='ocrx_word' id='word_1_923' title='bbox 2310 5038 2407 5079; x_wconf 89' lang='lat' dir='ltr'><strong>nec</strong></span> <span class='ocrx_word' id='word_1_924' title='bbox 2449 5018 2659 5077; x_wconf 89' lang='lat' dir='ltr'><strong>minore</strong></span> <span class='ocrx_word' id='word_1_925' title='bbox 2688 5019 3041 5089; x_wconf 85' lang='lat' dir='ltr'><strong>experientia,</strong></span> <span class='ocrx_word' id='word_1_926' title='bbox 3074 5018 3222 5071; x_wconf 86' lang='lat' dir='ltr'><strong>vafer</strong></span> <span class='ocrx_word' id='word_1_927' title='bbox 3256 5018 3503 5089; x_wconf 73' lang='lat' dir='ltr'><strong>consilio.</strong></span> <span class='ocrx_word' id='word_1_928' title='bbox 3526 5018 3759 5089; x_wconf 80' lang='lat' dir='ltr'><strong>egregius</strong></span> 
     </span>
    </p>
   </div>
   <div class='ocr_carea' id='block_1_128' title="bbox 2179 5086 3761 5162">
    <p class='ocr_par' dir='ltr' id='par_1_128' title="bbox 2179 5086 3761 5162">
     <span class='ocr_line' id='line_1_130' title="bbox 2179 5086 3761 5162; baseline -0.01 -11"><span class='ocrx_word' id='word_1_929' title='bbox 2179 5096 2347 5159; x_wconf 85' lang='lat' dir='ltr'><strong>bello,</strong></span> <span class='ocrx_word' id='word_1_930' title='bbox 2380 5094 2624 5149; x_wconf 90' lang='lat' dir='ltr'><strong>laborum</strong></span> <span class='ocrx_word' id='word_1_931' title='bbox 2660 5086 3104 5162; x_wconf 75' lang='lat' dir='ltr'><strong>patientissimus.</strong></span> <span class='ocrx_word' id='word_1_932' title='bbox 3128 5090 3251 5162; x_wconf 76' lang='lat' dir='ltr'><strong>llic,</strong></span> <span class='ocrx_word' id='word_1_933' title='bbox 3282 5099 3435 5157; x_wconf 81' lang='lat' dir='ltr'><strong>capta</strong></span> <span class='ocrx_word' id='word_1_934' title='bbox 3462 5086 3633 5162; x_wconf 85' lang='lat' dir='ltr'><strong>_&#39;l‘roja,</strong></span> <span class='ocrx_word' id='word_1_935' title='bbox 3657 5098 3761 5136; x_wconf 80' lang='lat' dir='ltr'><strong>na-</strong></span> 
     </span>
    </p>
   </div>
   <div class='ocr_carea' id='block_1_129' title="bbox 2179 5159 3758 5231">
    <p class='ocr_par' dir='ltr' id='par_1_129' title="bbox 2179 5159 3758 5231">
     <span class='ocr_line' id='line_1_131' title="bbox 2179 5159 3758 5231; baseline -0.009 -12"><span class='ocrx_word' id='word_1_936' title='bbox 2179 5168 2286 5221; x_wconf 90' lang='lat' dir='ltr'><strong>vim</strong></span> <span class='ocrx_word' id='word_1_937' title='bbox 2316 5159 2674 5229; x_wconf 77' lang='lat' dir='ltr'><strong>conscendit,</strong></span> <span class='ocrx_word' id='word_1_938' title='bbox 2704 5164 2755 5217; x_wconf 91' lang='lat' dir='ltr'><strong>in</strong></span> <span class='ocrx_word' id='word_1_939' title='bbox 2789 5162 3017 5231; x_wconf 89' lang='lat' dir='ltr'><strong>patriam</strong></span> <span class='ocrx_word' id='word_1_940' title='bbox 3048 5160 3316 5215; x_wconf 89' lang='lat' dir='ltr'><strong>rediturus</strong></span> <span class='ocrx_word' id='word_1_941' title='bbox 3337 5200 3352 5223; x_wconf 90' lang='lat'><strong>,</strong></span> <span class='ocrx_word' id='word_1_942' title='bbox 3382 5159 3476 5213; x_wconf 91' lang='lat' dir='ltr'><strong>sed</strong></span> <span class='ocrx_word' id='word_1_943' title='bbox 3515 5165 3618 5226; x_wconf 87' lang='lat' dir='ltr'><strong>post</strong></span> <span class='ocrx_word' id='word_1_944' title='bbox 3640 5169 3758 5231; x_wconf 54' lang='lat' dir='ltr'><strong>va-</strong></span> 
     </span>
    </p>
   </div>
   <div class='ocr_carea' id='block_1_130' title="bbox 2180 5224 3758 5313">
    <p class='ocr_par' dir='ltr' id='par_1_130' title="bbox 2180 5224 3758 5313">
     <span class='ocr_line' id='line_1_132' title="bbox 2180 5224 3758 5313; baseline -0.01 -21"><span class='ocrx_word' id='word_1_945' title='bbox 2180 5239 2290 5293; x_wconf 88' lang='lat' dir='ltr'><strong>rios</strong></span> <span class='ocrx_word' id='word_1_946' title='bbox 2319 5251 2561 5313; x_wconf 83' lang='lat' dir='ltr'><strong>errores,</strong></span> <span class='ocrx_word' id='word_1_947' title='bbox 2585 5224 2877 5313; x_wconf 35' lang='lat' dir='ltr'><strong>de&#39;quibus</strong></span> <span class='ocrx_word' id='word_1_948' title='bbox 2906 5232 2992 5285; x_wconf 91' lang='lat' dir='ltr'><strong>hic</strong></span> <span class='ocrx_word' id='word_1_949' title='bbox 3032 5246 3135 5286; x_wconf 92' lang='lat' dir='ltr'><strong>non</strong></span> <span class='ocrx_word' id='word_1_950' title='bbox 3166 5231 3340 5313; x_wconf 42' lang='lat' dir='ltr'><strong>agilior</strong></span> <span class='ocrx_word' id='word_1_951' title='bbox 3358 5270 3375 5294; x_wconf 93' lang='lat'><strong>,</strong></span> <span class='ocrx_word' id='word_1_952' title='bbox 3406 5224 3573 5310; x_wconf 75' lang='lat' dir='ltr'><strong>veniis</strong></span> <span class='ocrx_word' id='word_1_953' title='bbox 3595 5224 3758 5313; x_wconf 70' lang='lat' dir='ltr'><strong>addu—</strong></span> 
     </span>
    </p>
   </div>
   <div class='ocr_carea' id='block_1_131' title="bbox 2178 5296 3749 5367">
    <p class='ocr_par' dir='ltr' id='par_1_131' title="bbox 2178 5296 3749 5367">
     <span class='ocr_line' id='line_1_133' title="bbox 2178 5296 3749 5367; baseline -0.011 -4"><span class='ocrx_word' id='word_1_954' title='bbox 2178 5318 2297 5363; x_wconf 90' lang='lat' dir='ltr'><strong>ctus</strong></span> <span class='ocrx_word' id='word_1_955' title='bbox 2323 5320 2404 5365; x_wconf 87' lang='lat' dir='ltr'><strong>est</strong></span> <span class='ocrx_word' id='word_1_956' title='bbox 2434 5307 2502 5361; x_wconf 87' lang='lat' dir='ltr'><strong>ad</strong></span> <span class='ocrx_word' id='word_1_957' title='bbox 2546 5296 2784 5362; x_wconf 72' lang='lat' dir='ltr'><strong>montem</strong></span> <span class='ocrx_word' id='word_1_958' title='bbox 2814 5303 3106 5363; x_wconf 70' lang='lat' dir='ltr'><strong>Circaaum.</strong></span> <span class='ocrx_word' id='word_1_959' title='bbox 3140 5296 3230 5355; x_wconf 81' lang='lat' dir='ltr'><strong>ubi</strong></span> <span class='ocrx_word' id='word_1_960' title='bbox 3257 5298 3415 5355; x_wconf 89' lang='lat' dir='ltr'><strong>Circe</strong></span> <span class='ocrx_word' id='word_1_961' title='bbox 3445 5300 3552 5367; x_wconf 86' lang='lat' dir='ltr'><strong>ejus</strong></span> <span class='ocrx_word' id='word_1_962' title='bbox 3576 5296 3749 5362; x_wconf 55' lang='lat' dir='ltr'><strong>expia.</strong></span> 
     </span>
    </p>
   </div>
   <div class='ocr_carea' id='block_1_132' title="bbox 2181 5374 3753 5443">
    <p class='ocr_par' dir='ltr' id='par_1_132' title="bbox 2181 5374 3753 5443">
     <span class='ocr_line' id='line_1_134' title="bbox 2181 5374 3753 5443; baseline -0.008 -10"><span class='ocrx_word' id='word_1_963' title='bbox 2181 5390 2390 5433; x_wconf 85' lang='lat' dir='ltr'><strong>ratores</strong></span> <span class='ocrx_word' id='word_1_964' title='bbox 2421 5382 2472 5434; x_wconf 92' lang='lat' dir='ltr'><strong>in</strong></span> <span class='ocrx_word' id='word_1_965' title='bbox 2509 5393 2633 5434; x_wconf 89' lang='lat' dir='ltr'><strong>sues</strong></span> <span class='ocrx_word' id='word_1_966' title='bbox 2662 5378 2904 5442; x_wconf 85' lang='lat' dir='ltr'><strong>mutavit,</strong></span> <span class='ocrx_word' id='word_1_967' title='bbox 2938 5374 3051 5443; x_wconf 87' lang='lat' dir='ltr'><strong>ipse</strong></span> <span class='ocrx_word' id='word_1_968' title='bbox 3074 5387 3225 5436; x_wconf 90' lang='lat' dir='ltr'><strong>vero,</strong></span> <span class='ocrx_word' id='word_1_969' title='bbox 3253 5380 3463 5440; x_wconf 86' lang='lat' dir='ltr'><strong>sumpta</strong></span> <span class='ocrx_word' id='word_1_970' title='bbox 3486 5383 3572 5429; x_wconf 87' lang='lat' dir='ltr'><strong>ea.</strong></span> <span class='ocrx_word' id='word_1_971' title='bbox 3598 5380 3753 5435; x_wconf 76' lang='lat' dir='ltr'><strong>quam</strong></span> 
     </span>
    </p>
   </div>
   <div class='ocr_carea' id='block_1_133' title="bbox 2184 5442 3754 5517">
    <p class='ocr_par' dir='ltr' id='par_1_133' title="bbox 2184 5442 3754 5517">
     <span class='ocr_line' id='line_1_135' title="bbox 2184 5442 3754 5517; baseline -0.011 -11"><span class='ocrx_word' id='word_1_972' title='bbox 2184 5453 2478 5505; x_wconf 80' lang='lat' dir='ltr'><strong>Mercurius</strong></span> <span class='ocrx_word' id='word_1_973' title='bbox 2521 5449 2699 5505; x_wconf 91' lang='lat' dir='ltr'><strong>docuit</strong></span> <span class='ocrx_word' id='word_1_974' title='bbox 2718 5491 2732 5509; x_wconf 87' lang='lat'><strong>.</strong></span> <span class='ocrx_word' id='word_1_975' title='bbox 2762 5447 2923 5502; x_wconf 89' lang='lat' dir='ltr'><strong>herba</strong></span> <span class='ocrx_word' id='word_1_976' title='bbox 2942 5442 3125 5517; x_wconf 65' lang='lat' dir='ltr'><strong>,bloly</strong></span> <span class='ocrx_word' id='word_1_977' title='bbox 3156 5452 3374 5517; x_wconf 79' lang='lat' dir='ltr'><strong>vocata,</strong></span> <span class='ocrx_word' id='word_1_978' title='bbox 3399 5442 3754 5517; x_wconf 27' lang='lat' dir='ltr'><strong>‘illa’samscr-</strong></span> 
     </span>
    </p>
   </div>
   <div class='ocr_carea' id='block_1_134' title="bbox 2184 5506 3753 5588">
    <p class='ocr_par' dir='ltr' id='par_1_134' title="bbox 2184 5506 3753 5588">
     <span class='ocr_line' id='line_1_136' title="bbox 2184 5506 3753 5588; baseline -0.01 -14"><span class='ocrx_word' id='word_1_979' title='bbox 2184 5524 2327 5575; x_wconf 88' lang='lat' dir='ltr'><strong>vavit</strong></span> <span class='ocrx_word' id='word_1_980' title='bbox 2367 5538 2519 5577; x_wconf 89' lang='lat' dir='ltr'><strong>suam</strong></span> <span class='ocrx_word' id='word_1_981' title='bbox 2566 5506 2824 5584; x_wconf 79' lang='lat' dir='ltr'><strong>formam,</strong></span> <span class='ocrx_word' id='word_1_982' title='bbox 2854 5506 2995 5588; x_wconf 84' lang='lat' dir='ltr'><strong>quod</strong></span> <span class='ocrx_word' id='word_1_983' title='bbox 3028 5506 3111 5572; x_wconf 72' lang='lat' dir='ltr'><strong>sic</strong></span> <span class='ocrx_word' id='word_1_984' title='bbox 3147 5506 3440 5583; x_wconf 84' lang='lat' dir='ltr'><strong>descripsit</strong></span> <span class='ocrx_word' id='word_1_985' title='bbox 3479 5506 3753 5583; x_wconf 57' lang='lat' dir='ltr'><strong>[tradimus</strong></span> 
     </span>
    </p>
   </div>
   <div class='ocr_carea' id='block_1_135' title="bbox 2186 5593 2808 5648">
    <p class='ocr_par' dir='ltr' id='par_1_135' title="bbox 2186 5593 2808 5648">
     <span class='ocr_line' id='line_1_137' title="bbox 2186 5593 2808 5648; baseline -0.003 -2"><span class='ocrx_word' id='word_1_986' title='bbox 2186 5593 2417 5648; x_wconf 74' lang='lat' dir='ltr'><strong>Hallreus</strong></span> <span class='ocrx_word' id='word_1_987' title='bbox 2443 5593 2763 5648; x_wconf 90' lang='lat' dir='ltr'><strong>continuans</strong></span> <span class='ocrx_word' id='word_1_988' title='bbox 2797 5609 2808 5643; x_wconf 92' lang='lat'>:</span> 
     </span>
    </p>
   </div>
   <div class='ocr_carea' id='block_1_136' title="bbox 2282 5674 3656 5745">
    <p class='ocr_par' dir='ltr' id='par_1_136' title="bbox 2282 5674 3656 5745">
     <span class='ocr_line' id='line_1_138' title="bbox 2282 5674 3656 5745; baseline -0.011 -7"><span class='ocrx_word' id='word_1_989' title='bbox 2282 5687 2414 5745; x_wconf 82' lang='lat' dir='ltr'><strong>Quas</strong></span> <span class='ocrx_word' id='word_1_990' title='bbox 2438 5686 2579 5736; x_wconf 86' lang='lat' dir='ltr'><strong>simul</strong></span> <span class='ocrx_word' id='word_1_991' title='bbox 2603 5688 2797 5735; x_wconf 88' lang='lat' dir='ltr'><strong>intravit</strong></span> <span class='ocrx_word' id='word_1_992' title='bbox 2821 5696 2945 5734; x_wconf 91' lang='lat' dir='ltr'><strong>nova</strong></span> <span class='ocrx_word' id='word_1_993' title='bbox 2962 5683 3126 5742; x_wconf 83' lang='lat' dir='ltr'><strong>turba,</strong></span> <span class='ocrx_word' id='word_1_994' title='bbox 3143 5682 3271 5731; x_wconf 86' lang='lat' dir='ltr'><strong>haud</strong></span> <span class='ocrx_word' id='word_1_995' title='bbox 3295 5682 3541 5745; x_wconf 80' lang='lat' dir='ltr'><strong>immemor</strong></span> <span class='ocrx_word' id='word_1_996' title='bbox 3560 5674 3656 5726; x_wconf 68' lang='grc' dir='ltr'><strong>πω</strong></span> 
     </span>
    </p>
   </div>
   <div class='ocr_carea' id='block_1_137' title="bbox 2279 5744 3518 5816">
    <p class='ocr_par' dir='ltr' id='par_1_137' title="bbox 2279 5744 3518 5816">
     <span class='ocr_line' id='line_1_139' title="bbox 2279 5744 3518 5816; baseline -0.008 -16"><span class='ocrx_word' id='word_1_997' title='bbox 2279 5744 2567 5816; x_wconf 63' lang='lat' dir='ltr'><strong>Qolrhiacae,</strong></span> <span class='ocrx_word' id='word_1_998' title='bbox 2592 5748 2807 5816; x_wconf 77' lang='lat' dir='ltr'><strong>attonitis</strong></span> <span class='ocrx_word' id='word_1_999' title='bbox 2822 5748 3094 5816; x_wconf 86' lang='lat' dir='ltr'><strong>medica_t_os</strong></span> <span class='ocrx_word' id='word_1_1000' title='bbox 3114 5746 3240 5807; x_wconf 84' lang='lat' dir='ltr'><strong>Saga</strong></span> <span class='ocrx_word' id='word_1_1001' title='bbox 3256 5744 3489 5816; x_wconf 68' lang='lat' dir='ltr'><strong>propinat</strong></span> <span class='ocrx_word' id='word_1_1002' title='bbox 3511 5774 3518 5785; x_wconf 83' lang='lat'><strong>.</strong></span> 
     </span>
    </p>
   </div>
   <div class='ocr_carea' id='block_1_138' title="bbox 2281 5807 3489 5875">
    <p class='ocr_par' dir='ltr' id='par_1_138' title="bbox 2281 5807 3489 5875">
     <span class='ocr_line' id='line_1_140' title="bbox 2281 5807 3489 5875; baseline -0.007 -15"><span class='ocrx_word' id='word_1_1003' title='bbox 2281 5807 2563 5875; x_wconf 72' lang='lat' dir='ltr'><strong>Hospitibus</strong></span> <span class='ocrx_word' id='word_1_1004' title='bbox 2584 5810 2788 5875; x_wconf 84' lang='lat' dir='ltr'><strong>calices;</strong></span> <span class='ocrx_word' id='word_1_1005' title='bbox 2817 5808 3171 5875; x_wconf 73' lang='lat' dir='ltr'><strong>vertendisque</strong></span> <span class='ocrx_word' id='word_1_1006' title='bbox 3186 5814 3301 5875; x_wconf 71' lang='lat' dir='ltr'><strong>apta</strong></span> <span class='ocrx_word' id='word_1_1007' title='bbox 3324 5807 3489 5867; x_wconf 84' lang='lat' dir='ltr'><strong>ﬁguris</strong></span> 
     </span>
    </p>
   </div>
   <div class='ocr_carea' id='block_1_139' title="bbox 2280 5871 3544 5927">
    <p class='ocr_par' dir='ltr' id='par_1_139' title="bbox 2280 5871 3544 5927">
     <span class='ocr_line' id='line_1_141' title="bbox 2280 5871 3544 5927; baseline -0.005 -7"><span class='ocrx_word' id='word_1_1008' title='bbox 2280 5871 2496 5927; x_wconf 76' lang='lat' dir='ltr'><strong>Carmina</strong></span> <span class='ocrx_word' id='word_1_1009' title='bbox 2520 5874 2701 5927; x_wconf 88' lang='lat' dir='ltr'><strong>&#39;l‘itanis</strong></span> <span class='ocrx_word' id='word_1_1010' title='bbox 2724 5873 3069 5924; x_wconf 79' lang='lat' dir='ltr'><strong>demurmurat.</strong></span> <span class='ocrx_word' id='word_1_1011' title='bbox 3099 5871 3282 5921; x_wconf 78' lang='lat' dir='ltr'><strong>Ordine</strong></span> <span class='ocrx_word' id='word_1_1012' title='bbox 3311 5878 3361 5921; x_wconf 80' lang='lat' dir='ltr'><strong>et</strong></span> <span class='ocrx_word' id='word_1_1013' title='bbox 3383 5876 3544 5917; x_wconf 81' lang='lat' dir='ltr'><strong>ornnes</strong></span> 
     </span>
    </p>
   </div>
  </div>
