3984 6382
253 414 350 473 8M
1175 416 1260 471 DE
1300 409 1816 471 CONSOLATIONE
1859 403 2327 465 PHILOSOPlll/E
2366 403 2491 459 LIB.
2537 399 2624 455 lV.
3442 394 3548 449 2:1“).

325 547 543 601 corpora
590 541 884 586 conrertunt
932 532 986 583 in
1032 545 1207 597 apros,
1240 531 1432 593 leones,
1465 530 1634 597 lupos,
1666 528 1837 599 tigres,
1869 528 1921 591 Δ

322 619 466 671 sues,
494 604 581 658 sed
612 604 662 656 in
686 605 850 673 ipsam
872 611 1085 656 mentem
1114 601 1343 655 saeviunt.

538 718 699 791 275
731 718 861 773 Vela
884 715 1073 773 Neritii
1101 716 1272 779 ducis,

540 811 599 864 Et
627 825 785 881 vagas
814 810 1003 881 pelago
1025 820 1169 866 rates

542 905 715 959 Eurus
738 905 941 974 appulit
970 904 1177 963 insula',

542 995 772 1051 Pulchra
797 1010 900 1065 qua
926 994 1170 1051 residens
1197 994 1293 1046 dca

476 1089 511 1143 ii
540 1089 681 1143 Solis
713 1088 854 1143 edita
892 1088 1122 1153 semine,

537 1180 723 1236 Miscet
749 1180 1054 1250 hospitibus
1085 1179 1240 1234 novis

540 1273 701 1329 Tacta
726 1273 965 1329 carmine
989 1274 1199 1342 pocula.

540 1369 701 1439 276
719 1370 867 1437 Quos
888 1378 949 1422 ut
983 1370 1033 1421 in
1063 1367 1241 1421 varios
1268 1366 1458 1421 modos

546 1459 714 1514 Vertit
744 1459 1094 1526 herbipotens
1125 1473 1313 1512 manus
1342 1476 1354 1509 :

434 1553 503 1606 lt)
544 1551 693 1607 Hunc
721 1554 834 1621 apri
861 1552 1025 1607 lacies
1052 1550 1202 1621 tegit,

2238 522 2331 575 Ille
2361 517 2708 574 Marmaricus
2734 516 2818 571 leo

2238 612 2404 667 Dente
2426 612 2621 666 crescit
2650 615 2705 663 et
2737 605 3033 677 unguibus;

2238 707 2332 761 Hic
2359 706 2497 775 lupis
2522 719 2685 773 super
2711 701 2924 758 additus

2248 801 2399 856 Flere
2425 800 2552 855 dum
2586 808 2755 869 parat,
2786 796 2991 852 ululat:

2138 893 2201 948 l5
2237 893 2350 957 Ille,
2383 891 2534 961 tigris
2554 900 2614 945 ut
2633 890 2831 960 Indica,

2242 986 2407 1040 Tecta
2438 984 2582 1039 mitis
2607 984 2942 1045 obambulat,

2238 1075 2342 1132 Sed
2368 1076 2492 1132 licet
2522 1075 2685 1131 variis
2712 1076 2867 1131 malis

2242 1174 2449 1229 Numen
2473 1174 2698 1229 Arcadis
2725 1173 2867 1227 alitis

2238 1267 2483 1323 Obsitum
2513 1266 2777 1321 miserans
2800 1264 2991 1321 ducem

2136 1357 2205 1413 ΞΟ
2246 1357 2404 1412 Peste
2430 1356 2653 1411 solverit
2683 1355 2910 1426 hospitis
2941 1372 2957 1411 :

2249 1451 2409 1523 277
2438 1450 2556 1505 iam
2587 1458 2768 1505 tamen
2796 1449 2939 1505 mala
2968 1448 3203 1518 remiges

2249 1544 2355 1599 Ore
2377 1544 2569 1614 pocula
2587 1552 2859 1600 traxerant
2888 1560 2901 1597 :

1609 1634 2193 1694 INTERPRETATIO.

258 1766 452 1839 tamen.
495 1755 831 1841 Atnquamvis
874 1752 1194 1819 Mercurius,
1232 1750 1553 1841 Deus’aliger'
1584 1752 1837 1841 Arcadias,
1878 1780 1923 1841 Β
1948 1751 2217 1841 integrant.
2250 1749 2369 1841 .Una
2397 1760 2828 1841 mens‘superstels
2868 1751 3007 1841 dolet
3030 1750 3265 1841 prodigia
3297 1752 3550 1841 φαείνει

256 1830 520 1881 miseratus
565 1828 851 1879 liberaverit
895 1843 926 1877 a
964 1841 1151 1879 veneno
1197 1838 1307 1877 sua:
1357 1826 1571 1893 hospitis
1609 1823 1843 1894 Ulyssem

252 1902 503 1969 iactatum
530 1899 736 1951 diversis
768 1897 967 1950 casibus
999 1937 1013 1959 ,
1065 1894 1416 1969 Nihilominus
1452 1895 1661 1969 remiges
1703 1895 1846 1964 ejus-

252 1966 378 2023 dem
419 1968 571 2022 ducis
606 1973 719 2039 jam
758 1986 843 2021 ore
879 1974 1149 2020 hauserant
1204 1966 1430 2039 potiones
1481 1968 1683 2039 malas;
1728 1969 1847 2036 jam

252 2041 380 2094 facti
410 2058 523 2095 suos
548 2035 859 2093 mutaverant
896 2039 1081 2108 glande
1124 2053 1337 2106 panem,
1392 2035 1586 2090 Cereris
1637 2035 1841 2093 manus.

253 2113 555 2181 amissisque
596 2112 797 2179 loquela
833 2120 879 2163 et
925 2113 1095 2165 l'orma
1141 2109 1369 2178 corporis
1416 2108 1542 2161 nihil
1577 2117 1845 2176 supererat

1952 1822 2109 1876 subit.
2154 1823 2199 1875 0
2228 1825 2490 1877 dexteram
2512 1823 2699 1880 Circes
2724 1822 3127 1887 imbecilliorem,
3154 1822 3195 1876 e’
3211 1822 3393 1877 herbas
3414 1838 3551 1893 saga

1953 1894 2224 1959 invalidas,
2252 1910 2366 1963 aute
2392 1896 2620 1965 quamvis
2644 1895 2840 1962 possint
2872 1903 3070 1948 mutare
3096 1910 3282 1963 corpus
3304 1935 3319 1959 ,
3350 1911 3448 1948 non
3476 1903 3553 1948 ta~

1956 1980 2076 2019 men
2101 1976 2309 2036 possunt
2340 1964 2541 2019 mutare
2571 1975 2789 2020 mentem
2816 1981 2836 2019 :
2860 1965 2915 2018 id
2940 1966 3141 2019 virtutis
3163 1976 3236 2019 est
3258 1964 3549 2020 horninibus

1955 2037 2155 2099 insitor,
2181 2053 2296 2107 quo:
2338 2038 2391 2092 in
2422 2046 2605 2092 mente
2635 2037 2778 2092 velut
2805 2037 2859 2090 in
2884 2052 3001 2091 arce
3022 2037 3221 2091 occulta
3248 2038 3552 2107 includitur,

1958 2123 2166 2169 morum
2200 2108 2447 2165 videlicet
2481 2122 2861 2178 perversorum
2896 2125 2909 2161 :
2940 2107 3052 2163 lucc
3084 2125 3275 2163 venena
3308 2124 3439 2163 uera
3464 2110 3554 2162 ab-

1788 2220 1993 2279 NOTAI
2004 2260 2019 2276 .

357 2336 421 2389 Ut
443 2338 759 2402 portentiﬁcre
786 2340 1024 2402 percussit
1048 2340 1247 2402 cuspide
1269 2340 1438 2399 virgae,

355 2401 492 2450 Haud
518 2415 672 2460 mora,
696 2401 1002 2461 procubuere
1025 2401 1148 2460 solo,
1169 2410 1221 2452 et
1243 2402 1422 2463 lugere
1443 2404 1671 2462 parantes

354 2464 423 2512 Se
443 2478 645 2513 raucum
671 2476 841 2525 porcos
856 2466 1113 2525 gruunirc,
1140 2472 1191 2512 et
1224 2473 1418 2525 tergora
1441 2464 1609 2511 densis

356 2525 465 2574 Jan)
491 2529 616 2575 sctis
643 2526 846 2574 horrere
875 2526 1067 2587 vident;
1094 2527 1284 2587 subque
1311 2527 1420 2575 ilice
1445 2526 1582 2587 proni

356 2588 600 2637 Excussas
620 2589 868 2646 mandunt,
897 2586 1068 2636 Ccreis
1090 2601 1177 2648 pro
1206 2586 1414 2635 munere
1440 2586 1661 2645 glandes.

362 2650 547 2699 Unicus
568 2651 775 2699 humana
793 2652 885 2699 sub
910 2652 1122 2709 imagine
1142 2658 1295 2711 restat
1323 2650 1577 2711 Ulysses...

358 2712 679 2773 Carminaque
701 2712 924 2761 obtundit
943 2724 1064 2759 rarae
1088 2712 1159 2760 vis
1184 2710 1347 2760 abdita
1376 2710 1571 2772 plantae,

362 2773 566 2822 Numina
591 2772 714 2835 Moly
749 2780 921 2823 vocant
944 2786 954 2819 :
984 2780 1119 2821 artes
1141 2781 1358 2823 tutamen
1383 2774 1441 2821 ad
1461 2773 1576 2822 istas

370 2836 580 2885 Donarat
606 2834 739 2884 Dens
761 2836 916 2891 heroi,
942 2835 1081 2885 Deus
1099 2850 1213 2884 acra
1233 2836 1409 2896 plantis

371 2900 455 2957 Qui
477 2906 654 2959 tranat,
677 2911 957 2961 superoque
982 2898 1087 2947 Jovi
1115 2897 1367 2946 famulatur
1389 2903 1440 2946 et
1465 2897 1576 2945 into.

350 2980 397 3035 l.
437 2981 554 3037 Vela
592 2982 993 3055 Neritiiducis.]
1024 2982 1195 3038 Naves
1246 2983 1450 3054 Ulyssis
1474 3024 1489 3047 ,
1531 2983 1620 3055 qni
1666 2980 1861 3055 dicitur

267 3053 509 3109 Neritius
539 3070 566 3107 a
598 3064 777 3108 monte
814 3052 1029 3120 Nerito,
1064 3054 1203 3109 unde
1235 3052 1416 3118 artus;
1455 3063 1508 3108 et
1550 3054 1685 3113 dux.
1716 3052 1861 3121 quod

259 3141 337 3181 eo
355 3128 569 3179 nomine
591 3127 654 3177 ad
683 3125 876 3181 bellum
897 3125 1185 3192 Troianum
1208 3125 1500 3195 profectus,
1521 3122 1859 3195 utilissimam

259 3196 476 3253 Graecis
505 3212 722 3265 operam
772 3197 1049 3251 navaverit
1093 3214 1107 3254 :
1153 3194 1459 3265 quanquam
1503 3196 1548 3249 si
1577 3194 1861 3251 credamus

256 3271 422 3340 Ajaci
454 3268 589 3337 apud
615 3268 769 3322 Ovid.
798 3283 887 3321 xm
918 3266 1155 3331 Metam.,
1186 3284 1236 3320 v.
1262 3268 1365 3321 25:

368 3361 485 3411 Haec
506 3362 612 3411 sine
632 3368 761 3411 teste
778 3361 929 3422 gerit,
967 3374 1175 3423 quorum
1199 3373 1293 3410 nox
1316 3361 1504 3410 conscia
1527 3356 1628 3409 sola
1648 3366 1743 3409 est.

304 3516 319 3526 ο
342 3442 399 3527 2:
442 3443 607 3526 Vagus
627 3444 806 3515 pelago
841 3436 1022 3516 rates.]
1052 3444 1268 3515 Ulysses
1298 3443 1485 3501 decem
1516 3444 1672 3499 annis
1709 3458 1863 3500 erra-

256 3527 347 3571 Vll
379 3532 430 3570 Ill
464 3531 617 3570 man.

344 3587 397 3641 3.
446 3584 615 3640 Eurus
642 3584 889 3657 oppulit.]
922 3586 1091 3641 Eurus
1126 3585 1406 3655 speciatim
1444 3594 1636 3642 ventus
1679 3596 1761 3641 est
1798 3587 1868 3641 ab

256 3666 393 3713 ortu
427 3673 591 3712 verno
611 3658 722 3712 sive
748 3659 1107 3728 mquinoctiali
1135 3661 1343 3727 spirans
1371 3676 1383 3709 :
1418 3660 1509 3713 sed
1539 3658 1627 3712 hic
1656 3657 1869 3713 videtur

257 3729 441 3795 accipi
502 3744 596 3797 pro
650 3744 968 3797 quocunque
1017 3740 1177 3783 vcnto
1232 3730 1501 3784 validiori.
1559 3728 1671 3783 Nisi
1719 3729 1867 3783 dicas

263 3801 525 3871 Ulyssem
557 3800 625 3871 ab
655 3809 774 3853 ortu
804 3800 871 3855 ad
907 3815 1157 3857 occasum
1189 3802 1467 3868 navigasse
1497 3799 1865 3867 proiecturum

257 3870 339 3925 ad
372 3872 520 3925 littus
554 3870 825 3924 infandum
848 3871 1065 3935 Circes;
1099 3872 1239 3938 quod
1265 3887 1294 3925 a
1323 3871 1743 3941 Ltestrigonibus
1767 3870 1865 3925 im-

257 3941 601 3997 manissimis
639 3942 703 3993 ad
748 3942 1009 3997 Circmum
1061 3953 1296 3997 montem
1346 3942 1609 3997 accedens
1652 3941 1866 3997 solvita

257 4013 506 4068 Formiis
540 4030 553 4065 :
587 4012 817 4066 Formiis:
861 4024 1035 4068 autem
1083 4029 1243 4082 supra
1278 4012 1516 4083 Cajetam
1557 4021 1712 4066 vetus
1745 4027 1867 4083 pro-

257 4086 599 4138 niontorium
632 4094 755 4137 sunt
784 4086 951 4156 magis
983 4084 1047 4138 ad
1080 4082 1533 4154 orientem’quam
1573 4093 1724 4137 vetus
1743 4082 1864 4139 Cir-

253 4169 360 4211 ces
390 4160 839 4227 promontorium,
866 4158 1009 4227 quod
1039 4164 1122 4209 est
1147 4156 1283 4210 infra
1314 4156 1684 4211 Tarracinam.

343 4220 405 4281 δί
444 4220 684 4295 Insulam]
716 4220 1151 4297 Monti‘Circago,
1202 4228 1291 4297 qui
1343 4228 1530 4281 insula:
1578 4225 1864 4297 qtmmdam

256 4298 498 4353 formam
532 4294 707 4352 habet.
734 4296 919 4366 Virgil.
959 4313 1013 4351 ιιι
1044 4294 1286 4365 Eneid.,
1329 4313 1381 4352 v.
1420 4299 1524 4354 586
1554 4313 1569 4354 :
1597 4294 1865 4366 )Eaneque

255 4370 440 4424 insula
465 4367 657 4423 Circes.
694 4368 757 4422 Et
784 4367 909 4423 En.
938 4383 1008 4422 vn
1028 4414 1042 4437 ,
1071 4384 1124 4422 v.
1164 4369 1247 4423 lO.

395 4461 622 4511 Proxima
642 4458 839 4509 Circazre
858 4460 1096 4510 raduntur
1119 4458 1281 4510 littora
1310 4465 1476 4509 teme.

336 4546 393 4602 5.
438 4545 579 4601 Solis
608 4546 744 4600 edita
780 4544 1018 4615 semina]
1043 4544 1186 4599 Circe
1208 4589 1221 4609 ,
1246 4547 1358 4615 ﬁlia
1402 4546 1562 4602 Solis.
1592 4544 1749 4599 Ovid.
1782 4560 1865 4600 διν

256 4616 507 4682 Metam,
538 4618 721 4671 v.10:
757 4618 880 4672 Sole
903 4627 1029 4671 sata:
1060 4616 1265 4680 Circes;
1296 4625 1351 4670 et
1381 4633 1537 4672 versu
1570 4617 1639 4671 35
1670 4634 1681 4667 :

392 4707 465 4780 illa
489 4720 587 4780 ego
609 4720 718 4757 cum
740 4706 833 4780 dea
853 4709 968 4780 sim,
993 4708 1133 4780 nitidi
1156 4721 1265 4757 cum
1293 4706 1389 4756 lilia
1416 4706 1577 4779 Solis,

391 4768 616 4833 Carmine
636 4783 745 4819 cum
766 4776 971 4830 tantum,
990 4777 1178 4820 tantum
1192 4782 1388 4833 quoque
1406 4770 1628 4831 gramine
1654 4768 1853 4831 possim,

391 4830 459 4881 Ut
482 4839 562 4881 tua
582 4832 673 4881 sim
698 4845 868 4883 voveo.

260 4913 455 4985 Virgil.
489 4929 559 4969 vu
581 4914 821 4983 Eneid.,
851 4930 904 4969 v.
940 4914 999 4970 il
1032 4932 1046 4968 :

391 5008 546 5059 Dives
566 5009 839 5059 inaccessos
863 5009 946 5059 ubi
968 5009 1086 5059 solis
1106 5009 1199 5059 lilia
1227 5008 1363 5061 lucos

394 5070 603 5121 Assiduo
620 5077 821 5123 resonat
836 5080 999 5122 cantu.

336 5159 391 5214 7.
433 5156 599 5212 Tacta
623 5159 849 5213 carmine
878 5156 1106 5230 pocula.)
1134 5158 1459 5230 Brevissime
1488 5155 1862 5230 significantur

266 5232 413 5299 virga
432 5270 449 5293 ,
472 5243 687 5284 carmen
706 5269 721 5294 ,
748 5238 805 5284 et
830 5244 1047 5298 gramen
1065 5226 1306 5297 [quibus
1332 5229 1487 5284 Circe
1520 5226 1768 5283 homines
1811 5227 1865 5282 in

269 5300 469 5359 besrias
496 5309 705 5356 mutare
732 5299 963 5356 solebat.
988 5300 1178 5370 Virgil.
1214 5300 1387 5371 eclog.
1425 5302 1457 5355 8
1490 5315 1505 5354 :

396 5394 701 5447 Carminibus
725 5394 864 5445 Circe
883 5396 1041 5445 socios
1055 5395 1263 5445 mutavit
1291 5394 1505 5458 Ulyssei.

269 5480 340 5536 Et
370 5479 589 5535 IEneid.
617 5495 717 5549 vn,
748 5494 801 5533 v.
835 5479 901 5533 19
929 5493 947 5535 :

364 5573 498 5629 Quos
519 5571 770 5621 hominum
789 5582 853 5621 ex
879 5568 1005 5632 facie
1033 5571 1127 5622 dea
1142 5583 1270 5621 saeva
1294 5572 1581 5632 potentibus
1602 5571 1772 5621 herbis

368 5634 605 5684 Indueras
629 5632 771 5684 Circe
795 5635 845 5683 in
870 5631 1034 5684 vultus
1056 5646 1113 5683 ac
1136 5642 1278 5695 terga
1297 5631 1537 5683 ferarum.

348 5719 435 5773 10.
484 5717 635 5772 Hunc
663 5720 801 5787 apri,
825 5717 957 5789 etc.]
985 5718 1062 5773 Ex
1093 5718 1394 5788 hospitibus
1431 5719 1585 5774 novis
1620 5718 1707 5775 hic
1734 5733 1870 5774 con-

275 5790 505 5845 vertitur
535 5791 587 5844 in
618 5806 830 5859 aprum.
865 5790 955 5844 ille
976 5790 1028 5844 in
1058 5790 1295 5854 leonem,
1330 5792 1414 5846 hic
1450 5791 1500 5844 in
1538 5791 1745 5859 lupum,
1782 5790 1872 5845 ille

277 5859 333 5913 in
360 5861 570 5931 tigrim;
605 5862 699 5915 sed
728 5860 813 5916 leo
840 5860 1183 5931 Marmaricus
1203 5903 1218 5930 ,
1249 5861 1398 5931 tigris
1426 5862 1601 5916 Indica
1628 5870 1869 5925 vocatur,

275 5930 421 6001 quod
452 5932 765 5993 Marmarica
799 5930 992 5990 Africa:
1026 5933 1176 6005 regio
1206 5930 1393 5992 versus
1427 5931 1714 6005 Egyptum
1759 5931 1873 5990 tor-

1892 4659 1947 4723 D

1968 2345 2047 2391 tes
2075 2336 2290 2403 leones,
2323 2336 2488 2409 ‘lndia
2536 2353 2665 2394 vero
2712 2337 2877 2409 tigres
2924 2338 3066 2395 ferre
3096 2338 3395 2394 consuevit.
3448 2337 3556 2394 Ha-

1966 2424 2085 2461 rum
2115 2408 2277 2463 etiam
2316 2407 2609 2465 formarum
2645 2407 2887 2466 meminit
2919 2410 3072 2467 Ovid.
3106 2410 3146 2465 l.
3193 2418 3278 2465 xiv
3314 2410 3555 2477 Metam.,

1962 2493 2014 2531 v.
2055 2478 2161 2535 260
2192 2498 2203 2531 :

2092 2564 2226 2637 hiille
2253 2571 2368 2637 lupi,
2399 2575 2631 2636 mistique
2652 2572 2783 2635 lupis
2804 2576 3007 2637 ursique
3027 2571 3224 2636 lemque

2090 2632 2499 2685 Occursu'fecere
2521 2632 2744 2685 metum:
2767 2639 2857 2686 sed
2877 2632 3008 2685 nulla
3037 2632 3253 2687 timenda

2088 2693 2329 2761 Nullaque
2355 2704 2463 2761 erat
2488 2706 2653 2761 nostro
2676 2697 2861 2747 factura
2885 2700 2935 2747 in
2951 2711 3155 2761 corpore
3184 2699 3360 2749 vulnus
3386 2712 3397 2747 :

2089 2757 2217 2822 Quin
2241 2761 2389 2807 etiam
2408 2758 2608 2822 blandas
2625 2773 2828 2810 movere
2852 2773 2942 2822 per
2961 2757 3076 2810 aer'a
3104 2762 3281 2809 caudas

2089 2818 2647 2887 ljostraqueadulantes
2665 2818 2899 2873 comitant
2916 2824 3124 2887 vestigia
3145 2822 3305 2873 donec

2088 2881 2349 2945 Excipiunt
2372 2882 2582 2933 famulae.

2040 2966 2374 3040 18._Numen
2402 2968 2617 3040 Arcadis
2636 2966 2820 3040 alitis.]
2854 2966 3160 3033 Mercurius,
3192 2969 3273 3024 sic
3312 2970 3486 3025 dictus
3524 2988 3557 3027 a

1968 3036 2276 3111 mercibus,
2320 3038 2482 3111 quod
2512 3040 2712 3111 feratur
2768 3036 2997 3108 praeesse
3053 3040 3235 3107 lucro,
3291 3044 3559 3111 rebusque

1966 3109 2208 3165 emendis
2248 3123 2311 3180 ac
2349 3109 2643 3165 vendendis
2684 3128 2697 3164 :
2748 3111 2887 3166 unde
2930 3111 3071 3180 pingi
3119 3114 3293 3177 solet,
3339 3109 3559 3170 sinistra

1970 3180 2253 3247 virgulam,
2279 3179 2468 3236 dextra
2496 3182 2767 3237 sacculum
2795 3185 3151 3237 nummarium
3185 3194 3393 3238 tenens.
3424 3184 3561 3239 Mer-

1894 3262 1941 3328 c
1971 3252 2356 3328 curiusautem
2383 3262 2762 3328 nuncvocatur
2777 3271 2993 3328 numen,
3014 3258 3135 3328 quia
3159 3254 3307 3310 Jovis
3328 3266 3380 3328 et
3406 3256 3561 3328 Maia

1971 3322 2133 3387 ﬁlius,
2159 3325 2326 3377 instar
2347 3324 2623 3393 cujusdam
2645 3325 2900 3389 numinis,
2926 3322 3215 3395 praisidere
3241 3325 3561 3384 credebatur

1974 3410 2081 3449 non
2105 3395 2278 3449 solum
2311 3396 2458 3450 lucro
2490 3405 2596 3451 tam
2629 3396 2827 3466 injusto
2863 3410 3022 3465 quam
3071 3398 3243 3465 iusto,
3275 3398 3369 3453 sed
3398 3400 3561 3455 etiam

1971 3465 2241 3538 facundia;
2270 3484 2282 3518 :
2318 3467 2459 3521 unde
2489 3465 2713 3523 deorum
2745 3469 2962 3523 nuntius
2993 3467 3221 3524 habetur
3250 3485 3264 3522 :
3295 3480 3561 3538 quatenus

1972 3546 2180 3594 mentes
2219 3536 2449 3593 facundo
2495 3552 2747 3595 sermone
2797 3539 3160 3595 innotescunt.
3213 3536 3325 3597 Sed
3366 3541 3563 3597 dicitur

1971 3624 2172 3664 numen
2192 3609 2365 3673 alitis;
2395 3610 2647 3681 quoniam
2679 3611 2790 3664 alas
2821 3620 2877 3665 ut
2900 3610 2950 3665 in
2984 3612 3237 3681 pedibus,
3266 3612 3344 3667 sic
3384 3613 3436 3667 in
3472 3628 3563 3669 ca-

1972 3680 2083 3747 pite
2108 3696 2295 3750 gerere
2318 3698 2384 3736 ex
2408 3696 2474 3735 eo
2502 3680 2735 3753 ﬁngitur,
2764 3682 2904 3753 quod
2935 3680 3137 3749 serum,
3168 3683 3254 3739 cui
3286 3683 3562 3753 pmsidet,

1970 3766 2065 3819 per
2087 3767 2209 3805 aera
2241 3753 2497 3807 velociter
2527 3752 2747 3807 feratur.
2778 3752 2982 3807 Dicitur
3004 3754 3164 3809 etiam
3192 3752 3389 3808 numen
3420 3755 3563 3811 alitis

1970 3822 2185 3875 Arcadis
2216 3838 2235 3876 :
2264 3826 2383 3892 quia
2425 3824 2493 3878 ab
2530 3823 2739 3878 Arcade
2782 3824 2930 3878 Jovis
2970 3834 3024 3880 ct
3053 3823 3281 3879 Calistus
3327 3826 3434 3880 lilio
3464 3830 3563 3881 Ar-

1969 3893 2130 3947 cades
2154 3894 2416 3962 originem
2458 3909 2761 3962 nomenque
2791 3894 3060 3949 duxerunt
3093 3913 3105 3947 :
3138 3895 3431 3951 Mercurius
3461 3912 3561 3952 au-

1972 3971 2077 4038 tem
2122 3973 2277 4019 natus
2325 3964 2494 4038 est_in
2540 3965 2769 4038 Arcadia
2815 3983 2827 4019 :
2878 3965 3019 4023 unde
3042 3965 3296 4038 Virgilius
3324 3968 3564 4026 Arcades

1968 4033 2231 4092 allocutus
2254 4051 2345 4091 vni
2368 4035 2520 4101 Αῐηη
2554 4052 2609 4091 v.
2644 4037 2745 4092 158
2780 4052 2793 4089 :

2094 4125 2246 4190 Vobis
2269 4126 2545 4190 Mercurius
2569 4132 2710 4186 pater
2733 4134 2831 4189 est,
2851 4140 3001 4190 quem
3018 4129 3224 4179 candida
3247 4129 3371 4181 Maia

2094 4188 2322 4251 Cyllenes
2345 4188 2512 4251 gelido
2535 4196 2826 4252 conceptum
2850 4188 3035 4241 vertice
3060 4190 3197 4241 ludit.

1971 4272 2213 4342 Denique
2242 4274 2539 4329 Mercurius
2565 4272 2739 4344 Ulyssi
2772 4275 2935 4329 variis
2970 4276 3186 4331 casibus
3207 4276 3411 4344 jactato
3435 4276 3564 4333 her-

1972 4344 2091 4397 bam
2123 4344 2378 4415 dederat,
2413 4345 2566 4415 cujus
2612 4360 2713 4415 ope
2763 4345 3021 4401 liberatus
3051 4356 3133 4401 est
3178 4348 3248 4403 ab
3294 4348 3565 4407 insidiosis

1970 4415 2176 4485 poculis
2198 4413 2400 4471 Circes.
2427 4414 2583 4470 Ovid.
2618 4413 2703 4471 xiv
2732 4416 2976 4483 Metam,
3008 4434 3059 4473 v.
3091 4418 3199 4475 296
3228 4436 3243 4472 :

2094 4509 2286 4574 Pacifer
2308 4510 2425 4558 huic
2446 4509 2654 4574 dederat
2676 4511 2847 4560 ﬂorem
2868 4510 3111 4574 Cyllenius
3134 4512 3315 4574 album,

2100 4571 2223 4644 ροβε
2246 4579 2419 4621 vocant
2436 4573 2607 4644 superi
2635 4586 2647 4621 :
2668 4575 2810 4644 nigra
2833 4571 3000 4644 radice
3028 4581 3246 4644 tenetur.

2095 4634 2253 4697 Tutus
2277 4648 2355 4693 eo,
2382 4634 2679 4697 monitisque
2704 4634 2846 4683 simul
2871 4634 3160 4688 caelestibus
3183 4638 3346 4689 intrat.

2096 4695 2187 4745 Ille
2208 4696 2404 4745 domum
2429 4695 2615 4758 Circes,
2641 4704 2694 4746 et
2715 4697 2938 4747 insidiosa
2966 4707 3165 4748 vocatus

2098 4760 2279 4822 Pocula
2305 4765 2563 4807 conantem
2584 4760 2719 4820 virga
2742 4759 2963 4808 mulcere
2993 4758 3194 4822 capillos

2094 4820 2343 4884 Reppulit,
2368 4827 2421 4871 et
2438 4822 2610 4871 stricto
2634 4822 2853 4882 pavidam
2875 4820 3123 4873 deterruit
3145 4837 3285 4876 ense.

2044 4926 2136 4984 Ἡ.
2160 4924 2281 5007 1am
2311 4928 2649 5007 tamen_mala
2680 4928 2915 5007 remiges,
2938 4928 3069 4999 etc.]
3098 4928 3321 4993 Remex,
3353 4944 3381 4983 a
3413 4945 3567 5007 remo

1971 4998 2168 5064 dictus,
2192 4998 2283 5053 ille
2308 5008 2390 5052 est
2415 5000 2504 5069 qui
2536 5014 2686 5053 remo
2712 5015 2805 5067 per
2832 4998 3000 5068 aquas
3031 4998 3311 5068 promovet
3338 5002 3513 5056 navim
3547 5019 3563 5057 :

1973 5070 2275 5141 cuiusmodi
2303 5080 2458 5141 erant
2497 5070 2570 5123 illi
2616 5069 2820 5141 Ulyssis
2862 5071 3083 5137 milites,
3118 5071 3315 5141 quippe
3350 5075 3437 5137 qui
3475 5088 3567 5128 ea-

1974 5143 2099 5197 dem
2147 5157 2250 5211 qua
2302 5140 2533 5214 Ulysses
2562 5140 2696 5214 nav_e
2729 5141 2906 5214 vecti,
2935 5141 3073 5197 hanc
3100 5140 3386 5197 movebant
3417 5143 3564 5214 (nam

1979 5214 2086 5294 {rrec
2132 5212 2770 5294 servatanmanebathola
2810 5213 2996 5294 ipsum,
3048 5215 3307 5294 sociosque
3351 5212 3566 5294 μήνιε.)

1978 5284 2250 5340 Hi.autem
2287 5283 2503 5354 "Ulyssis
2552 5283 2751 5354 milites
2798 5283 2912 5339 sive
2952 5283 3082 5339 socii
3130 5300 3158 5336 a
3206 5300 3306 5340 suo
3344 5283 3568 5342 ductore

1980 5355 2243 5426 praemissi
2276 5353 2485 5408 fuerant
2509 5354 2575 5408 ad
2607 5353 2798 5426 Circen
2834 5354 3373 5426 explorandicausa,
3402 5372 3430 5409 a
3462 5372 3567 5425 qua

1981 5425 2263 5495 antequam
2312 5426 2427 5494 ipse
2453 5426 2667 5497 Ulysses
2688 5425 3017 5491 advenisset,
3026 5425 3349 5497 jamrhausto
3376 5428 3567 5495 poculo

1984 5500 2038 5553 iu
2080 5514 2205 5553 sues
2245 5498 2489 5553 conversi
2518 5497 2749 5560 fuerant,
2788 5506 2845 5568 et
2880 5511 3073 5566 panem
3114 5496 3227 5553 sive
3256 5499 3445 5568 pabula
3467 5498 3567 5555 Ce-

1981 5569 2147 5626 realia
2175 5570 2373 5640 glande
2401 5576 2689 5625 verterant.
2719 5567 2872 5625 Ovid.
2897 5582 2986 5623 xiv
3016 5568 3229 5624 Metam.
3249 5611 3264 5638 ,
3290 5584 3346 5625 v.
3366 5572 3492 5626 281.

2290 5683 2566 5746 Accipimus
2588 5695 2725 5731 sacra
2748 5681 2859 5746 data
2883 5679 3054 5746 pocula
3076 5678 3256 5729 dextra

2103 5745 2221 5803 Quae
2244 5746 2385 5796 simul
2408 5744 2567 5795 arenti
2593 5747 2819 5795 sitientes
2841 5744 3088 5793 hausimus
3110 5755 3222 5804 ore,

2110 5802 2173 5871 Et
2195 5810 2359 5871 tetigit
2378 5809 2513 5871 virga
2530 5820 2742 5856 summos
2761 5806 2867 5871 Dea
2892 5806 2997 5853 dira
3020 5802 3235 5866 capillos.

2106 5870 2165 5933 Et
2190 5868 2340 5933 pudet
2366 5880 2417 5919 et
2440 5870 2667 5928 referam,
2686 5870 2807 5919 setis
2825 5869 3117 5933 horrescere
3135 5868 3261 5928 (α)ρὶ

2104 5930 2211 5986 Nec
2226 5934 2327 5996 jam
2350 5944 2493 5998 posse
2510 5934 2677 5997 queri,
2701 5945 2790 5998 pro
2808 5931 2974 5985 verbis
2991 5930 3145 5983 edere
3162 5941 3362 5980 raucum
