3984 6382
225 394 327 452 805

1135 401 1223 457 DE
1276 401 1793 462 CONSOLATIONE
1834 400 2309 462 PHILOSOPHUE
2375 406 2503 463 LIB.
2546 405 2633 463 IV.

3386 394 3489 456 806

220 520 327 564 non
359 504 536 563 minus
572 508 765 564 mirum
795 510 1059 578 videatur,
1091 513 1186 569 sed
1214 530 1278 569 ex
1310 515 1397 570 his
1422 533 1540 587 quas
1581 529 1800 586 sumpta
1829 521 1886 584 Α
1910 518 1993 585 bi,
2020 519 2133 591 (l0)
2156 520 2391 591 iniquum
2417 537 2537 578 esse
2568 520 2907 576 manifestum
2937 526 3039 574 est.
3063 517 3193 587 Quis
3216 516 3266 572 id
3291 514 3483 585 neget?

223 607 346 656 sunt
384 615 538 670 aqua
564 609 651 657 cst
679 604 1061 661 necessarium.
1098 606 1401 673 Quidnam?
1430 611 1669 678 inquam.
1701 609 1803 664 Fe-

222 692 463 760 liciores,
512 694 712 765 inquit.
754 710 876 751 esse
924 696 1197 767 improbos
1250 699 1507 768 supplicia
1561 701 1802 764 luentes,

222 801 382 858 quam
406 787 453 841 si
476 801 571 841 eos
595 786 736 841 nulla
766 786 985 855 iustitia:
1013 803 1169 858 pmna
1216 800 1482 845 coerceat.
1526 789 1711 860 Neque
1751 790 1804 845 id

222 898 363 938 nunc
389 891 419 920 ³
450 881 666 949 molior,
701 881 843 951 quod
870 882 1040 937 cuivis
1080 881 1196 954 (15)
1238 884 1422 938 veniat
1451 884 1502 938 in
1534 892 1803 944 mentem,

217 973 419 1044 corrigi
442 973 651 1029 ultione
681 988 872 1041 pravos
901 988 1104 1040 mores,
1129 982 1187 1030 et
1212 975 1279 1029 ad
1320 983 1523 1029 rectum
1554 972 1805 1046 supplieii

222 1074 429 1119 terrore
453 1062 676 1129 deduci,
706 1063 917 1117 ceteris
945 1078 1156 1133 quoque
1191 1064 1497 1134 exemplum
1529 1078 1653 1120 esse
1685 1063 1803 1119 cul-

219 1155 393 1227 panda
420 1152 655 1226 fugiendi
680 1170 695 1206 :
720 1151 821 1209 sed
849 1154 954 1209 alio
985 1153 1219 1224 quodam
1262 1153 1425 1209 modo
1471 1153 1805 1211 infeliciores

216 1260 341 1301 esse
370 1245 646 1315 improbos
670 1244 905 1298 arbitror
932 1244 1246 1312 impunitos,
1283 1244 1500 1300 tametsi
1540 1245 1683 1300 nulla
1714 1260 1805 1300 ra-

216 1346 293 1396 tio
318 1338 693 1405 correctionis,
720 1338 899 1393 nullus
922 1347 1199 1407 respectus
1240 1338 1502 1395 habeatur
1546 1340 1804 1409 exempli.

216 1432 281 1488 Et
306 1433 430 1502 quis
454 1432 586 1497 erit,
630 1431 880 1499 inquam,
922 1440 1123 1499 preter
1170 1428 1270 1483 hos
1301 1429 1439 1483 alius
1484 1429 1714 1484 modus?
1741 1429 1811 1484 Et

213 1528 338 1592 illa,
380 1526 594 1591 Bonos,
642 1522 755 1593 (20)
800 1524 1149 1594 inquit,esse
1197 1523 1403 1585 felices,
1456 1522 1628 1576 malos
1678 1536 1807 1577 vero

218 1623 443 1677 miseros
492 1632 674 1673 nonne
722 1614 1132 1670 concessimus?
1174 1613 1248 1668 Ita
1294 1622 1414 1679 est,
1462 1614 1701 1682 inquam.
1750 1610 1809 1667 Si

218 1712 400 1783 igitur,
425 1710 599 1780 inquit
617 1749 632 1773 ,
664 1706 895 1762 miseria;
920 1705 1219 1776 cuiuspiam
1250 1705 1446 1759 bonum
1474 1701 1680 1773 aliquid
1704 1700 1807 1755 ad-

221 1804 400 1868 datur,
424 1815 604 1855 nonne
632 1798 841 1854 felicior
878 1805 965 1852 est
995 1810 1085 1860 eo,
1117 1794 1271 1863 cuius
1302 1808 1433 1864 pura
1454 1807 1520 1847 ac
1561 1791 1807 1847 solitaria

1903 610 2011 666 Sed
2042 627 2109 666 ne
2136 611 2263 667 illud
2303 614 2514 682 quidem
2534 654 2550 680 ,
2582 615 2689 685 ait,
2717 614 2999 685 quisquam
3039 612 3256 683 negabit
3292 611 3493 666 bonum

1908 718 2026 758 esse
2052 718 2209 759 omne
2230 706 2372 776 quod
2394 706 2593 776 justum
2618 718 2702 762 est
2721 724 2734 761 :
2760 716 3052 777 contraque
3072 706 3213 778 quod
3240 705 3493 774 iniustum

1906 808 1991 853 est
2022 799 2217 854 malum
2252 799 2457 872 liquere
2484 815 2624 857 esse.
2655 801 2790 855 Tum
2815 816 2954 872 ego:
2986 801 3091 857 lsta
3122 798 3338 870 quidem
3367 812 3496 853 con-

1909 892 2189 961 sequentia
2233 899 2361 947 sunt
2405 894 2485 949 eis
2527 909 2649 964 qua:
2695 894 2855 964 paulo
2899 903 3022 948 ante
3061 894 3312 949 conclusa
3348 898 3494 946 sunt.

1904 983 2015 1039 Sed
2049 998 2252 1055 quaeso,
2283 985 2538 1055 inquam,
2563 996 2636 1051 te,
2670 985 2885 1040 nullane
2911 984 3209 1041 animarum
3235 982 3496 1053 supplicia

1909 1084 2032 1145 post
2077 1074 2385 1130 defunctum
2432 1084 2610 1132 morte
2655 1091 2855 1149 corpus
2902 1075 3045 1148 (15)
3087 1075 3385 1145 relinquis?
3428 1073 3497 1128 Et

1910 1181 2100 1235 magna
2142 1166 2357 1237 quidem
2378 1209 2395 1235 ,
2427 1168 2637 1236 inquit:
2668 1170 2687 1202 ⁸
2714 1184 2942 1238 quorum
2982 1168 3085 1223 alia
3114 1168 3312 1239 poenali
3342 1182 3495 1222 acer—

1906 1257 2103 1324 bitate,
2128 1259 2231 1313 alia
2261 1273 2397 1314 vero
2421 1261 2733 1332 purgatoria
2756 1260 3041 1316 clementia
3068 1260 3307 1316 exerceri
3339 1261 3488 1327 pu‘to.

1905 1349 2017 1407 Sed
2067 1366 2209 1407 nunc
2241 1352 2310 1408 de
2350 1352 2438 1406 his
2483 1351 2758 1409 disserere
2803 1353 3090 1409 consilium
3137 1368 3247 1407 non
3288 1359 3391 1407 est.
3430 1350 3491 1405 id

1909 1458 2039 1499 vero
2082 1445 2341 1501 hactenus
2389 1446 2626 1518 egimus,
2676 1456 2771 1514 ut,
2813 1462 2933 1517 qua;
2979 1446 3350 1515 indignissima
3399 1442 3497 1500 tibi

1908 1537 2211 1605 videbatur,
2242 1538 2508 1594 malorum
2539 1548 2802 1608 potestas,
2832 1556 2949 1595 eam
2979 1540 3177 1595 nullam
3205 1550 3327 1595 esse
3367 1552 3495 1607 cog.

1910 1643 2212 1684 nosceres:
2253 1644 2493 1700 quosque
2548 1631 2846 1701 impunitos
2901 1630 3231 1700 querebare,
3286 1628 3497 1683 videres

1910 1735 2182 1791 nunquam
2228 1722 2589 1791 improbitatis
2628 1736 2739 1777 sua:
2779 1723 2896 1795 (20)
2940 1737 3128 1778 carere
3175 1720 3496 1792 suppliciis:

1910 1809 2182 1865 licentiam
2220 1825 2379 1880 quam
2419 1811 2526 1866 cito
2573 1812 2717 1866 ﬁniri
2760 1811 3092 1882 precabaris,
3135 1826 3238 1868 nec
3285 1813 3498 1882 longam

212 1895 337 1950 sine
375 1893 689 1963 cujusquam
735 1889 863 1945 boni
908 1888 1232 1943 θάαίίιίοηθ
1271 1885 1489 1940 mith
1518 1884 1639 1941 es”
1676 1882 1799 1977 δίον
1830 1912 1884 1975 Β
1910 1918 2031 1959 esse
2076 1903 2352 1960 disceres:
2393 1904 2857 1977 infelicioremque
2903 1906 3041 1971 fore,
3070 1905 3116 1960 si
3164 1905 3497 1970 diuturnior;

213 1986 461 2055 isiquam,
494 1982 723 2037 videtur.
745 1980 886 2048 Quid
929 1978 978 2033 si
1024 1978 1200 2035 eidem
1245 1979 1404 2049 281
1438 1978 1656 2041 misso,
1703 1976 1794 2045 qui

207 2077 418 2132 uinetis
457 2081 640 2129 careat
677 2072 857 2140 bonis,
890 2078 1088 2140 praeter
1127 2083 1224 2133 ea,
1250 2069 1443 2137 quibus
1473 2068 1639 2122 miser
1676 2075 1792 2131 est,

206 2166 411 2223 malum
433 2164 579 2221 aliud
605 2162 771 2219 fuerit
791 2176 1089 2227 annexum,
1119 2176 1300 2217 nonne
1332 2160 1502 2215 multo
1529 2158 1798 2215 infelicior

206 2276 273 2318 ee
304 2257 615 2317 (κυδιάεις
638 2266 753 2324 est,
776 2256 935 2326 ctijus
965 2255 1313 2313 intortnnium
1342 2254 1469 2309 boni
1509 2254 1799 2323 participa-

205 2354 355 2410 tione
382 2352 414 2394 ι
440 2354 749 2411 relevetur?
785 2352 924 2418 Quid
966 2352 1063 2407 nit
1107 2354 1343 2421 inquam.
1388 2349 1600 2406 Habent
1639 2348 1800 2419 igitur

206 2445 473 2516 hprobi,
504 2462 624 2503 cum
671 2444 986 2515 puniuntur,
1034 2443 1162 2499 boni
1200 2444 1421 2513 quidem
1473 2441 1674 2513 aliquid
1702 2457 1801 2496 an—

216 2558 441 2605 nexum,
469 2542 555 2611 (5)
585 2557 798 2611 pinnam
826 2541 1000 2609 ipsam
1052 2539 1293 2603 scilicet,
1324 2553 1447 2608 qua
1476 2538 1689 2593 ratione
1714 2535 1803 2607 ju-

222 2632 368 2687 stitia:
394 2632 535 2687 bona
562 2643 673 2687 est:
707 2632 981 2701 iidemque
997 2644 1121 2684 cum
1136 2629 1402 2699 supplicio
1422 2636 1634 2694 carent,
1664 2631 1805 2683 inest

213 2726 288 2781 eis
314 2725 517 2796 aliquid
556 2725 782 2781 ulterius
813 2723 970 2787 mali,
1008 2722 1126 2793 ipsa
1168 2721 1479 2791 impunitas,
1509 2736 1670 2791 quam
1700 2721 1802 2776 ini-

211 2817 430 2888 quitatis
474 2817 670 2874 merito
723 2815 925 2872 malum
969 2829 1091 2870 esse
1140 2813 1423 2870 confessus
1470 2828 1548 2869 es.
1594 2813 1801 2887 Negare
1834 2842 1855 2865 ο

208 2922 328 2967 non
354 2924 588 2979 possum.
619 2908 785 2964 Multo
827 2907 987 2977 igitur
1027 2904 1352 2962 infeliciores
1396 2905 1628 2975 improbi
1670 2917 1801 2962 sunt

206 3001 408 3072 iniusta
436 3001 754 3074 impunitate
783 2999 991 3065 donati,
1015 3013 1176 3069 quam
1200 2998 1344 3068 iusta
1369 2998 1572 3054 ultione
1601 2999 1793 3071 puniti.

206 3091 318 3150 Sed
346 3093 523 3167 puniri
551 3092 845 3163 improbos,
873 3090 1109 3161 justum;
1139 3088 1429 3160 impunitos
1470 3104 1600 3147 vero
1626 3101 1651 3131 ο
1682 3090 1794 3149 ela-

1899 1994 2325 2051 inielicissimam
2355 2010 2504 2060 vero,
2539 1996 2583 2053 si
2609 2007 2752 2053 esset
2781 2005 3016 2052 eterna:
3049 2006 3171 2066 post
3196 1996 3315 2052 haec
3334 1996 3498 2052 mise-

1900 2086 2077 2143 riores
2115 2101 2239 2142 esse
2267 2087 2569 2155 improbos,
2612 2088 2809 2157 iniusta
2852 2087 3174 2159 impunitate
3217 2086 3495 2155 dimissos,

1901 2193 2064 2248 quam
2102 2177 2249 2247 justa
2296 2177 2506 2233 ultione
2554 2178 2793 2247 punitos.
2832 2176 2933 2233 Cui
2978 2176 3260 2234 sententias
3306 2193 3499 2234 conse-

1902 2285 2078 2341 quens
2128 2280 2246 2336 est,
2298 2278 2357 2324 ut
2406 2279 2517 2324 tum
2566 2269 2784 2325 demum
2835 2268 3171 2340 gravioribus
3221 2268 3500 2339 suppliciis

1902 2371 2221 2431 urgeantur,
2251 2375 2375 2415 cum
2421 2361 2667 2430 impuniti
2710 2375 2833 2416 esse
2869 2360 2985 2430 (‘25)
3023 2360 3335 2415 cieduntur.
3364 2358 3500 2418 Tum

1900 2466 2030 2523 ego,
2064 2452 2201 2507 Cum
2231 2467 2382 2515 tuas,
2430 2452 2682 2524 inquam,
2726 2452 2965 2508 rationes
3006 2451 3317 2518 considero,
3364 2450 3499 2509 nihil

1904 2544 2010 2599 dici
2036 2544 2216 2599 verius
2244 2554 2394 2613 puto.
2429 2546 2591 2616 282
2621 2545 2643 2575 ⁸
2670 2545 2739 2597 At
2776 2544 2825 2599 si
2856 2542 2925 2598 ad
2972 2542 3252 2598 hominum
3298 2540 3499 2611 judicia

1904 2648 2169 2704 revertar,
2215 2638 2336 2709 quis
2372 2647 2457 2694 est
2497 2637 2592 2693 ille
2631 2646 2749 2704 est,
2784 2638 2869 2692 cui
2920 2637 3036 2692 haec
3078 2652 3184 2691 non
3234 2635 3499 2694 credenda

1905 2731 2093 2796 modo,
2124 2731 2218 2788 sed
2248 2731 2438 2787 saltem
2480 2746 2586 2786 non
2630 2730 2896 2786 audienda
2934 2730 3253 2785 videantur?
3280 2728 3356 2783 Ita
3384 2736 3499 2795 est,

1906 2822 2084 2894 inquit
2115 2823 2226 2879 illa.
2260 2822 2542 2894 Nequeunt
2570 2822 2714 2878 enim
2760 2823 2948 2877 oculos
2992 2822 3232 2877 tenebris
3258 2829 3499 2877 assuetos

1907 2914 1977 2968 ad
2017 2913 2191 2969 lucem
2222 2913 2524 2984 perspicuae
2551 2913 2797 2968 veritatis
2839 2914 3110 2977 attollere,
3138 2913 3161 2944 ⁸
3188 2912 3499 2983 εἰωὶιθθψια

1902 2999 1937 3041 σι
1960 3003 2151 3059 avibus
2190 3012 2349 3071 sunt,
2379 3018 2607 3075 quarum
2645 3003 2895 3059 intuitum
2932 3018 3047 3058 nos
3078 3003 3374 3070 illuminat,
3415 3003 3499 3074 (5)

1899 3092 2021 3150 dies
2065 3102 2279 3151 cecat:
2316 3093 2447 3151 dum
2490 3095 2636 3151 enim
2682 3108 2793 3151 non
2840 3109 3025 3153 rerum
3071 3094 3358 3163 ordinem,
3401 3095 3498 3152 sed

1596 3268 2169 3334 INTERPBETATIO.

281 3420 308 3491 ξ
338 3407 618 3491 Genetio-

1983 3422 2009 3491 ε

277 3480 307 3521 δ
349 3478 624 3534 Minuitur.

1983 3480 2012 3521 ⁴
2044 3482 2284 3539 Noctuis.

1738 3576 1973 3670 Nam.

208 3751 351 3805 etum
382 3750 561 3819 puniri
606 3756 660 3804 et
700 3764 804 3802 non
855 3748 1031 3816 puniri
1079 3748 1186 3802 sint
1229 3748 1531 3813 contraria,
1561 3761 1791 3820 cumque

204 3822 390 3891 puniri
422 3821 489 3876 sit
530 3820 726 3889 aliquid
759 3820 883 3875 boni
922 3820 1081 3874 etiam
1128 3819 1405 3891 improbo,
1433 3834 1657 3891 necesse
1707 3819 1792 3876 est

206 3888 267 3947 ut
294 3908 406 3947 non
439 3892 607 3957 puniri
622 3888 805 3944 eidem
836 3891 1081 3959 improbo
1105 3889 1173 3943 sit
1203 3888 1399 3956 aliquid
1429 3890 1582 3951 mali,
1609 3904 1790 3959 quam-

204 3965 287 4017 vis
328 3980 520 4033 magna
546 3962 834 4015 animarum
876 3961 1129 4031 supplicia
1158 3968 1269 4025 post
1310 3960 1603 4028 defunctum
1632 3971 1790 4015 morte

202 4050 395 4104 corpus
424 4033 713 4101 supersint.

276 4101 304 4136 ¹“
332 4104 566 4169 Quorum
594 4104 700 4157 alia
728 4103 919 4173 poenali
967 4101 1394 4173 acer_bitate,galia
1438 4116 1553 4173 uero
1598 4118 1787 4169 purga-

206 4178 339 4229 toria
382 4174 693 4244 clementia}
725 4170 915 4237 Malos,
948 4171 1116 4240 inquit
1148 4170 1540 4244 Vallinus,__hic
1562 4175 1789 4239 agnoscit

203 4263 305 4300 non
336 4245 657 4300 Christianus
680 4239 854 4303 modo,
887 4244 976 4297 sed
1002 4239 1046 4296 et
1087 4243 1366 4295 catholicus
1398 4239 1625 4305 Boetius,
1658 4244 1788 4295 alios

236 4318 411 4370 uidem
435 4317 635 4369 retentis
664 4316 821 4384 poenis
850 4314 1116 4377 damnari;
1145 4313 1273 4365 alios
1298 4328 1415 4364 vero
1444 4327 1538 4384 pro
1560 4314 1787 4384 peccatis

236 4334 411 4370 utaem
435 4334 635 4369 aeternis
664 4334 821 4384 panis
850 4334 1116 4377 damnari;
1145 4334 1273 4365 auos
1298 4334 1415 4364 vero
1444 4334 1538 4378 pro
1570 4334 1784 4377 peccatis

202 4334 357 4459 fungo
390 4387 567 4439 dolore
592 4388 912 4459 cruciatuuin
933 4384 1201 4459 emundari
1227 4392 1272 4435 et
1298 4383 1505 4451 purgari
1534 4383 1622 4459 diu
1651 4383 1784 4452 igne.

201 4452 357 4523 Quod
391 4468 689 4524 agnoscunt
720 4456 818 4525 ipsi
862 4454 1363 4525 Magdeburgenses,
1396 4462 1539 4525 cent.
1568 4452 1623 4525 6,
1659 4468 1779 4521 cap.

201 4521 265 4592 6.
297 4521 591 4598 cogitatum
624 4541 654 4579 a
685 4521 890 4598 Boetio.
924 4521 1035 4579 Nisi
1060 4534 1237 4598 tamen
1267 4521 1784 4598 Philosophia_,_qu:e

1900 3751 2308 3834 certumquede
2336 3752 2500 3807 rebus
2526 3749 2817 3834 propositis
2849 3750 2991 3834 ferre
3015 3752 3304 3823 judicium,
3332 3774 3492 3828 quam

1902 3822 2294 3896 spretisipsius
2324 3823 2569 3896 corporis
2592 3822 2866 3896 motibus,
2900 3824 3073 3876 solum
3106 3822 3493 3896 prmeeptbrem

1902 3892 2069 3947 Deum
2102 3893 2545 3962 interrogaverit.
2591 3894 2840 3960 intusque
2883 3892 3305 3961 respondentem
3337 3899 3493 3957 intel-

1902 3963 2094 4018 lexerit
2111 3966 2397 4019 attentius:
2431 3964 2631 4033 optime
2654 3964 2797 4018 enim
2822 3966 2878 4016 S.
2911 3965 3139 4033 August.
3166 3967 3270 4022 ide
3291 3969 3492 4028 Cenes.

1894 4034 1962 4089 ad
1991 4034 2095 4099 lit.,
2116 4049 2172 4091 c.
2191 4036 2246 4099 5,
2270 4033 2618 4102 Principium,
2642 4034 2737 4097 ait,
2764 4044 3011 4089 creatura:
3037 4036 3397 4094 intellectualis
3419 4054 3493 4097 est

1894 4114 2084 4157 alterna
2131 4108 2405 4172 sapientia,
2436 4107 2572 4174 quod
2622 4106 2933 4175 principium
2983 4122 3193 4161 manens
3224 4110 3275 4161 in
3319 4128 3373 4163 se
3414 4114 3493 4165 in.

1891 4177 2344 4248 commutabiliter,
2380 4176 2525 4229 nullo
2551 4175 2704 4228 modo
2740 4184 2901 4228 cessat
2931 4178 3131 4230 occulta
3158 4179 3494 4248 inspiratione

1894 4248 2172 4301 vocationis
2214 4247 2353 4316 loqui
2397 4249 2441 4301 ei
2490 4257 2757 4311 creatum,
2804 4248 2887 4301 cui
2935 4249 3247 4317 principium
3289 4262 3393 4317 est,
3438 4268 3494 4310 ut

1894 4326 2217 4388 convertatur
2240 4318 2311 4370 ad
2340 4320 2394 4371 id
2423 4335 2484 4372 ex
2509 4333 2609 4385 quo
2638 4328 2724 4388 est
2748 4333 2767 4370 :
2795 4318 2935 4388 quod
2976 4318 3127 4371 aliter
3166 4321 3393 4388 formata
3430 4344 3493 4382 ac

1895 4387 2121 4456 perfecta
2146 4405 2252 4443 esse
2282 4404 2382 4441 non
2412 4398 2597 4457 posset.
2630 4386 2847 4457 Ubique,
2875 4388 3048 4457 inquit
3094 4386 3233 4445 idem
3270 4405 3491 4453 sanctus

1893 4457 2083 4512 doctor
2133 4458 2169 4511 l.
2201 4475 2229 4511 κ
2273 4459 2457 4524 Οοηΐ..
2495 4474 2544 4512 c.
2570 4458 2671 4521 ‘26,
2726 4457 2923 4512 Veritas
2967 4459 3213 4529 prwsides
3256 4467 3492 4522 omnibus

1894 4529 2273 4583 consulentibus
2301 4540 2349 4585 te
2374 4529 2626 4598 simulque
2666 4530 2940 4600 respondes
2969 4530 3204 4585 omnibus
3231 4534 3383 4589 etiam
3410 4540 3492 4594 di-

201 4616 347 4654 nunc
371 4594 650 4667 'loquitur,
680 4597 909 4671 voluerit
951 4599 1035 4671 hic
1062 4596 1369 4660 exprimere
1400 4608 1555 4671 sensa
1604 4594 1783 4649 Plato-
1814 4594 1870 4657 D
1892 4614 2034 4671 versa
2064 4600 2469 4655 consulentibus.
2499 4594 2719 4669 Liquida
2746 4594 2802 4653 tu
2834 4601 3133 4671 respondes,
3158 4605 3251 4656 sed
3289 4624 3391 4663 non
3422 4612 3489 4663 ti.

203 4665 484 4729 nieorum,
536 4671 616 4723 vel
648 4669 807 4723 etiam
854 4665 1599 4737 Pythagorieurum,__quibus
1643 4680 1788 4733 qure-

203 4742 328 4795 dam
374 4749 601 4803 mentes,
635 4739 775 4807 quod
808 4734 991 4792 earum
1028 4734 1235 4791 scelera
1284 4734 1430 4787 nulla
1456 4737 1787 4807 purgatione

202 4813 313 4866 elui
355 4821 605 4880 possent,
637 4805 852 4864 aeternis
901 4809 1272 4880 al‘iiciebantur
1312 4805 1619 4875 suppliciis;
1669 4807 1788 4880 alite

205 4877 371 4945 vero,
394 4896 622 4949 quarum
674 4884 877 4935 minora
928 4889 1078 4932 erant
1122 4877 1376 4939 erimina,
1423 4887 1515 4930 aut
1566 4878 1787 4931 aeternis

204 4952 374 5023 Elysii
400 4948 762 5020 voluptatibus
789 4949 1118 5014 fruebantur,
1151 4948 1309 5023 (ζωοὶ-
1330 4949 1645 5023 purgatione
1674 4962 1789 5023 per-

196 5019 425 5089 functa,
458 5019 552 5077 aut
574 5023 772 5091 partim
804 5030 1042 5091 purgata:
1070 5035 1133 5073 ex
1166 5019 1346 5091 Elysio
1372 5020 1427 5091 in
1458 5033 1615 5091 nova_
1625 5019 1785 5074 etiam

200 5093 503 5217 gggtiarum
529 5088 755 5163 corpora
786 5088 1226 5146 detrudebantur.
1258 5088 1437 5159 Virgil.
1468 5104 1520 5143 γι
1551 5088 1705 5155 diu,
1735 5105 1789 5144 v.

326 5255 460 5317 Ergo
471 5260 800 5317 exercentur
816 5254 1319 5317 poenisveterumque
1339 5250 1574 5317 malorum

329 5314 579 5379 Supplicia
607 5315 924 5378 expendunt:
948 5314 1053 5379 aliae
1078 5314 1350 5379 panduntur
1375 5314 1548 5363 inanes

329 5377 596 5441 Suspensas
618 5377 685 5426 ad
702 5385 910 5441 ventos_:
936 5377 1045 5424 aliis
1062 5377 1155 5423 sub
1177 5378 1375 5441 gurgite
1392 5383 1529 5441 vasto

332 5438 570 5490 Infectum
592 5440 776 5488 eluitur
795 5438 974 5499 scelus,
996 5447 1081 5486 aut
1102 5439 1334 5499 exuritur
1358 5440 1477 5493 igni.

329 5504 549 5574 Quisque
569 5515 684 5574 stips
703 5503 915 5574 patimur
935 5497 1117 5574 manes.
1140 5498 1329 5547 Exinde
1352 5512 1438 5561 per
1462 5497 1673 5560 amplum

331 5562 565 5615 Mittimur
592 5562 821 5627 Elysium,
849 5570 900 5611 et
917 5562 1059 5626 pauci
1088 5562 1196 5609 laeta
1221 5573 1333 5609 arva
1358 5568 1601 5609 tenemus.

276 5649 295 5679 ³
330 5649 391 5702 At
428 5650 473 5701 si
514 5646 580 5700 ad
626 5647 891 5699 honnuum
934 5645 1171 5714 judicia.
1220 5641 1359 5713 etc.]
1412 5642 1556 5697 Mens
1606 5651 1788 5714 nostra

209 5717 371 5772 Deum
401 5720 541 5773 inter
567 5725 622 5771 et
646 5731 842 5784 corpus
887 5713 1178 5774 liuutanmn
1231 5714 1441 5775 Inedia;
1477 5722 1659 5781 utpote
1692 5713 1786 5767 Dei

192 5789 445 5853 allectus,
473 5798 529 5844 et
557 5790 801 5855 corporis
830 5786 1047 5844 humani
1095 5786 1286 5850 forma,
1333 5784 1400 5839 ab
1430 5794 1653 5853 utroque
1695 5799 1787 5853 pa-

206 5860 354 5926 titur,
396 5876 424 5913 a
475 5861 583 5915 Deo
631 5858 998 5927 illuminanda,
1048 5873 1077 5911 a
1124 5870 1351 5923 corpore
1400 5855 1780 5909 obscuranda:

208 5934 551 6001 quamobrem
581 5928 769 5988 eadem
796 5944 951 5988 meus
982 5944 1098 6003 non
1132 5936 1256 5984 ante
1299 5934 1421 5996 apta
1460 5933 1543 5981 est
1585 5939 1771 5979 verum

1892 4670 2047 4739 quide
2070 4687 2246 4726 omnes
2276 4671 2493 4725 audiunt
2518 4687 2535 4724 :
2561 4672 2675 4740 quis
2714 4675 2881 4735 enim,
2911 4670 2987 4724 ait
3032 4671 3173 4727 idem
3203 4679 3456 4735 sanctissi
3478 4717 3489 4727 ρ

1894 4755 2013 4821 mus
2047 4751 2215 4809 pater,
2241 4742 2308 4797 de
2339 4742 2582 4796 lmmort.
2613 4741 2829 4802 animus.
2850 4757 2911 4821 _c.
2943 4742 3188 4821 ily-bene
3227 4764 3281 4821 se
3322 4751 3487 4821 inspi-

1893 4811 2031 4865 ciens
2060 4828 2160 4865 non
2199 4824 2435 4881 expertus
2460 4823 2536 4868 est
2563 4822 2706 4866 tanto
2731 4829 2784 4866 se
2807 4813 3006 4883 aliquid
3036 4813 3345 4873 intellexisse
3381 4811 3485 4877 s'in-

1893 4884 2082 4949 cerius,
2106 4894 2295 4953 quanto
2338 4899 2594 4938 removere
2634 4895 2787 4955 atque
2829 4886 3112 4939 subducere
3154 4888 3487 4948 intentionem

1896 4955 2079 5032 utentis
2118 4972 2149 5007 a
2189 4956 2426 5032 corporis
2445 4954 2674 5032 sensibus
2700 4954 2891 5032 ροηιὶι.⁵
2912 4955 3074 5032 Atqui
3103 4958 3334 5032 maxima
3364 4979 3489 5032 pars

1900 5025 2175 5103 imminum
2209 5025 2657 5103 praecipitatione
2679 5035 2733 5079 et
2761 5025 3077 5096 prtejudicio
3123 5029 3298 5097 potius
3328 5025 3489 5103 quam

1900 5094 1984 5149 his
2008 5095 2214 5164 legibus
2237 5094 2480 5164 judicant
2503 5112 2518 5150 :
2552 5096 2694 5151 unde

1969 5164 1991 5195 ⁸
2023 5165 2232 5221 Similes
2254 5168 2429 5221 avibus
2451 5178 2595 5229 sunt,
2618 5166 2752 5237 etc."|
2788 5165 3252 5237 Vespertilionibus
3277 5173 3489 5234 scilicet

1899 5246 1953 5290 et
1983 5239 2202 5308 noctuis,
2243 5253 2362 5307 quae
2388 5238 2530 5308 quod
2558 5236 2934 5292 mobili’oribus
2971 5238 3276 5297 afﬁciantur
3304 5249 3488 5302 oculo-

1900 5322 2017 5361 rum
2050 5307 2202 5361 ﬁbris
2231 5307 2550 5375 tunicisque,
2586 5308 2790 5364 idcirco
2822 5308 3048 5363 minimo
3078 5312 3252 5368 noctis
3286 5314 3484 5374 lumine

1902 5376 2227 5457 illuminari,
2262 5378 2456 5457 majori
2492 5395 2624 5457 γει-ο
2652 5378 2761 5433 diei
2806 5380 3093 5448 splendore
3123 5384 3327 5457 olTundi
3358 5403 3487 5457 pos-

1902 5460 2025 5501 sunt
2052 5451 2237 5525 :_unde
2265 5466 2371 5504 non
2397 5451 2509 5525 nisi
2540 5466 2768 5519 vespere
2806 5460 2862 5503 et
2890 5459 3074 5525 nocte,
3107 5468 3137 5525 a_
3164 5451 3487 5525 quibus'nn.

1902 5535 2022 5643 gen
2072 5520 2299 5646 lfialbepé,
2326 5522 2551 5577 volitare
2576 5532 2993 5585 consueverunt,
3037 5520 3198 5577 Ovid:
3224 5526 3262 5581 l.
3287 5543 3341 5582 tv
3379 5530 3484 5588 Me.

1954 5606 2051 5646 m..
2096 5608 2124 5645 a
2171 5632 2183 5645 .
2300 5610 2312 5646 :

1898 5598 2051 5653 tam.,
2078 5594 2183 5645 fab.
2211 5594 2312 5646 l2:

2019 5681 2225 5756 iamque
2248 5685 2358 5734 dies
2380 5691 2586 5756 exactus
2609 5692 2732 5745 erat,
2760 5689 3052 5756 tempusque
3072 5687 3268 5756 subibat

2018 5746 2153 5811 Quod
2179 5753 2227 5795 tu
2254 5761 2350 5811 nec
2368 5748 2621 5811 tenebras,
2650 5760 2742 5811 nec
2760 5747 2913 5811 possis
2936 5746 3105 5811 dicere
3128 5747 3307 5810 lucem,

2016 5808 2114 5855 Sed
2137 5822 2247 5857 cum
2268 5810 2378 5858 luce
2401 5820 2563 5857 tamen
2588 5808 2749 5860 dubiae
2774 5808 2979 5858 confinia
2994 5812 3215 5861 noctis...

2016 5869 2265 5933 Ieptaque
2288 5886 2379 5919 non
2405 5873 2548 5919 silvas
2570 5872 2825 5920 celebrant
2848 5872 3110 5933 lucemque
3136 5887 3326 5933 perosae

2014 5931 2168 5983 Noote
2189 5931 2367 5996 volant,
2390 5946 2603 5996 seroque
2629 5941 2802 5986 tenent
2817 5948 2846 5985 a
2866 5931 3075 5997 vespere
3094 5931 3292 5990 nomen.
