  <div class='ocr_page' id='page_1' title='image "/cluster/home/n/w/nwhite01/storage/ocr_20150623/63/hvd.32044015469307/407.png"; bbox 0 0 3984 6382; ppageno 0'>
   <div class='ocr_carea' id='block_1_1' title="bbox 473 345 574 403">
    <p class='ocr_par' dir='ltr' id='par_1_1' title="bbox 473 345 574 403">
     <span class='ocr_line' id='line_1_1' title="bbox 473 345 574 403; baseline -0.03 0"><span class='ocrx_word' id='word_1_1' title='bbox 473 345 574 403; x_wconf 83' lang='lat'><strong>807</strong></span> 
     </span>
    </p>
   </div>
   <div class='ocr_carea' id='block_1_2' title="bbox 1716 342 2526 401">
    <p class='ocr_par' dir='ltr' id='par_1_2' title="bbox 1716 342 2526 401">
     <span class='ocr_line' id='line_1_2' title="bbox 1716 342 2526 401; baseline -0.005 0"><span class='ocrx_word' id='word_1_2' title='bbox 1716 346 1828 401; x_wconf 81' lang='lat' dir='ltr'><strong>AN.</strong></span> <span class='ocrx_word' id='word_1_3' title='bbox 1869 345 2073 401; x_wconf 77' lang='lat' dir='ltr'><strong>MANL.</strong></span> <span class='ocrx_word' id='word_1_4' title='bbox 2115 343 2273 401; x_wconf 83' lang='lat' dir='ltr'><strong>SEV.</strong></span> <span class='ocrx_word' id='word_1_5' title='bbox 2302 342 2526 399; x_wconf 83' lang='grc' dir='ltr'><strong>ΒΟΕΊἹΙ</strong></span> 
     </span>
    </p>
   </div>
   <div class='ocr_carea' id='block_1_3' title="bbox 3672 335 3780 393">
    <p class='ocr_par' dir='ltr' id='par_1_3' title="bbox 3672 335 3780 393">
     <span class='ocr_line' id='line_1_3' title="bbox 3672 335 3780 393; baseline 0.009 -1"><span class='ocrx_word' id='word_1_6' title='bbox 3672 335 3780 393; x_wconf 79' lang='lat'><strong>808</strong></span> 
     </span>
    </p>
   </div>
   <div class='ocr_carea' id='block_1_4' title="bbox 471 457 3779 534">
    <p class='ocr_par' dir='ltr' id='par_1_4' title="bbox 471 457 3779 534">
     <span class='ocr_line' id='line_1_4' title="bbox 471 457 3779 534; baseline -0.001 -14"><span class='ocrx_word' id='word_1_7' title='bbox 471 479 600 521; x_wconf 77' lang='lat' dir='ltr'><strong>suos</strong></span> <span class='ocrx_word' id='word_1_8' title='bbox 629 464 902 520; x_wconf 75' lang='lat' dir='ltr'><strong>intuentur</strong></span> <span class='ocrx_word' id='word_1_9' title='bbox 942 463 1194 532; x_wconf 68' lang='lat' dir='ltr'><strong>allectus,</strong></span> <span class='ocrx_word' id='word_1_10' title='bbox 1226 465 1310 520; x_wconf 91' lang='lat' dir='ltr'><strong>vel</strong></span> <span class='ocrx_word' id='word_1_11' title='bbox 1342 465 1613 521; x_wconf 76' lang='lat' dir='ltr'><strong>licentiam</strong></span> <span class='ocrx_word' id='word_1_12' title='bbox 1640 505 1653 529; x_wconf 90' lang='lat'><strong>,</strong></span> <span class='ocrx_word' id='word_1_13' title='bbox 1688 464 1771 519; x_wconf 90' lang='lat' dir='ltr'><strong>vel</strong></span> <span class='ocrx_word' id='word_1_14' title='bbox 1821 464 2065 534; x_wconf 88' lang='lat' dir='ltr'><strong>impuni-</strong></span> <span class='ocrx_word' id='word_1_15' title='bbox 2106 465 2163 526; x_wconf 76' lang='grc' dir='ltr'><strong>Α</strong></span> <span class='ocrx_word' id='word_1_16' title='bbox 2190 478 2353 530; x_wconf 89' lang='lat' dir='ltr'><strong>nunc,</strong></span> <span class='ocrx_word' id='word_1_17' title='bbox 2386 464 2491 533; x_wconf 90' lang='lat' dir='ltr'><strong>ait,</strong></span> <span class='ocrx_word' id='word_1_18' title='bbox 2521 469 2707 518; x_wconf 88' lang='lat' dir='ltr'><strong>contra</strong></span> <span class='ocrx_word' id='word_1_19' title='bbox 2754 459 2957 516; x_wconf 90' lang='lat' dir='ltr'><strong>faciunt</strong></span> <span class='ocrx_word' id='word_1_20' title='bbox 2983 457 3010 496; x_wconf 74' lang='grc' dir='ltr'>τι</span> <span class='ocrx_word' id='word_1_21' title='bbox 3037 467 3303 516; x_wconf 89' lang='lat' dir='ltr'><strong>oratores.</strong></span> <span class='ocrx_word' id='word_1_22' title='bbox 3346 458 3452 515; x_wconf 85' lang='lat' dir='ltr'><strong>Pro</strong></span> <span class='ocrx_word' id='word_1_23' title='bbox 3502 459 3587 515; x_wconf 86' lang='lat' dir='ltr'><strong>his</strong></span> <span class='ocrx_word' id='word_1_24' title='bbox 3630 459 3779 516; x_wconf 82' lang='lat' dir='ltr'><strong>enim</strong></span> 
     </span>
    </p>
   </div>
   <div class='ocr_carea' id='block_1_5' title="bbox 474 556 2072 632">
    <p class='ocr_par' dir='ltr' id='par_1_5' title="bbox 474 556 2072 632">
     <span class='ocr_line' id='line_1_5' title="bbox 474 556 2072 632; baseline -0.004 -14"><span class='ocrx_word' id='word_1_25' title='bbox 474 570 635 618; x_wconf 89' lang='lat' dir='ltr'><strong>tatem</strong></span> <span class='ocrx_word' id='word_1_26' title='bbox 682 563 948 618; x_wconf 90' lang='lat' dir='ltr'><strong>scelerum</strong></span> <span class='ocrx_word' id='word_1_27' title='bbox 1011 572 1196 632; x_wconf 85' lang='lat' dir='ltr'><strong>putant</strong></span> <span class='ocrx_word' id='word_1_28' title='bbox 1244 575 1365 617; x_wconf 89' lang='lat' dir='ltr'><strong>esse</strong></span> <span class='ocrx_word' id='word_1_29' title='bbox 1422 558 1651 616; x_wconf 82' lang='lat' dir='ltr'><strong>felicem.</strong></span> <span class='ocrx_word' id='word_1_30' title='bbox 1699 556 1834 614; x_wconf 91' lang='lat' dir='ltr'><strong>Vide</strong></span> <span class='ocrx_word' id='word_1_31' title='bbox 1890 568 2072 613; x_wconf 84' lang='lat' dir='ltr'><strong>autem</strong></span> 
     </span>
    </p>
   </div>
   <div class='ocr_carea' id='block_1_6' title="bbox 472 649 2068 724">
    <p class='ocr_par' dir='ltr' id='par_1_6' title="bbox 472 649 2068 724">
     <span class='ocr_line' id='line_1_6' title="bbox 472 649 2068 724; baseline -0.004 -15"><span class='ocrx_word' id='word_1_32' title='bbox 472 653 599 724; x_wconf 91' lang='lat' dir='ltr'><strong>quid</strong></span> <span class='ocrx_word' id='word_1_33' title='bbox 629 662 828 709; x_wconf 69' lang='lat' dir='ltr'><strong>aeterna</strong></span> <span class='ocrx_word' id='word_1_34' title='bbox 860 654 941 709; x_wconf 79' lang='lat' dir='ltr'><strong>lex</strong></span> <span class='ocrx_word' id='word_1_35' title='bbox 974 653 1218 709; x_wconf 83' lang='lat' dir='ltr'><strong>sanciat?</strong></span> <span class='ocrx_word' id='word_1_36' title='bbox 1248 651 1559 708; x_wconf 65' lang='lat' dir='ltr'><strong>Melioribus</strong></span> <span class='ocrx_word' id='word_1_37' title='bbox 1586 650 1825 705; x_wconf 90' lang='lat' dir='ltr'><strong>animum</strong></span> <span class='ocrx_word' id='word_1_38' title='bbox 1853 649 2068 704; x_wconf 83' lang='lat' dir='ltr'><strong>confor-</strong></span> 
     </span>
    </p>
   </div>
   <div class='ocr_carea' id='block_1_7' title="bbox 474 739 2072 815">
    <p class='ocr_par' dir='ltr' id='par_1_7' title="bbox 474 739 2072 815">
     <span class='ocr_line' id='line_1_7' title="bbox 474 739 2072 815; baseline -0.003 -16"><span class='ocrx_word' id='word_1_39' title='bbox 474 745 745 809; x_wconf 89' lang='lat' dir='ltr'><strong>maveris;</strong></span> <span class='ocrx_word' id='word_1_40' title='bbox 777 744 909 799; x_wconf 88' lang='lat' dir='ltr'><strong>nihil</strong></span> <span class='ocrx_word' id='word_1_41' title='bbox 953 759 1088 815; x_wconf 89' lang='lat' dir='ltr'><strong>opus</strong></span> <span class='ocrx_word' id='word_1_42' title='bbox 1118 752 1202 800; x_wconf 91' lang='lat' dir='ltr'><strong>est</strong></span> <span class='ocrx_word' id='word_1_43' title='bbox 1225 744 1411 815; x_wconf 88' lang='lat' dir='ltr'><strong>judice</strong></span> <span class='ocrx_word' id='word_1_44' title='bbox 1442 743 1721 812; x_wconf 65' lang='lat' dir='ltr'><strong>praemium</strong></span> <span class='ocrx_word' id='word_1_45' title='bbox 1761 739 2072 804; x_wconf 77' lang='lat' dir='ltr'><strong>deferente;</strong></span> 
     </span>
    </p>
   </div>
   <div class='ocr_carea' id='block_1_8' title="bbox 474 833 2074 909">
    <p class='ocr_par' dir='ltr' id='par_1_8' title="bbox 474 833 2074 909">
     <span class='ocr_line' id='line_1_8' title="bbox 474 833 2074 909; baseline -0.002 -17"><span class='ocrx_word' id='word_1_46' title='bbox 474 846 532 893; x_wconf 90' lang='lat' dir='ltr'><strong>tu</strong></span> <span class='ocrx_word' id='word_1_47' title='bbox 560 846 614 894; x_wconf 91' lang='lat' dir='ltr'><strong>te</strong></span> <span class='ocrx_word' id='word_1_48' title='bbox 641 838 758 909; x_wconf 90' lang='lat' dir='ltr'><strong>ipse</strong></span> <span class='ocrx_word' id='word_1_49' title='bbox 784 838 1260 896; x_wconf 80' lang='lat' dir='ltr'><strong>excellentioribus</strong></span> <span class='ocrx_word' id='word_1_50' title='bbox 1290 836 1563 894; x_wconf 79' lang='lat' dir='ltr'><strong>addidisti.</strong></span> <span class='ocrx_word' id='word_1_51' title='bbox 1609 834 1856 892; x_wconf 90' lang='lat' dir='ltr'><strong>Studium</strong></span> <span class='ocrx_word' id='word_1_52' title='bbox 1884 833 1952 889; x_wconf 91' lang='lat' dir='ltr'><strong>ad</strong></span> <span class='ocrx_word' id='word_1_53' title='bbox 1985 848 2074 904; x_wconf 88' lang='lat' dir='ltr'><strong>pe-</strong></span> 
     </span>
    </p>
   </div>
   <div class='ocr_carea' id='block_1_9' title="bbox 472 926 2077 1005">
    <p class='ocr_par' dir='ltr' id='par_1_9' title="bbox 472 926 2077 1005">
     <span class='ocr_line' id='line_1_9' title="bbox 472 926 2077 1005; baseline -0.006 -15"><span class='ocrx_word' id='word_1_54' title='bbox 472 934 586 1005; x_wconf 88' lang='lat' dir='ltr'><strong>jora</strong></span> <span class='ocrx_word' id='word_1_55' title='bbox 618 934 936 1004; x_wconf 72' lang='lat' dir='ltr'><strong>deflexeris;</strong></span> <span class='ocrx_word' id='word_1_56' title='bbox 970 945 1121 992; x_wconf 74' lang='lat' dir='ltr'><strong>extra</strong></span> <span class='ocrx_word' id='word_1_57' title='bbox 1150 949 1219 990; x_wconf 92' lang='lat' dir='ltr'><strong>ne</strong></span> <span class='ocrx_word' id='word_1_58' title='bbox 1248 930 1528 1003; x_wconf 69' lang='lat' dir='ltr'><strong>quassieris</strong></span> <span class='ocrx_word' id='word_1_59' title='bbox 1554 931 1816 995; x_wconf 88' lang='lat' dir='ltr'><strong>ultorem;</strong></span> <span class='ocrx_word' id='word_1_60' title='bbox 1858 926 1976 1001; x_wconf 80' lang='grc'><strong>(10)</strong></span> <span class='ocrx_word' id='word_1_61' title='bbox 2020 936 2077 981; x_wconf 83' lang='grc' dir='ltr'><strong>ιιι</strong></span> 
     </span>
    </p>
   </div>
   <div class='ocr_carea' id='block_1_10' title="bbox 475 1023 2075 1103">
    <p class='ocr_par' dir='ltr' id='par_1_10' title="bbox 475 1023 2075 1103">
     <span class='ocr_line' id='line_1_10' title="bbox 475 1023 2075 1103; baseline -0.006 -16"><span class='ocrx_word' id='word_1_62' title='bbox 475 1043 527 1089; x_wconf 92' lang='lat' dir='ltr'><strong>te</strong></span> <span class='ocrx_word' id='word_1_63' title='bbox 571 1034 688 1103; x_wconf 89' lang='lat' dir='ltr'><strong>ipse</strong></span> <span class='ocrx_word' id='word_1_64' title='bbox 733 1034 789 1089; x_wconf 91' lang='lat' dir='ltr'><strong>in</strong></span> <span class='ocrx_word' id='word_1_65' title='bbox 840 1033 1108 1089; x_wconf 82' lang='lat' dir='ltr'><strong>deteriora</strong></span> <span class='ocrx_word' id='word_1_66' title='bbox 1154 1029 1481 1087; x_wconf 90' lang='lat' dir='ltr'><strong>detrusisti:</strong></span> <span class='ocrx_word' id='word_1_67' title='bbox 1522 1028 1686 1084; x_wconf 90' lang='lat' dir='ltr'><strong>veluti</strong></span> <span class='ocrx_word' id='word_1_68' title='bbox 1733 1026 1779 1081; x_wconf 88' lang='lat' dir='ltr'><strong>si</strong></span> <span class='ocrx_word' id='word_1_69' title='bbox 1813 1034 1839 1063; x_wconf 73' lang='grc' dir='ltr'>ει</span> <span class='ocrx_word' id='word_1_70' title='bbox 1867 1023 2075 1080; x_wconf 90' lang='lat' dir='ltr'><strong>vicibus</strong></span> 
     </span>
    </p>
   </div>
   <div class='ocr_carea' id='block_1_11' title="bbox 473 1116 2077 1193">
    <p class='ocr_par' dir='ltr' id='par_1_11' title="bbox 473 1116 2077 1193">
     <span class='ocr_line' id='line_1_11' title="bbox 473 1116 2077 1193; baseline -0.007 -12"><span class='ocrx_word' id='word_1_71' title='bbox 473 1123 749 1181; x_wconf 86' lang='lat' dir='ltr'><strong>sordidam</strong></span> <span class='ocrx_word' id='word_1_72' title='bbox 788 1125 1044 1193; x_wconf 91' lang='lat' dir='ltr'><strong>humum,</strong></span> <span class='ocrx_word' id='word_1_73' title='bbox 1073 1123 1381 1193; x_wconf 74' lang='lat' dir='ltr'><strong>coelumque</strong></span> <span class='ocrx_word' id='word_1_74' title='bbox 1426 1118 1707 1189; x_wconf 88' lang='lat' dir='ltr'><strong>respicias,</strong></span> <span class='ocrx_word' id='word_1_75' title='bbox 1736 1116 1947 1173; x_wconf 92' lang='lat' dir='ltr'><strong>cunctis</strong></span> <span class='ocrx_word' id='word_1_76' title='bbox 1976 1130 2077 1171; x_wconf 78' lang='lat' dir='ltr'><strong>ex-</strong></span> 
     </span>
    </p>
   </div>
   <div class='ocr_carea' id='block_1_12' title="bbox 476 1212 2071 1288">
    <p class='ocr_par' dir='ltr' id='par_1_12' title="bbox 476 1212 2071 1288">
     <span class='ocr_line' id='line_1_12' title="bbox 476 1212 2071 1288; baseline -0.008 -16"><span class='ocrx_word' id='word_1_77' title='bbox 476 1228 555 1272; x_wconf 87' lang='lat' dir='ltr'><strong>tra</strong></span> <span class='ocrx_word' id='word_1_78' title='bbox 586 1217 949 1285; x_wconf 84' lang='lat' dir='ltr'><strong>cessantibus,</strong></span> <span class='ocrx_word' id='word_1_79' title='bbox 994 1218 1110 1288; x_wconf 91' lang='lat' dir='ltr'><strong>ipsa</strong></span> <span class='ocrx_word' id='word_1_80' title='bbox 1150 1212 1409 1272; x_wconf 89' lang='lat' dir='ltr'><strong>cernendi</strong></span> <span class='ocrx_word' id='word_1_81' title='bbox 1448 1212 1662 1267; x_wconf 79' lang='lat' dir='ltr'><strong>ratione</strong></span> <span class='ocrx_word' id='word_1_82' title='bbox 1706 1223 1849 1264; x_wconf 92' lang='lat' dir='ltr'><strong>nunc</strong></span> <span class='ocrx_word' id='word_1_83' title='bbox 1892 1221 2071 1273; x_wconf 71' lang='lat' dir='ltr'><strong>emno,</strong></span> 
     </span>
    </p>
   </div>
   <div class='ocr_carea' id='block_1_13' title="bbox 475 1300 2076 1371">
    <p class='ocr_par' dir='ltr' id='par_1_13' title="bbox 475 1300 2076 1371">
     <span class='ocr_line' id='line_1_13' title="bbox 475 1300 2076 1371; baseline -0.007 -7"><span class='ocrx_word' id='word_1_84' title='bbox 475 1322 619 1364; x_wconf 89' lang='lat' dir='ltr'><strong>nunc</strong></span> <span class='ocrx_word' id='word_1_85' title='bbox 640 1308 909 1365; x_wconf 86' lang='lat' dir='ltr'><strong>sideribus</strong></span> <span class='ocrx_word' id='word_1_86' title='bbox 937 1308 1203 1365; x_wconf 88' lang='lat' dir='ltr'><strong>interesse</strong></span> <span class='ocrx_word' id='word_1_87' title='bbox 1231 1305 1489 1363; x_wconf 88' lang='lat' dir='ltr'><strong>videaris.</strong></span> <span class='ocrx_word' id='word_1_88' title='bbox 1516 1307 1584 1358; x_wconf 83' lang='lat' dir='ltr'><strong>At</strong></span> <span class='ocrx_word' id='word_1_89' title='bbox 1607 1300 1794 1371; x_wconf 88' lang='lat' dir='ltr'><strong>vulgus</strong></span> <span class='ocrx_word' id='word_1_90' title='bbox 1822 1300 1925 1356; x_wconf 87' lang='lat' dir='ltr'><strong>ista</strong></span> <span class='ocrx_word' id='word_1_91' title='bbox 1968 1312 2076 1353; x_wconf 87' lang='lat' dir='ltr'><strong>non</strong></span> 
     </span>
    </p>
   </div>
   <div class='ocr_carea' id='block_1_14' title="bbox 478 1389 2079 1471">
    <p class='ocr_par' dir='ltr' id='par_1_14' title="bbox 478 1389 2079 1471">
     <span class='ocr_line' id='line_1_14' title="bbox 478 1389 2079 1471; baseline -0.009 -14"><span class='ocrx_word' id='word_1_92' title='bbox 478 1401 721 1471; x_wconf 78' lang='lat' dir='ltr'><strong>respicit.</strong></span> <span class='ocrx_word' id='word_1_93' title='bbox 743 1400 884 1470; x_wconf 84' lang='lat' dir='ltr'><strong>Quid</strong></span> <span class='ocrx_word' id='word_1_94' title='bbox 914 1400 1111 1471; x_wconf 80' lang='lat' dir='ltr'><strong>igitur?</strong></span> <span class='ocrx_word' id='word_1_95' title='bbox 1136 1400 1221 1456; x_wconf 88' lang='lat' dir='ltr'><strong>his</strong></span> <span class='ocrx_word' id='word_1_96' title='bbox 1248 1414 1318 1456; x_wconf 92' lang='lat' dir='ltr'><strong>ne</strong></span> <span class='ocrx_word' id='word_1_97' title='bbox 1345 1398 1691 1459; x_wconf 84' lang='lat' dir='ltr'><strong>accedamus,</strong></span> <span class='ocrx_word' id='word_1_98' title='bbox 1715 1407 1854 1464; x_wconf 91' lang='lat' dir='ltr'><strong>quos</strong></span> <span class='ocrx_word' id='word_1_99' title='bbox 1880 1389 2079 1447; x_wconf 88' lang='lat' dir='ltr'><strong>belluis</strong></span> 
     </span>
    </p>
   </div>
   <div class='ocr_carea' id='block_1_15' title="bbox 479 1484 2080 1560">
    <p class='ocr_par' dir='ltr' id='par_1_15' title="bbox 479 1484 2080 1560">
     <span class='ocr_line' id='line_1_15' title="bbox 479 1484 2080 1560; baseline -0.006 -12"><span class='ocrx_word' id='word_1_100' title='bbox 479 1492 685 1549; x_wconf 78' lang='lat' dir='ltr'><strong>similes</strong></span> <span class='ocrx_word' id='word_1_101' title='bbox 732 1507 855 1549; x_wconf 85' lang='lat' dir='ltr'><strong>esse</strong></span> <span class='ocrx_word' id='word_1_102' title='bbox 902 1492 1359 1548; x_wconf 81' lang='lat' dir='ltr'><strong>monstravimus?</strong></span> <span class='ocrx_word' id='word_1_103' title='bbox 1402 1490 1570 1560; x_wconf 87' lang='lat' dir='ltr'><strong>Quid,</strong></span> <span class='ocrx_word' id='word_1_104' title='bbox 1620 1488 1667 1544; x_wconf 93' lang='lat' dir='ltr'><strong>si</strong></span> <span class='ocrx_word' id='word_1_105' title='bbox 1713 1486 1833 1558; x_wconf 86' lang='lat' dir='ltr'><strong>quis</strong></span> <span class='ocrx_word' id='word_1_106' title='bbox 1877 1484 2080 1540; x_wconf 89' lang='lat' dir='ltr'><strong>amisso</strong></span> 
     </span>
    </p>
   </div>
   <div class='ocr_carea' id='block_1_16' title="bbox 478 1577 2081 1657">
    <p class='ocr_par' dir='ltr' id='par_1_16' title="bbox 478 1577 2081 1657">
     <span class='ocr_line' id='line_1_16' title="bbox 478 1577 2081 1657; baseline -0.007 -16"><span class='ocrx_word' id='word_1_107' title='bbox 478 1586 691 1657; x_wconf 86' lang='lat' dir='ltr'><strong>penitus</strong></span> <span class='ocrx_word' id='word_1_108' title='bbox 720 1586 869 1651; x_wconf 86' lang='lat' dir='ltr'><strong>visu,</strong></span> <span class='ocrx_word' id='word_1_109' title='bbox 912 1587 1088 1656; x_wconf 91' lang='lat' dir='ltr'><strong>ipsum</strong></span> <span class='ocrx_word' id='word_1_110' title='bbox 1128 1585 1291 1641; x_wconf 92' lang='lat' dir='ltr'><strong>etiam</strong></span> <span class='ocrx_word' id='word_1_111' title='bbox 1334 1599 1394 1640; x_wconf 91' lang='lat' dir='ltr'><strong>se</strong></span> <span class='ocrx_word' id='word_1_112' title='bbox 1434 1581 1691 1638; x_wconf 87' lang='lat' dir='ltr'><strong>habuisse</strong></span> <span class='ocrx_word' id='word_1_113' title='bbox 1737 1579 1849 1650; x_wconf 80' lang='grc'><strong>(15)</strong></span> <span class='ocrx_word' id='word_1_114' title='bbox 1882 1577 2081 1634; x_wconf 89' lang='lat' dir='ltr'><strong>oblivi-</strong></span> 
     </span>
    </p>
   </div>
   <div class='ocr_carea' id='block_1_17' title="bbox 478 1670 2080 1747">
    <p class='ocr_par' dir='ltr' id='par_1_17' title="bbox 478 1670 2080 1747">
     <span class='ocr_line' id='line_1_17' title="bbox 478 1670 2080 1747; baseline -0.005 -14"><span class='ocrx_word' id='word_1_115' title='bbox 478 1689 722 1734; x_wconf 87' lang='lat' dir='ltr'><strong>sceretur</strong></span> <span class='ocrx_word' id='word_1_116' title='bbox 757 1677 1009 1732; x_wconf 87' lang='lat' dir='ltr'><strong>intuitum</strong></span> <span class='ocrx_word' id='word_1_117' title='bbox 1029 1719 1046 1743; x_wconf 90' lang='lat'><strong>,</strong></span> <span class='ocrx_word' id='word_1_118' title='bbox 1080 1676 1323 1747; x_wconf 86' lang='lat' dir='ltr'><strong>nihilque</strong></span> <span class='ocrx_word' id='word_1_119' title='bbox 1352 1674 1455 1731; x_wconf 89' lang='lat' dir='ltr'><strong>sibi</strong></span> <span class='ocrx_word' id='word_1_120' title='bbox 1482 1674 1547 1729; x_wconf 92' lang='lat' dir='ltr'><strong>ad</strong></span> <span class='ocrx_word' id='word_1_121' title='bbox 1577 1673 1868 1728; x_wconf 90' lang='lat' dir='ltr'><strong>humanam</strong></span> <span class='ocrx_word' id='word_1_122' title='bbox 1900 1670 2080 1741; x_wconf 86' lang='lat' dir='ltr'><strong>perfe-</strong></span> 
     </span>
    </p>
   </div>
   <div class='ocr_carea' id='block_1_18' title="bbox 477 1761 2078 1833">
    <p class='ocr_par' dir='ltr' id='par_1_18' title="bbox 477 1761 2078 1833">
     <span class='ocr_line' id='line_1_18' title="bbox 477 1761 2078 1833; baseline -0.006 -8"><span class='ocrx_word' id='word_1_123' title='bbox 477 1770 709 1827; x_wconf 88' lang='lat' dir='ltr'><strong>ctionem</strong></span> <span class='ocrx_word' id='word_1_124' title='bbox 759 1769 949 1825; x_wconf 87' lang='lat' dir='ltr'><strong>deesse</strong></span> <span class='ocrx_word' id='word_1_125' title='bbox 997 1768 1374 1833; x_wconf 87' lang='lat' dir='ltr'><strong>arbitraretur,</strong></span> <span class='ocrx_word' id='word_1_126' title='bbox 1424 1780 1551 1820; x_wconf 90' lang='lat' dir='ltr'><strong>num</strong></span> <span class='ocrx_word' id='word_1_127' title='bbox 1596 1763 1845 1819; x_wconf 90' lang='lat' dir='ltr'><strong>videntes</strong></span> <span class='ocrx_word' id='word_1_128' title='bbox 1886 1761 2078 1817; x_wconf 88' lang='lat' dir='ltr'><strong>eadem</strong></span> 
     </span>
    </p>
   </div>
   <div class='ocr_carea' id='block_1_19' title="bbox 2191 554 3778 630">
    <p class='ocr_par' dir='ltr' id='par_1_19' title="bbox 2191 554 3778 630">
     <span class='ocr_line' id='line_1_19' title="bbox 2191 554 3778 630; baseline -0.001 -17"><span class='ocrx_word' id='word_1_129' title='bbox 2191 558 2283 630; x_wconf 89' lang='lat' dir='ltr'><strong>qui</strong></span> <span class='ocrx_word' id='word_1_130' title='bbox 2333 572 2494 629; x_wconf 90' lang='lat' dir='ltr'><strong>grave</strong></span> <span class='ocrx_word' id='word_1_131' title='bbox 2538 555 2698 627; x_wconf 86' lang='lat' dir='ltr'><strong>quid,</strong></span> <span class='ocrx_word' id='word_1_132' title='bbox 2745 555 3105 623; x_wconf 87' lang='lat' dir='ltr'><strong>acerbumque</strong></span> <span class='ocrx_word' id='word_1_133' title='bbox 3152 554 3268 626; x_wconf 73' lang='lat'><strong>(15)</strong></span> <span class='ocrx_word' id='word_1_134' title='bbox 3324 556 3567 625; x_wconf 88' lang='lat' dir='ltr'><strong>perpessi</strong></span> <span class='ocrx_word' id='word_1_135' title='bbox 3615 564 3778 623; x_wconf 93' lang='lat' dir='ltr'><strong>sunt,</strong></span> 
     </span>
    </p>
   </div>
   <div class='ocr_carea' id='block_1_20' title="bbox 2178 649 3784 720">
    <p class='ocr_par' dir='ltr' id='par_1_20' title="bbox 2178 649 3784 720">
     <span class='ocr_line' id='line_1_20' title="bbox 2178 649 3784 720; baseline -0.002 -13"><span class='ocrx_word' id='word_1_136' title='bbox 2178 653 2578 709; x_wconf 86' lang='lat' dir='ltr'><strong>miserationem</strong></span> <span class='ocrx_word' id='word_1_137' title='bbox 2608 650 2848 720; x_wconf 71' lang='lat' dir='ltr'><strong>iudicum</strong></span> <span class='ocrx_word' id='word_1_138' title='bbox 2873 650 3110 705; x_wconf 83' lang='lat' dir='ltr'><strong>excitare</strong></span> <span class='ocrx_word' id='word_1_139' title='bbox 3134 657 3422 718; x_wconf 89' lang='lat' dir='ltr'><strong>conantur,</strong></span> <span class='ocrx_word' id='word_1_140' title='bbox 3452 664 3573 706; x_wconf 89' lang='lat' dir='ltr'><strong>cum</strong></span> <span class='ocrx_word' id='word_1_141' title='bbox 3605 649 3784 719; x_wconf 85' lang='lat' dir='ltr'><strong>magis</strong></span> 
     </span>
    </p>
   </div>
   <div class='ocr_carea' id='block_1_21' title="bbox 2176 742 3784 814">
    <p class='ocr_par' dir='ltr' id='par_1_21' title="bbox 2176 742 3784 814">
     <span class='ocr_line' id='line_1_21' title="bbox 2176 742 3784 814; baseline -0.002 -13"><span class='ocrx_word' id='word_1_142' title='bbox 2176 745 2585 801; x_wconf 88' lang='lat' dir='ltr'><strong>admittentibus</strong></span> <span class='ocrx_word' id='word_1_143' title='bbox 2612 742 2810 814; x_wconf 89' lang='lat' dir='ltr'><strong>justior</strong></span> <span class='ocrx_word' id='word_1_144' title='bbox 2854 744 3130 800; x_wconf 88' lang='lat' dir='ltr'><strong>miseratio</strong></span> <span class='ocrx_word' id='word_1_145' title='bbox 3158 744 3422 800; x_wconf 86' lang='lat' dir='ltr'><strong>debeatur</strong></span> <span class='ocrx_word' id='word_1_146' title='bbox 3448 761 3463 799; x_wconf 92' lang='lat'><strong>:</strong></span> <span class='ocrx_word' id='word_1_147' title='bbox 3489 758 3628 814; x_wconf 90' lang='lat' dir='ltr'><strong>quos</strong></span> <span class='ocrx_word' id='word_1_148' title='bbox 3668 759 3784 797; x_wconf 86' lang='lat' dir='ltr'><strong>non</strong></span> 
     </span>
    </p>
   </div>
   <div class='ocr_carea' id='block_1_22' title="bbox 2177 834 3779 907">
    <p class='ocr_par' dir='ltr' id='par_1_22' title="bbox 2177 834 3779 907">
     <span class='ocr_line' id='line_1_22' title="bbox 2177 834 3779 907; baseline -0.001 -16"><span class='ocrx_word' id='word_1_149' title='bbox 2177 837 2246 893; x_wconf 91' lang='lat' dir='ltr'><strong>ab</strong></span> <span class='ocrx_word' id='word_1_150' title='bbox 2272 837 2441 905; x_wconf 88' lang='lat' dir='ltr'><strong>iratis,</strong></span> <span class='ocrx_word' id='word_1_151' title='bbox 2478 836 2571 892; x_wconf 88' lang='lat' dir='ltr'><strong>sed</strong></span> <span class='ocrx_word' id='word_1_152' title='bbox 2602 852 2633 892; x_wconf 89' lang='lat' dir='ltr'><strong>a</strong></span> <span class='ocrx_word' id='word_1_153' title='bbox 2664 834 2913 907; x_wconf 89' lang='lat' dir='ltr'><strong>propitiis</strong></span> <span class='ocrx_word' id='word_1_154' title='bbox 2938 835 3141 906; x_wconf 87' lang='lat' dir='ltr'><strong>potius,</strong></span> <span class='ocrx_word' id='word_1_155' title='bbox 3177 835 3669 907; x_wconf 87' lang='lat' dir='ltr'><strong>miserantibusque</strong></span> <span class='ocrx_word' id='word_1_156' title='bbox 3691 850 3779 889; x_wconf 88' lang='lat' dir='ltr'><strong>ac-</strong></span> 
     </span>
    </p>
   </div>
   <div class='ocr_carea' id='block_1_23' title="bbox 2178 930 3781 1005">
    <p class='ocr_par' dir='ltr' id='par_1_23' title="bbox 2178 930 3781 1005">
     <span class='ocr_line' id='line_1_23' title="bbox 2178 930 3781 1005; baseline -0.004 -14"><span class='ocrx_word' id='word_1_157' title='bbox 2178 934 2519 991; x_wconf 87' lang='lat' dir='ltr'><strong>cusatoribus</strong></span> <span class='ocrx_word' id='word_1_158' title='bbox 2548 934 2615 990; x_wconf 88' lang='lat' dir='ltr'><strong>ad</strong></span> <span class='ocrx_word' id='word_1_159' title='bbox 2648 932 2944 1005; x_wconf 87' lang='lat' dir='ltr'><strong>judicium,</strong></span> <span class='ocrx_word' id='word_1_160' title='bbox 2977 934 3144 991; x_wconf 87' lang='lat' dir='ltr'><strong>veluti</strong></span> <span class='ocrx_word' id='word_1_161' title='bbox 3187 948 3361 1003; x_wconf 65' lang='lat' dir='ltr'><strong>aegros</strong></span> <span class='ocrx_word' id='word_1_162' title='bbox 3401 932 3469 987; x_wconf 90' lang='lat' dir='ltr'><strong>ad</strong></span> <span class='ocrx_word' id='word_1_163' title='bbox 3502 930 3781 987; x_wconf 84' lang='lat' dir='ltr'><strong>medicum</strong></span> 
     </span>
    </p>
   </div>
   <div class='ocr_carea' id='block_1_24' title="bbox 2181 1027 3780 1099">
    <p class='ocr_par' dir='ltr' id='par_1_24' title="bbox 2181 1027 3780 1099">
     <span class='ocr_line' id='line_1_24' title="bbox 2181 1027 3780 1099; baseline -0.004 -16"><span class='ocrx_word' id='word_1_164' title='bbox 2181 1027 2305 1084; x_wconf 89' lang='lat' dir='ltr'><strong>duci</strong></span> <span class='ocrx_word' id='word_1_165' title='bbox 2323 1028 2624 1099; x_wconf 86' lang='lat' dir='ltr'><strong>oportebat,</strong></span> <span class='ocrx_word' id='word_1_166' title='bbox 2649 1040 2705 1084; x_wconf 91' lang='lat' dir='ltr'><strong>ut</strong></span> <span class='ocrx_word' id='word_1_167' title='bbox 2719 1029 2892 1099; x_wconf 75' lang='lat' dir='ltr'><strong>culpa:</strong></span> <span class='ocrx_word' id='word_1_168' title='bbox 2913 1029 3135 1085; x_wconf 88' lang='lat' dir='ltr'><strong>morbos</strong></span> <span class='ocrx_word' id='word_1_169' title='bbox 3151 1028 3413 1097; x_wconf 81' lang='lat' dir='ltr'><strong>supplicio</strong></span> <span class='ocrx_word' id='word_1_170' title='bbox 3434 1034 3780 1084; x_wconf 88' lang='lat' dir='ltr'><strong>resecarent:</strong></span> 
     </span>
    </p>
   </div>
   <div class='ocr_carea' id='block_1_25' title="bbox 2181 1120 3788 1192">
    <p class='ocr_par' dir='ltr' id='par_1_25' title="bbox 2181 1120 3788 1192">
     <span class='ocr_line' id='line_1_25' title="bbox 2181 1120 3788 1192; baseline -0.001 -16"><span class='ocrx_word' id='word_1_171' title='bbox 2181 1137 2287 1190; x_wconf 94' lang='lat' dir='ltr'><strong>quo</strong></span> <span class='ocrx_word' id='word_1_172' title='bbox 2319 1131 2472 1192; x_wconf 87' lang='lat' dir='ltr'><strong>pacto</strong></span> <span class='ocrx_word' id='word_1_173' title='bbox 2502 1120 2847 1177; x_wconf 89' lang='lat' dir='ltr'><strong>defensorum</strong></span> <span class='ocrx_word' id='word_1_174' title='bbox 2872 1136 3061 1191; x_wconf 91' lang='lat' dir='ltr'><strong>opera,</strong></span> <span class='ocrx_word' id='word_1_175' title='bbox 3089 1122 3175 1177; x_wconf 85' lang='lat' dir='ltr'><strong>vel</strong></span> <span class='ocrx_word' id='word_1_176' title='bbox 3202 1129 3312 1177; x_wconf 84' lang='lat' dir='ltr'><strong>tota</strong></span> <span class='ocrx_word' id='word_1_177' title='bbox 3342 1121 3594 1191; x_wconf 79' lang='lat' dir='ltr'><strong>frigeret,</strong></span> <span class='ocrx_word' id='word_1_178' title='bbox 3622 1121 3709 1175; x_wconf 87' lang='lat' dir='ltr'><strong>vel</strong></span> <span class='ocrx_word' id='word_1_179' title='bbox 3737 1120 3788 1175; x_wconf 87' lang='lat' dir='ltr'><strong>si</strong></span> 
     </span>
    </p>
   </div>
   <div class='ocr_carea' id='block_1_26' title="bbox 2184 1211 3788 1284">
    <p class='ocr_par' dir='ltr' id='par_1_26' title="bbox 2184 1211 3788 1284">
     <span class='ocr_line' id='line_1_26' title="bbox 2184 1211 3788 1284; baseline -0.001 -18"><span class='ocrx_word' id='word_1_180' title='bbox 2184 1211 2441 1282; x_wconf 86' lang='lat' dir='ltr'><strong>prodesse</strong></span> <span class='ocrx_word' id='word_1_181' title='bbox 2471 1211 2583 1284; x_wconf 67' lang='grc' dir='ltr'><strong>(ΞΟ)</strong></span> <span class='ocrx_word' id='word_1_182' title='bbox 2619 1212 2929 1268; x_wconf 85' lang='lat' dir='ltr'><strong>hominibus</strong></span> <span class='ocrx_word' id='word_1_183' title='bbox 2958 1212 3173 1280; x_wconf 87' lang='lat' dir='ltr'><strong>mallet,</strong></span> <span class='ocrx_word' id='word_1_184' title='bbox 3206 1213 3259 1268; x_wconf 91' lang='lat' dir='ltr'><strong>in</strong></span> <span class='ocrx_word' id='word_1_185' title='bbox 3291 1213 3653 1268; x_wconf 88' lang='lat' dir='ltr'><strong>accusationis</strong></span> <span class='ocrx_word' id='word_1_186' title='bbox 3682 1212 3788 1265; x_wconf 82' lang='lat' dir='ltr'><strong>ha-</strong></span> 
     </span>
    </p>
   </div>
   <div class='ocr_carea' id='block_1_27' title="bbox 2183 1304 3790 1376">
    <p class='ocr_par' dir='ltr' id='par_1_27' title="bbox 2183 1304 3790 1376">
     <span class='ocr_line' id='line_1_27' title="bbox 2183 1304 3790 1376; baseline 0 -17"><span class='ocrx_word' id='word_1_187' title='bbox 2183 1304 2349 1360; x_wconf 89' lang='lat' dir='ltr'><strong>bitum</strong></span> <span class='ocrx_word' id='word_1_188' title='bbox 2397 1314 2719 1359; x_wconf 81' lang='lat' dir='ltr'><strong>verteretur.</strong></span> <span class='ocrx_word' id='word_1_189' title='bbox 2755 1305 2858 1376; x_wconf 90' lang='lat' dir='ltr'><strong>Ipsi</strong></span> <span class='ocrx_word' id='word_1_190' title='bbox 2890 1321 3103 1376; x_wconf 90' lang='lat' dir='ltr'><strong>quoque</strong></span> <span class='ocrx_word' id='word_1_191' title='bbox 3146 1305 3410 1376; x_wconf 88' lang='lat' dir='ltr'><strong>improbi,</strong></span> <span class='ocrx_word' id='word_1_192' title='bbox 3437 1306 3480 1361; x_wconf 89' lang='lat' dir='ltr'><strong>si</strong></span> <span class='ocrx_word' id='word_1_193' title='bbox 3513 1306 3594 1361; x_wconf 89' lang='lat' dir='ltr'><strong>eis</strong></span> <span class='ocrx_word' id='word_1_194' title='bbox 3630 1314 3653 1343; x_wconf 75' lang='grc' dir='ltr'>ε</span> <span class='ocrx_word' id='word_1_195' title='bbox 3677 1305 3790 1359; x_wconf 86' lang='lat' dir='ltr'><strong>ali-</strong></span> 
     </span>
    </p>
   </div>
   <div class='ocr_carea' id='block_1_28' title="bbox 2182 1395 3790 1467">
    <p class='ocr_par' dir='ltr' id='par_1_28' title="bbox 2182 1395 3790 1467">
     <span class='ocr_line' id='line_1_28' title="bbox 2182 1395 3790 1467; baseline 0.001 -17"><span class='ocrx_word' id='word_1_196' title='bbox 2182 1411 2285 1465; x_wconf 89' lang='lat' dir='ltr'><strong>qua</strong></span> <span class='ocrx_word' id='word_1_197' title='bbox 2334 1395 2527 1451; x_wconf 90' lang='lat' dir='ltr'><strong>rimula</strong></span> <span class='ocrx_word' id='word_1_198' title='bbox 2592 1398 2844 1452; x_wconf 88' lang='lat' dir='ltr'><strong>virtutem</strong></span> <span class='ocrx_word' id='word_1_199' title='bbox 2904 1396 3120 1452; x_wconf 89' lang='lat' dir='ltr'><strong>relictas</strong></span> <span class='ocrx_word' id='word_1_200' title='bbox 3170 1396 3250 1452; x_wconf 77' lang='lat' dir='ltr'><strong>fas</strong></span> <span class='ocrx_word' id='word_1_201' title='bbox 3310 1406 3455 1452; x_wconf 91' lang='lat' dir='ltr'><strong>esset</strong></span> <span class='ocrx_word' id='word_1_202' title='bbox 3508 1396 3790 1467; x_wconf 84' lang='lat' dir='ltr'><strong>aspicere,</strong></span> 
     </span>
    </p>
   </div>
   <div class='ocr_carea' id='block_1_29' title="bbox 2183 1488 3794 1559">
    <p class='ocr_par' dir='ltr' id='par_1_29' title="bbox 2183 1488 3794 1559">
     <span class='ocr_line' id='line_1_29' title="bbox 2183 1488 3794 1559; baseline 0.001 -16"><span class='ocrx_word' id='word_1_203' title='bbox 2183 1490 2538 1559; x_wconf 90' lang='lat' dir='ltr'><strong>vitiorumque</strong></span> <span class='ocrx_word' id='word_1_204' title='bbox 2567 1491 2758 1545; x_wconf 89' lang='lat' dir='ltr'><strong>sordes</strong></span> <span class='ocrx_word' id='word_1_205' title='bbox 2792 1505 3072 1559; x_wconf 70' lang='lat' dir='ltr'><strong>pinnarum</strong></span> <span class='ocrx_word' id='word_1_206' title='bbox 3111 1488 3438 1546; x_wconf 85' lang='lat' dir='ltr'><strong>cruciatibus</strong></span> <span class='ocrx_word' id='word_1_207' title='bbox 3464 1503 3527 1545; x_wconf 89' lang='lat' dir='ltr'><strong>se</strong></span> <span class='ocrx_word' id='word_1_208' title='bbox 3561 1488 3794 1558; x_wconf 87' lang='lat' dir='ltr'><strong>deposi-</strong></span> 
     </span>
    </p>
   </div>
   <div class='ocr_carea' id='block_1_30' title="bbox 2188 1580 3793 1652">
    <p class='ocr_par' dir='ltr' id='par_1_30' title="bbox 2188 1580 3793 1652">
     <span class='ocr_line' id='line_1_30' title="bbox 2188 1580 3793 1652; baseline -0.001 -15"><span class='ocrx_word' id='word_1_209' title='bbox 2188 1592 2334 1638; x_wconf 88' lang='lat' dir='ltr'><strong>turos</strong></span> <span class='ocrx_word' id='word_1_210' title='bbox 2361 1583 2640 1648; x_wconf 89' lang='lat' dir='ltr'><strong>viderent,</strong></span> <span class='ocrx_word' id='word_1_211' title='bbox 2671 1582 3115 1652; x_wconf 86' lang='lat' dir='ltr'><strong>compensatione</strong></span> <span class='ocrx_word' id='word_1_212' title='bbox 3154 1580 3516 1652; x_wconf 71' lang='lat' dir='ltr'><strong>adipiscenda:</strong></span> <span class='ocrx_word' id='word_1_213' title='bbox 3546 1580 3793 1651; x_wconf 85' lang='lat' dir='ltr'><strong>probita-</strong></span> 
     </span>
    </p>
   </div>
   <div class='ocr_carea' id='block_1_31' title="bbox 2184 1673 3789 1744">
    <p class='ocr_par' dir='ltr' id='par_1_31' title="bbox 2184 1673 3789 1744">
     <span class='ocr_line' id='line_1_31' title="bbox 2184 1673 3789 1744; baseline -0.001 -14"><span class='ocrx_word' id='word_1_214' title='bbox 2184 1674 2275 1741; x_wconf 89' lang='lat' dir='ltr'><strong>tis,</strong></span> <span class='ocrx_word' id='word_1_215' title='bbox 2307 1690 2407 1731; x_wconf 92' lang='lat' dir='ltr'><strong>nec</strong></span> <span class='ocrx_word' id='word_1_216' title='bbox 2435 1674 2535 1729; x_wconf 92' lang='lat' dir='ltr'><strong>hos</strong></span> <span class='ocrx_word' id='word_1_217' title='bbox 2563 1674 2836 1730; x_wconf 87' lang='lat' dir='ltr'><strong>cruciatus</strong></span> <span class='ocrx_word' id='word_1_218' title='bbox 2873 1689 2994 1731; x_wconf 89' lang='lat' dir='ltr'><strong>esse</strong></span> <span class='ocrx_word' id='word_1_219' title='bbox 3019 1674 3289 1739; x_wconf 87' lang='lat' dir='ltr'><strong>dicerent,</strong></span> <span class='ocrx_word' id='word_1_220' title='bbox 3320 1673 3789 1744; x_wconf 91' lang='lat' dir='ltr'><strong>defensorumque</strong></span> 
     </span>
    </p>
   </div>
   <div class='ocr_carea' id='block_1_32' title="bbox 2184 1766 3790 1840">
    <p class='ocr_par' dir='ltr' id='par_1_32' title="bbox 2184 1766 3790 1840">
     <span class='ocr_line' id='line_1_32' title="bbox 2184 1766 3790 1840; baseline -0.001 -16"><span class='ocrx_word' id='word_1_221' title='bbox 2184 1785 2407 1839; x_wconf 86' lang='lat' dir='ltr'><strong>operam</strong></span> <span class='ocrx_word' id='word_1_222' title='bbox 2454 1768 2829 1839; x_wconf 85' lang='lat' dir='ltr'><strong>repudiarent,</strong></span> <span class='ocrx_word' id='word_1_223' title='bbox 2861 1784 2925 1825; x_wconf 90' lang='lat' dir='ltr'><strong>ac</strong></span> <span class='ocrx_word' id='word_1_224' title='bbox 2954 1784 3013 1825; x_wconf 91' lang='lat' dir='ltr'><strong>se</strong></span> <span class='ocrx_word' id='word_1_225' title='bbox 3042 1778 3184 1825; x_wconf 88' lang='lat' dir='ltr'><strong>totos</strong></span> <span class='ocrx_word' id='word_1_226' title='bbox 3228 1768 3633 1824; x_wconf 86' lang='lat' dir='ltr'><strong>accusatoribus</strong></span> <span class='ocrx_word' id='word_1_227' title='bbox 3661 1766 3790 1840; x_wconf 73' lang='lat'><strong>(25)</strong></span> 
     </span>
    </p>
   </div>
   <div class='ocr_carea' id='block_1_33' title="bbox 479 1856 3789 1949">
    <p class='ocr_par' dir='ltr' id='par_1_33' title="bbox 479 1856 3789 1949">
     <span class='ocr_line' id='line_1_33' title="bbox 479 1856 3789 1949; baseline -0.002 -29"><span class='ocrx_word' id='word_1_228' title='bbox 479 1880 652 1921; x_wconf 62' lang='lat' dir='ltr'><strong>caecos</strong></span> <span class='ocrx_word' id='word_1_229' title='bbox 682 1864 1027 1933; x_wconf 84' lang='lat' dir='ltr'><strong>putaremus?</strong></span> <span class='ocrx_word' id='word_1_230' title='bbox 1259 1862 1276 1892; x_wconf 84' lang='grc'>¹</span> <span class='ocrx_word' id='word_1_231' title='bbox 1318 1859 1452 1915; x_wconf 88' lang='lat' dir='ltr'><strong>Nam</strong></span> <span class='ocrx_word' id='word_1_232' title='bbox 1475 1874 1544 1915; x_wconf 88' lang='lat' dir='ltr'><strong>ne</strong></span> <span class='ocrx_word' id='word_1_233' title='bbox 1568 1857 1699 1913; x_wconf 89' lang='lat' dir='ltr'><strong>illud</strong></span> <span class='ocrx_word' id='word_1_234' title='bbox 1739 1856 1955 1949; x_wconf 85' lang='lat' dir='ltr'><strong>quidem</strong></span> <span class='ocrx_word' id='word_1_235' title='bbox 1989 1870 2080 1949; x_wconf 83' lang='lat' dir='ltr'><strong>ac-</strong></span> <span class='ocrx_word' id='word_1_236' title='bbox 2111 1860 2159 1921; x_wconf 85' lang='grc' dir='ltr'><strong>Β</strong></span> <span class='ocrx_word' id='word_1_237' title='bbox 2183 1860 2563 1931; x_wconf 91' lang='lat' dir='ltr'><strong>judicibusque</strong></span> <span class='ocrx_word' id='word_1_238' title='bbox 2595 1861 2992 1930; x_wconf 85' lang='lat' dir='ltr'><strong>permitterent.</strong></span> <span class='ocrx_word' id='word_1_239' title='bbox 3022 1860 3139 1927; x_wconf 92' lang='lat' dir='ltr'><strong>Quo</strong></span> <span class='ocrx_word' id='word_1_240' title='bbox 3178 1858 3267 1927; x_wconf 83' lang='lat' dir='ltr'><strong>fit,</strong></span> <span class='ocrx_word' id='word_1_241' title='bbox 3301 1867 3361 1913; x_wconf 90' lang='lat' dir='ltr'><strong>ut</strong></span> <span class='ocrx_word' id='word_1_242' title='bbox 3388 1859 3531 1929; x_wconf 91' lang='lat' dir='ltr'><strong>apud</strong></span> <span class='ocrx_word' id='word_1_243' title='bbox 3560 1859 3789 1928; x_wconf 84' lang='lat' dir='ltr'><strong>sapien-</strong></span> 
     </span>
    </p>
   </div>
   <div class='ocr_carea' id='block_1_34' title="bbox 478 1947 2082 2028">
    <p class='ocr_par' dir='ltr' id='par_1_34' title="bbox 478 1947 2082 2028">
     <span class='ocr_line' id='line_1_34' title="bbox 478 1947 2082 2028; baseline -0.006 -17"><span class='ocrx_word' id='word_1_244' title='bbox 478 1956 789 2028; x_wconf 89' lang='lat' dir='ltr'><strong>quiescent,</strong></span> <span class='ocrx_word' id='word_1_245' title='bbox 832 1955 975 2025; x_wconf 92' lang='lat' dir='ltr'><strong>quod</strong></span> <span class='ocrx_word' id='word_1_246' title='bbox 1020 1947 1174 2024; x_wconf 70' lang='lat' dir='ltr'><strong>teque</strong></span> <span class='ocrx_word' id='word_1_247' title='bbox 1214 1952 1408 2009; x_wconf 88' lang='lat' dir='ltr'><strong>validis</strong></span> <span class='ocrx_word' id='word_1_248' title='bbox 1446 1951 1717 2007; x_wconf 83' lang='lat' dir='ltr'><strong>rationum</strong></span> <span class='ocrx_word' id='word_1_249' title='bbox 1760 1948 1947 2003; x_wconf 90' lang='lat' dir='ltr'><strong>nititur</strong></span> <span class='ocrx_word' id='word_1_250' title='bbox 1989 1947 2082 2002; x_wconf 86' lang='lat' dir='ltr'><strong>lir-</strong></span> 
     </span>
    </p>
   </div>
   <div class='ocr_carea' id='block_1_35' title="bbox 479 2041 2080 2116">
    <p class='ocr_par' dir='ltr' id='par_1_35' title="bbox 479 2041 2080 2116">
     <span class='ocr_line' id='line_1_35' title="bbox 479 2041 2080 2116; baseline -0.007 -12"><span class='ocrx_word' id='word_1_251' title='bbox 479 2047 785 2116; x_wconf 74' lang='lat' dir='ltr'><strong>mamentis,</strong></span> <span class='ocrx_word' id='word_1_252' title='bbox 831 2045 1157 2102; x_wconf 90' lang='lat' dir='ltr'><strong>infeliciores</strong></span> <span class='ocrx_word' id='word_1_253' title='bbox 1195 2060 1291 2101; x_wconf 92' lang='lat' dir='ltr'><strong>eos</strong></span> <span class='ocrx_word' id='word_1_254' title='bbox 1332 2059 1478 2112; x_wconf 92' lang='lat' dir='ltr'><strong>esse,</strong></span> <span class='ocrx_word' id='word_1_255' title='bbox 1522 2043 1615 2114; x_wconf 90' lang='lat' dir='ltr'><strong>qui</strong></span> <span class='ocrx_word' id='word_1_256' title='bbox 1654 2041 1890 2107; x_wconf 89' lang='lat' dir='ltr'><strong>faciunt,</strong></span> <span class='ocrx_word' id='word_1_257' title='bbox 1919 2054 2080 2110; x_wconf 90' lang='lat' dir='ltr'><strong>quam</strong></span> 
     </span>
    </p>
   </div>
   <div class='ocr_carea' id='block_1_36' title="bbox 478 2133 2083 2212">
    <p class='ocr_par' dir='ltr' id='par_1_36' title="bbox 478 2133 2083 2212">
     <span class='ocr_line' id='line_1_36' title="bbox 478 2133 2083 2212; baseline -0.006 -15"><span class='ocrx_word' id='word_1_258' title='bbox 478 2141 567 2212; x_wconf 91' lang='lat' dir='ltr'><strong>qui</strong></span> <span class='ocrx_word' id='word_1_259' title='bbox 599 2142 874 2211; x_wconf 88' lang='lat' dir='ltr'><strong>patiuntur</strong></span> <span class='ocrx_word' id='word_1_260' title='bbox 903 2138 1177 2207; x_wconf 90' lang='lat' dir='ltr'><strong>injuriam.</strong></span> <span class='ocrx_word' id='word_1_261' title='bbox 1221 2137 1462 2205; x_wconf 83' lang='lat' dir='ltr'><strong>Vellem,</strong></span> <span class='ocrx_word' id='word_1_262' title='bbox 1503 2138 1754 2206; x_wconf 84' lang='lat' dir='ltr'><strong>inquam,</strong></span> <span class='ocrx_word' id='word_1_263' title='bbox 1790 2133 1888 2188; x_wconf 87' lang='lat' dir='ltr'><strong>has</strong></span> <span class='ocrx_word' id='word_1_264' title='bbox 1934 2133 2083 2204; x_wconf 83' lang='lat' dir='ltr'><strong>ipsas</strong></span> 
     </span>
    </p>
   </div>
   <div class='ocr_carea' id='block_1_37' title="bbox 481 2227 2080 2301">
    <p class='ocr_par' dir='ltr' id='par_1_37' title="bbox 481 2227 2080 2301">
     <span class='ocr_line' id='line_1_37' title="bbox 481 2227 2080 2301; baseline -0.004 -13"><span class='ocrx_word' id='word_1_265' title='bbox 481 2232 667 2288; x_wconf 88' lang='lat' dir='ltr'><strong>audire</strong></span> <span class='ocrx_word' id='word_1_266' title='bbox 715 2232 976 2287; x_wconf 89' lang='lat' dir='ltr'><strong>rationes.</strong></span> <span class='ocrx_word' id='word_1_267' title='bbox 1026 2231 1287 2301; x_wconf 91' lang='lat' dir='ltr'><strong>Omnem,</strong></span> <span class='ocrx_word' id='word_1_268' title='bbox 1341 2228 1545 2300; x_wconf 91' lang='lat' dir='ltr'><strong>inquit,</strong></span> <span class='ocrx_word' id='word_1_269' title='bbox 1592 2227 1894 2296; x_wconf 92' lang='lat' dir='ltr'><strong>improbum</strong></span> <span class='ocrx_word' id='word_1_270' title='bbox 1948 2241 2080 2281; x_wconf 89' lang='lat' dir='ltr'><strong>num</strong></span> 
     </span>
    </p>
   </div>
   <div class='ocr_carea' id='block_1_38' title="bbox 481 2319 2082 2397">
    <p class='ocr_par' dir='ltr' id='par_1_38' title="bbox 481 2319 2082 2397">
     <span class='ocr_line' id='line_1_38' title="bbox 481 2319 2082 2397; baseline -0.005 -15"><span class='ocrx_word' id='word_1_271' title='bbox 481 2325 748 2397; x_wconf 89' lang='lat' dir='ltr'><strong>supplicio</strong></span> <span class='ocrx_word' id='word_1_272' title='bbox 775 2325 993 2396; x_wconf 89' lang='lat' dir='ltr'><strong>dignum</strong></span> <span class='ocrx_word' id='word_1_273' title='bbox 1043 2324 1244 2395; x_wconf 85' lang='lat' dir='ltr'><strong>negas?</strong></span> <span class='ocrx_word' id='word_1_274' title='bbox 1276 2321 1511 2378; x_wconf 86' lang='lat' dir='ltr'><strong>Minime.</strong></span> <span class='ocrx_word' id='word_1_275' title='bbox 1556 2320 1807 2376; x_wconf 89' lang='lat' dir='ltr'><strong>Infelices</strong></span> <span class='ocrx_word' id='word_1_276' title='bbox 1838 2319 1919 2388; x_wconf 82' lang='lat'><strong>(5)</strong></span> <span class='ocrx_word' id='word_1_277' title='bbox 1952 2333 2082 2374; x_wconf 87' lang='lat' dir='ltr'><strong>vero</strong></span> 
     </span>
    </p>
   </div>
   <div class='ocr_carea' id='block_1_39' title="bbox 482 2410 2080 2491">
    <p class='ocr_par' dir='ltr' id='par_1_39' title="bbox 482 2410 2080 2491">
     <span class='ocr_line' id='line_1_39' title="bbox 482 2410 2080 2491; baseline -0.006 -14"><span class='ocrx_word' id='word_1_278' title='bbox 482 2436 624 2490; x_wconf 90' lang='lat' dir='ltr'><strong>esse,</strong></span> <span class='ocrx_word' id='word_1_279' title='bbox 656 2422 746 2491; x_wconf 90' lang='lat' dir='ltr'><strong>qui</strong></span> <span class='ocrx_word' id='word_1_280' title='bbox 774 2420 882 2476; x_wconf 90' lang='lat' dir='ltr'><strong>sint</strong></span> <span class='ocrx_word' id='word_1_281' title='bbox 912 2418 1175 2489; x_wconf 91' lang='lat' dir='ltr'><strong>improbi,</strong></span> <span class='ocrx_word' id='word_1_282' title='bbox 1209 2416 1583 2487; x_wconf 89' lang='lat' dir='ltr'><strong>multipliciter</strong></span> <span class='ocrx_word' id='word_1_283' title='bbox 1616 2415 1808 2485; x_wconf 90' lang='lat' dir='ltr'><strong>liquet.</strong></span> <span class='ocrx_word' id='word_1_284' title='bbox 1856 2410 1933 2468; x_wconf 75' lang='lat' dir='ltr'><strong>Ita</strong></span> <span class='ocrx_word' id='word_1_285' title='bbox 1963 2422 2080 2476; x_wconf 88' lang='lat' dir='ltr'><strong>est,</strong></span> 
     </span>
    </p>
   </div>
   <div class='ocr_carea' id='block_1_40' title="bbox 483 2506 2082 2585">
    <p class='ocr_par' dir='ltr' id='par_1_40' title="bbox 483 2506 2082 2585">
     <span class='ocr_line' id='line_1_40' title="bbox 483 2506 2082 2585; baseline -0.006 -16"><span class='ocrx_word' id='word_1_286' title='bbox 483 2513 719 2585; x_wconf 86' lang='lat' dir='ltr'><strong>inquam.</strong></span> <span class='ocrx_word' id='word_1_287' title='bbox 765 2511 868 2579; x_wconf 86' lang='lat' dir='ltr'><strong>Qui</strong></span> <span class='ocrx_word' id='word_1_288' title='bbox 920 2512 1081 2580; x_wconf 77' lang='lat' dir='ltr'><strong>igitur</strong></span> <span class='ocrx_word' id='word_1_289' title='bbox 1126 2509 1391 2581; x_wconf 90' lang='lat' dir='ltr'><strong>supplicio</strong></span> <span class='ocrx_word' id='word_1_290' title='bbox 1440 2509 1586 2580; x_wconf 90' lang='lat' dir='ltr'><strong>digni</strong></span> <span class='ocrx_word' id='word_1_291' title='bbox 1643 2516 1801 2573; x_wconf 89' lang='lat' dir='ltr'><strong>sunt,</strong></span> <span class='ocrx_word' id='word_1_292' title='bbox 1852 2506 2082 2560; x_wconf 88' lang='lat' dir='ltr'><strong>miseros</strong></span> 
     </span>
    </p>
   </div>
   <div class='ocr_carea' id='block_1_41' title="bbox 483 2597 2084 2670">
    <p class='ocr_par' dir='ltr' id='par_1_41' title="bbox 483 2597 2084 2670">
     <span class='ocr_line' id='line_1_41' title="bbox 483 2597 2084 2670; baseline -0.005 -10"><span class='ocrx_word' id='word_1_293' title='bbox 483 2620 607 2662; x_wconf 89' lang='lat' dir='ltr'><strong>esse</strong></span> <span class='ocrx_word' id='word_1_294' title='bbox 658 2618 765 2660; x_wconf 91' lang='lat' dir='ltr'><strong>non</strong></span> <span class='ocrx_word' id='word_1_295' title='bbox 814 2603 1068 2659; x_wconf 85' lang='lat' dir='ltr'><strong>dubitas?</strong></span> <span class='ocrx_word' id='word_1_296' title='bbox 1136 2600 1439 2667; x_wconf 89' lang='lat' dir='ltr'><strong>Convenit,</strong></span> <span class='ocrx_word' id='word_1_297' title='bbox 1505 2600 1745 2670; x_wconf 90' lang='lat' dir='ltr'><strong>inquam.</strong></span> <span class='ocrx_word' id='word_1_298' title='bbox 1814 2599 1871 2653; x_wconf 88' lang='lat' dir='ltr'><strong>Si</strong></span> <span class='ocrx_word' id='word_1_299' title='bbox 1921 2597 2084 2669; x_wconf 88' lang='lat' dir='ltr'><strong>igitur</strong></span> 
     </span>
    </p>
   </div>
   <div class='ocr_carea' id='block_1_42' title="bbox 486 2689 2083 2766">
    <p class='ocr_par' dir='ltr' id='par_1_42' title="bbox 486 2689 2083 2766">
     <span class='ocr_line' id='line_1_42' title="bbox 486 2689 2083 2766; baseline -0.006 -12"><span class='ocrx_word' id='word_1_300' title='bbox 486 2695 512 2735; x_wconf 71' lang='grc' dir='ltr'>δ</span> <span class='ocrx_word' id='word_1_301' title='bbox 537 2697 803 2766; x_wconf 89' lang='lat' dir='ltr'><strong>cognitor,</strong></span> <span class='ocrx_word' id='word_1_302' title='bbox 835 2696 943 2762; x_wconf 89' lang='lat' dir='ltr'><strong>ait,</strong></span> <span class='ocrx_word' id='word_1_303' title='bbox 975 2693 1266 2761; x_wconf 88' lang='lat' dir='ltr'><strong>resideres,</strong></span> <span class='ocrx_word' id='word_1_304' title='bbox 1292 2692 1716 2764; x_wconf 89' lang='lat' dir='ltr'><strong>cuisupplicium</strong></span> <span class='ocrx_word' id='word_1_305' title='bbox 1745 2689 2083 2745; x_wconf 90' lang='lat' dir='ltr'><strong>inferendum</strong></span> 
     </span>
    </p>
   </div>
   <div class='ocr_carea' id='block_1_43' title="bbox 485 2781 2082 2861">
    <p class='ocr_par' dir='ltr' id='par_1_43' title="bbox 485 2781 2082 2861">
     <span class='ocr_line' id='line_1_43' title="bbox 485 2781 2082 2861; baseline -0.006 -16"><span class='ocrx_word' id='word_1_306' title='bbox 485 2799 723 2861; x_wconf 86' lang='lat' dir='ltr'><strong>putares,</strong></span> <span class='ocrx_word' id='word_1_307' title='bbox 753 2789 877 2847; x_wconf 89' lang='lat' dir='ltr'><strong>eine</strong></span> <span class='ocrx_word' id='word_1_308' title='bbox 917 2788 1012 2859; x_wconf 90' lang='lat' dir='ltr'><strong>qui</strong></span> <span class='ocrx_word' id='word_1_309' title='bbox 1059 2787 1396 2854; x_wconf 89' lang='lat' dir='ltr'><strong>fecisset,an</strong></span> <span class='ocrx_word' id='word_1_310' title='bbox 1434 2786 1527 2855; x_wconf 92' lang='lat' dir='ltr'><strong>qui</strong></span> <span class='ocrx_word' id='word_1_311' title='bbox 1574 2783 1888 2855; x_wconf 84' lang='lat' dir='ltr'><strong>pertulisset</strong></span> <span class='ocrx_word' id='word_1_312' title='bbox 1938 2781 2082 2852; x_wconf 74' lang='lat' dir='ltr'><strong>inju-</strong></span> 
     </span>
    </p>
   </div>
   <div class='ocr_carea' id='block_1_44' title="bbox 490 2875 2082 2950">
    <p class='ocr_par' dir='ltr' id='par_1_44' title="bbox 490 2875 2082 2950">
     <span class='ocr_line' id='line_1_44' title="bbox 490 2875 2082 2950; baseline -0.007 -12"><span class='ocrx_word' id='word_1_313' title='bbox 490 2882 665 2938; x_wconf 82' lang='lat' dir='ltr'><strong>riam?</strong></span> <span class='ocrx_word' id='word_1_314' title='bbox 693 2879 804 2938; x_wconf 80' lang='lat' dir='ltr'><strong>Nec</strong></span> <span class='ocrx_word' id='word_1_315' title='bbox 833 2890 855 2919; x_wconf 79' lang='grc' dir='ltr'><strong>ο</strong></span> <span class='ocrx_word' id='word_1_316' title='bbox 889 2880 1125 2950; x_wconf 86' lang='lat' dir='ltr'><strong>ambigo,</strong></span> <span class='ocrx_word' id='word_1_317' title='bbox 1172 2879 1418 2949; x_wconf 87' lang='lat' dir='ltr'><strong>inquam,</strong></span> <span class='ocrx_word' id='word_1_318' title='bbox 1453 2878 1581 2949; x_wconf 93' lang='lat' dir='ltr'><strong>quin</strong></span> <span class='ocrx_word' id='word_1_319' title='bbox 1618 2890 1873 2946; x_wconf 91' lang='lat' dir='ltr'><strong>perpesso</strong></span> <span class='ocrx_word' id='word_1_320' title='bbox 1917 2875 2082 2929; x_wconf 87' lang='lat' dir='ltr'><strong>satis-</strong></span> 
     </span>
    </p>
   </div>
   <div class='ocr_carea' id='block_1_45' title="bbox 490 2965 2083 3040">
    <p class='ocr_par' dir='ltr' id='par_1_45' title="bbox 490 2965 2083 3040">
     <span class='ocr_line' id='line_1_45' title="bbox 490 2965 2083 3040; baseline -0.004 -12"><span class='ocrx_word' id='word_1_321' title='bbox 490 2972 726 3030; x_wconf 89' lang='lat' dir='ltr'><strong>facerem</strong></span> <span class='ocrx_word' id='word_1_322' title='bbox 774 2971 963 3029; x_wconf 89' lang='lat' dir='ltr'><strong>dolore</strong></span> <span class='ocrx_word' id='word_1_323' title='bbox 1010 2970 1277 3027; x_wconf 84' lang='lat' dir='ltr'><strong>facientis.</strong></span> <span class='ocrx_word' id='word_1_324' title='bbox 1326 2968 1444 3040; x_wconf 77' lang='lat'><strong>(10)</strong></span> <span class='ocrx_word' id='word_1_325' title='bbox 1495 2969 1734 3025; x_wconf 86' lang='lat' dir='ltr'><strong>Miserior</strong></span> <span class='ocrx_word' id='word_1_326' title='bbox 1780 2968 1942 3038; x_wconf 87' lang='lat' dir='ltr'><strong>igitur</strong></span> <span class='ocrx_word' id='word_1_327' title='bbox 1985 2965 2083 3022; x_wconf 90' lang='lat' dir='ltr'><strong>tibi</strong></span> 
     </span>
    </p>
   </div>
   <div class='ocr_carea' id='block_1_46' title="bbox 498 3063 2084 3141">
    <p class='ocr_par' dir='ltr' id='par_1_46' title="bbox 498 3063 2084 3141">
     <span class='ocr_line' id='line_1_46' title="bbox 498 3063 2084 3141; baseline -0.002 -19"><span class='ocrx_word' id='word_1_328' title='bbox 498 3068 707 3140; x_wconf 68' lang='lat' dir='ltr'><strong>injuria:</strong></span> <span class='ocrx_word' id='word_1_329' title='bbox 750 3069 952 3135; x_wconf 84' lang='lat' dir='ltr'><strong>illator,</strong></span> <span class='ocrx_word' id='word_1_330' title='bbox 980 3083 1142 3141; x_wconf 89' lang='lat' dir='ltr'><strong>quam</strong></span> <span class='ocrx_word' id='word_1_331' title='bbox 1179 3076 1431 3138; x_wconf 89' lang='lat' dir='ltr'><strong>acceptor</strong></span> <span class='ocrx_word' id='word_1_332' title='bbox 1473 3080 1596 3122; x_wconf 88' lang='lat' dir='ltr'><strong>esse</strong></span> <span class='ocrx_word' id='word_1_333' title='bbox 1622 3065 1913 3122; x_wconf 89' lang='lat' dir='ltr'><strong>videretur.</strong></span> <span class='ocrx_word' id='word_1_334' title='bbox 1943 3063 2084 3120; x_wconf 88' lang='lat' dir='ltr'><strong>Con-</strong></span> 
     </span>
    </p>
   </div>
   <div class='ocr_carea' id='block_1_47' title="bbox 487 3178 2082 3252">
    <p class='ocr_par' dir='ltr' id='par_1_47' title="bbox 487 3178 2082 3252">
     <span class='ocr_line' id='line_1_47' title="bbox 487 3178 2082 3252; baseline -0.004 -15"><span class='ocrx_word' id='word_1_335' title='bbox 487 3181 751 3252; x_wconf 87' lang='lat' dir='ltr'><strong>sequitur,</strong></span> <span class='ocrx_word' id='word_1_336' title='bbox 784 3180 1025 3252; x_wconf 90' lang='lat' dir='ltr'><strong>inquam.</strong></span> <span class='ocrx_word' id='word_1_337' title='bbox 1068 3178 1180 3235; x_wconf 83' lang='lat' dir='ltr'><strong>Hac</strong></span> <span class='ocrx_word' id='word_1_338' title='bbox 1228 3178 1387 3250; x_wconf 88' lang='lat' dir='ltr'><strong>igitur</strong></span> <span class='ocrx_word' id='word_1_339' title='bbox 1432 3178 1662 3247; x_wconf 89' lang='lat' dir='ltr'><strong>aliisque</strong></span> <span class='ocrx_word' id='word_1_340' title='bbox 1703 3178 1770 3234; x_wconf 89' lang='lat' dir='ltr'><strong>de</strong></span> <span class='ocrx_word' id='word_1_341' title='bbox 1810 3178 1988 3232; x_wconf 88' lang='lat' dir='ltr'><strong>causis</strong></span> <span class='ocrx_word' id='word_1_342' title='bbox 2016 3192 2082 3231; x_wconf 85' lang='lat' dir='ltr'><strong>ea</strong></span> 
     </span>
    </p>
   </div>
   <div class='ocr_carea' id='block_1_48' title="bbox 488 3255 2157 3344">
    <p class='ocr_par' dir='ltr' id='par_1_48' title="bbox 488 3255 2157 3344">
     <span class='ocr_line' id='line_1_48' title="bbox 488 3255 2157 3344; baseline -0.005 -14"><span class='ocrx_word' id='word_1_343' title='bbox 488 3274 670 3331; x_wconf 87' lang='lat' dir='ltr'><strong>radice</strong></span> <span class='ocrx_word' id='word_1_344' title='bbox 701 3273 1021 3343; x_wconf 88' lang='lat' dir='ltr'><strong>nitentibus,</strong></span> <span class='ocrx_word' id='word_1_345' title='bbox 1055 3272 1199 3344; x_wconf 90' lang='lat' dir='ltr'><strong>quod</strong></span> <span class='ocrx_word' id='word_1_346' title='bbox 1230 3270 1506 3342; x_wconf 90' lang='lat' dir='ltr'><strong>turpitudo</strong></span> <span class='ocrx_word' id='word_1_347' title='bbox 1544 3279 1733 3341; x_wconf 89' lang='lat' dir='ltr'><strong>suapte</strong></span> <span class='ocrx_word' id='word_1_348' title='bbox 1763 3281 1951 3326; x_wconf 90' lang='lat' dir='ltr'><strong>natura</strong></span> <span class='ocrx_word' id='word_1_349' title='bbox 1988 3270 2082 3325; x_wconf 85' lang='lat' dir='ltr'><strong>mi-</strong></span> <span class='ocrx_word' id='word_1_350' title='bbox 2108 3255 2157 3321; x_wconf 84' lang='lat' dir='ltr'>C</span> 
     </span>
    </p>
   </div>
   <div class='ocr_carea' id='block_1_49' title="bbox 492 3366 2072 3442">
    <p class='ocr_par' dir='ltr' id='par_1_49' title="bbox 492 3366 2072 3442">
     <span class='ocr_line' id='line_1_49' title="bbox 492 3366 2072 3442; baseline -0.004 -14"><span class='ocrx_word' id='word_1_351' title='bbox 492 3386 644 3428; x_wconf 87' lang='lat' dir='ltr'><strong>seros</strong></span> <span class='ocrx_word' id='word_1_352' title='bbox 672 3371 861 3438; x_wconf 88' lang='lat' dir='ltr'><strong>faciat,</strong></span> <span class='ocrx_word' id='word_1_353' title='bbox 892 3378 1144 3442; x_wconf 87' lang='lat' dir='ltr'><strong>apparet,</strong></span> <span class='ocrx_word' id='word_1_354' title='bbox 1176 3368 1376 3424; x_wconf 89' lang='lat' dir='ltr'><strong>illatam</strong></span> <span class='ocrx_word' id='word_1_355' title='bbox 1407 3368 1628 3423; x_wconf 90' lang='lat' dir='ltr'><strong>cuilibet</strong></span> <span class='ocrx_word' id='word_1_356' title='bbox 1669 3366 1919 3437; x_wconf 84' lang='lat' dir='ltr'><strong>injuriam</strong></span> <span class='ocrx_word' id='word_1_357' title='bbox 1964 3382 2072 3423; x_wconf 91' lang='lat' dir='ltr'><strong>non</strong></span> 
     </span>
    </p>
   </div>
   <div class='ocr_carea' id='block_1_50' title="bbox 494 3459 2085 3535">
    <p class='ocr_par' dir='ltr' id='par_1_50' title="bbox 494 3459 2085 3535">
     <span class='ocr_line' id='line_1_50' title="bbox 494 3459 2085 3535; baseline -0.003 -17"><span class='ocrx_word' id='word_1_358' title='bbox 494 3462 841 3535; x_wconf 84' lang='lat' dir='ltr'><strong>accipientis,</strong></span> <span class='ocrx_word' id='word_1_359' title='bbox 892 3461 987 3519; x_wconf 87' lang='lat' dir='ltr'><strong>sed</strong></span> <span class='ocrx_word' id='word_1_360' title='bbox 1046 3460 1324 3517; x_wconf 87' lang='lat' dir='ltr'><strong>inferentis</strong></span> <span class='ocrx_word' id='word_1_361' title='bbox 1381 3474 1501 3516; x_wconf 89' lang='lat' dir='ltr'><strong>esse</strong></span> <span class='ocrx_word' id='word_1_362' title='bbox 1563 3459 1857 3516; x_wconf 86' lang='lat' dir='ltr'><strong>miseriam.</strong></span> <span class='ocrx_word' id='word_1_363' title='bbox 1921 3459 2085 3529; x_wconf 80' lang='lat' dir='ltr'><strong>Atqui</strong></span> 
     </span>
    </p>
   </div>
   <div class='ocr_carea' id='block_1_51' title="bbox 2190 1952 3791 2025">
    <p class='ocr_par' dir='ltr' id='par_1_51' title="bbox 2190 1952 3791 2025">
     <span class='ocr_line' id='line_1_51' title="bbox 2190 1952 3791 2025; baseline -0.001 -16"><span class='ocrx_word' id='word_1_364' title='bbox 2190 1962 2269 2009; x_wconf 87' lang='lat' dir='ltr'><strong>tes</strong></span> <span class='ocrx_word' id='word_1_365' title='bbox 2298 1952 2479 2008; x_wconf 90' lang='lat' dir='ltr'><strong>nullus</strong></span> <span class='ocrx_word' id='word_1_366' title='bbox 2508 1967 2731 2022; x_wconf 89' lang='lat' dir='ltr'><strong>prorsus</strong></span> <span class='ocrx_word' id='word_1_367' title='bbox 2774 1952 2899 2008; x_wconf 93' lang='lat' dir='ltr'><strong>odio</strong></span> <span class='ocrx_word' id='word_1_368' title='bbox 2930 1953 3082 2009; x_wconf 92' lang='lat' dir='ltr'><strong>locus</strong></span> <span class='ocrx_word' id='word_1_369' title='bbox 3113 1953 3470 2025; x_wconf 86' lang='lat' dir='ltr'><strong>relinquatur.</strong></span> <span class='ocrx_word' id='word_1_370' title='bbox 3503 1952 3636 2007; x_wconf 85' lang='lat' dir='ltr'><strong>Nam</strong></span> <span class='ocrx_word' id='word_1_371' title='bbox 3680 1952 3791 2008; x_wconf 85' lang='lat' dir='ltr'><strong>bo-</strong></span> 
     </span>
    </p>
   </div>
   <div class='ocr_carea' id='block_1_52' title="bbox 2187 2046 3790 2118">
    <p class='ocr_par' dir='ltr' id='par_1_52' title="bbox 2187 2046 3790 2118">
     <span class='ocr_line' id='line_1_52' title="bbox 2187 2046 3790 2118; baseline 0.001 -17"><span class='ocrx_word' id='word_1_372' title='bbox 2187 2061 2287 2101; x_wconf 90' lang='lat' dir='ltr'><strong>nos</strong></span> <span class='ocrx_word' id='word_1_373' title='bbox 2316 2046 2435 2118; x_wconf 84' lang='lat' dir='ltr'><strong>quis</strong></span> <span class='ocrx_word' id='word_1_374' title='bbox 2464 2046 2566 2102; x_wconf 91' lang='lat' dir='ltr'><strong>nisi</strong></span> <span class='ocrx_word' id='word_1_375' title='bbox 2604 2046 2948 2101; x_wconf 88' lang='lat' dir='ltr'><strong>stultissimus</strong></span> <span class='ocrx_word' id='word_1_376' title='bbox 2985 2046 3197 2103; x_wconf 89' lang='lat' dir='ltr'><strong>oderit?</strong></span> <span class='ocrx_word' id='word_1_377' title='bbox 3222 2046 3393 2101; x_wconf 89' lang='lat' dir='ltr'><strong>malos</strong></span> <span class='ocrx_word' id='word_1_378' title='bbox 3424 2046 3553 2101; x_wconf 71' lang='lat' dir='ltr'><strong>vero</strong></span> <span class='ocrx_word' id='word_1_379' title='bbox 3598 2047 3790 2102; x_wconf 86' lang='lat' dir='ltr'><strong>odisse</strong></span> 
     </span>
    </p>
   </div>
   <div class='ocr_carea' id='block_1_53' title="bbox 2189 2137 3789 2208">
    <p class='ocr_par' dir='ltr' id='par_1_53' title="bbox 2189 2137 3789 2208">
     <span class='ocr_line' id='line_1_53' title="bbox 2189 2137 3789 2208; baseline -0.002 -14"><span class='ocrx_word' id='word_1_380' title='bbox 2189 2141 2398 2194; x_wconf 87' lang='lat' dir='ltr'><strong>ratione</strong></span> <span class='ocrx_word' id='word_1_381' title='bbox 2425 2148 2593 2195; x_wconf 91' lang='lat' dir='ltr'><strong>caret.</strong></span> <span class='ocrx_word' id='word_1_382' title='bbox 2626 2138 2758 2193; x_wconf 89' lang='lat' dir='ltr'><strong>Nam</strong></span> <span class='ocrx_word' id='word_1_383' title='bbox 2789 2138 2864 2205; x_wconf 90' lang='lat' dir='ltr'><strong>si,</strong></span> <span class='ocrx_word' id='word_1_384' title='bbox 2896 2139 2973 2193; x_wconf 91' lang='lat' dir='ltr'><strong>uti</strong></span> <span class='ocrx_word' id='word_1_385' title='bbox 2998 2140 3291 2208; x_wconf 86' lang='lat' dir='ltr'><strong>corporum</strong></span> <span class='ocrx_word' id='word_1_386' title='bbox 3318 2139 3563 2208; x_wconf 86' lang='lat' dir='ltr'><strong>languor,</strong></span> <span class='ocrx_word' id='word_1_387' title='bbox 3595 2137 3665 2192; x_wconf 80' lang='lat' dir='ltr'><strong>ita</strong></span> <span class='ocrx_word' id='word_1_388' title='bbox 3695 2138 3789 2192; x_wconf 82' lang='lat' dir='ltr'><strong>vi-</strong></span> 
     </span>
    </p>
   </div>
   <div class='ocr_carea' id='block_1_54' title="bbox 2191 2228 3788 2299">
    <p class='ocr_par' dir='ltr' id='par_1_54' title="bbox 2191 2228 3788 2299">
     <span class='ocr_line' id='line_1_54' title="bbox 2191 2228 3788 2299; baseline 0 -14"><span class='ocrx_word' id='word_1_389' title='bbox 2191 2230 2397 2285; x_wconf 90' lang='lat' dir='ltr'><strong>tiositas</strong></span> <span class='ocrx_word' id='word_1_390' title='bbox 2440 2228 2658 2299; x_wconf 91' lang='lat' dir='ltr'><strong>quidam</strong></span> <span class='ocrx_word' id='word_1_391' title='bbox 2704 2237 2789 2284; x_wconf 90' lang='lat' dir='ltr'><strong>est</strong></span> <span class='ocrx_word' id='word_1_392' title='bbox 2834 2230 2987 2299; x_wconf 86' lang='lat' dir='ltr'><strong>quasi</strong></span> <span class='ocrx_word' id='word_1_393' title='bbox 3035 2229 3257 2285; x_wconf 89' lang='lat' dir='ltr'><strong>morbus</strong></span> <span class='ocrx_word' id='word_1_394' title='bbox 3286 2229 3628 2295; x_wconf 86' lang='lat' dir='ltr'><strong>animorum;</strong></span> <span class='ocrx_word' id='word_1_395' title='bbox 3656 2244 3788 2285; x_wconf 85' lang='lat' dir='ltr'><strong>cum</strong></span> 
     </span>
    </p>
   </div>
   <div class='ocr_carea' id='block_1_55' title="bbox 2191 2322 3789 2394">
    <p class='ocr_par' dir='ltr' id='par_1_55' title="bbox 2191 2322 3789 2394">
     <span class='ocr_line' id='line_1_55' title="bbox 2191 2322 3789 2394; baseline -0.001 -15"><span class='ocrx_word' id='word_1_396' title='bbox 2191 2338 2364 2394; x_wconf 66' lang='lat' dir='ltr'><strong>aegros</strong></span> <span class='ocrx_word' id='word_1_397' title='bbox 2392 2339 2621 2393; x_wconf 87' lang='lat' dir='ltr'><strong>corpore</strong></span> <span class='ocrx_word' id='word_1_398' title='bbox 2652 2322 2872 2378; x_wconf 91' lang='lat' dir='ltr'><strong>minime</strong></span> <span class='ocrx_word' id='word_1_399' title='bbox 2904 2322 3097 2394; x_wconf 88' lang='lat' dir='ltr'><strong>dignos</strong></span> <span class='ocrx_word' id='word_1_400' title='bbox 3142 2323 3287 2391; x_wconf 90' lang='lat' dir='ltr'><strong>odio,</strong></span> <span class='ocrx_word' id='word_1_401' title='bbox 3316 2324 3411 2380; x_wconf 89' lang='lat' dir='ltr'><strong>sed</strong></span> <span class='ocrx_word' id='word_1_402' title='bbox 3458 2324 3635 2393; x_wconf 91' lang='lat' dir='ltr'><strong>potius</strong></span> <span class='ocrx_word' id='word_1_403' title='bbox 3683 2324 3789 2378; x_wconf 83' lang='lat' dir='ltr'><strong>mi-</strong></span> 
     </span>
    </p>
   </div>
   <div class='ocr_carea' id='block_1_56' title="bbox 2189 2415 3789 2487">
    <p class='ocr_par' dir='ltr' id='par_1_56' title="bbox 2189 2415 3789 2487">
     <span class='ocr_line' id='line_1_56' title="bbox 2189 2415 3789 2487; baseline 0.001 -15"><span class='ocrx_word' id='word_1_404' title='bbox 2189 2416 2461 2472; x_wconf 86' lang='lat' dir='ltr'><strong>seratione</strong></span> <span class='ocrx_word' id='word_1_405' title='bbox 2506 2415 2835 2484; x_wconf 91' lang='lat' dir='ltr'><strong>judicemus,</strong></span> <span class='ocrx_word' id='word_1_406' title='bbox 2885 2416 3056 2471; x_wconf 91' lang='lat' dir='ltr'><strong>multo</strong></span> <span class='ocrx_word' id='word_1_407' title='bbox 3106 2416 3275 2487; x_wconf 88' lang='lat' dir='ltr'><strong>magis</strong></span> <span class='ocrx_word' id='word_1_408' title='bbox 3319 2416 3433 2487; x_wconf 78' lang='lat'><strong>(30)</strong></span> <span class='ocrx_word' id='word_1_409' title='bbox 3483 2432 3594 2472; x_wconf 88' lang='lat' dir='ltr'><strong>non</strong></span> <span class='ocrx_word' id='word_1_410' title='bbox 3640 2421 3789 2475; x_wconf 84' lang='lat' dir='ltr'><strong>inse-</strong></span> 
     </span>
    </p>
   </div>
   <div class='ocr_carea' id='block_1_57' title="bbox 2189 2508 3787 2580">
    <p class='ocr_par' dir='ltr' id='par_1_57' title="bbox 2189 2508 3787 2580">
     <span class='ocr_line' id='line_1_57' title="bbox 2189 2508 3787 2580; baseline 0.003 -16"><span class='ocrx_word' id='word_1_411' title='bbox 2189 2508 2421 2579; x_wconf 90' lang='lat' dir='ltr'><strong>quendi,</strong></span> <span class='ocrx_word' id='word_1_412' title='bbox 2454 2508 2547 2564; x_wconf 90' lang='lat' dir='ltr'><strong>s&#39;ed</strong></span> <span class='ocrx_word' id='word_1_413' title='bbox 2593 2508 2886 2564; x_wconf 89' lang='lat' dir='ltr'><strong>miserandi</strong></span> <span class='ocrx_word' id='word_1_414' title='bbox 2930 2517 3087 2575; x_wconf 91' lang='lat' dir='ltr'><strong>sunt,</strong></span> <span class='ocrx_word' id='word_1_415' title='bbox 3119 2523 3346 2580; x_wconf 87' lang='lat' dir='ltr'><strong>quorum</strong></span> <span class='ocrx_word' id='word_1_416' title='bbox 3384 2520 3598 2568; x_wconf 84' lang='lat' dir='ltr'><strong>mentes</strong></span> <span class='ocrx_word' id='word_1_417' title='bbox 3641 2511 3787 2569; x_wconf 86' lang='lat' dir='ltr'><strong>omni</strong></span> 
     </span>
    </p>
   </div>
   <div class='ocr_carea' id='block_1_58' title="bbox 2190 2602 3251 2674">
    <p class='ocr_par' dir='ltr' id='par_1_58' title="bbox 2190 2602 3251 2674">
     <span class='ocr_line' id='line_1_58' title="bbox 2190 2602 3251 2674; baseline 0.001 -18"><span class='ocrx_word' id='word_1_418' title='bbox 2190 2602 2448 2674; x_wconf 84' lang='lat' dir='ltr'><strong>languore</strong></span> <span class='ocrx_word' id='word_1_419' title='bbox 2474 2602 2708 2658; x_wconf 89' lang='lat' dir='ltr'><strong>atrocior</strong></span> <span class='ocrx_word' id='word_1_420' title='bbox 2730 2610 2886 2672; x_wconf 89' lang='lat' dir='ltr'><strong>urget</strong></span> <span class='ocrx_word' id='word_1_421' title='bbox 2912 2602 3251 2672; x_wconf 89' lang='lat' dir='ltr'><strong>improbitas.</strong></span> 
     </span>
    </p>
   </div>
   <div class='ocr_carea' id='block_1_59' title="bbox 2660 2718 3304 2793">
    <p class='ocr_par' dir='ltr' id='par_1_59' title="bbox 2660 2718 3304 2793">
     <span class='ocr_line' id='line_1_59' title="bbox 2660 2718 3304 2793; baseline -0.002 -19"><span class='ocrx_word' id='word_1_422' title='bbox 2660 2721 2822 2793; x_wconf 75' lang='lat'><strong>235</strong></span> <span class='ocrx_word' id='word_1_423' title='bbox 2853 2718 3144 2776; x_wconf 79' lang='lat' dir='ltr'><strong>METRUM</strong></span> <span class='ocrx_word' id='word_1_424' title='bbox 3174 2724 3190 2742; x_wconf 81' lang='grc'><strong>·</strong></span> <span class='ocrx_word' id='word_1_425' title='bbox 3219 2719 3304 2775; x_wconf 87' lang='lat' dir='ltr'><strong>tv.</strong></span> 
     </span>
    </p>
   </div>
   <div class='ocr_carea' id='block_1_60' title="bbox 2121 2812 3773 2885">
    <p class='ocr_par' dir='ltr' id='par_1_60' title="bbox 2121 2812 3773 2885">
     <span class='ocr_line' id='line_1_60' title="bbox 2121 2812 3773 2885; baseline 0.002 -15"><span class='ocrx_word' id='word_1_426' title='bbox 2121 2819 2146 2849; x_wconf 80' lang='lat'><strong>&#39;</strong></span> <span class='ocrx_word' id='word_1_427' title='bbox 2190 2818 2586 2870; x_wconf 65' lang='lat' dir='ltr'><strong>Anausis-srvat.</strong></span> <span class='ocrx_word' id='word_1_428' title='bbox 2612 2840 2681 2853; x_wconf 83' lang='lat'><strong>—-</strong></span> <span class='ocrx_word' id='word_1_429' title='bbox 2708 2812 2836 2867; x_wconf 87' lang='lat' dir='ltr'><strong>Cum</strong></span> <span class='ocrx_word' id='word_1_430' title='bbox 2867 2830 3001 2867; x_wconf 83' lang='lat' dir='ltr'><strong>mors</strong></span> <span class='ocrx_word' id='word_1_431' title='bbox 3032 2814 3323 2885; x_wconf 79' lang='lat' dir='ltr'><strong>immineat,</strong></span> <span class='ocrx_word' id='word_1_432' title='bbox 3372 2825 3461 2869; x_wconf 82' lang='lat' dir='ltr'><strong>aut</strong></span> <span class='ocrx_word' id='word_1_433' title='bbox 3499 2829 3682 2885; x_wconf 79' lang='lat' dir='ltr'><strong>sponte</strong></span> <span class='ocrx_word' id='word_1_434' title='bbox 3710 2834 3773 2874; x_wconf 74' lang='lat' dir='ltr'><strong>rs-</strong></span> 
     </span>
    </p>
   </div>
   <div class='ocr_carea' id='block_1_61' title="bbox 2262 2884 3778 2955">
    <p class='ocr_par' dir='ltr' id='par_1_61' title="bbox 2262 2884 3778 2955">
     <span class='ocr_line' id='line_1_61' title="bbox 2262 2884 3778 2955; baseline 0.003 -15"><span class='ocrx_word' id='word_1_435' title='bbox 2262 2887 2427 2952; x_wconf 84' lang='lat' dir='ltr'><strong>nieus,</strong></span> <span class='ocrx_word' id='word_1_436' title='bbox 2453 2894 2541 2938; x_wconf 90' lang='lat' dir='ltr'><strong>aut</strong></span> <span class='ocrx_word' id='word_1_437' title='bbox 2565 2902 2596 2937; x_wconf 87' lang='lat' dir='ltr'><strong>a</strong></span> <span class='ocrx_word' id='word_1_438' title='bbox 2623 2885 2747 2951; x_wconf 78' lang='lat' dir='ltr'><strong>feris</strong></span> <span class='ocrx_word' id='word_1_439' title='bbox 2792 2885 3009 2955; x_wconf 78' lang='lat' dir='ltr'><strong>aliisque</strong></span> <span class='ocrx_word' id='word_1_440' title='bbox 3058 2884 3349 2940; x_wconf 83' lang='lat' dir='ltr'><strong>hominibus</strong></span> <span class='ocrx_word' id='word_1_441' title='bbox 3378 2884 3679 2954; x_wconf 80' lang='lat' dir='ltr'><strong>accelerata,</strong></span> <span class='ocrx_word' id='word_1_442' title='bbox 3710 2892 3778 2944; x_wconf 76' lang='lat' dir='ltr'><strong>iu-</strong></span> 
     </span>
    </p>
   </div>
   <div class='ocr_carea' id='block_1_62' title="bbox 2260 2955 3780 3029">
    <p class='ocr_par' dir='ltr' id='par_1_62' title="bbox 2260 2955 3780 3029">
     <span class='ocr_line' id='line_1_62' title="bbox 2260 2955 3780 3029; baseline 0.003 -19"><span class='ocrx_word' id='word_1_443' title='bbox 2260 2957 2369 3027; x_wconf 88' lang='lat' dir='ltr'><strong>quit</strong></span> <span class='ocrx_word' id='word_1_444' title='bbox 2401 2955 2757 3025; x_wconf 79' lang='lat' dir='ltr'><strong>Philosophia,</strong></span> <span class='ocrx_word' id='word_1_445' title='bbox 2792 2965 3001 3025; x_wconf 71' lang='lat' dir='ltr'><strong>prwstat</strong></span> <span class='ocrx_word' id='word_1_446' title='bbox 3047 2957 3361 3029; x_wconf 1' lang='lat' dir='ltr'><strong>tepidiligere</strong></span> <span class='ocrx_word' id='word_1_447' title='bbox 3405 2962 3585 3029; x_wconf 83' lang='lat' dir='ltr'><strong>probos</strong></span> <span class='ocrx_word' id='word_1_448' title='bbox 3612 2972 3662 3014; x_wconf 88' lang='lat' dir='ltr'><strong>et</strong></span> <span class='ocrx_word' id='word_1_449' title='bbox 3688 2963 3780 3015; x_wconf 83' lang='lat' dir='ltr'><strong>mi-</strong></span> 
     </span>
    </p>
   </div>
   <div class='ocr_carea' id='block_1_63' title="bbox 2257 3028 3779 3097">
    <p class='ocr_par' dir='ltr' id='par_1_63' title="bbox 2257 3028 3779 3097">
     <span class='ocr_line' id='line_1_63' title="bbox 2257 3028 3779 3097; baseline 0.002 -14"><span class='ocrx_word' id='word_1_450' title='bbox 2257 3030 2420 3083; x_wconf 81' lang='lat' dir='ltr'><strong>sereri</strong></span> <span class='ocrx_word' id='word_1_451' title='bbox 2452 3028 2829 3097; x_wconf 85' lang='lat' dir='ltr'><strong>improborum,</strong></span> <span class='ocrx_word' id='word_1_452' title='bbox 2860 3044 3015 3097; x_wconf 83' lang='lat' dir='ltr'><strong>quant</strong></span> <span class='ocrx_word' id='word_1_453' title='bbox 3061 3028 3195 3081; x_wconf 82' lang='lat' dir='ltr'><strong>ullos</strong></span> <span class='ocrx_word' id='word_1_454' title='bbox 3239 3028 3411 3085; x_wconf 78' lang='lat' dir='ltr'><strong>odisse</strong></span> <span class='ocrx_word' id='word_1_455' title='bbox 3443 3041 3489 3085; x_wconf 89' lang='lat' dir='ltr'><strong>et</strong></span> <span class='ocrx_word' id='word_1_456' title='bbox 3514 3033 3666 3085; x_wconf 82' lang='lat' dir='ltr'><strong>armis</strong></span> <span class='ocrx_word' id='word_1_457' title='bbox 3699 3034 3779 3086; x_wconf 83' lang='lat' dir='ltr'><strong>la-</strong></span> 
     </span>
    </p>
   </div>
   <div class='ocr_carea' id='block_1_64' title="bbox 2260 3117 2468 3156">
    <p class='ocr_par' dir='ltr' id='par_1_64' title="bbox 2260 3117 2468 3156">
     <span class='ocr_line' id='line_1_64' title="bbox 2260 3117 2468 3156; baseline 0 -1"><span class='ocrx_word' id='word_1_458' title='bbox 2260 3117 2468 3156; x_wconf 86' lang='lat' dir='ltr'><strong>cessere.</strong></span> 
     </span>
    </p>
   </div>
   <div class='ocr_carea' id='block_1_65' title="bbox 2332 3196 3312 3268">
    <p class='ocr_par' dir='ltr' id='par_1_65' title="bbox 2332 3196 3312 3268">
     <span class='ocr_line' id='line_1_65' title="bbox 2332 3196 3312 3268; baseline -0.002 -16"><span class='ocrx_word' id='word_1_459' title='bbox 2332 3196 2472 3266; x_wconf 91' lang='lat' dir='ltr'><strong>Quid</strong></span> <span class='ocrx_word' id='word_1_460' title='bbox 2502 3207 2681 3253; x_wconf 87' lang='lat' dir='ltr'><strong>tantos</strong></span> <span class='ocrx_word' id='word_1_461' title='bbox 2704 3196 2857 3268; x_wconf 89' lang='lat' dir='ltr'><strong>juvat</strong></span> <span class='ocrx_word' id='word_1_462' title='bbox 2877 3198 3112 3252; x_wconf 80' lang='lat' dir='ltr'><strong>excitare</strong></span> <span class='ocrx_word' id='word_1_463' title='bbox 3135 3202 3312 3251; x_wconf 91' lang='lat' dir='ltr'><strong>motus</strong></span> 
     </span>
    </p>
   </div>
   <div class='ocr_carea' id='block_1_66' title="bbox 2413 3282 3459 3360">
    <p class='ocr_par' dir='ltr' id='par_1_66' title="bbox 2413 3282 3459 3360">
     <span class='ocr_line' id='line_1_66' title="bbox 2413 3282 3459 3360; baseline 0 -17"><span class='ocrx_word' id='word_1_464' title='bbox 2413 3289 2478 3344; x_wconf 85' lang='lat' dir='ltr'><strong>Et</strong></span> <span class='ocrx_word' id='word_1_465' title='bbox 2504 3289 2721 3360; x_wconf 88' lang='lat' dir='ltr'><strong>propria</strong></span> <span class='ocrx_word' id='word_1_466' title='bbox 2749 3288 2914 3343; x_wconf 89' lang='lat' dir='ltr'><strong>fatum</strong></span> <span class='ocrx_word' id='word_1_467' title='bbox 2942 3282 3235 3344; x_wconf 84' lang='lat' dir='ltr'><strong>sollicitare</strong></span> <span class='ocrx_word' id='word_1_468' title='bbox 3262 3288 3459 3343; x_wconf 79' lang='lat' dir='ltr'><strong>manu?</strong></span> 
     </span>
    </p>
   </div>
   <div class='ocr_carea' id='block_1_67' title="bbox 2342 3380 3381 3454">
    <p class='ocr_par' dir='ltr' id='par_1_67' title="bbox 2342 3380 3381 3454">
     <span class='ocr_line' id='line_1_67' title="bbox 2342 3380 3381 3454; baseline -0.01 -11"><span class='ocrx_word' id='word_1_469' title='bbox 2342 3385 2397 3443; x_wconf 91' lang='lat' dir='ltr'><strong>Si</strong></span> <span class='ocrx_word' id='word_1_470' title='bbox 2428 3396 2658 3440; x_wconf 89' lang='lat' dir='ltr'><strong>mortem</strong></span> <span class='ocrx_word' id='word_1_471' title='bbox 2682 3384 2881 3454; x_wconf 88' lang='lat' dir='ltr'><strong>petitis,</strong></span> <span class='ocrx_word' id='word_1_472' title='bbox 2915 3382 3236 3453; x_wconf 72' lang='lat' dir='ltr'><strong>propinquat</strong></span> <span class='ocrx_word' id='word_1_473' title='bbox 3263 3380 3381 3450; x_wconf 89' lang='lat' dir='ltr'><strong>ipsa</strong></span> 
     </span>
    </p>
   </div>
   <div class='ocr_carea' id='block_1_68' title="bbox 2413 3474 3713 3549">
    <p class='ocr_par' dir='ltr' id='par_1_68' title="bbox 2413 3474 3713 3549">
     <span class='ocr_line' id='line_1_68' title="bbox 2413 3474 3713 3549; baseline -0.003 -15"><span class='ocrx_word' id='word_1_474' title='bbox 2413 3478 2616 3549; x_wconf 91' lang='lat' dir='ltr'><strong>Sponte</strong></span> <span class='ocrx_word' id='word_1_475' title='bbox 2646 3491 2761 3540; x_wconf 88' lang='lat' dir='ltr'><strong>sua,</strong></span> <span class='ocrx_word' id='word_1_476' title='bbox 2783 3474 3027 3531; x_wconf 85' lang='lat' dir='ltr'><strong>volucres</strong></span> <span class='ocrx_word' id='word_1_477' title='bbox 3068 3487 3169 3529; x_wconf 91' lang='lat' dir='ltr'><strong>nec</strong></span> <span class='ocrx_word' id='word_1_478' title='bbox 3195 3480 3500 3529; x_wconf 86' lang='lat' dir='ltr'><strong>remoratur</strong></span> <span class='ocrx_word' id='word_1_479' title='bbox 3526 3489 3713 3546; x_wconf 88' lang='lat' dir='ltr'><strong>equos,</strong></span> 
     </span>
    </p>
   </div>
   <div class='ocr_carea' id='block_1_69' title="bbox 1833 3569 2413 3630">
    <p class='ocr_par' dir='ltr' id='par_1_69' title="bbox 1833 3569 2413 3630">
     <span class='ocr_line' id='line_1_69' title="bbox 1833 3569 2413 3630; baseline -0.009 -1"><span class='ocrx_word' id='word_1_480' title='bbox 1833 3569 2413 3630; x_wconf 79' lang='lat' dir='ltr'><strong>INTERPBETATIO.</strong></span> 
     </span>
    </p>
   </div>
   <div class='ocr_carea' id='block_1_70' title="bbox 562 3669 986 3726">
    <p class='ocr_par' dir='ltr' id='par_1_70' title="bbox 562 3669 986 3726">
     <span class='ocr_line' id='line_1_70' title="bbox 562 3669 986 3726; baseline -0.007 -2"><span class='ocrx_word' id='word_1_481' title='bbox 562 3680 588 3708; x_wconf 69' lang='grc' dir='ltr'><strong><em>α</em></strong></span> <span class='ocrx_word' id='word_1_482' title='bbox 620 3669 863 3726; x_wconf 79' lang='lat' dir='ltr'><strong>Alternis.</strong></span> <span class='ocrx_word' id='word_1_483' title='bbox 983 3718 986 3721; x_wconf 88' lang='lat'><strong>.</strong></span> 
     </span>
    </p>
   </div>
   <div class='ocr_carea' id='block_1_71' title="bbox 564 3740 813 3796">
    <p class='ocr_par' dir='ltr' id='par_1_71' title="bbox 564 3740 813 3796">
     <span class='ocr_line' id='line_1_71' title="bbox 564 3740 813 3796; baseline 0.008 -3"><span class='ocrx_word' id='word_1_484' title='bbox 564 3740 590 3779; x_wconf 74' lang='grc' dir='ltr'>δ</span> <span class='ocrx_word' id='word_1_485' title='bbox 622 3740 813 3796; x_wconf 70' lang='lat' dir='ltr'><strong>Iudex.</strong></span> 
     </span>
    </p>
   </div>
   <div class='ocr_carea' id='block_1_72' title="bbox 562 3812 830 3869">
    <p class='ocr_par' dir='ltr' id='par_1_72' title="bbox 562 3812 830 3869">
     <span class='ocr_line' id='line_1_72' title="bbox 562 3812 830 3869; baseline 0.011 -4"><span class='ocrx_word' id='word_1_486' title='bbox 562 3822 586 3851; x_wconf 74' lang='grc' dir='ltr'><em>ε</em></span> <span class='ocrx_word' id='word_1_487' title='bbox 618 3812 830 3869; x_wconf 81' lang='lat' dir='ltr'><strong>Dubito.</strong></span> 
     </span>
    </p>
   </div>
   <div class='ocr_carea' id='block_1_73' title="bbox 560 3879 882 3939">
    <p class='ocr_par' dir='ltr' id='par_1_73' title="bbox 560 3879 882 3939">
     <span class='ocr_line' id='line_1_73' title="bbox 560 3879 882 3939; baseline 0.003 -2"><span class='ocrx_word' id='word_1_488' title='bbox 560 3879 587 3920; x_wconf 68' lang='grc' dir='ltr'><em>ἀ</em></span> <span class='ocrx_word' id='word_1_489' title='bbox 618 3884 882 3939; x_wconf 76' lang='lat' dir='ltr'><strong>Advocati.</strong></span> 
     </span>
    </p>
   </div>
   <div class='ocr_carea' id='block_1_74' title="bbox 564 3956 1008 4027">
    <p class='ocr_par' dir='ltr' id='par_1_74' title="bbox 564 3956 1008 4027">
     <span class='ocr_line' id='line_1_74' title="bbox 564 3956 1008 4027; baseline 0 -17"><span class='ocrx_word' id='word_1_490' title='bbox 564 3964 598 4027; x_wconf 81' lang='lat'><strong>°_</strong></span> <span class='ocrx_word' id='word_1_491' title='bbox 626 3956 805 4027; x_wconf 79' lang='lat' dir='ltr'><strong>Aliquo</strong></span> <span class='ocrx_word' id='word_1_492' title='bbox 835 3957 1008 4011; x_wconf 89' lang='lat' dir='ltr'><strong>modo.</strong></span> 
     </span>
    </p>
   </div>
   <div class='ocr_carea' id='block_1_75' title="bbox 563 4025 2087 4100">
    <p class='ocr_par' dir='ltr' id='par_1_75' title="bbox 563 4025 2087 4100">
     <span class='ocr_line' id='line_1_75' title="bbox 563 4025 2087 4100; baseline -0.001 -20"><span class='ocrx_word' id='word_1_493' title='bbox 563 4025 702 4093; x_wconf 82' lang='lat' dir='ltr'><strong>Quid</strong></span> <span class='ocrx_word' id='word_1_494' title='bbox 721 4025 934 4100; x_wconf 83' lang='lat' dir='ltr'><strong>prodest</strong></span> <span class='ocrx_word' id='word_1_495' title='bbox 964 4028 1116 4085; x_wconf 87' lang='lat' dir='ltr'><strong>vobis</strong></span> <span class='ocrx_word' id='word_1_496' title='bbox 1144 4029 1362 4084; x_wconf 74' lang='lat' dir='ltr'><strong>excitare</strong></span> <span class='ocrx_word' id='word_1_497' title='bbox 1404 4035 1569 4082; x_wconf 85' lang='lat' dir='ltr'><strong>motus</strong></span> <span class='ocrx_word' id='word_1_498' title='bbox 1596 4036 1762 4083; x_wconf 87' lang='lat' dir='ltr'><strong>tantos</strong></span> <span class='ocrx_word' id='word_1_499' title='bbox 1786 4027 1893 4083; x_wconf 91' lang='lat' dir='ltr'><strong>odii</strong></span> <span class='ocrx_word' id='word_1_500' title='bbox 1926 4036 1972 4081; x_wconf 84' lang='lat' dir='ltr'><strong>et</strong></span> <span class='ocrx_word' id='word_1_501' title='bbox 1998 4042 2087 4081; x_wconf 83' lang='lat' dir='ltr'><strong>ur-</strong></span> 
     </span>
    </p>
   </div>
   <div class='ocr_carea' id='block_1_76' title="bbox 2219 3665 3772 3737">
    <p class='ocr_par' dir='ltr' id='par_1_76' title="bbox 2219 3665 3772 3737">
     <span class='ocr_line' id='line_1_76' title="bbox 2219 3665 3772 3737; baseline -0.003 -13"><span class='ocrx_word' id='word_1_502' title='bbox 2219 3686 2301 3724; x_wconf 86' lang='lat' dir='ltr'><strong>ere</strong></span> <span class='ocrx_word' id='word_1_503' title='bbox 2343 3667 2556 3722; x_wconf 79' lang='lat' dir='ltr'><strong>mortein</strong></span> <span class='ocrx_word' id='word_1_504' title='bbox 2585 3667 2763 3722; x_wconf 77' lang='lat' dir='ltr'><strong>vestris</strong></span> <span class='ocrx_word' id='word_1_505' title='bbox 2824 3665 3099 3721; x_wconf 80' lang='lat' dir='ltr'><strong>manibus?</strong></span> <span class='ocrx_word' id='word_1_506' title='bbox 3153 3666 3215 3722; x_wconf 85' lang='lat' dir='ltr'><strong>Si</strong></span> <span class='ocrx_word' id='word_1_507' title='bbox 3268 3667 3499 3737; x_wconf 73' lang='lat' dir='ltr'><strong>qutrritis</strong></span> <span class='ocrx_word' id='word_1_508' title='bbox 3556 3679 3772 3735; x_wconf 74' lang='lat' dir='ltr'><strong>mortem,</strong></span> 
     </span>
    </p>
   </div>
   <div class='ocr_carea' id='block_1_77' title="bbox 2222 3739 3775 3810">
    <p class='ocr_par' dir='ltr' id='par_1_77' title="bbox 2222 3739 3775 3810">
     <span class='ocr_line' id='line_1_77' title="bbox 2222 3739 3775 3810; baseline -0.002 -15"><span class='ocrx_word' id='word_1_509' title='bbox 2222 3756 2296 3795; x_wconf 74' lang='grc' dir='ltr'><em>ωε</em></span> <span class='ocrx_word' id='word_1_510' title='bbox 2325 3739 2703 3810; x_wconf 85' lang='lat' dir='ltr'><strong>appropinquat</strong></span> <span class='ocrx_word' id='word_1_511' title='bbox 2745 3739 2879 3810; x_wconf 83' lang='lat' dir='ltr'><strong>ultro</strong></span> <span class='ocrx_word' id='word_1_512' title='bbox 2916 3753 3077 3805; x_wconf 86' lang='lat' dir='ltr'><strong>neque</strong></span> <span class='ocrx_word' id='word_1_513' title='bbox 3111 3739 3283 3790; x_wconf 79' lang='lat' dir='ltr'><strong>tardat</strong></span> <span class='ocrx_word' id='word_1_514' title='bbox 3311 3754 3468 3809; x_wconf 86' lang='lat' dir='ltr'><strong>equos</strong></span> <span class='ocrx_word' id='word_1_515' title='bbox 3498 3754 3621 3792; x_wconf 87' lang='lat' dir='ltr'><strong>suos</strong></span> <span class='ocrx_word' id='word_1_516' title='bbox 3658 3754 3775 3808; x_wconf 78' lang='lat' dir='ltr'><strong>prte-</strong></span> 
     </span>
    </p>
   </div>
   <div class='ocr_carea' id='block_1_78' title="bbox 2188 3809 3775 3879">
    <p class='ocr_par' dir='ltr' id='par_1_78' title="bbox 2188 3809 3775 3879">
     <span class='ocr_line' id='line_1_78' title="bbox 2188 3809 3775 3879; baseline 0.001 -17"><span class='ocrx_word' id='word_1_517' title='bbox 2188 3814 2367 3878; x_wconf 86' lang='lat' dir='ltr'><strong>cipites</strong></span> <span class='ocrx_word' id='word_1_518' title='bbox 2412 3826 2430 3863; x_wconf 91' lang='lat'><strong><em>:</em></strong></span> <span class='ocrx_word' id='word_1_519' title='bbox 2466 3810 2673 3865; x_wconf 69' lang='lat' dir='ltr'><strong>Scilicet</strong></span> <span class='ocrx_word' id='word_1_520' title='bbox 2704 3809 2931 3862; x_wconf 78' lang='lat' dir='ltr'><strong>homines</strong></span> <span class='ocrx_word' id='word_1_521' title='bbox 2979 3824 3086 3862; x_wconf 83' lang='lat' dir='ltr'><strong>sese</strong></span> <span class='ocrx_word' id='word_1_522' title='bbox 3132 3809 3391 3878; x_wconf 85' lang='lat' dir='ltr'><strong>perimunt</strong></span> <span class='ocrx_word' id='word_1_523' title='bbox 3420 3810 3618 3879; x_wconf 82' lang='lat' dir='ltr'><strong>gladio,</strong></span> <span class='ocrx_word' id='word_1_524' title='bbox 3666 3826 3775 3877; x_wconf 76' lang='lat' dir='ltr'><strong>quos</strong></span> 
     </span>
    </p>
   </div>
   <div class='ocr_carea' id='block_1_79' title="bbox 2189 3881 3773 3950">
    <p class='ocr_par' dir='ltr' id='par_1_79' title="bbox 2189 3881 3773 3950">
     <span class='ocr_line' id='line_1_79' title="bbox 2189 3881 3773 3950; baseline -0.003 -15"><span class='ocrx_word' id='word_1_525' title='bbox 2189 3899 2419 3950; x_wconf 79' lang='lat' dir='ltr'><strong>serpens,</strong></span> <span class='ocrx_word' id='word_1_526' title='bbox 2450 3882 2547 3943; x_wconf 86' lang='lat' dir='ltr'><strong>leo,</strong></span> <span class='ocrx_word' id='word_1_527' title='bbox 2578 3882 2743 3949; x_wconf 84' lang='lat' dir='ltr'><strong>tigris,</strong></span> <span class='ocrx_word' id='word_1_528' title='bbox 2791 3897 2935 3933; x_wconf 81' lang='lat' dir='ltr'><strong>ursus</strong></span> <span class='ocrx_word' id='word_1_529' title='bbox 2954 3920 2969 3945; x_wconf 91' lang='lat'><strong>,</strong></span> <span class='ocrx_word' id='word_1_530' title='bbox 3003 3889 3057 3933; x_wconf 90' lang='lat' dir='ltr'><strong>et</strong></span> <span class='ocrx_word' id='word_1_531' title='bbox 3082 3881 3198 3948; x_wconf 88' lang='lat' dir='ltr'><strong>apri</strong></span> <span class='ocrx_word' id='word_1_532' title='bbox 3228 3882 3505 3947; x_wconf 76' lang='lat' dir='ltr'><strong>perimunt,</strong></span> <span class='ocrx_word' id='word_1_533' title='bbox 3536 3881 3773 3933; x_wconf 75' lang='lat' dir='ltr'><strong>dentibus.</strong></span> 
     </span>
    </p>
   </div>
   <div class='ocr_carea' id='block_1_80' title="bbox 2195 3952 3777 4022">
    <p class='ocr_par' dir='ltr' id='par_1_80' title="bbox 2195 3952 3777 4022">
     <span class='ocr_line' id='line_1_80' title="bbox 2195 3952 3777 4022; baseline -0.002 -16"><span class='ocrx_word' id='word_1_534' title='bbox 2195 3952 2338 4006; x_wconf 85' lang='lat' dir='ltr'><strong>Num</strong></span> <span class='ocrx_word' id='word_1_535' title='bbox 2369 3953 2558 4005; x_wconf 85' lang='lat' dir='ltr'><strong>idcirco</strong></span> <span class='ocrx_word' id='word_1_536' title='bbox 2602 3954 2861 4006; x_wconf 85' lang='lat' dir='ltr'><strong>instruunt</strong></span> <span class='ocrx_word' id='word_1_537' title='bbox 2898 3952 3151 4006; x_wconf 68' lang='lat' dir='ltr'><strong>exercitus</strong></span> <span class='ocrx_word' id='word_1_538' title='bbox 3181 3952 3401 4022; x_wconf 83' lang='lat' dir='ltr'><strong>iniquos.</strong></span> <span class='ocrx_word' id='word_1_539' title='bbox 3431 3962 3618 4021; x_wconf 88' lang='lat' dir='ltr'><strong>parant</strong></span> <span class='ocrx_word' id='word_1_540' title='bbox 3648 3966 3777 4022; x_wconf 70' lang='lat' dir='ltr'><strong>arma</strong></span> 
     </span>
    </p>
   </div>
   <div class='ocr_carea' id='block_1_81' title="bbox 2195 4021 3778 4093">
    <p class='ocr_par' dir='ltr' id='par_1_81' title="bbox 2195 4021 3778 4093">
     <span class='ocr_line' id='line_1_81' title="bbox 2195 4021 3778 4093; baseline -0.002 -16"><span class='ocrx_word' id='word_1_541' title='bbox 2195 4023 2426 4077; x_wconf 86' lang='lat' dir='ltr'><strong>crudelia</strong></span> <span class='ocrx_word' id='word_1_542' title='bbox 2461 4025 2774 4093; x_wconf 86' lang='lat' dir='ltr'><strong>cupiuntque</strong></span> <span class='ocrx_word' id='word_1_543' title='bbox 2812 4024 3110 4078; x_wconf 80' lang='lat' dir='ltr'><strong>occinnbere</strong></span> <span class='ocrx_word' id='word_1_544' title='bbox 3154 4021 3274 4077; x_wconf 85' lang='lat' dir='ltr'><strong>telis</strong></span> <span class='ocrx_word' id='word_1_545' title='bbox 3300 4024 3609 4092; x_wconf 83' lang='lat' dir='ltr'><strong>reciprocis,</strong></span> <span class='ocrx_word' id='word_1_546' title='bbox 3656 4021 3778 4091; x_wconf 77' lang='lat' dir='ltr'><strong>quod</strong></span> 
     </span>
    </p>
   </div>
   <div class='ocr_carea' id='block_1_82' title="bbox 2025 4140 2261 4198">
    <p class='ocr_par' dir='ltr' id='par_1_82' title="bbox 2025 4140 2261 4198">
     <span class='ocr_line' id='line_1_82' title="bbox 2025 4140 2261 4198; baseline 0 -1"><span class='ocrx_word' id='word_1_547' title='bbox 2025 4140 2236 4198; x_wconf 66' lang='lat' dir='ltr'><strong>NOTIE</strong></span> <span class='ocrx_word' id='word_1_548' title='bbox 2248 4183 2261 4197; x_wconf 94' lang='lat'><strong>.</strong></span> 
     </span>
    </p>
   </div>
   <div class='ocr_carea' id='block_1_83' title="bbox 565 4256 2085 4333">
    <p class='ocr_par' dir='ltr' id='par_1_83' title="bbox 565 4256 2085 4333">
     <span class='ocr_line' id='line_1_83' title="bbox 565 4256 2085 4333; baseline -0.007 -14"><span class='ocrx_word' id='word_1_549' title='bbox 565 4259 581 4289; x_wconf 80' lang='grc'>¹</span> <span class='ocrx_word' id='word_1_550' title='bbox 612 4256 753 4333; x_wconf 62' lang='lat' dir='ltr'><strong>Nam</strong></span> <span class='ocrx_word' id='word_1_551' title='bbox 778 4276 839 4314; x_wconf 85' lang='lat' dir='ltr'><strong>ne</strong></span> <span class='ocrx_word' id='word_1_552' title='bbox 880 4259 1258 4333; x_wconf 10' lang='lat' dir='ltr'><strong>illudiquidem</strong></span> <span class='ocrx_word' id='word_1_553' title='bbox 1299 4262 1646 4333; x_wconf 86' lang='lat' dir='ltr'><strong>acquiescent.</strong></span> <span class='ocrx_word' id='word_1_554' title='bbox 1673 4258 1804 4333; x_wconf 87' lang='lat' dir='ltr'><strong>etc.]</strong></span> <span class='ocrx_word' id='word_1_555' title='bbox 1840 4258 1926 4315; x_wconf 91' lang='lat' dir='ltr'><strong>IV.</strong></span> <span class='ocrx_word' id='word_1_556' title='bbox 1962 4257 2085 4333; x_wconf 52' lang='lat' dir='ltr'><strong>Phi:</strong></span> 
     </span>
    </p>
   </div>
   <div class='ocr_carea' id='block_1_84' title="bbox 503 4328 2085 4402">
    <p class='ocr_par' dir='ltr' id='par_1_84' title="bbox 503 4328 2085 4402">
     <span class='ocr_line' id='line_1_84' title="bbox 503 4328 2085 4402; baseline -0.003 -16"><span class='ocrx_word' id='word_1_557' title='bbox 503 4329 743 4402; x_wconf 66' lang='lat' dir='ltr'><strong>lomphia</strong></span> <span class='ocrx_word' id='word_1_558' title='bbox 799 4332 992 4401; x_wconf 85' lang='lat' dir='ltr'><strong>probat</strong></span> <span class='ocrx_word' id='word_1_559' title='bbox 1026 4328 1299 4402; x_wconf 83' lang='lat' dir='ltr'><strong>improbos</strong></span> <span class='ocrx_word' id='word_1_560' title='bbox 1330 4328 1395 4388; x_wconf 84' lang='lat' dir='ltr'><strong>eo</strong></span> <span class='ocrx_word' id='word_1_561' title='bbox 1422 4348 1543 4388; x_wconf 88' lang='lat' dir='ltr'><strong>esse</strong></span> <span class='ocrx_word' id='word_1_562' title='bbox 1574 4328 1907 4393; x_wconf 78' lang='lat' dir='ltr'><strong>miseriores,</strong></span> <span class='ocrx_word' id='word_1_563' title='bbox 1942 4328 2085 4402; x_wconf 71' lang='lat' dir='ltr'><strong>quod</strong></span> 
     </span>
    </p>
   </div>
   <div class='ocr_carea' id='block_1_85' title="bbox 492 4398 2089 4472">
    <p class='ocr_par' dir='ltr' id='par_1_85' title="bbox 492 4398 2089 4472">
     <span class='ocr_line' id='line_1_85' title="bbox 492 4398 2089 4472; baseline 0 -18"><span class='ocrx_word' id='word_1_564' title='bbox 492 4398 740 4472; x_wconf 70' lang='lat' dir='ltr'><strong>iniuriam</strong></span> <span class='ocrx_word' id='word_1_565' title='bbox 771 4398 987 4459; x_wconf 64' lang='lat' dir='ltr'><strong>caeteris</strong></span> <span class='ocrx_word' id='word_1_566' title='bbox 1019 4398 1249 4459; x_wconf 86' lang='lat' dir='ltr'><strong>inferant</strong></span> <span class='ocrx_word' id='word_1_567' title='bbox 1274 4422 1286 4457; x_wconf 92' lang='lat'>:</span> <span class='ocrx_word' id='word_1_568' title='bbox 1316 4404 1437 4470; x_wconf 87' lang='lat' dir='ltr'><strong>quia</strong></span> <span class='ocrx_word' id='word_1_569' title='bbox 1467 4420 1589 4459; x_wconf 91' lang='lat' dir='ltr'><strong>cum</strong></span> <span class='ocrx_word' id='word_1_570' title='bbox 1621 4402 1900 4469; x_wconf 88' lang='lat' dir='ltr'><strong>improbus</strong></span> <span class='ocrx_word' id='word_1_571' title='bbox 1922 4399 2089 4472; x_wconf 68' lang='grc'><strong>284,</strong></span> 
     </span>
    </p>
   </div>
   <div class='ocr_carea' id='block_1_86' title="bbox 492 4471 2086 4545">
    <p class='ocr_par' dir='ltr' id='par_1_86' title="bbox 492 4471 2086 4545">
     <span class='ocr_line' id='line_1_86' title="bbox 492 4471 2086 4545; baseline 0.002 -21"><span class='ocrx_word' id='word_1_572' title='bbox 492 4471 667 4545; x_wconf 83' lang='lat' dir='ltr'><strong>omnis</strong></span> <span class='ocrx_word' id='word_1_573' title='bbox 708 4472 784 4545; x_wconf 83' lang='lat' dir='ltr'><strong>sit</strong></span> <span class='ocrx_word' id='word_1_574' title='bbox 831 4474 1017 4540; x_wconf 88' lang='lat' dir='ltr'><strong>miser,</strong></span> <span class='ocrx_word' id='word_1_575' title='bbox 1068 4491 1295 4545; x_wconf 83' lang='lat' dir='ltr'><strong>cumque</strong></span> <span class='ocrx_word' id='word_1_576' title='bbox 1336 4476 1612 4544; x_wconf 84' lang='lat' dir='ltr'><strong>improbus</strong></span> <span class='ocrx_word' id='word_1_577' title='bbox 1658 4471 2086 4545; x_wconf 77' lang='lat' dir='ltr'><strong>sitquicuuque</strong></span> 
     </span>
    </p>
   </div>
   <div class='ocr_carea' id='block_1_87' title="bbox 491 4542 2086 4616">
    <p class='ocr_par' dir='ltr' id='par_1_87' title="bbox 491 4542 2086 4616">
     <span class='ocr_line' id='line_1_87' title="bbox 491 4542 2086 4616; baseline -0.001 -19"><span class='ocrx_word' id='word_1_578' title='bbox 491 4543 759 4616; x_wconf 88' lang='lat' dir='ltr'><strong>supplicio</strong></span> <span class='ocrx_word' id='word_1_579' title='bbox 788 4545 982 4614; x_wconf 85' lang='lat' dir='ltr'><strong>dignus</strong></span> <span class='ocrx_word' id='word_1_580' title='bbox 1012 4557 1123 4611; x_wconf 75' lang='grc' dir='ltr'><strong>εει,</strong></span> <span class='ocrx_word' id='word_1_581' title='bbox 1157 4542 1437 4615; x_wconf 83' lang='lat' dir='ltr'><strong>propterea</strong></span> <span class='ocrx_word' id='word_1_582' title='bbox 1461 4562 1569 4616; x_wconf 91' lang='lat' dir='ltr'><strong>quo</strong></span> <span class='ocrx_word' id='word_1_583' title='bbox 1595 4542 2086 4616; x_wconf 32' lang='lat' dir='ltr'><strong>aliquis’supplicio</strong></span> 
     </span>
    </p>
   </div>
   <div class='ocr_carea' id='block_1_88' title="bbox 490 4612 2082 4685">
    <p class='ocr_par' dir='ltr' id='par_1_88' title="bbox 490 4612 2082 4685">
     <span class='ocr_line' id='line_1_88' title="bbox 490 4612 2082 4685; baseline 0.001 -18"><span class='ocrx_word' id='word_1_584' title='bbox 490 4612 574 4685; x_wconf 76' lang='lat' dir='ltr'><strong>est</strong></span> <span class='ocrx_word' id='word_1_585' title='bbox 604 4614 772 4684; x_wconf 86' lang='lat' dir='ltr'><strong>magis</strong></span> <span class='ocrx_word' id='word_1_586' title='bbox 801 4612 1019 4685; x_wconf 84' lang='lat' dir='ltr'><strong>dignus,</strong></span> <span class='ocrx_word' id='word_1_587' title='bbox 1047 4632 1112 4671; x_wconf 89' lang='lat' dir='ltr'><strong>eo</strong></span> <span class='ocrx_word' id='word_1_588' title='bbox 1143 4612 1313 4685; x_wconf 84' lang='lat' dir='ltr'><strong>magis</strong></span> <span class='ocrx_word' id='word_1_589' title='bbox 1344 4612 1621 4685; x_wconf 76' lang='lat' dir='ltr'><strong>improbus</strong></span> <span class='ocrx_word' id='word_1_590' title='bbox 1643 4612 1895 4684; x_wconf 73' lang='lat' dir='ltr'><strong>adeoque</strong></span> <span class='ocrx_word' id='word_1_591' title='bbox 1913 4612 2082 4683; x_wconf 87' lang='lat' dir='ltr'><strong>magis</strong></span> 
     </span>
    </p>
   </div>
   <div class='ocr_carea' id='block_1_89' title="bbox 491 4683 2167 4755">
    <p class='ocr_par' dir='ltr' id='par_1_89' title="bbox 491 4683 2167 4755">
     <span class='ocr_line' id='line_1_89' title="bbox 491 4683 2167 4755; baseline 0.001 -16"><span class='ocrx_word' id='word_1_592' title='bbox 491 4683 661 4755; x_wconf 80' lang='lat' dir='ltr'><strong>miser</strong></span> <span class='ocrx_word' id='word_1_593' title='bbox 703 4683 894 4741; x_wconf 75' lang='lat' dir='ltr'><strong>haberi</strong></span> <span class='ocrx_word' id='word_1_594' title='bbox 941 4688 1144 4743; x_wconf 87' lang='lat' dir='ltr'><strong>debet:</strong></span> <span class='ocrx_word' id='word_1_595' title='bbox 1186 4683 1268 4743; x_wconf 84' lang='lat' dir='ltr'><strong>sic</strong></span> <span class='ocrx_word' id='word_1_596' title='bbox 1314 4683 1558 4755; x_wconf 73' lang='lat' dir='ltr'><strong>cognitor</strong></span> <span class='ocrx_word' id='word_1_597' title='bbox 1601 4683 1919 4743; x_wconf 76' lang='lat' dir='ltr'><strong>exiSIimaus</strong></span> <span class='ocrx_word' id='word_1_598' title='bbox 1960 4701 2083 4740; x_wconf 89' lang='lat' dir='ltr'><strong>esse</strong></span> <span class='ocrx_word' id='word_1_599' title='bbox 2115 4687 2167 4748; x_wconf 83' lang='grc' dir='ltr'>ι)</span> 
     </span>
    </p>
   </div>
   <div class='ocr_carea' id='block_1_90' title="bbox 490 4754 2085 4836">
    <p class='ocr_par' dir='ltr' id='par_1_90' title="bbox 490 4754 2085 4836">
     <span class='ocr_line' id='line_1_90' title="bbox 490 4754 2085 4836; baseline 0.001 -27"><span class='ocrx_word' id='word_1_600' title='bbox 490 4754 968 4836; x_wconf 76' lang='lat' dir='ltr'><strong>deterius_inferrc</strong></span> <span class='ocrx_word' id='word_1_601' title='bbox 994 4775 1151 4827; x_wconf 90' lang='lat' dir='ltr'><strong>quam</strong></span> <span class='ocrx_word' id='word_1_602' title='bbox 1197 4758 1622 4836; x_wconf 68' lang='lat' dir='ltr'><strong>patiinjuriani,</strong></span> <span class='ocrx_word' id='word_1_603' title='bbox 1659 4758 1847 4836; x_wconf 80' lang='lat' dir='ltr'><strong>statuit</strong></span> <span class='ocrx_word' id='word_1_604' title='bbox 1880 4756 2085 4836; x_wconf 79' lang='lat' dir='ltr'><strong>suppli-</strong></span> 
     </span>
    </p>
   </div>
   <div class='ocr_carea' id='block_1_91' title="bbox 490 4827 2085 4899">
    <p class='ocr_par' dir='ltr' id='par_1_91' title="bbox 490 4827 2085 4899">
     <span class='ocr_line' id='line_1_91' title="bbox 490 4827 2085 4899; baseline 0 -19"><span class='ocrx_word' id='word_1_605' title='bbox 490 4827 1000 4899; x_wconf 76' lang='lat' dir='ltr'><strong>ciuminferendum</strong></span> <span class='ocrx_word' id='word_1_606' title='bbox 1034 4845 1139 4883; x_wconf 92' lang='lat' dir='ltr'><strong>non</strong></span> <span class='ocrx_word' id='word_1_607' title='bbox 1161 4830 1211 4884; x_wconf 91' lang='lat' dir='ltr'><strong>ei</strong></span> <span class='ocrx_word' id='word_1_608' title='bbox 1236 4829 1329 4898; x_wconf 87' lang='lat' dir='ltr'><strong>qui</strong></span> <span class='ocrx_word' id='word_1_609' title='bbox 1358 4827 1609 4899; x_wconf 80' lang='lat' dir='ltr'><strong>pertulit,</strong></span> <span class='ocrx_word' id='word_1_610' title='bbox 1636 4831 1728 4885; x_wconf 87' lang='lat' dir='ltr'><strong>sed</strong></span> <span class='ocrx_word' id='word_1_611' title='bbox 1752 4829 1803 4883; x_wconf 88' lang='lat' dir='ltr'><strong>ei</strong></span> <span class='ocrx_word' id='word_1_612' title='bbox 1832 4828 1925 4898; x_wconf 86' lang='lat' dir='ltr'><strong>qui</strong></span> <span class='ocrx_word' id='word_1_613' title='bbox 1956 4828 2085 4899; x_wconf 86' lang='lat' dir='ltr'><strong>fecit</strong></span> 
     </span>
    </p>
   </div>
   <div class='ocr_carea' id='block_1_92' title="bbox 492 4896 2088 4968">
    <p class='ocr_par' dir='ltr' id='par_1_92' title="bbox 492 4896 2088 4968">
     <span class='ocr_line' id='line_1_92' title="bbox 492 4896 2088 4968; baseline 0 -17"><span class='ocrx_word' id='word_1_614' title='bbox 492 4896 764 4967; x_wconf 87' lang='lat' dir='ltr'><strong>injuriam.</strong></span> <span class='ocrx_word' id='word_1_615' title='bbox 796 4899 950 4955; x_wconf 83' lang='lat' dir='ltr'><strong>Unde</strong></span> <span class='ocrx_word' id='word_1_616' title='bbox 971 4896 1448 4967; x_wconf 21' lang='lat' dir='ltr'><strong>Cltristus,‘Mat&#39;th.</strong></span> <span class='ocrx_word' id='word_1_617' title='bbox 1473 4919 1527 4965; x_wconf 89' lang='lat' dir='ltr'><strong>v,</strong></span> <span class='ocrx_word' id='word_1_618' title='bbox 1554 4898 1725 4965; x_wconf 86' lang='lat' dir='ltr'><strong>Beati,</strong></span> <span class='ocrx_word' id='word_1_619' title='bbox 1755 4896 1954 4968; x_wconf 80' lang='lat' dir='ltr'><strong>inquit,</strong></span> <span class='ocrx_word' id='word_1_620' title='bbox 1998 4898 2088 4968; x_wconf 85' lang='lat' dir='ltr'><strong>qui</strong></span> 
     </span>
    </p>
   </div>
   <div class='ocr_carea' id='block_1_93' title="bbox 492 4971 2083 5042">
    <p class='ocr_par' dir='ltr' id='par_1_93' title="bbox 492 4971 2083 5042">
     <span class='ocr_line' id='line_1_93' title="bbox 492 4971 2083 5042; baseline 0.002 -20"><span class='ocrx_word' id='word_1_621' title='bbox 492 4971 895 5042; x_wconf 81' lang='lat' dir='ltr'><strong>persecutionem</strong></span> <span class='ocrx_word' id='word_1_622' title='bbox 937 4972 1233 5041; x_wconf 84' lang='lat' dir='ltr'><strong>patiuntur;</strong></span> <span class='ocrx_word' id='word_1_623' title='bbox 1261 4990 1366 5041; x_wconf 89' lang='lat' dir='ltr'><strong>quo</strong></span> <span class='ocrx_word' id='word_1_624' title='bbox 1390 4971 1685 5042; x_wconf 85' lang='lat' dir='ltr'><strong>reSpiciens</strong></span> <span class='ocrx_word' id='word_1_625' title='bbox 1712 4973 1769 5027; x_wconf 85' lang='lat' dir='ltr'><strong>S.</strong></span> <span class='ocrx_word' id='word_1_626' title='bbox 1795 4971 2083 5042; x_wconf 81' lang='lat' dir='ltr'><strong>Clirysost.</strong></span> 
     </span>
    </p>
   </div>
   <div class='ocr_carea' id='block_1_94' title="bbox 490 5039 2083 5112">
    <p class='ocr_par' dir='ltr' id='par_1_94' title="bbox 490 5039 2083 5112">
     <span class='ocr_line' id='line_1_94' title="bbox 490 5039 2083 5112; baseline 0.001 -18"><span class='ocrx_word' id='word_1_627' title='bbox 490 5039 567 5094; x_wconf 80' lang='lat' dir='ltr'><strong>ait</strong></span> <span class='ocrx_word' id='word_1_628' title='bbox 612 5046 861 5112; x_wconf 81' lang='lat' dir='ltr'><strong>neminem</strong></span> <span class='ocrx_word' id='word_1_629' title='bbox 910 5039 1029 5095; x_wconf 79' lang='lat' dir='ltr'><strong>(cedi</strong></span> <span class='ocrx_word' id='word_1_630' title='bbox 1072 5044 1171 5097; x_wconf 86' lang='lat' dir='ltr'><strong>nisi</strong></span> <span class='ocrx_word' id='word_1_631' title='bbox 1211 5060 1243 5095; x_wconf 84' lang='grc' dir='ltr'><strong>ιι</strong></span> <span class='ocrx_word' id='word_1_632' title='bbox 1281 5039 1667 5112; x_wconf 53' lang='grc' dir='ltr'><strong>ἰεἰρδοζΑιρυί</strong></span> <span class='ocrx_word' id='word_1_633' title='bbox 1699 5039 1973 5109; x_wconf 78' lang='lat' dir='ltr'><strong>improbus</strong></span> <span class='ocrx_word' id='word_1_634' title='bbox 2017 5056 2083 5095; x_wconf 90' lang='lat' dir='ltr'><strong>eo</strong></span> 
     </span>
    </p>
   </div>
   <div class='ocr_carea' id='block_1_95' title="bbox 491 5110 2082 5184">
    <p class='ocr_par' dir='ltr' id='par_1_95' title="bbox 491 5110 2082 5184">
     <span class='ocr_line' id='line_1_95' title="bbox 491 5110 2082 5184; baseline 0.003 -22"><span class='ocrx_word' id='word_1_635' title='bbox 491 5110 665 5184; x_wconf 83' lang='lat' dir='ltr'><strong>magis</strong></span> <span class='ocrx_word' id='word_1_636' title='bbox 694 5111 886 5184; x_wconf 87' lang='lat' dir='ltr'><strong>dignus</strong></span> <span class='ocrx_word' id='word_1_637' title='bbox 913 5122 996 5168; x_wconf 90' lang='lat' dir='ltr'><strong>est</strong></span> <span class='ocrx_word' id='word_1_638' title='bbox 1031 5113 1317 5184; x_wconf 89' lang='lat' dir='ltr'><strong>supplicio,</strong></span> <span class='ocrx_word' id='word_1_639' title='bbox 1345 5110 1484 5183; x_wconf 84' lang='lat' dir='ltr'><strong>quod</strong></span> <span class='ocrx_word' id='word_1_640' title='bbox 1519 5114 1677 5169; x_wconf 85' lang='lat' dir='ltr'><strong>alteri</strong></span> <span class='ocrx_word' id='word_1_641' title='bbox 1708 5112 1951 5168; x_wconf 89' lang='lat' dir='ltr'><strong>intulerit</strong></span> <span class='ocrx_word' id='word_1_642' title='bbox 2000 5112 2082 5167; x_wconf 90' lang='lat' dir='ltr'><strong>in-</strong></span> 
     </span>
    </p>
   </div>
   <div class='ocr_carea' id='block_1_96' title="bbox 489 5180 2077 5263">
    <p class='ocr_par' dir='ltr' id='par_1_96' title="bbox 489 5180 2077 5263">
     <span class='ocr_line' id='line_1_96' title="bbox 489 5180 2077 5263; baseline 0.003 -28"><span class='ocrx_word' id='word_1_643' title='bbox 489 5180 686 5263; x_wconf 75' lang='lat' dir='ltr'><strong>iuriam</strong></span> <span class='ocrx_word' id='word_1_644' title='bbox 712 5202 725 5238; x_wconf 89' lang='lat'><strong>:</strong></span> <span class='ocrx_word' id='word_1_645' title='bbox 756 5180 1072 5259; x_wconf 61' lang='lat' dir='ltr'><strong>reipublicae</strong></span> <span class='ocrx_word' id='word_1_646' title='bbox 1099 5180 1300 5256; x_wconf 82' lang='lat' dir='ltr'><strong>quippe</strong></span> <span class='ocrx_word' id='word_1_647' title='bbox 1340 5180 1583 5251; x_wconf 83' lang='lat' dir='ltr'><strong>interest,</strong></span> <span class='ocrx_word' id='word_1_648' title='bbox 1614 5194 1673 5241; x_wconf 90' lang='lat' dir='ltr'><strong>ut</strong></span> <span class='ocrx_word' id='word_1_649' title='bbox 1702 5183 1931 5254; x_wconf 89' lang='lat' dir='ltr'><strong>improbi</strong></span> <span class='ocrx_word' id='word_1_650' title='bbox 1976 5199 2077 5254; x_wconf 85' lang='lat' dir='ltr'><strong>pu-</strong></span> 
     </span>
    </p>
   </div>
   <div class='ocr_carea' id='block_1_97' title="bbox 490 5262 730 5309">
    <p class='ocr_par' dir='ltr' id='par_1_97' title="bbox 490 5262 730 5309">
     <span class='ocr_line' id='line_1_97' title="bbox 490 5262 730 5309; baseline 0 -2"><span class='ocrx_word' id='word_1_651' title='bbox 490 5262 730 5309; x_wconf 82' lang='lat' dir='ltr'><strong>utantur.</strong></span> 
     </span>
    </p>
   </div>
   <div class='ocr_carea' id='block_1_98' title="bbox 562 5325 2081 5399">
    <p class='ocr_par' dir='ltr' id='par_1_98' title="bbox 562 5325 2081 5399">
     <span class='ocr_line' id='line_1_98' title="bbox 562 5325 2081 5399; baseline 0.002 -19"><span class='ocrx_word' id='word_1_652' title='bbox 562 5325 738 5396; x_wconf 88' lang='lat' dir='ltr'><strong>Atque</strong></span> <span class='ocrx_word' id='word_1_653' title='bbox 762 5341 847 5399; x_wconf 80' lang='lat' dir='ltr'><strong>ex</strong></span> <span class='ocrx_word' id='word_1_654' title='bbox 891 5326 974 5382; x_wconf 92' lang='lat' dir='ltr'><strong>his</strong></span> <span class='ocrx_word' id='word_1_655' title='bbox 1018 5326 1269 5384; x_wconf 90' lang='lat' dir='ltr'><strong>omnibus</strong></span> <span class='ocrx_word' id='word_1_656' title='bbox 1308 5329 1585 5399; x_wconf 88' lang='lat' dir='ltr'><strong>sequitur,</strong></span> <span class='ocrx_word' id='word_1_657' title='bbox 1640 5327 1918 5396; x_wconf 89' lang='lat' dir='ltr'><strong>improbos</strong></span> <span class='ocrx_word' id='word_1_658' title='bbox 1960 5326 2081 5399; x_wconf 83' lang='lat' dir='ltr'><strong>sive</strong></span> 
     </span>
    </p>
   </div>
   <div class='ocr_carea' id='block_1_99' title="bbox 491 5397 2083 5470">
    <p class='ocr_par' dir='ltr' id='par_1_99' title="bbox 491 5397 2083 5470">
     <span class='ocr_line' id='line_1_99' title="bbox 491 5397 2083 5470; baseline 0.001 -19"><span class='ocrx_word' id='word_1_659' title='bbox 491 5410 663 5470; x_wconf 62' lang='grc' dir='ltr'><strong>εῖδει-οε</strong></span> <span class='ocrx_word' id='word_1_660' title='bbox 678 5397 891 5470; x_wconf 85' lang='lat' dir='ltr'><strong>animo,</strong></span> <span class='ocrx_word' id='word_1_661' title='bbox 921 5413 1027 5453; x_wconf 93' lang='lat' dir='ltr'><strong>non</strong></span> <span class='ocrx_word' id='word_1_662' title='bbox 1052 5413 1208 5455; x_wconf 89' lang='lat' dir='ltr'><strong>secus</strong></span> <span class='ocrx_word' id='word_1_663' title='bbox 1247 5416 1311 5455; x_wconf 91' lang='lat' dir='ltr'><strong>ac</strong></span> <span class='ocrx_word' id='word_1_664' title='bbox 1336 5397 1506 5470; x_wconf 61' lang='lat' dir='ltr'><strong>aegros</strong></span> <span class='ocrx_word' id='word_1_665' title='bbox 1546 5414 1775 5469; x_wconf 89' lang='lat' dir='ltr'><strong>corpore</strong></span> <span class='ocrx_word' id='word_1_666' title='bbox 1800 5398 2083 5466; x_wconf 88' lang='lat' dir='ltr'><strong>non.odio,</strong></span> 
     </span>
    </p>
   </div>
   <div class='ocr_carea' id='block_1_100' title="bbox 491 5468 1778 5542">
    <p class='ocr_par' dir='ltr' id='par_1_100' title="bbox 491 5468 1778 5542">
     <span class='ocr_line' id='line_1_100' title="bbox 491 5468 1778 5542; baseline 0.001 -18"><span class='ocrx_word' id='word_1_667' title='bbox 491 5469 588 5524; x_wconf 78' lang='lat' dir='ltr'><strong>sed</strong></span> <span class='ocrx_word' id='word_1_668' title='bbox 617 5468 968 5526; x_wconf 89' lang='lat' dir='ltr'><strong>miseratione</strong></span> <span class='ocrx_word' id='word_1_669' title='bbox 996 5470 1173 5541; x_wconf 90' lang='lat' dir='ltr'><strong>potius</strong></span> <span class='ocrx_word' id='word_1_670' title='bbox 1196 5468 1531 5542; x_wconf 56' lang='lat' dir='ltr'><strong>dignos&#39;esse</strong></span> <span class='ocrx_word' id='word_1_671' title='bbox 1566 5489 1578 5523; x_wconf 88' lang='lat'><strong>:</strong></span> <span class='ocrx_word' id='word_1_672' title='bbox 1613 5468 1778 5540; x_wconf 86' lang='lat' dir='ltr'><strong>quare</strong></span> 
     </span>
    </p>
   </div>
   <div class='ocr_carea' id='block_1_101' title="bbox 565 5560 2087 5632">
    <p class='ocr_par' dir='ltr' id='par_1_101' title="bbox 565 5560 2087 5632">
     <span class='ocr_line' id='line_1_101' title="bbox 565 5560 2087 5632; baseline -0.001 -16"><span class='ocrx_word' id='word_1_673' title='bbox 565 5564 582 5585; x_wconf 79' lang='lat'><strong>‘</strong></span> <span class='ocrx_word' id='word_1_674' title='bbox 609 5560 839 5619; x_wconf 84' lang='lat' dir='ltr'><strong>Carmen</strong></span> <span class='ocrx_word' id='word_1_675' title='bbox 884 5573 1140 5618; x_wconf 88' lang='lat' dir='ltr'><strong>constans</strong></span> <span class='ocrx_word' id='word_1_676' title='bbox 1166 5580 1231 5618; x_wconf 79' lang='lat' dir='ltr'><strong>ex</strong></span> <span class='ocrx_word' id='word_1_677' title='bbox 1264 5562 1462 5632; x_wconf 90' lang='lat' dir='ltr'><strong>duplici</strong></span> <span class='ocrx_word' id='word_1_678' title='bbox 1494 5578 1690 5632; x_wconf 83' lang='lat' dir='ltr'><strong>genere</strong></span> <span class='ocrx_word' id='word_1_679' title='bbox 1721 5577 1973 5616; x_wconf 90' lang='lat' dir='ltr'><strong>versuum</strong></span> <span class='ocrx_word' id='word_1_680' title='bbox 2005 5562 2087 5614; x_wconf 81' lang='lat' dir='ltr'><strong>al-</strong></span> 
     </span>
    </p>
   </div>
   <div class='ocr_carea' id='block_1_102' title="bbox 496 5632 2093 5704">
    <p class='ocr_par' dir='ltr' id='par_1_102' title="bbox 496 5632 2093 5704">
     <span class='ocr_line' id='line_1_102' title="bbox 496 5632 2093 5704; baseline -0.001 -17"><span class='ocrx_word' id='word_1_681' title='bbox 496 5642 794 5704; x_wconf 86' lang='lat' dir='ltr'><strong>ternorum,</strong></span> <span class='ocrx_word' id='word_1_682' title='bbox 812 5650 1041 5704; x_wconf 90' lang='lat' dir='ltr'><strong>quorum</strong></span> <span class='ocrx_word' id='word_1_683' title='bbox 1064 5634 1211 5704; x_wconf 90' lang='lat' dir='ltr'><strong>prior</strong></span> <span class='ocrx_word' id='word_1_684' title='bbox 1235 5635 1546 5702; x_wconf 89' lang='lat' dir='ltr'><strong>phaleucus,</strong></span> <span class='ocrx_word' id='word_1_685' title='bbox 1570 5632 1888 5703; x_wconf 87' lang='lat' dir='ltr'><strong>spondeum,</strong></span> <span class='ocrx_word' id='word_1_686' title='bbox 1904 5634 2093 5704; x_wconf 53' lang='lat' dir='ltr'><strong>dactyg-</strong></span> 
     </span>
    </p>
   </div>
   <div class='ocr_carea' id='block_1_103' title="bbox 499 5703 2091 5775">
    <p class='ocr_par' dir='ltr' id='par_1_103' title="bbox 499 5703 2091 5775">
     <span class='ocr_line' id='line_1_103' title="bbox 499 5703 2091 5775; baseline 0.001 -20"><span class='ocrx_word' id='word_1_687' title='bbox 499 5703 629 5775; x_wconf 88' lang='lat' dir='ltr'><strong>lum,</strong></span> <span class='ocrx_word' id='word_1_688' title='bbox 658 5714 713 5759; x_wconf 91' lang='lat' dir='ltr'><strong>et</strong></span> <span class='ocrx_word' id='word_1_689' title='bbox 743 5703 878 5760; x_wconf 84' lang='lat' dir='ltr'><strong>duos</strong></span> <span class='ocrx_word' id='word_1_690' title='bbox 908 5703 1173 5767; x_wconf 73' lang='lat' dir='ltr'><strong>trochteos</strong></span> <span class='ocrx_word' id='word_1_691' title='bbox 1200 5705 1378 5771; x_wconf 89' lang='lat' dir='ltr'><strong>habet,</strong></span> <span class='ocrx_word' id='word_1_692' title='bbox 1404 5705 1546 5760; x_wconf 90' lang='lat' dir='ltr'><strong>unde</strong></span> <span class='ocrx_word' id='word_1_693' title='bbox 1576 5706 1761 5775; x_wconf 89' lang='lat' dir='ltr'><strong>quinto</strong></span> <span class='ocrx_word' id='word_1_694' title='bbox 1793 5720 1952 5759; x_wconf 86' lang='lat' dir='ltr'><strong>versu</strong></span> <span class='ocrx_word' id='word_1_695' title='bbox 1984 5703 2091 5774; x_wconf 86' lang='lat' dir='ltr'><strong>legi</strong></span> 
     </span>
    </p>
   </div>
   <div class='ocr_carea' id='block_1_104' title="bbox 499 5774 2095 5846">
    <p class='ocr_par' dir='ltr' id='par_1_104' title="bbox 499 5774 2095 5846">
     <span class='ocr_line' id='line_1_104' title="bbox 499 5774 2095 5846; baseline 0.001 -19"><span class='ocrx_word' id='word_1_696' title='bbox 499 5774 657 5828; x_wconf 88' lang='lat' dir='ltr'><strong>debet</strong></span> <span class='ocrx_word' id='word_1_697' title='bbox 684 5777 800 5843; x_wconf 86' lang='lat' dir='ltr'><strong>apri</strong></span> <span class='ocrx_word' id='word_1_698' title='bbox 832 5791 939 5831; x_wconf 88' lang='lat' dir='ltr'><strong>non</strong></span> <span class='ocrx_word' id='word_1_699' title='bbox 977 5791 1134 5844; x_wconf 84' lang='lat' dir='ltr'><strong>aper;</strong></span> <span class='ocrx_word' id='word_1_700' title='bbox 1171 5777 1433 5846; x_wconf 87' lang='lat' dir='ltr'><strong>posterior</strong></span> <span class='ocrx_word' id='word_1_701' title='bbox 1470 5786 1552 5831; x_wconf 89' lang='lat' dir='ltr'><strong>est</strong></span> <span class='ocrx_word' id='word_1_702' title='bbox 1594 5774 1943 5846; x_wconf 81' lang='lat' dir='ltr'><strong>pentameter</strong></span> <span class='ocrx_word' id='word_1_703' title='bbox 1985 5777 2095 5830; x_wconf 91' lang='lat' dir='ltr'><strong>ele-</strong></span> 
     </span>
    </p>
   </div>
   <div class='ocr_carea' id='block_1_105' title="bbox 498 5846 1143 5917">
    <p class='ocr_par' dir='ltr' id='par_1_105' title="bbox 498 5846 1143 5917">
     <span class='ocr_line' id='line_1_105' title="bbox 498 5846 1143 5917; baseline 0.006 -20"><span class='ocrx_word' id='word_1_704' title='bbox 498 5846 703 5915; x_wconf 87' lang='lat' dir='ltr'><strong>giacus,</strong></span> <span class='ocrx_word' id='word_1_705' title='bbox 729 5846 799 5900; x_wconf 90' lang='lat' dir='ltr'><strong>de</strong></span> <span class='ocrx_word' id='word_1_706' title='bbox 826 5863 934 5914; x_wconf 83' lang='lat' dir='ltr'><strong>quo</strong></span> <span class='ocrx_word' id='word_1_707' title='bbox 961 5863 1143 5917; x_wconf 89' lang='lat' dir='ltr'><strong>supra.</strong></span> 
     </span>
    </p>
   </div>
   <div class='ocr_carea' id='block_1_106' title="bbox 575 5934 2094 6009">
    <p class='ocr_par' dir='ltr' id='par_1_106' title="bbox 575 5934 2094 6009">
     <span class='ocr_line' id='line_1_106' title="bbox 575 5934 2094 6009; baseline 0.004 -20"><span class='ocrx_word' id='word_1_708' title='bbox 575 5935 625 5989; x_wconf 85' lang='lat' dir='ltr'><strong>l.</strong></span> <span class='ocrx_word' id='word_1_709' title='bbox 657 5934 845 5997; x_wconf 81' lang='lat' dir='ltr'><strong>Tantas</strong></span> <span class='ocrx_word' id='word_1_710' title='bbox 875 5937 1083 6009; x_wconf 84' lang='lat' dir='ltr'><strong>motus.]</strong></span> <span class='ocrx_word' id='word_1_711' title='bbox 1132 5937 1197 5996; x_wconf 91' lang='lat' dir='ltr'><strong>Ut</strong></span> <span class='ocrx_word' id='word_1_712' title='bbox 1227 5940 1656 6006; x_wconf 79' lang='lat' dir='ltr'><strong>perturbationes</strong></span> <span class='ocrx_word' id='word_1_713' title='bbox 1696 5938 1928 5996; x_wconf 87' lang='lat' dir='ltr'><strong>motibus</strong></span> <span class='ocrx_word' id='word_1_714' title='bbox 1976 5955 2094 5995; x_wconf 87' lang='lat' dir='ltr'><strong>cor-</strong></span> 
     </span>
    </p>
   </div>
   <div class='ocr_carea' id='block_1_107' title="bbox 2198 4257 3775 4338">
    <p class='ocr_par' dir='ltr' id='par_1_107' title="bbox 2198 4257 3775 4338">
     <span class='ocr_line' id='line_1_107' title="bbox 2198 4257 3775 4338; baseline -0.001 -27"><span class='ocrx_word' id='word_1_715' title='bbox 2198 4258 2345 4338; x_wconf 81' lang='lat' dir='ltr'><strong>poris</strong></span> <span class='ocrx_word' id='word_1_716' title='bbox 2400 4259 2779 4338; x_wconf 78' lang='lat' dir='ltr'><strong>concipiuntur</strong></span> <span class='ocrx_word' id='word_1_717' title='bbox 2816 4276 2829 4313; x_wconf 88' lang='lat'><strong>:</strong></span> <span class='ocrx_word' id='word_1_718' title='bbox 2864 4257 3200 4338; x_wconf 39' lang='lat' dir='ltr'><strong>sicOeaadem</strong></span> <span class='ocrx_word' id='word_1_719' title='bbox 3245 4267 3524 4338; x_wconf 53' lang='lat' dir='ltr'><strong>concepta:</strong></span> <span class='ocrx_word' id='word_1_720' title='bbox 3554 4257 3775 4338; x_wconf 68' lang='lat' dir='ltr'><strong>diversos</strong></span> 
     </span>
    </p>
   </div>
   <div class='ocr_carea' id='block_1_108' title="bbox 2198 4329 3775 4400">
    <p class='ocr_par' dir='ltr' id='par_1_108' title="bbox 2198 4329 3775 4400">
     <span class='ocr_line' id='line_1_108' title="bbox 2198 4329 3775 4400; baseline -0.003 -17"><span class='ocrx_word' id='word_1_721' title='bbox 2198 4330 2500 4397; x_wconf 90' lang='lat' dir='ltr'><strong>producunt</strong></span> <span class='ocrx_word' id='word_1_722' title='bbox 2542 4331 2787 4400; x_wconf 85' lang='lat' dir='ltr'><strong>ejusdem</strong></span> <span class='ocrx_word' id='word_1_723' title='bbox 2833 4329 3077 4399; x_wconf 84' lang='lat' dir='ltr'><strong>corp&#39;oris</strong></span> <span class='ocrx_word' id='word_1_724' title='bbox 3124 4338 3318 4384; x_wconf 92' lang='lat' dir='ltr'><strong>motus.</strong></span> <span class='ocrx_word' id='word_1_725' title='bbox 3362 4329 3470 4385; x_wconf 89' lang='lat' dir='ltr'><strong>Sed</strong></span> <span class='ocrx_word' id='word_1_726' title='bbox 3503 4331 3645 4383; x_wconf 88' lang='lat' dir='ltr'><strong>nulla</strong></span> <span class='ocrx_word' id='word_1_727' title='bbox 3672 4343 3775 4400; x_wconf 51' lang='lat' dir='ltr'><strong>per:</strong></span> 
     </span>
    </p>
   </div>
   <div class='ocr_carea' id='block_1_109' title="bbox 2198 4396 3775 4470">
    <p class='ocr_par' dir='ltr' id='par_1_109' title="bbox 2198 4396 3775 4470">
     <span class='ocr_line' id='line_1_109' title="bbox 2198 4396 3775 4470; baseline -0.001 -17"><span class='ocrx_word' id='word_1_728' title='bbox 2198 4396 2432 4457; x_wconf 87' lang='lat' dir='ltr'><strong>turbatio</strong></span> <span class='ocrx_word' id='word_1_729' title='bbox 2488 4396 2665 4457; x_wconf 74' lang='lat' dir='ltr'><strong>tantos</strong></span> <span class='ocrx_word' id='word_1_730' title='bbox 2720 4396 2944 4467; x_wconf 60' lang='lat' dir='ltr'><strong>motus,</strong></span> <span class='ocrx_word' id='word_1_731' title='bbox 2974 4410 3202 4470; x_wconf 90' lang='lat' dir='ltr'><strong>quantos</strong></span> <span class='ocrx_word' id='word_1_732' title='bbox 3236 4400 3419 4455; x_wconf 88' lang='lat' dir='ltr'><strong>odium</strong></span> <span class='ocrx_word' id='word_1_733' title='bbox 3469 4403 3652 4470; x_wconf 84' lang='lat' dir='ltr'><strong>parit:</strong></span> <span class='ocrx_word' id='word_1_734' title='bbox 3694 4396 3775 4465; x_wconf 91' lang='lat' dir='ltr'><strong>qui</strong></span> 
     </span>
    </p>
   </div>
   <div class='ocr_carea' id='block_1_110' title="bbox 2196 4472 3774 4540">
    <p class='ocr_par' dir='ltr' id='par_1_110' title="bbox 2196 4472 3774 4540">
     <span class='ocr_line' id='line_1_110' title="bbox 2196 4472 3774 4540; baseline -0.003 -14"><span class='ocrx_word' id='word_1_735' title='bbox 2196 4474 2341 4526; x_wconf 86' lang='lat' dir='ltr'><strong>enim</strong></span> <span class='ocrx_word' id='word_1_736' title='bbox 2373 4473 2499 4528; x_wconf 90' lang='lat' dir='ltr'><strong>odio</strong></span> <span class='ocrx_word' id='word_1_737' title='bbox 2530 4481 2962 4540; x_wconf 87' lang='lat' dir='ltr'><strong>commoventur,</strong></span> <span class='ocrx_word' id='word_1_738' title='bbox 2989 4473 3044 4525; x_wconf 90' lang='lat' dir='ltr'><strong>hi</strong></span> <span class='ocrx_word' id='word_1_739' title='bbox 3076 4474 3128 4527; x_wconf 91' lang='lat' dir='ltr'><strong>in</strong></span> <span class='ocrx_word' id='word_1_740' title='bbox 3149 4472 3383 4535; x_wconf 90' lang='lat' dir='ltr'><strong>amicos,</strong></span> <span class='ocrx_word' id='word_1_741' title='bbox 3410 4472 3678 4534; x_wconf 84' lang='lat' dir='ltr'><strong>fortunas,</strong></span> <span class='ocrx_word' id='word_1_742' title='bbox 3706 4474 3774 4522; x_wconf 83' lang='lat' dir='ltr'><strong>Ia-</strong></span> 
     </span>
    </p>
   </div>
   <div class='ocr_carea' id='block_1_111' title="bbox 2197 4543 3774 4615">
    <p class='ocr_par' dir='ltr' id='par_1_111' title="bbox 2197 4543 3774 4615">
     <span class='ocr_line' id='line_1_111' title="bbox 2197 4543 3774 4615; baseline -0.001 -18"><span class='ocrx_word' id='word_1_743' title='bbox 2197 4559 2374 4611; x_wconf 87' lang='lat' dir='ltr'><strong>mam,</strong></span> <span class='ocrx_word' id='word_1_744' title='bbox 2416 4545 2578 4601; x_wconf 88' lang='lat' dir='ltr'><strong>vitam</strong></span> <span class='ocrx_word' id='word_1_745' title='bbox 2632 4544 2865 4615; x_wconf 87' lang='lat' dir='ltr'><strong>denique</strong></span> <span class='ocrx_word' id='word_1_746' title='bbox 2914 4543 3085 4613; x_wconf 90' lang='lat' dir='ltr'><strong>ipsam</strong></span> <span class='ocrx_word' id='word_1_747' title='bbox 3126 4543 3561 4600; x_wconf 86' lang='lat' dir='ltr'><strong>adversariorum</strong></span> <span class='ocrx_word' id='word_1_748' title='bbox 3614 4555 3774 4598; x_wconf 85' lang='lat' dir='ltr'><strong>erum-</strong></span> 
     </span>
    </p>
   </div>
   <div class='ocr_carea' id='block_1_112' title="bbox 2236 4624 2345 4670">
    <p class='ocr_par' dir='ltr' id='par_1_112' title="bbox 2236 4624 2345 4670">
     <span class='ocr_line' id='line_1_112' title="bbox 2236 4624 2345 4670; baseline 0 0"><span class='ocrx_word' id='word_1_749' title='bbox 2236 4624 2345 4670; x_wconf 85' lang='lat' dir='ltr'><strong>unt.</strong></span> 
     </span>
    </p>
   </div>
   <div class='ocr_carea' id='block_1_113' title="bbox 2197 4631 3769 4759">
    <p class='ocr_par' dir='ltr' id='par_1_113' title="bbox 2197 4631 3769 4759">
     <span class='ocr_line' id='line_1_113' title="bbox 2197 4631 3769 4759; baseline -0.003 -18"><span class='ocrx_word' id='word_1_750' title='bbox 2197 4631 2544 4741; x_wconf 43' lang='lat' dir='ltr'><strong>puéIf&#39;Fatum</strong></span> <span class='ocrx_word' id='word_1_751' title='bbox 2572 4688 2855 4743; x_wconf 85' lang='lat' dir='ltr'><strong>sollicitare</strong></span> <span class='ocrx_word' id='word_1_752' title='bbox 2884 4685 3095 4759; x_wconf 13' lang='lat' dir='ltr'><strong>mnum],</strong></span> <span class='ocrx_word' id='word_1_753' title='bbox 3116 4685 3421 4743; x_wconf 86' lang='lat' dir='ltr'><strong>Sollicitare</strong></span> <span class='ocrx_word' id='word_1_754' title='bbox 3451 4686 3663 4755; x_wconf 89' lang='lat' dir='ltr'><strong>proprie</strong></span> <span class='ocrx_word' id='word_1_755' title='bbox 3682 4682 3769 4759; x_wconf 79' lang='lat' dir='ltr'><strong>_di-</strong></span> 
     </span>
    </p>
   </div>
   <div class='ocr_carea' id='block_1_114' title="bbox 2192 4753 3765 4829">
    <p class='ocr_par' dir='ltr' id='par_1_114' title="bbox 2192 4753 3765 4829">
     <span class='ocr_line' id='line_1_114' title="bbox 2192 4753 3765 4829; baseline -0.006 -14"><span class='ocrx_word' id='word_1_756' title='bbox 2192 4760 2333 4815; x_wconf 87' lang='lat' dir='ltr'><strong>citur</strong></span> <span class='ocrx_word' id='word_1_757' title='bbox 2364 4758 2457 4813; x_wconf 88' lang='lat' dir='ltr'><strong>ille</strong></span> <span class='ocrx_word' id='word_1_758' title='bbox 2486 4760 2574 4828; x_wconf 88' lang='lat' dir='ltr'><strong>qui</strong></span> <span class='ocrx_word' id='word_1_759' title='bbox 2605 4776 2803 4829; x_wconf 90' lang='lat' dir='ltr'><strong>corpus</strong></span> <span class='ocrx_word' id='word_1_760' title='bbox 2836 4759 2906 4816; x_wconf 92' lang='lat' dir='ltr'><strong>de</strong></span> <span class='ocrx_word' id='word_1_761' title='bbox 2952 4774 3054 4815; x_wconf 90' lang='lat' dir='ltr'><strong>suo</strong></span> <span class='ocrx_word' id='word_1_762' title='bbox 3069 4753 3204 4812; x_wconf 52' lang='lat' dir='ltr'><strong>&#39;loco</strong></span> <span class='ocrx_word' id='word_1_763' title='bbox 3252 4767 3432 4813; x_wconf 87' lang='lat' dir='ltr'><strong>movet</strong></span> <span class='ocrx_word' id='word_1_764' title='bbox 3453 4753 3468 4818; x_wconf 69' lang='grc' dir='ltr'><strong>ζ</strong></span> <span class='ocrx_word' id='word_1_765' title='bbox 3493 4753 3638 4825; x_wconf 84' lang='lat' dir='ltr'><strong>quasi</strong></span> <span class='ocrx_word' id='word_1_766' title='bbox 3676 4753 3765 4829; x_wconf 69' lang='lat' dir='ltr'><strong>hoc</strong></span> 
     </span>
    </p>
   </div>
   <div class='ocr_carea' id='block_1_115' title="bbox 2192 4826 3775 4900">
    <p class='ocr_par' dir='ltr' id='par_1_115' title="bbox 2192 4826 3775 4900">
     <span class='ocr_line' id='line_1_115' title="bbox 2192 4826 3775 4900; baseline -0.008 -11"><span class='ocrx_word' id='word_1_767' title='bbox 2192 4833 2260 4889; x_wconf 92' lang='lat' dir='ltr'><strong>de</strong></span> <span class='ocrx_word' id='word_1_768' title='bbox 2288 4846 2388 4887; x_wconf 90' lang='lat' dir='ltr'><strong>suo</strong></span> <span class='ocrx_word' id='word_1_769' title='bbox 2414 4826 2534 4886; x_wconf 83' lang='lat' dir='ltr'><strong>solo</strong></span> <span class='ocrx_word' id='word_1_770' title='bbox 2562 4826 2848 4897; x_wconf 82' lang='lat' dir='ltr'><strong>movendo,</strong></span> <span class='ocrx_word' id='word_1_771' title='bbox 2874 4832 3105 4886; x_wconf 86' lang='lat' dir='ltr'><strong>vicinum</strong></span> <span class='ocrx_word' id='word_1_772' title='bbox 3137 4844 3167 4882; x_wconf 90' lang='lat' dir='ltr'><strong>a</strong></span> <span class='ocrx_word' id='word_1_773' title='bbox 3208 4845 3313 4900; x_wconf 84' lang='lat' dir='ltr'><strong>quo</strong></span> <span class='ocrx_word' id='word_1_774' title='bbox 3361 4829 3587 4890; x_wconf 89' lang='lat' dir='ltr'><strong>recedit,</strong></span> <span class='ocrx_word' id='word_1_775' title='bbox 3620 4826 3775 4880; x_wconf 60' lang='lat' dir='ltr'><strong>relinc</strong></span> 
     </span>
    </p>
   </div>
   <div class='ocr_carea' id='block_1_116' title="bbox 2192 4899 3780 4974">
    <p class='ocr_par' dir='ltr' id='par_1_116' title="bbox 2192 4899 3780 4974">
     <span class='ocr_line' id='line_1_116' title="bbox 2192 4899 3780 4974; baseline -0.007 -15"><span class='ocrx_word' id='word_1_776' title='bbox 2192 4912 2321 4974; x_wconf 86' lang='lat' dir='ltr'><strong>quat</strong></span> <span class='ocrx_word' id='word_1_777' title='bbox 2339 4902 2537 4969; x_wconf 87' lang='lat' dir='ltr'><strong>solum,</strong></span> <span class='ocrx_word' id='word_1_778' title='bbox 2564 4914 2622 4957; x_wconf 90' lang='lat' dir='ltr'><strong>ut</strong></span> <span class='ocrx_word' id='word_1_779' title='bbox 2643 4905 2819 4973; x_wconf 90' lang='lat' dir='ltr'><strong>ipsum</strong></span> <span class='ocrx_word' id='word_1_780' title='bbox 2842 4903 3016 4958; x_wconf 84' lang='lat' dir='ltr'><strong>solum</strong></span> <span class='ocrx_word' id='word_1_781' title='bbox 3045 4900 3175 4974; x_wconf 73' lang='lat' dir='ltr'><strong>abit.</strong></span> <span class='ocrx_word' id='word_1_782' title='bbox 3209 4899 3349 4974; x_wconf 74' lang='lat' dir='ltr'><strong>Hinc</strong></span> <span class='ocrx_word' id='word_1_783' title='bbox 3371 4911 3585 4969; x_wconf 86' lang='lat' dir='ltr'><strong>propter</strong></span> <span class='ocrx_word' id='word_1_784' title='bbox 3599 4911 3780 4966; x_wconf 73' lang='lat' dir='ltr'><strong>quam—</strong></span> 
     </span>
    </p>
   </div>
   <div class='ocr_carea' id='block_1_117' title="bbox 2194 4970 3776 5035">
    <p class='ocr_par' dir='ltr' id='par_1_117' title="bbox 2194 4970 3776 5035">
     <span class='ocr_line' id='line_1_117' title="bbox 2194 4970 3776 5035; baseline -0.008 -4"><span class='ocrx_word' id='word_1_785' title='bbox 2194 4970 2317 5031; x_wconf 87' lang='lat' dir='ltr'><strong>dam</strong></span> <span class='ocrx_word' id='word_1_786' title='bbox 2344 4970 2749 5030; x_wconf 85' lang='lat' dir='ltr'><strong>similitudinem</strong></span> <span class='ocrx_word' id='word_1_787' title='bbox 2794 4974 3090 5029; x_wconf 90' lang='lat' dir='ltr'><strong>sollicitare</strong></span> <span class='ocrx_word' id='word_1_788' title='bbox 3116 4970 3345 5027; x_wconf 88' lang='lat' dir='ltr'><strong>dicimur</strong></span> <span class='ocrx_word' id='word_1_789' title='bbox 3374 4981 3632 5035; x_wconf 89' lang='lat' dir='ltr'><strong>mentem,</strong></span> <span class='ocrx_word' id='word_1_790' title='bbox 3654 4982 3776 5021; x_wconf 86' lang='lat' dir='ltr'><strong>cum</strong></span> 
     </span>
    </p>
   </div>
   <div class='ocr_carea' id='block_1_118' title="bbox 2194 5041 3776 5117">
    <p class='ocr_par' dir='ltr' id='par_1_118' title="bbox 2194 5041 3776 5117">
     <span class='ocr_line' id='line_1_118' title="bbox 2194 5041 3776 5117; baseline -0.006 -16"><span class='ocrx_word' id='word_1_791' title='bbox 2194 5062 2312 5101; x_wconf 90' lang='lat' dir='ltr'><strong>eam</strong></span> <span class='ocrx_word' id='word_1_792' title='bbox 2337 5061 2452 5117; x_wconf 91' lang='lat' dir='ltr'><strong>spe,</strong></span> <span class='ocrx_word' id='word_1_793' title='bbox 2486 5055 2653 5111; x_wconf 90' lang='lat' dir='ltr'><strong>metu,</strong></span> <span class='ocrx_word' id='word_1_794' title='bbox 2682 5057 2774 5101; x_wconf 89' lang='lat' dir='ltr'><strong>aut</strong></span> <span class='ocrx_word' id='word_1_795' title='bbox 2796 5045 3034 5116; x_wconf 89' lang='lat' dir='ltr'><strong>qualibet</strong></span> <span class='ocrx_word' id='word_1_796' title='bbox 3073 5042 3178 5096; x_wconf 89' lang='lat' dir='ltr'><strong>alia</strong></span> <span class='ocrx_word' id='word_1_797' title='bbox 3208 5042 3416 5117; x_wconf 81' lang='lat' dir='ltr'><strong>ratione</strong></span> <span class='ocrx_word' id='word_1_798' title='bbox 3436 5041 3511 5117; x_wconf 62' lang='lat' dir='ltr'><strong>tle</strong></span> <span class='ocrx_word' id='word_1_799' title='bbox 3538 5055 3627 5093; x_wconf 86' lang='lat' dir='ltr'><strong>sua</strong></span> <span class='ocrx_word' id='word_1_800' title='bbox 3656 5053 3776 5093; x_wconf 83' lang='lat' dir='ltr'><strong>sen—</strong></span> 
     </span>
    </p>
   </div>
   <div class='ocr_carea' id='block_1_119' title="bbox 2199 5112 3776 5183">
    <p class='ocr_par' dir='ltr' id='par_1_119' title="bbox 2199 5112 3776 5183">
     <span class='ocr_line' id='line_1_119' title="bbox 2199 5112 3776 5183; baseline -0.008 -10"><span class='ocrx_word' id='word_1_801' title='bbox 2199 5112 2613 5174; x_wconf 47' lang='lat' dir='ltr'><strong>tentia—movere</strong></span> <span class='ocrx_word' id='word_1_802' title='bbox 2639 5112 2925 5172; x_wconf 60' lang='lat' dir='ltr'><strong>tentan&#39;ius.</strong></span> <span class='ocrx_word' id='word_1_803' title='bbox 2953 5116 3043 5171; x_wconf 87' lang='lat' dir='ltr'><strong>Sic</strong></span> <span class='ocrx_word' id='word_1_804' title='bbox 3063 5128 3193 5183; x_wconf 86' lang='lat' dir='ltr'><strong>ergo</strong></span> <span class='ocrx_word' id='word_1_805' title='bbox 3211 5112 3300 5182; x_wconf 90' lang='lat' dir='ltr'><strong>qui</strong></span> <span class='ocrx_word' id='word_1_806' title='bbox 3326 5112 3508 5183; x_wconf 91' lang='lat' dir='ltr'><strong>duello</strong></span> <span class='ocrx_word' id='word_1_807' title='bbox 3528 5117 3776 5183; x_wconf 82' lang='lat' dir='ltr'><strong>pugnant,</strong></span> 
     </span>
    </p>
   </div>
   <div class='ocr_carea' id='block_1_120' title="bbox 2198 5180 3778 5259">
    <p class='ocr_par' dir='ltr' id='par_1_120' title="bbox 2198 5180 3778 5259">
     <span class='ocr_line' id='line_1_120' title="bbox 2198 5180 3778 5259; baseline -0.008 -14"><span class='ocrx_word' id='word_1_808' title='bbox 2198 5190 2341 5259; x_wconf 92' lang='lat' dir='ltr'><strong>quod</strong></span> <span class='ocrx_word' id='word_1_809' title='bbox 2376 5199 2601 5246; x_wconf 89' lang='lat' dir='ltr'><strong>mortem</strong></span> <span class='ocrx_word' id='word_1_810' title='bbox 2637 5187 2800 5259; x_wconf 88' lang='lat' dir='ltr'><strong>veluti</strong></span> <span class='ocrx_word' id='word_1_811' title='bbox 2846 5188 2914 5242; x_wconf 92' lang='lat' dir='ltr'><strong>de</strong></span> <span class='ocrx_word' id='word_1_812' title='bbox 2949 5180 3309 5259; x_wconf 77' lang='lat' dir='ltr'><strong>suissedihus</strong></span> <span class='ocrx_word' id='word_1_813' title='bbox 3351 5182 3552 5259; x_wconf 69' lang='lat' dir='ltr'><strong>pulsam</strong></span> <span class='ocrx_word' id='word_1_814' title='bbox 3588 5180 3650 5235; x_wconf 84' lang='lat' dir='ltr'><strong>ad</strong></span> <span class='ocrx_word' id='word_1_815' title='bbox 3689 5193 3778 5232; x_wconf 88' lang='lat' dir='ltr'><strong>se-</strong></span> 
     </span>
    </p>
   </div>
   <div class='ocr_carea' id='block_1_121' title="bbox 2198 5253 3780 5331">
    <p class='ocr_par' dir='ltr' id='par_1_121' title="bbox 2198 5253 3780 5331">
     <span class='ocr_line' id='line_1_121' title="bbox 2198 5253 3780 5331; baseline -0.01 -14"><span class='ocrx_word' id='word_1_816' title='bbox 2198 5253 2457 5331; x_wconf 82' lang='lat' dir='ltr'><strong>metipsos</strong></span> <span class='ocrx_word' id='word_1_817' title='bbox 2500 5275 2713 5331; x_wconf 85' lang='lat' dir='ltr'><strong>movere</strong></span> <span class='ocrx_word' id='word_1_818' title='bbox 2736 5258 3037 5325; x_wconf 88' lang='lat' dir='ltr'><strong>videantur,</strong></span> <span class='ocrx_word' id='word_1_819' title='bbox 3063 5255 3118 5331; x_wconf 69' lang='lat' dir='ltr'><strong>lii</strong></span> <span class='ocrx_word' id='word_1_820' title='bbox 3147 5253 3780 5331; x_wconf 79' lang='lat' dir='ltr'><strong>mortem_dicuntt_ir_pro-</strong></span> 
     </span>
    </p>
   </div>
   <div class='ocr_carea' id='block_1_122' title="bbox 2199 5322 3781 5402">
    <p class='ocr_par' dir='ltr' id='par_1_122' title="bbox 2199 5322 3781 5402">
     <span class='ocr_line' id='line_1_122' title="bbox 2199 5322 3781 5402; baseline -0.009 -14"><span class='ocrx_word' id='word_1_821' title='bbox 2199 5336 2314 5402; x_wconf 87' lang='lat' dir='ltr'><strong>pria</strong></span> <span class='ocrx_word' id='word_1_822' title='bbox 2335 5322 2504 5388; x_wconf 61' lang='lat' dir='ltr'><strong>&#39;manu</strong></span> <span class='ocrx_word' id='word_1_823' title='bbox 2537 5330 2853 5392; x_wconf 89' lang='lat' dir='ltr'><strong>sollicitare,</strong></span> <span class='ocrx_word' id='word_1_824' title='bbox 2873 5322 3327 5397; x_wconf 86' lang='lat' dir='ltr'><strong>quemadmodum</strong></span> <span class='ocrx_word' id='word_1_825' title='bbox 3354 5325 3555 5383; x_wconf 85' lang='lat' dir='ltr'><strong>Seneca</strong></span> <span class='ocrx_word' id='word_1_826' title='bbox 3578 5322 3628 5379; x_wconf 89' lang='lat' dir='ltr'><strong>in</strong></span> <span class='ocrx_word' id='word_1_827' title='bbox 3646 5322 3781 5376; x_wconf 85' lang='lat' dir='ltr'><strong>ﬂer-</strong></span> 
     </span>
    </p>
   </div>
   <div class='ocr_carea' id='block_1_123' title="bbox 2199 5402 2936 5469">
    <p class='ocr_par' dir='ltr' id='par_1_123' title="bbox 2199 5402 2936 5469">
     <span class='ocr_line' id='line_1_123' title="bbox 2199 5402 2936 5469; baseline -0.008 -10"><span class='ocrx_word' id='word_1_828' title='bbox 2199 5406 2305 5459; x_wconf 90' lang='lat' dir='ltr'><strong>cul.</strong></span> <span class='ocrx_word' id='word_1_829' title='bbox 2339 5403 2469 5469; x_wconf 90' lang='lat' dir='ltr'><strong>fur.,</strong></span> <span class='ocrx_word' id='word_1_830' title='bbox 2496 5420 2553 5457; x_wconf 91' lang='lat' dir='ltr'><strong>v.</strong></span> <span class='ocrx_word' id='word_1_831' title='bbox 2592 5403 2717 5468; x_wconf 82' lang='lat'><strong>867,</strong></span> <span class='ocrx_word' id='word_1_832' title='bbox 2750 5402 2893 5457; x_wconf 84' lang='lat' dir='ltr'><strong>canit</strong></span> <span class='ocrx_word' id='word_1_833' title='bbox 2923 5418 2936 5453; x_wconf 87' lang='lat'><strong>:</strong></span> 
     </span>
    </p>
   </div>
   <div class='ocr_carea' id='block_1_124' title="bbox 2389 5511 3339 5578">
    <p class='ocr_par' dir='ltr' id='par_1_124' title="bbox 2389 5511 3339 5578">
     <span class='ocr_line' id='line_1_124' title="bbox 2389 5511 3339 5578; baseline -0.008 -11"><span class='ocrx_word' id='word_1_834' title='bbox 2389 5517 2516 5578; x_wconf 84' lang='lat' dir='ltr'><strong>Quid</strong></span> <span class='ocrx_word' id='word_1_835' title='bbox 2534 5517 2668 5574; x_wconf 87' lang='lat' dir='ltr'><strong>iuvat</strong></span> <span class='ocrx_word' id='word_1_836' title='bbox 2688 5515 2865 5565; x_wconf 88' lang='lat' dir='ltr'><strong>durum</strong></span> <span class='ocrx_word' id='word_1_837' title='bbox 2883 5525 3153 5578; x_wconf 83' lang='lat' dir='ltr'><strong>preperare</strong></span> <span class='ocrx_word' id='word_1_838' title='bbox 3169 5511 3339 5573; x_wconf 86' lang='lat' dir='ltr'><strong>fatum,</strong></span> 
     </span>
    </p>
   </div>
   <div class='ocr_carea' id='block_1_125' title="bbox 2389 5575 3378 5651">
    <p class='ocr_par' dir='ltr' id='par_1_125' title="bbox 2389 5575 3378 5651">
     <span class='ocr_line' id='line_1_125' title="bbox 2389 5575 3378 5651; baseline -0.006 -22"><span class='ocrx_word' id='word_1_839' title='bbox 2389 5575 2563 5651; x_wconf 71' lang='lat' dir='ltr'><strong>anis</strong></span> <span class='ocrx_word' id='word_1_840' title='bbox 2584 5580 2687 5628; x_wconf 62' lang='lat' dir='ltr'><strong>haec</strong></span> <span class='ocrx_word' id='word_1_841' title='bbox 2710 5575 2899 5651; x_wconf 80' lang='lat' dir='ltr'><strong>magnis</strong></span> <span class='ocrx_word' id='word_1_842' title='bbox 2912 5575 3042 5651; x_wconf 72' lang='lat' dir='ltr'><strong>vaga</strong></span> <span class='ocrx_word' id='word_1_843' title='bbox 3060 5576 3209 5651; x_wconf 42' lang='lat' dir='ltr'><strong>turba.</strong></span> <span class='ocrx_word' id='word_1_844' title='bbox 3224 5575 3378 5625; x_wconf 87' lang='lat' dir='ltr'><strong>terris</strong></span> 
     </span>
    </p>
   </div>
   <div class='ocr_carea' id='block_1_126' title="bbox 2393 5640 3212 5704">
    <p class='ocr_par' dir='ltr' id='par_1_126' title="bbox 2393 5640 3212 5704">
     <span class='ocr_line' id='line_1_126' title="bbox 2393 5640 3212 5704; baseline -0.005 -12"><span class='ocrx_word' id='word_1_845' title='bbox 2393 5644 2491 5694; x_wconf 89' lang='lat' dir='ltr'><strong>lbit</strong></span> <span class='ocrx_word' id='word_1_846' title='bbox 2505 5643 2565 5691; x_wconf 88' lang='lat' dir='ltr'><strong>ad</strong></span> <span class='ocrx_word' id='word_1_847' title='bbox 2589 5655 2760 5704; x_wconf 87' lang='lat' dir='ltr'><strong>manes</strong></span> <span class='ocrx_word' id='word_1_848' title='bbox 2782 5640 3030 5704; x_wconf 80' lang='lat' dir='ltr'><strong>facietque</strong></span> <span class='ocrx_word' id='word_1_849' title='bbox 3062 5640 3212 5689; x_wconf 87' lang='lat' dir='ltr'><strong>inerti</strong></span> 
     </span>
    </p>
   </div>
   <div class='ocr_carea' id='block_1_127' title="bbox 2642 5703 2986 5765">
    <p class='ocr_par' dir='ltr' id='par_1_127' title="bbox 2642 5703 2986 5765">
     <span class='ocr_line' id='line_1_127' title="bbox 2642 5703 2986 5765; baseline 0 -12"><span class='ocrx_word' id='word_1_850' title='bbox 2642 5703 2765 5754; x_wconf 86' lang='lat' dir='ltr'><strong>Vela</strong></span> <span class='ocrx_word' id='word_1_851' title='bbox 2789 5703 2986 5765; x_wconf 77' lang='lat' dir='ltr'><strong>Cocyto.</strong></span> 
     </span>
    </p>
   </div>
   <div class='ocr_carea' id='block_1_128' title="bbox 2282 5775 3783 5858">
    <p class='ocr_par' dir='ltr' id='par_1_128' title="bbox 2282 5775 3783 5858">
     <span class='ocr_line' id='line_1_128' title="bbox 2282 5775 3783 5858; baseline -0.017 -9"><span class='ocrx_word' id='word_1_852' title='bbox 2282 5793 2334 5849; x_wconf 83' lang='grc'><strong>5.</strong></span> <span class='ocrx_word' id='word_1_853' title='bbox 2395 5793 2457 5848; x_wconf 83' lang='lat' dir='ltr'><strong>Si</strong></span> <span class='ocrx_word' id='word_1_854' title='bbox 2508 5800 2719 5845; x_wconf 84' lang='lat' dir='ltr'><strong>mortem</strong></span> <span class='ocrx_word' id='word_1_855' title='bbox 2762 5791 2951 5857; x_wconf 77' lang='lat' dir='ltr'><strong>petitis,</strong></span> <span class='ocrx_word' id='word_1_856' title='bbox 3005 5784 3151 5858; x_wconf 81' lang='lat' dir='ltr'><strong>etc.]</strong></span> <span class='ocrx_word' id='word_1_857' title='bbox 3198 5780 3538 5858; x_wconf 70' lang='lat' dir='ltr'><strong>Philosophia</strong></span> <span class='ocrx_word' id='word_1_858' title='bbox 3578 5775 3783 5858; x_wconf 66' lang='lat' dir='ltr'><strong>videtur</strong></span> 
     </span>
    </p>
   </div>
   <div class='ocr_carea' id='block_1_129' title="bbox 2212 5854 3783 5933">
    <p class='ocr_par' dir='ltr' id='par_1_129' title="bbox 2212 5854 3783 5933">
     <span class='ocr_line' id='line_1_129' title="bbox 2212 5854 3783 5933; baseline -0.01 -12"><span class='ocrx_word' id='word_1_859' title='bbox 2212 5867 2465 5933; x_wconf 87' lang='lat' dir='ltr'><strong>deinceps</strong></span> <span class='ocrx_word' id='word_1_860' title='bbox 2496 5863 2692 5919; x_wconf 82' lang='lat' dir='ltr'><strong>afferre</strong></span> <span class='ocrx_word' id='word_1_861' title='bbox 2724 5854 2915 5917; x_wconf 81' lang='lat' dir='ltr'><strong>causas</strong></span> <span class='ocrx_word' id='word_1_862' title='bbox 2939 5854 3154 5915; x_wconf 75' lang='lat' dir='ltr'><strong>mortis.</strong></span> <span class='ocrx_word' id='word_1_863' title='bbox 3186 5857 3359 5933; x_wconf 82' lang='lat' dir='ltr'><strong>Causa</strong></span> <span class='ocrx_word' id='word_1_864' title='bbox 3392 5864 3559 5933; x_wconf 78' lang='lat' dir='ltr'><strong>autem</strong></span> <span class='ocrx_word' id='word_1_865' title='bbox 3581 5854 3783 5933; x_wconf 47' lang='lat' dir='ltr'><strong>attigi!</strong></span> 
     </span>
    </p>
   </div>
   <div class='ocr_carea' id='block_1_130' title="bbox 2216 5928 3779 5995">
    <p class='ocr_par' dir='ltr' id='par_1_130' title="bbox 2216 5928 3779 5995">
     <span class='ocr_line' id='line_1_130' title="bbox 2216 5928 3779 5995; baseline -0.015 -1"><span class='ocrx_word' id='word_1_866' title='bbox 2216 5928 2433 5995; x_wconf 38' lang='lat' dir='ltr'><strong>duplex:</strong></span> <span class='ocrx_word' id='word_1_867' title='bbox 2477 5934 2593 5991; x_wconf 89' lang='lat' dir='ltr'><strong>Una</strong></span> <span class='ocrx_word' id='word_1_868' title='bbox 2642 5934 2888 5993; x_wconf 86' lang='lat' dir='ltr'><strong>interior.</strong></span> <span class='ocrx_word' id='word_1_869' title='bbox 2941 5934 3054 5989; x_wconf 85' lang='lat' dir='ltr'><strong>sive</strong></span> <span class='ocrx_word' id='word_1_870' title='bbox 3094 5930 3353 5986; x_wconf 84' lang='lat' dir='ltr'><strong>naturalis</strong></span> <span class='ocrx_word' id='word_1_871' title='bbox 3377 5928 3779 5989; x_wconf 74' lang='lat' dir='ltr'><strong>elementorum.</strong></span> 
     </span>
    </p>
   </div>
  </div>
