3984 6382
266 379 364 435 809

329 496 363 553 5
401 494 564 567 286
595 491 739 560 Quos
766 500 1009 558 serpens,
1039 485 1147 549 leo,
1172 482 1345 553 tigris,
1370 496 1545 543 ursus,
1577 493 1691 547 apri

480 588 645 640 Deme
672 591 876 654 petunt,
901 580 1060 635 iidem
1090 592 1150 633 se
1172 585 1346 630 tamen
1372 588 1505 629 ense
1530 579 1737 641 petunt.

404 680 488 735 An
517 678 718 732 distant
735 675 881 746 quia,
905 669 1272 738 dissidentque
1293 680 1492 731 mores,

480 768 707 838 lnjustas
735 766 902 829 acies,
937 771 991 819 et
1029 762 1140 817 fera
1169 758 1306 815 bella
1330 764 1570 822 movent,

408 860 751 929 Alteriusque
769 857 955 911 volunt
983 855 1156 922 perire
1196 852 1352 908 telis?

301 953 372 1011 10
478 949 597 1006 Non
625 959 710 1004 est
729 949 871 1018 justa
909 947 1039 1002 satis
1070 944 1295 1001 saevitiae
1333 942 1497 997 ratio.

418 1050 512 1104 Vis
540 1056 719 1117 aptam
739 1045 945 1100 meritis
970 1043 1140 1097 vicem
1170 1040 1416 1095 referre?

484 1140 653 1210 Dilige
676 1139 797 1209 jure
824 1137 1014 1201 bonos,
1045 1144 1097 1190 et
1123 1132 1411 1188 miseresce
1440 1129 1615 1187 malis.

801 1230 961 1301 237
1014 1227 1237 1282 PROSA
1301 1223 1363 1278 v.

262 1325 659 1383 ABGUIENTUI.
686 1350 757 1367 -—-
778 1320 1035 1384 Boetium,
1060 1328 1114 1371 ut
1135 1319 1229 1372 sibi
1258 1315 1545 1378 uidebatur,
1591 1328 1728 1366 more
1774 1327 1859 1384 sa-

336 1398 522 1467 pientis
549 1396 850 1468 mirantem,
890 1389 999 1443 Deo
1034 1390 1550 1468 mundum'r‘eglente,‘
1574 1384 1718 1464 ponis
1762 1383 1857 1434 ad-

398 1484 504 1519 rsa.
535 1464 659 1518 ntali

335 1484 504 1530 versa,
535 1483 684 1519 matrs
729 1483 971 1533 prospera
996 1483 1241 1520 accraere,
1284 1483 1615 1527 ruuuwpmu
1666 1483 1856 1515 ιιιυιιω,

338 1555 440 1591 non
466 1539 580 1590 ideo
601 1534 792 1588 homini
820 1532 1174 1589 dubitandum.
1207 1538 1389 1581 cuncta
1412 1540 1543 1580 recte
1563 1526 1694 1593 ﬁeri,
1722 1522 1860 1591 quod

339 1623 549 1661 causam
570 1616 724 1659 tanta:
744 1602 1091 1671 dispositionis
1115 1601 1202 1654 ille
1224 1602 1440 1669 ignoret.

344 1701 437 1754 llic
457 1714 581 1768 ego,
613 1696 802 1764 Video,
853 1695 1101 1764 inquam,
1134 1708 1251 1762 qua:
1280 1693 1349 1747 sit
1378 1694 1463 1745 vel
1494 1690 1745 1751 felicitas.
1774 1689 1857 1744 vel

277 1789 485 1849 miseria
517 1790 570 1842 in
599 1787 731 1857 ipsis
760 1786 1052 1855 proborum
1083 1794 1241 1854 atque
1285 1782 1651 1851 improborum
1698 1782 1858 1835 meri-

275 1883 342 1936 tis
362 1880 671 1936 constituta.
699 1877 802 1934 Sed
828 1877 879 1930 in
913 1875 1013 1931 hac
1039 1877 1149 1943 ipsa
1178 1877 1387 1927 fortuna
1411 1883 1434 1910 δ
1461 1874 1723 1943 populari,
1751 1888 1819 1927 no

273 1971 404 2027 nihil
454 1969 613 2037 boni,
646 1969 840 2023 malive
890 1967 1068 2022 inesse
1113 1965 1407 2035 perpendo.
1443 1967 1457 1995 ί
1502 1966 1682 2034 Neque
1715 1965 1855 2019 enim

270 2062 577 2133 sapientum
622 2061 901 2130 quisquam
932 2059 1101 2124 exsul,
1152 2059 1325 2125 in0ps,
1369 2058 1858 2127 ignominiosusque

270 2156 354 2227 (5)
405 2168 526 2209 esse
555 2152 707 2207 malit
734 2152 942 2220 potius,
971 2165 1129 2220 quam
1173 2151 1384 2219 pollens
1410 2151 1620 2216 opibus,
1654 2153 1858 2205 honore

268 2246 629 2312 reverendus,
653 2246 888 2314 potentia
916 2243 1141 2308 validus,
1186 2246 1235 2297 in
1263 2259 1354 2299 sua
1383 2258 1699 2313 permanens
1728 2247 1860 2299 urbe

270 2342 485 2398 ﬂorere.
516 2340 605 2397 Sic
657 2338 799 2394 enim
848 2337 1084 2403 clarius,
1117 2336 1145 2375 δ
1187 2337 1534 2407 testatiusque
1584 2338 1858 2409 sapientim

1156 365 1243 421 DE
1280 356 1799 421 CONSOLATIONI‘J
1839 352 2310 414 PHILOSOPHUS
2376 351 2499 407 LIB.
2541 350 2631 406 IV.

1870 475 1918 533 Α
1944 475 2198 523 tractatur
2224 465 2480 528 officium,
2510 478 2631 518 cum
2668 461 2720 517 in
2768 460 3140 530 contingentes
3184 458 3412 531 populos
3442 474 3538 514 re-

729 1452 971 1533 prospera
996 1462 1241 1533 accidere,
1284 1452 1615 1533 Philosophia
1664 1461 1860 1533 _rnonet,
1884 1452 1893 1459 ’

3439 350 3541 402 810

1953 561 2190 632 gentium
2245 558 2475 624 quodam
2540 556 2698 611 modo
2756 554 3030 611 beatitudo
3087 553 3531 609 transfunditur:

1955 668 2075 709 cum
2105 650 2397 721 praesertim
2428 663 2632 714 carcer,
2670 658 2692 686 ο
2717 662 2909 714 nexus,
2957 654 3258 715 caeteraque
3292 644 3542 713 legalium

1958 754 2221 801 tormenta
2280 756 2557 812 poenarum
2612 740 2929 811 perniciosis
2969 740 3144 809 potius
3172 738 3287 811 (10)
3314 738 3543 802 civibus,

1959 846 2176 907 propter
2205 850 2340 906 quos
2370 834 2529 890 etiam
2582 833 2872 888 constituta
2911 840 3057 899 sunt,
3087 831 3404 886 debeantur.
3437 830 3543 884 Cur

1962 930 2081 984 haec
2108 928 2268 998 igitur
2290 940 2443 981 versa
2470 925 2586 980 vice
2616 934 2915 991 mutentur,
2947 923 3317 991 scelerumque
3343 920 3546 991 suppli-

1965 1025 2049 1079 cia
2082 1023 2250 1077 bonos
2279 1027 2545 1091 premant,
2577 1018 2795 1087 praemia
2848 1019 3102 1072 virtutum
3143 1016 3268 1070 mali
3317 1015 3546 1084 rapiant,

1960 1116 2312 1172 vehementer
2352 1114 2611 1177 admiror,
2645 1125 2871 1183 quasque
2904 1120 3009 1165 tam
3042 1109 3254 1178 iniusta:
3280 1106 3548 1161 confusio-

1962 1210 2043 1265 nis
2067 1211 2205 1264 ratio
2250 1207 2511 1271 videatur,
2563 1220 2628 1259 ex
2678 1214 2729 1259 te
2758 1202 2896 1257 scire
2922 1200 3188 1256 desidero.
3216 1200 3377 1271 288
3403 1200 3421 1229 ²
3455 1197 3551 1251 Mi-

1960 1316 2062 1355 nus
2088 1302 2283 1355 etenim
2325 1298 2575 1363 mirarer,
2624 1296 2670 1350 si
2700 1294 2916 1349 misceri
2948 1292 3122 1346 omnia
3156 1290 3390 1345 fortuitis
3412 1288 3550 1342 casia.

1961 1393 2061 1448 bus
2098 1392 2394 1447 crederem.
2457 1388 2607 1443 Nunc
2633 1397 2906 1456 stuporem
2963 1399 3139 1439 meum
3182 1384 3316 1438 Deus
3374 1391 3549 1436 rector

1962 1490 1988 1521 α
2005 1493 2311 1555 exaggerat,
2324 1482 2553 1553 quicum
2573 1495 2715 1548 saepe
2730 1480 2882 1534 bonis
2891 1476 3142 1547 jucunda,
3159 1475 3312 1529 malis
3334 1488 3548 1543 aspera,

1965 1586 2259 1646 contraque
2296 1575 2453 1629 bonis
2481 1574 2612 1627 dura
2645 1573 2863 1635 tribuat,
2894 1571 3047 1624 malis
3068 1576 3247 1637 optata
3272 1566 3551 1631 concedat,

1966 1670 2068 1725 nisi
2111 1684 2269 1723 causa
2312 1665 2765 1737 deprehendatur,
2819 1662 2945 1732 quid
2981 1670 3063 1715 est
3091 1658 3231 1727 quod
3262 1673 3292 1711 a
3325 1657 3552 1711 fortuitis

1962 1762 2173 1817 casibus
2196 1759 2411 1815 differre
2440 1760 2521 1829 (5)
2545 1754 2818 1811 videatur?
2852 1754 2870 1783 ³
2905 1752 3011 1807 Nec
3039 1751 3258 1817 mirum,
3289 1747 3481 1818 inquit,
3507 1749 3553 1805 si
3646 1774 3651 1779 -

1824 1888 1856 1928 η
1888 1858 1934 1918 Β
1963 1853 2091 1924 quid
2118 1851 2323 1906 ordinis
2349 1852 2589 1920 ignorata
2615 1847 2840 1907 ratione,
2868 1843 3210 1899 temerarium
3237 1841 3550 1896 confusum-

1963 1962 2069 2016 que
2100 1947 2370 1999 credatur.
2396 1944 2500 1999 Sed
2533 1954 2587 1996 tu
2614 1939 2859 2012 quamvis
2887 1952 3103 1992 causam
3136 1945 3297 1989 tantae
3326 1934 3553 2002 disposi.

1968 2036 2126 2089 tionis
2145 2035 2380 2105 ignores,
2414 2044 2592 2088 tamen
2617 2031 2868 2101 quoniam
2895 2030 3064 2083 bonus
3092 2026 3349 2082 mundum
3378 2035 3552 2080 rector

1966 2137 2248 2198 temperat,
2278 2134 2427 2182 recte
2457 2125 2575 2180 fieri
2601 2132 2789 2179 cuncta
2820 2138 2887 2176 ne
2909 2121 3136 2175 dubites.

2448 2252 2610 2322 239
2647 2247 2937 2303 METBUM
2980 2249 2995 2265 ’
3025 2247 3086 2299 v.

1970 2346 2362 2399 Anconssruu.
2392 2341 2709 2407 —ldcirco,
2758 2340 2920 2409 inquit
2963 2334 3326 2406 PliilosOpIiia,
3376 2329 3554 2403 vulgus

1676 2498 2259 2576 ΙΝΤΕΒΡΒῙΞΤΑΤΙΟ.

276 2674 446 2713 eorum
472 2674 634 2712 mores
662 2658 791 2710 inter
810 2672 861 2710 se
890 2655 1131 2723 differunt
1155 2670 1217 2707 ac
1244 2654 1591 2707 dissentiunt?
1618 2653 1724 2705 haec
1740 2669 1861 2705 cau-

274 2746 331 2783 sa
352 2730 593 2783 ueniendi
618 2745 720 2782 non
744 2737 817 2780 est
839 2728 961 2780 satis
991 2742 1153 2791 requa.
1196 2725 1421 2794 Optasne
1444 2725 1721 2785 rependere
1752 2740 1858 2775 me-

276 2804 433 2852 ritum
456 2800 625 2853 simile
655 2799 830 2852 merito
860 2798 1051 2850 simili?
1080 2812 1229 2861 ama,
1253 2806 1308 2848 ut
1338 2810 1537 2862 (equum
1564 2804 1657 2856 est,
1682 2794 1857 2862 bonos,

285 2880 332 2923 et
355 2872 581 2925 miserere
600 2868 963 2939 improborum.

2045 2664 2071 2690 ι’-
2107 2656 2344 2724 Vulgari.

2042 2724 2067 2761 δ
2102 2726 2456 2793 Apertiusque.

2048 2807 2068 2832 ο
2113 2795 2349 2849 Vincula.

2045 2864 2071 2901 (ί
2104 2867 2263 2939 Auget

1800 3020 2050 3101 nom,

278 3193 346 3232 ex
370 3185 563 3232 autous
589 3170 749 3223 homo
787 3172 1030 3232 constat,
1061 3161 1380 3231 compositio
1415 3180 1427 3213 :
1464 3169 1519 3215 et
1557 3160 1676 3232 hac
1717 3167 1863 3215 nota-

1975 3167 2076 3221 est,
2108 3157 2251 3227 quod
2297 3155 2479 3225 populi
2510 3154 2837 3228 sapientibus
2863 3153 3084 3228 ducibus
3131 3152 3341 3209 facilius
3369 3157 3558 3228 crede-

278 3226 487 3302 l‘iirjbis
510 3242 709 3303 verbis,
736 3226 1041 3315 prapinquat
1070 3226 1741 3315 ipsa'spontesuazﬁltera
1777 3246 1866 3284 ex-

1978 3226 2137 3310 reut,
2173 3226 2591 3315 eorumdemque
2624 3226 3296 3315 jpraaceptravobservarent
3347 3227 3559 3297 religio-

282 3301 467 3378 terior,
510 3328 627 3381 qua:
674 3301 861 3363 rursus
908 3301 1121 3381 ponitur
1154 3305 1210 3381 in
1263 3302 1457 3381 duplici
1502 3301 1855 3381 discrimine:

281 3390 403 3443 hac
432 3372 573 3440 enim
602 3394 748 3435 mors
778 3388 860 3431 est
888 3372 972 3431 vel
1000 3392 1027 3428 a
1071 3376 1217 3437 feris,
1252 3372 1551 3443 cujnsmodi
1579 3381 1703 3425 sunt
1744 3388 1860 3443 ser-

279 3442 429 3527 pens,
456 3456 557 3515 leo.
587 3453 748 3527 tigris,
773 3465 921 3502 ursus
941 3488 956 3511 ,
990 3463 1145 3527 oper;
1177 3445 1258 3499 vel
1283 3443 1489 3527 ab‘aliis
1535 3442 1861 3523 hominibus,
1891 3494 1903 3509 κ

279 3513 393 3599 'qui,
410 3513 575 3599 veluti
600 3513 961 3599 indignantes,
984 3513 1208 3571 mortem
1229 3513 1495 3599 praedictis
1510 3514 1687 3567 causis
1713 3529 1865 3595 acce-

280 3584 507 3655 leratam
548 3584 815 3663 longiores
855 3603 1035 3663 moras
1064 3603 1256 3656 agere,
1311 3586 1448 3639 hanc
1489 3584 1764 3638 conversis
1808 3584 1861 3638 in

280 3686 405 3727 sese
427 3660 837 3721 invicem'armis
865 3660 1149 3714 advocant.

356 3741 408 3795 5.
431 3736 601 3809 Apri.]
631 3733 720 3789 Sic
748 3733 971 3809 legimus
994 3745 1113 3783 cum
1132 3727 1361 3808 Vallino,
1396 3740 1503 3809 non
1526 3741 1647 3796 aper
1660 3739 1694 3809 ’ς
1724 3724 1865 3807 quod

283 3812 445 3879 hujus
476 3795 663 3879 'priina
712 3795 915 3879 syllaba
965 3815 1192 3879 sempen
1225 3795 1593 3879 corripiatur:
1627 3795 1866 3875 alioquin

283 3865 399 3954 apii
442 3865 547 3954 non
580 3865 802 3954 haberet
827 3872 1064 3954 primam
1084 3865 1726 3954 syllabam'communem
1753 3883 1766 3916 :
1796 3865 1869 3917 si-

283 3940 574 4009 cutmatris
606 3956 659 4000 et
690 3944 863 4014 fratris
907 3944 1114 4011 priores
1156 3940 1379 4014 syllaba;
1408 3953 1524 4014 non
1564 3944 1688 4014 sunt
1723 3949 1869 4014 co_m—

284 4005 506 4083 munes,
550 4005 699 4089 quod
722 4025 883 4068 mater
908 4005 983 4067 'et
1021 4005 1402 4082 frater"primis
1429 4007 1646 4079 syllabis
1674 4005 1869 4076 produ-

286 4104 599 4219 ca'iiitrjwn
624 4168 696 4231 est
709 4159 855 4231 justa
882 4151 1230 4231 satisstwitite
1257 4148 1434 4231 ratio.]
1463 4148 1700 4231 Alterius
1722 4146 1870 4231 cogi-3

288 4218 522 4290 lationes
573 4230 678 4283 tuis
709 4218 1136 4295 cogitationibus
1171 4218 1480 4295 contrariae
1534 4220 1734 4295 nullum
1778 4218 1872 4272 tibi

286 4310 418 4361 dare
472 4310 692 4370 possunt
736 4291 822 4366 jus
869 4295 1014 4349 necis
1053 4296 1105 4348 in
1137 4292 1380 4370 alterum
1408 4291 1716 4345 hominem:
1751 4304 1873 4343 cum

285 4381 393 4432 vita
429 4362 655 4429 burnana
681 4362 749 4424 ita
781 4369 833 4422 in
863 4381 1072 4420 summa
1096 4365 1262 4419 solius
1292 4362 1383 4416 Dei
1407 4369 1664 4432 potestate
1693 4374 1875 4414 verse-

292 4431 398 4515 tur,
436 4456 493 4499 ut
521 4456 691 4515 neque
736 4437 940 4515 judici_,
974 4450 1145 4515 neque
1175 4433 1274 4515 ipsi
1308 4433 1447 4514 regi,
1481 4431 1582 4515 nisi
1614 4441 1875 4515 quatenps

290 4499 562 4573 hicyvices
590 4499 685 4565 Dei
715 4499 871 4580 gerit,
902 4499 1079 4580 fassi't
1106 4499 1757 4580 hominemjnlerﬁcere‘;
1792 4499 1872 4553 Αά

285 4572 563 4659 imaginem
591 4572 777 4651 quippe
815 4578 933 4647 Dei,
986 4575 1159 4646 inquit
1197 4574 1337 4628 Deus
1365 4572 1560 4628 Genes.
1594 4587 1675 4637 ιι,
1708 4575 1875 4642 factus

286 4661 585 4782 “(illitimic'is
613 4731 783 4792 aptam
832 4720 1019 4773 meritis
1046 4719 1201 4771 vicem
1231 4716 1439 4792 referre.
1464 4712 1625 4792 ]_Par_
1642 4711 1755 4781 pari
1784 4726 1878 4766 co-

286 4798 511 4870 gitando
538 4784 762 4855 referre,
790 4792 905 4845 sive
925 4792 1276 4859 cogitationes
1298 4784 1711 4856 cogitationibus
1730 4799 1881 4838 com-

286 4883 541 4940 pensare.

362 4940 455 4996 12.
488 4935 661 5003 Dilige
680 4936 800 5005 jure
827 4928 1027 5011 ὁοηοεε]
1049 5001 1061 5011 .
1080 4929 1229 5011 Quod
1260 4928 1419 5011 enim_
1446 4941 1598 4980 amor
1646 4933 1880 5011 nequeat

285 5012 393 5065 nisi
426 4996 622 5062 amore
656 4996 1027 5071 c'ompensari,
1042 5000 1265 5068 jusdtia:
1298 5008 1380 5053 est
1407 5000 1598 5071 bonos,
1623 5011 1652 5047 a
1684 4996 1877 5071 quibus

285 5081 589 5150 diligimur,
612 5090 640 5127 a
666 5066 818 5150 nobis
837 5066 1199 5150 diligi.N_eque
1228 5080 1403 5123 tamen
1430 5067 1671 5137 sequitur
1693 5066 1873 5120 odium

283 5142 419 5210 odio
448 5142 908 5213 compensandum
936 5158 948 5194 :
978 5142 1071 5213 sed

367 5222 458 5277 12.
504 5209 774 5270 Miseresce
807 5212 1002 5283 malis.J
1050 5211 1189 5266 Nihil
1240 5211 1436 5283 quippe
1478 5209 1669 5283 rationi
1702 5209 1875 5283 magis

287 5298 717 5350 musentaneum
744 5300 901 5353 quam
948 5279 1272 5337 miserorum
1296 5279 1535 5335 misereri
1556 5294 1583 5353 _:
1612 5279 1735 5332 mali
1780 5294 1875 5333 au-

288 5374 406 5421 tem
437 5372 625 5414 omnes
668 5351 850 5409 miseri
901 5363 1025 5408 sunt
1045 5399 1058 5419 ,
1086 5369 1205 5407 cum
1233 5361 1447 5421 propter
1470 5351 1702 5405 rationes
1731 5364 1871 5419 pra:-

290 5438 495 5497 dictas,
521 5441 629 5482 tum
662 5425 894 5480 maxime
916 5426 1044 5497 quia
1086 5423 1355 5497 peccando
1381 5422 1677 5497 deﬁciunt;
1710 5422 1873 5497 miser

290 5490 519 5578 quippe,
547 5500 590 5553 si
616 5497 896 5578 credamus
916 5490 1139 5549 Varroni
1170 5496 1205 5549 l.
1233 5509 1283 5548 tv
1327 5495 1394 5575 de
1424 5492 1459 5545 Ι.
1516 5492 1591 5578 1η.
1619 5490 1813 5545 dicitur
1831 5506 1868 5578 ρ

292 5563 579 5637 mimi-mut
601 5576 721 5637 pote
743 5568 830 5620 cui
851 5582 969 5620 cum
997 5581 1129 5635 opus
1158 5575 1263 5630 est,
1289 5564 1464 5637 minus
1485 5563 1631 5617 nullo
1647 5563 1869 5627 est,vei,

293 5658 360 5704 ut
390 5636 564 5715 placet
589 5636 827 5715 Cujacio,
852 5638 1095 5715 a_Gr:eco
1114 5644 1275 5715 μῆσος
1297 5636 1483 5689 scelus.

374 5701 405 5750 ι’
437 5701 621 5777 Neque
635 5701 767 5765 enim
787 5701 1071 5775 sapientum
1097 5701 1385 5778 quisquam,
1405 5701 1532 5778 etc.]
1560 5703 1599 5758 I.
1616 5704 1870 5778 ‘Boetius,

302 5802 359 5841 ut
387 5786 491 5844 sibi
513 5774 744 5843 videtur,
769 5774 916 5834 mOre
942 5774 1195 5847 sapientis
1224 5774 1472 5841 miratur,
1508 5774 1658 5830 bonis
1688 5775 1874 5847 adver-

260 5898 266 5903 .
299 5879 358 5919 δει
382 5895 407 5931 ,
426 5853 581 5915 malis
610 5864 861 5921 prospera
884 5846 1145 5911 accidere,
1174 5848 1370 5917 duplici
1394 5848 1460 5902 de
1488 5860 1664 5901 causa.
1698 5846 1873 5907 Prima

668 5948 935 6009 Ps'rnon.
984 5942 1183 6005 LXIII

1977 3299 2123 3365 sius,
2169 3300 2214 3354 si
2268 3300 2569 3366 sapientum
2613 3299 2807 3352 ducum
2855 3296 3157 3350 felicitatem
3191 3312 3293 3349 una
3323 3312 3441 3351 cuni
3470 3314 3559 3353 sa-

1968 3371 2170 3441 pientia
2199 3371 2410 3439 populis
2438 3368 2644 3441 infundi
2664 3370 2935 3441 viderent.
2970 3366 3149 3441 Altera
3180 3366 3320 3441 quod
3348 3369 3559 3441 Suppli-

1969 3437 2052 3495 cia
2084 3437 2318 3496 non—nisi
2342 3440 2597 3509 improbis
2626 3440 2907 3493 videantur
2947 3437 3255 3509 constituta.
3284 3437 3556 3507 Supplicia

1972 3522 2151 3566 autem
2207 3512 2294 3565 hic
2340 3506 2587 3566 dicuntur
2617 3526 2789 3564 carcer
2827 3520 2880 3564 et
2928 3524 3104 3561 nexus.
3140 3506 3317 3561 Nemus
3343 3506 3558 3577 quidem

1968 3582 2116 3646 sive,
2144 3593 2200 3636 ut
2228 3582 2319 3636 alii
2360 3582 2543 3651 legunt
2567 3582 2679 3645 lex,
2710 3580 2958 3651 q‘uonia’m
2984 3580 3401 3651 vinculispremi
3432 3595 3559 3646 sup-

1972 3654 2187 3721 plicium
2217 3662 2317 3707 est.
2351 3649 2549 3707 carcer
2598 3649 2740 3706 vero
2766 3652 2923 3704 etiam
2955 3668 2984 3704 a
3013 3649 3263 3704 Lucretio
3292 3653 3428 3706 inter
3456 3651 3561 3709 alia

1972 3724 2356 3795 suppliciorum
2380 3738 2575 3793 genera
2595 3732 2901 3776 numeratur
2932 3722 3025 3775 lib.
3046 3734 3100 3774 ιιι
3136 3738 3149 3772 :

2101 3813 2201 3863 Sed
2218 3821 2380 3861 melus
2404 3814 2451 3861 in
2476 3814 2574 3861 vita
2595 3825 2847 3873 pmnarum
2872 3822 2960 3872 pro
2987 3808 3253 3873 malefactis

2098 3876 2185 3925 Est
2208 3875 2481 3936 insignibus
2500 3870 2723 3936 insignis,
2751 3870 3055 3936 scelerisque
3081 3870 3228 3925 luela.

2098 3937 2273 3987 Carcer
2293 3935 2345 3986 et
2364 3935 2607 3983 horribilis
2630 3936 2692 3983 de
2718 3947 2835 3982 saxo
2850 3937 2986 3995 jactu
3003 3935 3251 3991 deorsum,

2100 3999 2341 4055 Verbera,
2359 3995 2631 4053 carnifices,
2657 3998 2824 4056 robur,
2852 3993 2953 4056 pix,
2977 3993 3169 4056 lamina,
3198 3996 3343 4045 tedm.

2049 4064 2069 4092 ²
2112 4059 2285 4133 Minus
2312 4059 2497 4133 etenim
2518 4060 2761 4133 _mirarer,
2806 4055 2935 4133 eis]
2973 4057 3032 4108 ll.
3066 4055 3279 4110 Boetius
3304 4074 3368 4112 eo
3393 4062 3564 4133 inagis

1977 4132 2203 4187 miratur
2260 4130 2413 4184 bonis
2466 4129 2719 4194 adversa,
2770 4127 2928 4200 malis
2982 4140 3236 4195 prospera
3293 4127 3559 4200 accidere,

1978 4202 2121 4327 δυοά
2152 4200 2293 4255 Deus
2322 4200 2532 4254 infinite
2560 4202 2794 4268 sapiens,
2826 4199 2999 4253 bonus
3046 4207 3099 4249 et
3144 4206 3360 4263 potens,
3407 4199 3564 4258 mun;

2017 4289 2103 4327 um
2133 4282 2283 4327 regat
2309 4289 2320 4322 :
2357 4272 2493 4324 Deus
2514 4271 2656 4323 enim
2684 4270 2923 4324 accusari
2957 4283 3064 4323 non
3089 4276 3261 4327 potest
3291 4280 3379 4324 aut
3412 4272 3564 4327 iano-

2017 4289 2103 4327 um
2133 4282 2283 4341 regat
2309 4289 2320 4322 :
2357 4272 2493 4324 Deus
2514 4271 2656 4323 enim
2684 4270 2923 4324 accusari
2957 4283 3064 4323 non
3089 4276 3261 4341 potest
3291 4280 3379 4324 aut
3412 4272 3565 4341 igno-

1977 4338 2313 4408 rantizefqua
2343 4343 2547 4395 nesciat
2574 4343 2669 4394 has
2689 4342 2860 4401 vices;
2892 4350 2984 4391 aut
3013 4338 3245 4409 malitim,
3281 4354 3381 4409 qua
3412 4338 3563 4409 v'elit;

1978 4423 2069 4468 aut
2115 4413 2442 4481 impotentia:
2462 4452 2477 4475 ,
2508 4427 2608 4479 qua
2639 4412 2813 4465 sciens
2838 4410 3128 4481 volensque
3155 4408 3250 4481 has
3280 4408 3420 4466 vices
3466 4408 3567 4469 ne;

1980 4492 2139 4550 queat
2169 4476 2394 4537 mutare.
2432 4481 2485 4535 ld
2515 4476 2808 4534 mirabatur
2837 4480 2995 4534 etiam
3026 4476 3189 4550 David
3221 4481 3355 4547 psal.
3384 4499 3561 4541 Lxxu:

1981 4548 2087 4608 Mei
2117 4564 2284 4633 autem
2316 4568 2441 4633 pene
2464 4557 2588 4633 moti
2607 4566 2722 4605 sunt
2745 4554 2919 4633 pedes,
2954 4566 3080 4619 pene
3106 4548 3256 4617 effusi
3283 4564 3400 4605 sunt
3424 4571 3567 4625 gres-

1903 4614 1958 4675 D
1981 4642 2065 4679 sus
2093 4626 2221 4687 mei,
2255 4614 2375 4693 quia
2420 4623 2579 4677 κειαυὶ
2610 4614 2762 4692 super
2793 4614 2989 4689 iniquos
3035 4614 3209 4688 pacem
3242 4614 3565 4689 peccatorum

1982 4696 2178 4750 videns.
2203 4694 2256 4747 Id
2290 4695 2450 4748 etiam
2485 4694 2775 4747 mirabatur
2804 4694 3061 4747 Jeremias
3091 4701 3209 4758 Cap.
3240 4708 3310 4745 xu
3342 4711 3354 4747 :
3394 4694 3566 4760 Quare

1980 4768 2064 4819 via
2091 4767 2366 4835 impiorum
2391 4779 2656 4834 prospera.
2690 4769 2809 4817 bene
2834 4772 2906 4816 est
2933 4760 3163 4814 omnibus
3200 4765 3289 4833 qui
3313 4769 3573 4834 primari-

1983 4846 2166 4907 cantur
2190 4846 2236 4889 et
2266 4836 2439 4905 inique
2460 4836 2667 4907 agunt?

2055 4907 2076 4937 ⁸
2107 4906 2218 4960 Nec
2239 4902 2443 4970 mirum,
2470 4902 2600 4975 εἶα]
2626 4904 2709 4958 Ill.
2734 4902 3073 4975 Philosophia
3098 4904 3385 4972 respondet
3431 4907 3568 4963 hanc

1984 4977 2396 5033 admirationem
2422 5019 2437 5043 ,
2463 4985 2520 5028 ut
2548 4974 2788 5036 caeteras,
2816 4974 2946 5029 oriri
2975 4991 3036 5027 es
3079 4974 3409 5043 ignoratione
3441 4992 3568 5032 cau-

1987 5064 2062 5102 sa:
2092 5064 2107 5110 ;
2140 5047 2233 5101 sed
2260 5046 2646 5116 ignorationem
2678 5045 2815 5098 hanc
2845 5059 2948 5097 non
2982 5060 3103 5099 esse
3144 5046 3436 5113 legitimum
3479 5064 3568 5101 ar-

1985 5129 2294 5187 gumentum
2347 5133 2417 5170 ex
2447 5132 2551 5184 quo
2578 5116 2817 5170 concludi
2870 5118 3067 5184 possit,
3096 5116 3258 5170 Deum
3302 5132 3405 5171 non
3447 5134 3570 5174 esse

1986 5192 2184 5243 bonum
2231 5187 2414 5241 mundi
2458 5196 2744 5246 rectorem,
2777 5195 2867 5239 aut
2893 5187 3071 5240 omnia
3105 5202 3210 5239 non
3241 5198 3384 5243 recte
3408 5191 3563 5244 fieri:

1984 5260 2125 5315 sicut
2148 5259 2401 5326 deinceps
2426 5257 2614 5312 eadem
2648 5256 2987 5325 Philosophia
3014 5257 3279 5326 probabit.

2058 5355 2076 5375 '
2105 5350 2331 5405 Carmen
2351 5391 2365 5415 ,
2399 5348 2539 5417 quod
2567 5348 2669 5402 dici
2710 5358 2886 5417 potest
2906 5358 3152 5403 constare
3184 5348 3385 5417 duplici
3408 5364 3563 5418 gene-

1985 5438 2044 5478 re
2092 5436 2340 5477 versuum
2397 5430 2825 5475 letrametrorum
2901 5420 3261 5483 alteruorum,
3339 5435 3566 5488 quorum

1984 5495 2129 5563 prior
2174 5497 2407 5546 trochaeo
2432 5532 2447 5556 ,
2489 5492 2753 5563 posterior
2796 5490 3036 5563 spondeo
3080 5490 3269 5563 incipit
3303 5500 3567 5563 guterque

1978 5560 2156 5618 autem
2186 5572 2302 5631 post
2326 5562 2549 5630 primum
2582 5560 2794 5628 pedem,
2826 5560 3123 5627 spondeum
3147 5602 3161 5623 ,
3188 5560 3269 5613 vel
3303 5561 3557 5625 iambum,

1977 5636 2065 5689 vel
2103 5634 2371 5705 dactylum
2429 5634 2630 5705 habens
2656 5646 2773 5705 cum
2824 5631 3027 5705 syllaba
3060 5631 3562 5705 supe‘rstitelquam

1978 5712 2173 5761 vocant
2201 5701 2491 5784 casuram”
2520 5702 2732 5771 dactylo
2756 5709 2808 5755 et
2846 5702 3084 5783 spondeo
3113 5701 3315 5782 linitur.
3351 5703 3566 5771 Excipi-
3628 5716 3632 5721 ·

1980 5786 2067 5831 tur
2097 5786 2273 5830 tamen
2304 5774 2592 5841 vigesimus
2624 5786 2841 5838 versus,
2891 5771 3044 5841 cujus
3095 5773 3300 5839 primus
3344 5788 3436 5843 pes
3482 5781 3566 5837 est

1980 5848 2188 5903 iambus
2215 5855 2271 5903 et
2291 5846 2557 5905 secundus
2585 5843 2903 5900 tribracbus.
