3984 6382
464 342 559 401 8H

533 457 751 513 miratur
775 458 955 523 effecta
981 459 1223 529 ctelestia,
1253 459 1513 514 terrestria
1557 467 1726 511 autem
1754 472 1859 509 non
1887 458 2051 511 miru-
2075 457 2130 522 Ᾱ

533 539 618 583 tur
664 533 800 600 quod
823 529 1005 584 horum
1026 541 1237 597 noscat,
1262 531 1473 586 illorum
1497 530 1696 601 ignoret
1729 543 1932 582 causas.

679 641 737 696 Si
768 643 886 711 quis
913 642 1127 696 Arcturi
1158 641 1335 698 sidera
1362 643 1536 698 nescit

669 733 973 802 Propinqua
1000 747 1213 790 summo
1237 735 1458 791 cardine
1490 735 1620 800 labi,

669 822 779 879 Cur
811 835 958 896 regat
995 826 1177 882 tardus
1207 828 1441 896 plaustra
1468 828 1690 893 Bcotes,

671 918 976 988 Mergatque
997 933 1148 975 seras
1173 923 1390 990 aequore
1417 919 1656 976 ﬂammas
1675 964 1689 985 ,

529 1009 564 1065 5
669 1011 801 1066 Cum
825 1011 981 1065 nimis
1006 1011 1212 1067 celeres
1239 1013 1469 1082 explicet
1497 1022 1645 1067 ortus
1662 1053 1677 1077 ,

670 1104 864 1173 Legem
897 1105 1132 1174 stupebit
1157 1105 1379 1160 aetheris
1400 1104 1517 1159 alti.

672 1195 833 1267 290
862 1195 1100 1250 Palleant
1139 1195 1312 1266 plenae
1333 1211 1534 1252 cornua
1561 1197 1700 1251 lunae

675 1289 870 1342 lnl'ecta
901 1289 1062 1344 metis
1089 1290 1263 1344 noctis
1291 1303 1497 1359 opacae,

671 1385 908 1452 Quaeque
941 1383 1162 1455 fulgenti
1195 1393 1404 1439 texerat
1434 1399 1529 1438 ore

494 1475 563 1530 lO
668 1474 899 1531 Confusa
931 1474 1158 1541 Pluebe,
1191 1476 1405 1543 detegat
1438 1485 1580 1529 astra
1607 1491 1620 1526 :

1699 340 1814 398 AN.
1854 328 2063 397 MANL.
2103 340 2259 401 SEV.
2300 341 2527 400 BOETll

3642 336 3736 398 812

2371 458 2688 512 Commovet
2714 465 2903 527 gentes
2925 457 3168 526 publicus
3200 471 3378 521 error,

2381 552 2709 621 Lassantque
2736 551 2943 605 crebris
2975 549 3216 618 pulsibus
3244 565 3372 603 tera.

2377 643 2548 697 Nemo
2573 644 2800 697 miratur
2831 641 3048 696 ﬂamina
3077 642 3191 695 cori

2375 734 2548 788 Littus
2580 733 2830 789 frementi
2856 734 3080 788 tundere
3105 732 3290 799 ﬂuctu,

2197 826 2264 881 15
2375 828 2534 897 291
2564 825 2674 880 Nec
2705 824 2845 878 nivis
2871 825 3058 879 duram
3091 824 3293 891 frigore
3320 821 3526 877 molem

2375 919 2642 974 Fervente
2663 918 2851 974 Pbtebi
2884 915 3082 973 solvier
3112 929 3266 971 tesm.

2375 1013 2473 1068 llic
2493 1015 2636 1067 enim
2665 1025 2857 1067 causas
2871 1027 3095 1066 cernere
3124 1019 3430 1080 promptum
3461 1013 3569 1064 εει·

2377 1106 2490 1160 lllic
2517 1107 2746 1160 latentes
2777 1113 2991 1174 pectora
3025 1105 3243 1158 turhant

2381 1198 2579 1253 Cuncta
2603 1215 2616 1262 ;
2651 1214 2769 1267 quae
2795 1211 2916 1251 rara
2943 1197 3189 1266 provehit
3222 1205 3356 1248 tetas

2193 1292 2266 1346 20
2377 1292 2673 1358 Stupetque
2710 1290 2904 1345 subitis
2932 1289 3130 1344 mobile
3159 1289 3366 1358 vulgus.

2374 1384 2539 1437 Cedat
2563 1383 2740 1437 insciti
2771 1382 2987 1437 nubilus
3013 1395 3188 1446 error,

2374 1471 2602 1527 Cessent
2641 1472 2882 1542 profecto
2909 1473 3043 1526 mira
3067 1471 3254 1526 videri.

1759 1644 1761 1646 .
1856 1577 2438 1644 INTERPRETATIO.

530 1683 590 1737 Si
619 1684 728 1755 quis
755 1684 989 1755 ignoret,
1020 1683 1212 1755 stellas
1235 1681 1382 1737 Ursa:
1409 1683 1530 1737 rerti
1575 1693 2047 1755 prapegsuprcrnum

455 1746 652 1823 polum,
678 1746 761 1807 hic
775 1746 1118 1807 vadmirabitur
1139 1754 1452 1807 vehementer
1476 1746 1634 1821 legem
1657 1746 1767 1806 coeli
1794 1746 2040 1818 sublimis,

454 1842 560 1895 qua
589 1825 786 1888 Bootes,
835 1827 923 1894 qui
963 1827 1107 1877 habet
1162 1833 1333 1878 ortum
1361 1824 1678 1886 velociorem,
1725 1825 1895 1877 lentus
1924 1833 2046 1892 agat

455 1912 660 1948 currum
684 1912 859 1967 suum,
903 1905 947 1946 et
993 1911 1264 1962 nunquam
1295 1897 1526 1967 demittat
1553 1899 1691 1967 ignes
1721 1912 1840 1948 suos
1869 1897 2046 1948 tardos

454 1967 507 2018 in
540 1980 695 2020 utare;
730 1964 790 2021 Si
809 1968 971 2018 orbita
998 1968 1133 2018 (ante
1164 1969 1327 2032 plena:
1353 1964 1790 2036 palleatffwdata
1817 1967 2045 2017 terminis

453 2039 617 2090 noctis
646 2036 891 2102 obscur-te,
927 2047 971 2088 et
1007 2051 1119 2102 qua:
1160 2036 1286 2088 luna
1313 2035 1565 2090 velaverat
1596 2035 1741 2088 vultu
1771 2037 2042 2101 splendido

2157 1681 2325 1748 petitis
2353 1680 2537 1734 ictibus
2566 1681 2786 1750 fatigant
2833 1680 3085 1751 cymbala.
3124 1679 3290 1733 Nemo
3319 1679 3555 1747 miratur,
3585 1691 3749 1736 ventos

2155 1754 2260 1804 cori
2295 1754 2452 1820 ferire
2475 1767 2594 1804 oras
2622 1753 2848 1805 marinas
2890 1754 3042 1804 undis
3082 1751 3546 1815 tumultuantibus,
3598 1767 3752 1818 neque

2153 1824 2416 1875 cumulum
2465 1825 2592 1876 nivis
2636 1824 2829 1892 frigore
2854 1824 3155 1874 induratum
3185 1822 3374 1888 liquari
3417 1823 3586 1874 calore
3613 1828 3751 1874 velte-

2154 1897 2305 1947 menti
2338 1894 2461 1946 solis
2489 1910 2507 1946 :
2537 1910 2652 1945 nam
2681 1892 2763 1945 hic
2790 1894 2941 1951 facile
2964 1904 3037 1946 est
3071 1908 3376 1963 cognoscere
3405 1905 3584 1945 causas
3606 1909 3628 1946 :
3659 1894 3750 1946 illic

2155 1981 2328 2016 caustv
2360 1967 2574 2018 occulta:
2604 1964 2903 2030 perturbant
2944 1963 3302 2026 admiratione
3346 1978 3517 2015 omnes
3544 1973 3750 2018 meum.

2155 2033 2432 2088 Plebecula
2487 2035 2778 2087 inconstans
2835 2035 3056 2086 miratur
3093 2051 3154 2086 ea
3201 2049 3315 2101 quia
3351 2049 3474 2087 raro
3515 2043 3564 2085 et
3590 2035 3749 2087 subito

452 2108 625 2161 stellas
651 2097 889 2170 minores,
919 2097 1031 2161 haec
1061 2108 1328 2159 obscurata
1377 2107 1563 2160 revelet
1605 2097 1808 2160 easdem
1848 2108 2047 2171 stellas,
2079 2097 2130 2158 Β
2156 2107 2411 2159 eueniunt.
2449 2104 2610 2161 Error
2651 2109 2899 2175 obscurus
2931 2106 3102 2175 ignari
3147 2097 3285 2175 vulgi
3335 2107 3589 2175 facessat;
3651 2107 3750 2160 hac

452 2177 580 2234 hinc
608 2193 750 2233 error
781 2180 1061 2231 communis
1086 2178 1254 2231 turbat
1281 2178 1520 2250 populos,
1547 2179 1634 2247 qui
1666 2189 1947 2248 propterea
1970 2193 2052 2232 re-

2161 2186 2295 2230 certe
2320 2177 2546 2230 desinent
2572 2174 2732 2230 videri
2770 2174 3118 2230 admirabilia.

1981 2288 2216 2347 ΝΟΤᾸΕ.

529 2413 587 2485 Ι.Δ
608 2405 856 2485 Arcturi.]
885 2409 1138 2485 Arcturus
1160 2405 1356 2460 dicitur
1384 2407 1453 2485 ab
1475 2405 1662 2485 ἄρκτος
1688 2423 1828 2475 ursa,
1845 2416 1899 2461 et
1920 2408 2045 2485 clipei

456 2482 643 2541 cauda.
666 2481 816 2550 quasi
841 2477 982 2531 ursa:
1005 2477 1192 2537 cauda.
1224 2489 1307 2532 est
1335 2479 1488 2532 stella
1509 2477 1755 2533 omnium
1774 2519 1788 2542 ,
1818 2495 1882 2534 ex
1926 2477 2045 2545 qui-

455 2554 561 2610 hos
581 2553 748 2616 major
777 2549 911 2605 Ursa
941 2557 1182 2612 constat,
1229 2552 1459 2603 maxime
1488 2553 1612 2618 polo
1655 2551 1830 2604 vicina
1856 2568 1868 2600 :
1899 2550 2044 2602 unde

461 2625 570 2679 dit-i
599 2623 736 2676 solet
763 2622 913 2674 stella
939 2620 1128 2686 palaris
1150 2634 1168 2671 :
1188 2635 1356 2686 quare
1382 2634 1503 2674 cum
1537 2622 1691 2688 polus
1717 2623 1947 2674 arcticus
1978 2619 2048 2674 ab

457 2695 562 2750 bac
589 2692 724 2747 Ursa
753 2697 828 2745 sic
863 2699 1081 2742 vocatus
1117 2691 1268 2744 nobis
1293 2705 1507 2752 semper
1529 2703 1806 2760 appareat,
1830 2701 1888 2744 ut
1919 2704 2045 2758 p0te

455 2774 646 2822 nostro
676 2762 953 2816 horizonte
979 2760 1289 2825 sublimior,
1337 2762 1538 2815 idcirco
1573 2762 1728 2815 stella
1775 2762 1916 2824 haec,
1942 2777 2042 2816 ceu

456 2834 740 2899 antipodas
772 2837 1018 2894 horreat,
1062 2845 1336 2901 nunquam
1379 2833 1616 2888 occidit:
1648 2833 1773 2888 hinc
1815 2832 2047 2902 Virgil.|

454 2905 676 2974 Georg.,
719 2921 770 2957 v.
795 2903 898 2958 246
931 2920 943 2955 :

578 2999 751 3047 Arctos
765 2996 933 3045 oceani
954 3001 1239 3045 metuentes
1260 3005 1461 3056 aequore
1485 2996 1624 3058 tingi.

456 3081 677 3136 Scilicet
716 3088 933 3150 propter
979 3080 1158 3150 odium
1195 3078 1454 3140 Junonis,
1499 3089 1556 3132 ut
1599 3080 1804 3150 fingunt
1833 3092 2043 3149 poetae,

458 3168 576 3221 qum
608 3151 746 3222 quod
774 3149 1032 3218 majorem
1059 3149 1249 3204 Ursam
1279 3152 1334 3222 in,
1355 3150 1551 3222 ctelum
1582 3149 1869 3205 admissam
1901 3170 2044 3222 aegre

455 3225 643 3285 ferret,
678 3221 886 3290 Tethyn
921 3223 1144 3286 rogavit,
1170 3235 1238 3275 ne
1259 3221 1374 3272 suis
1404 3221 1540 3273 lianc
1572 3223 1814 3290 pellicem
1845 3221 2045 3278 sineret

459 3293 612 3362 aquis
637 3292 823 3365 lavari.
856 3291 994 3365 Idem
1022 3294 1281 3365 Arcturus
1325 3304 1545 3365 vocatur
1568 3293 1730 3345 etiam
1761 3297 2048 3365 ArctOphg-

461 3360 552 3417 lake
577 3371 631 3416 et
651 3360 869 3435 Bootes,
891 3361 958 3415 de
986 3377 1090 3429 quo
1123 3361 1382 3435 fit_sermo
1409 3362 1468 3435 in
1494 3364 1526 3415 5
1555 3377 1735 3435 versu.
1769 3360 2056 3435 Arctophy-

461 3435 551 3488 laa:
579 3434 795 3502 quidem
828 3431 943 3502 sive
973 3440 1142 3484 custos
1178 3431 1344 3495 Urste,
1380 3433 1512 3496 sive,
1547 3442 1604 3485 ut
1649 3434 1885 3502 loquitur
1925 3431 2055 3490 Otii-

460 3499 610 3565 dius,
639 3513 807 3556 custos
836 3499 1215 3556 Erimanthidos
1241 3519 1393 3566 ursae,
1423 3504 1559 3570 quod
1582 3499 1825 3558 videatur
1854 3522 2053 3572 ursam,

460 3590 620 3644 quam
644 3587 854 3641 semper
874 3574 1184 3638 comitatur,
1229 3574 1517 3644 custodire.
1558 3572 1743 3628 Bootes
1782 3593 1912 3632 vero
1942 3580 2056 3633 sive

461 3642 747 3716 bubulcus,
772 3645 896 3710 quia
918 3644 1107 3716 stellis
1129 3647 1350 3716 formam
1372 3642 1550 3716 boum
1581 3657 1881 3716 currusque
1915 3648 2057 3703 refe-

461 3715 706 3770 rentibus
728 3715 895 3769 instar
922 3713 1198 3782 cujusdam
1226 3715 1434 3768 bubulci
1459 3715 1701 3770 adhaeret
1727 3735 1739 3770 :
1775 3713 1898 3773 hinc
1929 3721 2057 3772 Pro-

460 3787 640 3910 Ρεῖιίο
667 3785 863 3910 dicsitur
884 3799 1084 3907 ἕξεσι-ε
1125 3786 1270 3839 boves
1297 3797 1344 3838 et
1376 3785 1611 3854 plu-nstra
1657 3785 1863 3844 Bootes.
1897 3790 2055 3845 Juve-

460 3872 530 3910 na
559 3897 571 3910 .
608 3867 708 3910 sat.
775 3869 862 3910 .v.
927 3873 1000 3908 ..ε

460 3857 571 3912 nal.
608 3867 708 3911 sat.
735 3857 789 3920 5,
811 3869 862 3909 v.
886 3857 957 3907 29.
988 3873 1000 3908 :

897 3945 996 3995 Aut
1014 3947 1098 3996 illo
1124 3953 1367 4010 tempore,
1388 3963 1485 4010 quo
1500 3962 1557 3998 se

616 4008 812 4072 Frigida
836 4009 1171 4071 circumagunt
1191 4008 1313 4072 pigri
1338 4008 1528 4060 sarraca
1552 4011 1737 4063 Boote.

464 4091 602 4147 lllud
629 4108 786 4160 porro
817 4092 963 4146 sidus
989 4091 1183 4158 triplici
1217 4093 1318 4145 hoc
1349 4098 1568 4148 nomine
1595 4095 1872 4162 donatum,
1910 4107 2052 4152 recte

463 4162 661 4217 dicitur
702 4179 901 4235 summa
948 4165 1186 4225 cardine,
1236 4164 1324 4218 cui
1377 4168 1722 4234 propinquum
1752 4179 1870 4235 est,
1913 4170 2052 4223 labi:

461 4235 716 4304 adqune
737 4234 862 4286 hinc
900 4236 1106 4286 tardum
1136 4249 1275 4287 seras
1315 4237 1550 4300 ﬂammas
1590 4239 1643 4290 in
1688 4234 1891 4304 (equore
1920 4257 2051 4293 mer-

464 4320 603 4379 gere,
635 4303 757 4379 inde
782 4317 919 4379 vero
951 4305 1132 4357 celeres
1162 4305 1418 4379 explicare
1449 4321 1608 4379 ortus.
1657 4309 1893 4363 Primum
1934 4313 2051 4379 qui.

372 4393 375 4395 ·
465 4372 587 4430 dem
618 4374 922 4448 sidusillud
962 4372 1418 4448 summoeardine
1463 4376 1662 4432 labitur
1689 4397 1702 4432 :
1729 4382 1850 4448 quia
1895 4372 2051 4435 verti-

464 4456 554 4498 tur
596 4446 661 4499 ad
705 4447 884 4514 polum
938 4447 1450 4513 septentrionalem,
1503 4449 1593 4515 qni
1639 4446 1791 4503 nobis
1835 4467 2051 4518 semper

465 4525 687 4583 apparet
746 4520 871 4570 etin
900 4531 1008 4585 quo
1037 4527 1287 4582 tanquam
1318 4519 1368 4573 in
1400 4520 1573 4572 altero
1614 4523 1794 4574 mundi
1831 4524 2050 4579 cardine

465 4587 612 4641 orbis
641 4587 875 4640 caelestis
899 4588 1030 4639 verti
1058 4587 1289 4655 fingitur.
1339 4589 1538 4642 Deinde
1579 4591 1719 4644 idem
1764 4592 1918 4646 sidus
1949 4604 2050 4648 tar-

461 4659 590 4710 dum
621 4671 768 4730 seras
817 4657 870 4709 in
913 4658 1045 4710 mari
1082 4660 1275 4730 mergit
1316 4658 1576 4727 ﬂammas,
1629 4667 1882 4730 quoniam
1915 4682 2050 4718 nun.

459 4741 619 4796 quam
654 4726 1075 4798 infradnostrum
1112 4727 1440 4784 horizontem
1487 4726 1852 4798 descendens,
1910 4752 2049 4790 unn-

459 4795 622 4864 quam
652 4795 869 4874 occidit.
927 4801 1162 4874 Itemque
1212 4799 1352 4853 idem
1409 4800 1554 4874 sidus
1583 4805 1787 4856 celeres
1814 4795 2050 4874 explicat

460 4882 630 4930 ortus,
674 4867 814 4934 quod
845 4870 1031 4935 majori
1057 4869 1315 4923 duntaxat
1343 4872 1471 4925 solis
1494 4874 1694 4928 lumine
1723 4867 2046 4933 occultatum

458 4939 647 5018 statim
663 4945 825 5018 atque
848 4937 1025 5018 lumen
1047 4940 1245 5018 solare,
1261 4940 1467 5010 objecta
1485 4950 1645 5018 terra,
1663 4949 1925 5001 minutum
1941 4961 2046 5018 est,

461 5009 676 5090 emicat.
703 5007 798 5063 llle
823 5017 1000 5063 autem
1031 5010 1120 5078 qui
1141 5011 1279 5066 hanc
1299 5007 1514 5068 causam
1545 5007 1758 5084 ignorat
1796 5007 2047 5088 prtedicta

457 5088 707 5134 miratur.

531 5150 584 5228 ἶ.
612 5147 854 5228 Politian}
881 5149 1262 5228 plentecornua
1301 5151 1480 5225 lunia]
1521 5155 1665 5210 L-una
1686 5198 1700 5222 ,
1732 5174 1852 5228 quae
1882 5162 2044 5218 etiam

457 5218 893 5294 diciturPluebe,
924 5220 1068 5288 quod
1099 5236 1194 5290 per
1233 5234 1442 5294 noctem
1460 5218 1774 5294 splendeat,
1809 5243 1888 5285 est
1923 5249 2046 5288 cor-

456 5304 555 5372 pus
582 5292 802 5372 Cteleste
829 5305 1084 5372 opacum,
1116 5293 1258 5372 quod
1289 5296 1448 5348 solari
1473 5292 1682 5372 lumine
1713 5301 1786 5372 ita,
1816 5307 2038 5372 relucet,

455 5371 518 5414 ut
547 5362 704 5436 modo
729 5362 1069 5436 angulatam,
1103 5363 1262 5436 modo
1289 5369 1571 5420 rotundam
1603 5370 1904 5436 splendoris
1936 5362 2044 5429 for;

455 5447 593 5486 mam
621 5429 888 5487 exhibeat.
916 5429 1186 5502 Contingit
1233 5445 1411 5489 autem
1465 5429 1752 5505 aliquando
1815 5456 1871 5496 ut
1902 5447 2040 5502 inter

453 5505 620 5578 solem
663 5513 719 5558 et
744 5506 918 5557 lunam
970 5505 1177 5578 plenam
1205 5509 1324 5560 sive
1370 5510 1599 5562 rotundo
1625 5512 1914 5578 splendore
1944 5533 2031 5570 re-

450 5573 748 5636 lucentem,
784 5583 922 5627 terra
979 5576 1051 5627 ita
1086 5574 1396 5643 interjaceat
1432 5588 1492 5630 ut
1534 5573 1888 5637 luoa'umbris
1921 5597 2032 5641 ter-

451 5647 708 5718 restrihvgs
728 5648 1016 5718 obscurata
1052 5653 1335 5700 rotundum
1367 5663 1522 5702 suum
1554 5650 1894 5718 splendorem
1928 5667 2036 5710 sta-

450 5716 548 5767 titn
576 5715 802 5786 amittat,
838 5726 891 5768 et
920 5717 1112 5780 stellze,
1138 5731 1255 5784 qua:
1282 5720 1468 5786 majori
1506 5715 1646 5774 lunae
1673 5723 1870 5778 lumine
1899 5725 2034 5780 offu-

449 5794 681 5864 saea‘nte
720 5783 992 5864 latebant,
1028 5783 1283 5864 incqnant
1307 5783 1582 5864 educare.
1627 5791 1760 5845 Tum
1795 5806 2026 5864 veteres,

445 5850 544 5928 qui
568 5852 702 5910 falsa
721 5856 1106 5925 superstitione
1130 5850 1507 5927 existimabant
1533 5863 1661 5924 hinc
1688 5866 1906 5942 quidem
1946 5850 2028 5928 tu:

2154 2416 2280 2457 nam
2311 2400 2638 2456 carminibus
2671 2401 2776 2467 pati
2826 2403 2929 2456 hoc
2974 2402 3302 2471 deliquium,
3341 2401 3467 2457 inde
3495 2417 3632 2457 vero
3661 2403 3748 2456 Iin-

2153 2475 2270 2526 nitu
2319 2472 2441 2526 teris
2478 2473 2558 2525 vel
2614 2472 2982 2541 cymbalorum
3031 2474 3278 2536 liberari,
3339 2473 3405 2527 ad
3455 2489 3564 2525 tera
3626 2476 3746 2526 luna

2153 2544 2468 2669 t'tl‘ttilltilltt'ia,
2527 2553 2582 2597 ut
2641 2553 2796 2598 vocat
2831 2545 3099 2610 Tibullus,
3155 2545 3539 2614 confugiebant
3572 2562 3585 2596 :
3616 2545 3744 2599 idem

2211 2632 2224 2668 ι
2270 2632 2300 2668 ιι
2347 2629 2432 2669 us.

2310 2654 2432 2684 ξιιιο,

2281 2704 2462 2755 Cantus
2481 2712 2533 2754 et
2556 2716 2586 2753 e
2609 2717 2754 2754 curru
2778 2705 2938 2753 lunam
2958 2706 3210 2754 deducere
3240 2712 3419 2766 tentat,

2347 2767 2404 2816 Et
2422 2769 2606 2816 faceret
2627 2780 2666 2815 sn
2691 2780 2783 2814 non
2809 2776 2906 2816 aera
2927 2769 3122 2827 repulsa
3143 2776 3342 2817 sonent.

2156 2850 2428 2907 iuvenalis
2456 2861 2558 2906 sat.
2590 2851 2654 2916 6,
2688 2851 2725 2905 l.
2759 2858 2818 2920 ti,
2854 2869 2896 2904 v.
2938 2852 3081 2906 44ος

2282 2943 2374 2992 Tot
2398 2946 2582 3003 pariter
2609 2945 2796 3002 pelves,
2827 2953 2890 2993 tot
2927 2944 3247 2994 tintinnabula
3273 2946 3411 2993 dicas

2281 3005 2472 3055 Pulsari
2493 3019 2506 3053 :
2521 3007 2617 3067 jam
2639 3019 2782 3056 nemo
2807 3009 2966 3063 tubas,
3009 3018 3155 3055 neruo
3177 3020 3271 3054 aera
3297 3006 3478 3066 fatiget

2285 3067 2389 3117 Una
2414 3067 2646 3117 laboranti
2677 3071 2853 3130 poterit
2878 3071 3172 3118 succurrere
3201 3069 3345 3117 lunie.

2156 3149 2332 3206 Nemo
2365 3151 2542 3203 nescit
2568 3151 2839 3218 vulgatum
2876 3151 3003 3203 illud
3040 3151 3242 3218 Virgilii
3266 3153 3371 3206 ecl.
3406 3153 3463 3219 8,
3487 3167 3534 3206 ν.
3558 3151 3659 3209 69:

2278 3241 2500 3292 Carmina
2523 3241 2602 3291 vel
2628 3242 2754 3292 coelo
2771 3249 2978 3305 possunt
3001 3243 3252 3292 deducere
3274 3245 3459 3295 lunam.

2232 3325 2356 3378 llmc
2379 3333 2555 3377 autem
2588 3329 2792 3392 omina,
2818 3343 2935 3394 qnte
2958 3342 3051 3380 sex
3084 3328 3360 3395 prtedictis
3379 3330 3622 3384 versilms
3643 3342 3735 3384 ete-

2160 3405 2351 3463 ganter
2372 3395 2746 3450 describuntur
2776 3412 2804 3450 a
2843 3398 3209 3461 Philosophia,
3244 3401 3364 3453 ideo
3392 3401 3618 3455 miratur
3642 3403 3740 3456 vul-

2160 3481 2281 3534 gus,
2313 3467 2434 3535 quia
2462 3467 2651 3519 horum
2684 3482 2900 3522 causam
2933 3470 3122 3522 nescit.

2237 3539 2323 3620 15..
2380 3536 2559 3620 Nemo
2591 3539 2829 3620 miratur,
2869 3536 3012 3620 lete]
3066 3539 3354 3609 Postquam
3398 3541 3744 3620 Philosophia

2159 3607 2403 3675 quzrdam
2447 3607 2669 3682 protulit
2710 3624 2827 3682 quae
2868 3607 3113 3664 homines
3145 3607 3364 3679 propter
3397 3607 3744 3682 ignorantiam

2159 3694 2444 3732 causarum
2485 3678 2666 3731 mirari
2717 3679 2919 3745 solent,
2958 3678 3223 3735 contraria
3253 3678 3568 3747 refert'qua;
3598 3686 3744 3738 iidem

2162 3749 2411 3820 homines
2434 3763 2537 3820 non
2569 3750 2849 3820 mirantur,
2882 3751 3270 3820 quod-illorum
3316 3769 3509 3808 causas
3553 3756 3740 3810 norint.

2159 3819 2394 3872 Primum
2425 3819 2638 3886 quidem
2689 3817 2934 3876 homines
2978 3837 3082 3875 non
3141 3824 3402 3878 mirantur
3429 3841 3612 3880 corum
3641 3827 3742 3880 sive

2161 3905 2400 3968 caurum,
2433 3899 2648 3968 ventum
2693 3893 2761 3945 ab
2801 3895 2998 3968 occasu
3047 3895 3232 3947 aestivo
3262 3898 3570 3968 spirantem
3595 3899 3744 3968 ﬂuctu

2160 3960 2395 4034 frementi
2446 3961 2659 4034 tundere
2686 3977 2810 4015 oras
2840 3964 3105 4030 marinas,
3137 3960 3513 4034 quod'iisdcm
3572 3960 3743 4022 notum

2158 4033 2230 4083 sit
2267 4043 2483 4084 ventum
2537 4032 2676 4086 hunc
2713 4047 2833 4086 esse
2863 4048 3070 4107 corpus
3117 4032 3446 4107 commotum
3468 4079 3482 4099 ,
3534 4054 3745 4107 corpus-

2158 4116 2262 4173 que
2289 4109 2613 4173 commotum
2667 4105 2982 4159 naturaliter
3037 4106 3260 4160 tundere
3300 4123 3526 4173 corpora
3576 4105 3741 4164 obvia.

2161 4171 2361 4224 Deinde
2394 4172 2552 4226 iidem
2609 4173 2852 4229 homines
2895 4191 2999 4230 non
3044 4177 3303 4230 mirantur
3351 4171 3552 4233 molem
3613 4182 3742 4235 nivis

2165 4241 2363 4319 frigore
2385 4243 2684 4319 induratum
2713 4243 2960 4319 fervente
2984 4247 3114 4299 solis
3129 4249 3543 4314 trstuliquelieri
3563 4292 3579 4315 ,
3609 4252 3740 4319 quod

2157 4313 2331 4366 sciant
2377 4316 2587 4390 quietas
2624 4314 2769 4390 nivis
2815 4316 2964 4370 dar-ie
3009 4329 3200 4390 partes
3263 4313 3469 4374 maveri
3517 4313 3676 4390 posse
3714 4338 3740 4376 ιι

2159 4387 2446 4456 commotis
2476 4387 2665 4456 solaris
2693 4398 2856 4439 a'stus
2886 4388 3179 4456 particulis.

2231 4455 2294 4507 l9
2322 4467 2372 4507 et
2399 4454 2627 4534 20.0w?
2651 4473 2771 4534 rara
2786 4454 3024 4534 provehit
3051 4468 3176 4512 mtas
3215 4469 3484 4529 stupetque
3511 4461 3731 4534 subitis.]

2156 4523 2349 4594 Ignora
2381 4525 2639 4600 plebecula
2658 4528 2940 4580 admiratur
2962 4545 3275 4600 quaecunque
3299 4523 3343 4584 et
3372 4523 3490 4587 raro
3515 4532 3562 4587 ei
3587 4523 3742 4588 subito

2157 4600 2475 4666 contingunt.
2520 4596 2782 4649 Nimirum
2811 4596 3094 4654 admiratio
3123 4596 3205 4654 est
3251 4603 3424 4658 subita
3456 4607 3742 4658 commotio

2157 4677 2352 4719 mentis
2379 4667 2633 4738 attentius
2660 4671 2955 4735 spectantis
2987 4687 3050 4724 ea
3085 4686 3205 4738 qua:
3233 4688 3370 4726 nova
3419 4677 3671 4730 videntur
3697 4686 3743 4729 et

2158 4751 2348 4805 magna
2382 4737 2562 4791 :unde
2586 4752 2744 4791 causa
2781 4739 2939 4807 hujus
2966 4737 3386 4808 perturbationis
3437 4757 3520 4800 est
3561 4763 3650 4800 res
3695 4757 3742 4799 et

2156 4821 2274 4859 rara
2316 4821 2369 4861 et
2400 4810 2595 4860 subita.
2627 4808 2764 4862 llara
2793 4811 3043 4878 quidem;
3103 4829 3258 4876 nam,
3312 4828 3367 4867 ut
3409 4817 3618 4870 barbari
3674 4818 3742 4870 lo-

2156 4888 2411 4957 quuntur,
2437 4880 2499 4931 ab
2524 4880 2743 4957 assuetis
2762 4883 2955 4957 nonhﬁt
2979 4884 3168 4949 passio.
3199 4886 3383 4957 Subita
3409 4903 3536 4941 vero
3567 4904 3581 4952 ;
3612 4903 3742 4957 quo-

2158 4949 2328 5029 niam,
2361 4959 2417 5002 ut
2445 4960 2589 5029 recte
2608 4951 2713 5029 _ai_t
2759 4950 2817 5005 S.
2840 4951 3175 5029 ﬁregorius,
3223 4956 3395 5029 iacula
3421 4975 3536 5024 qua!
3560 4949 3739 5029 prima-

2157 5020 2340 5096 dentur
2393 5019 2563 5096 minus
2599 5019 2807 5096 feriunt.
2840 5020 3076 5096 Verum,
3101 5024 3294 5096 inquit
3339 5019 3738 5096 grammaticus,

2153 5104 2262 5156 quo
2291 5089 2411 5158 jure
2447 5090 2780 5168 hicvariatis
2828 5093 3031 5168 casibus
3061 5089 3258 5168 dicitur
3291 5089 3486 5168 vulgus
3530 5089 3739 5166 stupere

2152 5175 2275 5238 rara
2327 5171 2385 5238 et
2407 5161 2625 5214 subitis?
2671 5177 2797 5216 nunt
2827 5165 3138 5232 conjunctio
3169 5180 3326 5234 pares
3368 5161 3520 5238 o'ptat
3559 5161 3740 5221 casus?

2152 5232 2345 5308 _O_ptat,
2377 5234 2591 5308 inquam
2613 5273 2629 5298 ,
2675 5247 2832 5300 pares
2863 5251 3011 5308 casus
3045 5250 3064 5290 :
3090 5232 3184 5290 sed
3218 5253 3322 5291 non
3347 5232 3490 5304 raro,
3522 5241 3736 5308 postha-

2150 5299 2258 5355 bita
2285 5299 2568 5380 verborum
2591 5299 3014 5380 constructi—one,
3045 5321 3203 5360 sensa
3232 5299 3492 5365 duntaxat
3515 5299 3739 5380 jungun-

2150 5382 2235 5425 tur
2265 5389 2278 5424 :
2309 5375 2387 5427 sic
2431 5374 2620 5447 Cicero
2649 5374 2785 5428 dixit
2815 5392 2829 5427 :
2863 5375 2980 5428 Emi
3005 5388 3207 5430 centum
3236 5383 3408 5435 aureis
3452 5391 3499 5435 et
3516 5374 3685 5447 'pluris
3713 5393 3731 5434 :

2146 5458 2452 5514 quanquam
2483 5444 2567 5498 hic
2613 5449 2946 5500 constructio
2985 5447 3148 5501 solita
3184 5465 3288 5503 non
3321 5444 3574 5514 mutatur,
3639 5450 3734 5503 sed

2145 5513 2370 5567 verbum
2402 5517 2668 5581 quoddam
2703 5517 2922 5570 tacitum
2948 5517 3113 5573 debet
3160 5521 3387 5592 intelligi
3418 5540 3434 5589 ;
3463 5513 3610 5591 quasi
3656 5520 3735 5574 di-

2141 5596 2357 5663 ceretur
2386 5593 2712 5663 stupet__qttw
2760 5604 2883 5663 rara
2927 5598 3044 5663 s_u_nt
3081 5599 3129 5644 et
3146 5601 3324 5663 _s_tupet
3355 5594 3570 5647 subitis:
3596 5594 3736 5644 sicut

2141 5655 2284 5706 enim
2315 5653 2521 5734 Tullius
2551 5653 2734 5734 diuit,
2767 5675 2802 5714 ιι
2844 5661 2910 5734 de
2933 5659 3053 5715 Fin.
3085 5677 3100 5714 :
3135 5653 3254 5718 Nos
3288 5663 3535 5719 Varrones
3560 5673 3734 5734 stupe-

2139 5739 2255 5778 mus
2289 5740 2306 5778 :
2335 5729 2414 5779 sic
2447 5729 2693 5782 lloratius
2723 5731 2759 5784 Ι.
2795 5748 2808 5786 l
2853 5732 3055 5802 Satyr,
3078 5744 3180 5788 sat.
3205 5737 3260 5800 4,
3294 5739 3518 5799 cecinit,

2271 5805 2411 5854 Hanc
2431 5811 2558 5869 capit
2582 5811 2780 5870 argenti
2804 5811 3034 5873 splendor
3057 5826 3069 5861 :
3089 5822 3259 5875 stupet
3276 5815 3442 5866 Albius
3465 5828 3578 5865 are.

2212 5876 2304 5934 21.
2330 5876 2486 5936 Cedat
2504 5881 2720 5964 insciti]
2745 5881 2970 5963 Ignari:
2997 5899 3308 5963 quanquam
3333 5903 3513 5950 omnes
3537 5887 3626 5947 hic
3652 5885 3731 5945 lo-
