3984 6382
244 430 345 487 815

756 549 913 621 292
951 546 1171 603 PROSA
1210 548 1297 602 γι.

237 657 627 712 Aacunenrun.
651 657 1109 724 —Philosophia,
1148 661 1376 712 indicata
1423 662 1635 712 materia
1678 660 1821 713 dein-

306 744 420 794 ceps
454 731 751 790 tractanda,
785 741 828 782 et
856 733 1003 781 modo
1030 747 1127 797 quo
1156 730 1511 793 disputabitur,
1544 732 1681 795 ponit
1711 748 1824 782 cum

306 800 639 871 providentia:
659 802 871 863 diviuw,
900 810 1007 851 tum
1032 801 1124 871 fati
1146 802 1493 866 deﬁnitionem
1523 816 1539 851 :
1569 801 1702 853 unde
1729 800 1827 853 hoc

304 870 380 921 illi
414 870 484 921 ita
514 869 693 933 subjici
720 869 1065 934 demonstrat,
1096 881 1151 923 ut
1180 889 1277 923 non
1303 872 1465 923 minus
1497 872 1827 937 providentia

304 939 495 992 diritate
512 981 527 1001 ,
554 957 702 1003 quam
735 942 827 1007 fati
854 943 948 1007 sit,
972 952 1016 993 et
1038 943 1219 1011 probos
1241 944 1466 994 tristibus
1489 952 1535 994 et
1566 946 1819 1011 improbos

301 1010 490 1078 aptatis
518 1026 651 1062 nunc
678 1012 831 1080 afﬁci.

303 1099 379 1151 lta
409 1109 519 1163 est,
552 1100 785 1167 inquam.
832 1100 934 1155 Sed
965 1114 1087 1153 cum
1136 1102 1209 1154 tui
1260 1103 1498 1156 muneris
1544 1101 1615 1156 sit
1644 1103 1820 1157 laten-

228 1190 363 1244 tium
420 1206 599 1246 rerum
667 1208 856 1246 causas
911 1194 1189 1260 evolvere,
1246 1197 1552 1264 velatasque
1602 1198 1827 1266 caligine

226 1284 511 1351 explicare
560 1285 815 1349 rationes,
866 1300 1047 1354 quznso
1095 1293 1118 1320 ⁸
1166 1286 1239 1338 uti
1285 1286 1406 1340 hinc
1452 1288 1711 1340 decernas
1750 1298 1824 1351 et,

227 1378 487 1444 quoniam
541 1378 640 1432 hoc
691 1392 774 1431 me
824 1376 1135 1430 miraculum
1188 1376 1415 1430 maxime
1460 1378 1763 1446 perturbat,
1798 1378 1824 1417 ι»

227 1467 519 1520 edisseras.
554 1466 688 1519 Tum
720 1469 806 1521 illa
838 1470 1105 1537 paulisper
1126 1470 1405 1524 arridens:
1442 1471 1522 1523 Ad
1555 1488 1665 1525 rem
1701 1488 1822 1542 me,

231 1556 435 1627 inquit,
490 1558 726 1609 omnium
782 1560 1007 1627 qumsitu
1040 1560 1118 1628 (5)
1154 1561 1437 1615 maximam
1494 1576 1682 1629 vocas,
1739 1566 1823 1619 cui

235 1649 321 1701 vix
354 1658 374 1686 ε
408 1648 654 1702 exhausti
686 1650 972 1719 quidquam
1000 1653 1129 1705 satis
1162 1653 1249 1705 sit.
1282 1652 1426 1705 Talis
1453 1669 1685 1724 namque
1708 1673 1824 1709 ma-

240 1740 371 1792 teria
402 1749 483 1792 est
505 1781 517 1801 ,
543 1750 617 1801 ut,
650 1757 747 1792 una
781 1742 1113 1796 dubitatione
1140 1744 1367 1805 succisa,
1409 1744 1825 1801 innumerabiles

235 1832 382 1894 aliae,
410 1834 550 1884 velut
577 1830 601 1866 ἀ
636 1832 817 1901 hydra:
865 1833 1071 1899 capita,
1117 1846 1460 1888 sucerescant
1493 1853 1505 1887 :
1549 1854 1647 1891 nec
1686 1840 1823 1895 ullus

230 1924 394 1976 fuerit
430 1924 649 1987 modus,
696 1924 794 1976 nisi
825 1927 944 1993 quis
978 1940 1068 1978 eas
1100 1924 1439 1979 vivacissimo
1477 1930 1669 1983 mentis
1702 1932 1821 2001 igne

227 2026 484 2087 coerceat.
522 2018 535 2046 ¹
572 2016 625 2069 In
660 2016 755 2070 hac
785 2018 925 2071 enim
959 2017 1025 2069 de
1058 2016 1408 2072 Providentia:
1440 2021 1815 2089 simplicitate,

226 2108 297 2161 de
345 2108 436 2161 t’ati
477 2110 643 2173 serie,
681 2110 747 2164 de
790 2112 1078 2176 repentinis
1104 2111 1347 2180 casibus,
1380 2114 1445 2167 de
1480 2118 1816 2185 cognitione,

225 2215 291 2253 ac
334 2201 937 2271 prtedestinationeUO)
960 2203 1172 2267 divina,
1214 2204 1281 2258 de
1319 2205 1523 2259 arbitrii
1570 2207 1817 2263 libertate

1150 433 1237 487 DE
1275 432 1792 489 CONSOLATIONE
1835 434 2300 491 PHILOSOPHUE
2340 436 2466 491 LIB.
2508 435 2593 490 IV.

3411 418 3517 481 8H

1845 553 1899 611 Α
1924 552 2088 618 quirri
2121 551 2260 604 solet
2292 569 2303 603 :
2337 567 2456 619 quae
2484 548 2666 620 quanti
2716 550 2897 602 oneris
2920 547 3025 602 sint
3058 548 3168 616 ipse
3201 544 3510 614 perpendis.

1931 644 2035 698 Sed
2076 644 2321 712 quoniam
2366 643 2479 697 haec
2517 659 2728 712 quoque
2757 652 2808 697 te
2838 657 3024 705 nosse,
3058 645 3299 709 quaedam
3341 637 3511 691 medi-

1927 735 2063 787 cina:
2100 744 2202 786 tote
2236 734 2407 801 portio
2432 742 2549 798 est,
2585 747 2893 800 quanquam
2924 740 3149 798 angusto
3181 729 3345 783 limite
3379 740 3514 781 tem-

1931 825 2073 894 poris
2126 825 2297 893 septi,
2346 834 2521 877 tamen
2570 822 2767 891 aliquid
2818 832 2840 859 ο
2887 822 3129 876 delibare
3171 821 3511 876 conabimur.

1928 918 2079 987 Quod
2112 919 2158 972 si
2188 928 2238 973 te
2278 919 2462 972 musici
2492 918 2742 972 carminis
2771 917 3157 972 oblectamenta
3195 917 3467 971 delectant
3492 954 3509 975 ,

1929 1011 2065 1065 hanc
2088 1020 2299 1077 oportet
2330 1010 2597 1079 pauliSper
2624 1008 2840 1063 dill'eras
2864 1009 3222 1077 voluptatem,
3249 1009 3372 1061 dura
3393 1007 3508 1075 (15)

1929 1117 2091 1155 nexas
2116 1100 2215 1154 sibi
2239 1100 2425 1154 ordine
2452 1108 2681 1153 contexo
2706 1099 2958 1153 rationes.
2989 1097 3053 1153 Ut
3079 1098 3234 1161 libet,
3271 1095 3505 1164 inquam.

1929 1194 2086 1264 293
2120 1194 2139 1223 ²
2170 1192 2304 1246 Tum
2337 1193 2477 1245 velut
2516 1192 2583 1245 ab
2619 1192 2725 1245 alio
2756 1205 2877 1243 orsa
2909 1189 3199 1259 principio,
3235 1190 3302 1241 ita
3335 1188 3508 1240 disse-

1929 1286 2053 1341 ruit.
2091 1285 2338 1339 Omnium
2366 1284 2640 1353 generatio
2672 1298 2882 1343 rerum,
2926 1292 3254 1349 cunctosque
3284 1278 3511 1332 mutabi-

1930 1374 2057 1428 lium
2086 1385 2395 1428 naturarum
2429 1386 2769 1442 progressus,
2797 1382 2850 1425 et
2872 1368 3133 1439 quidquid
3173 1368 3350 1437 aliquo
3392 1386 3510 1421 mo-

1928 1476 2082 1520 vetur
2120 1466 2311 1533 modo,
2359 1478 2580 1528 causas,
2627 1464 2900 1528 ordinem,
2948 1461 3150 1515 formas
3198 1448 3265 1514 ex
3320 1459 3513 1514 divinae

1928 1562 2121 1615 mentis
2147 1556 2166 1595 ί
2196 1558 2484 1614 stabilitate
2508 1558 2749 1611 sortitur.
2776 1556 2900 1609 llaec
2932 1554 2981 1607 in
3015 1540 3124 1607 suae
3152 1552 3513 1620 simplicitatis

1928 1667 2052 1709 arce
2082 1651 2403 1721 composita,
2437 1649 2781 1715 multiplicem
2810 1648 2889 1717 (5)
2918 1645 3077 1699 rebus
3104 1643 3354 1714 gerendis
3397 1660 3513 1696 nio-

1926 1744 2050 1797 dum
2083 1742 2286 1796 statuit.
2330 1742 2425 1805 Qui
2471 1740 2658 1793 modus
2686 1754 2805 1792 cum
2841 1738 2892 1791 in
2927 1737 3034 1804 ipsa
3070 1734 3265 1787 divina:
3308 1733 3513 1789 intelli-

1928 1839 2116 1907 gentia:
2144 1837 2369 1905 puritate
2400 1836 2749 1904 conspicitur,
2782 1834 3126 1887 Providentia
3162 1833 3467 1903 nominatur
3498 1848 3511 1884 :

1926 1923 2045 1983 cum
2074 1943 2199 1982 vero
2220 1927 2284 1981 ad
2309 1941 2370 1980 ea
2396 1943 2515 1995 quae
2562 1935 2738 1978 movet
2774 1936 2932 1994 atque
2987 1924 3219 1991 disponit
3256 1922 3511 1984 refertur,

1927 2023 2090 2073 latum
2108 2036 2134 2069 a
2165 2019 2433 2073 veteribus
2455 2017 2774 2086 appellatum
2796 2025 2895 2069 est.
2916 2015 3043 2081 ane
3061 2014 3270 2067 diversa
3291 2027 3409 2066 esse
3436 2012 3512 2064 la-

1923 2117 2024 2171 cile
2045 2113 2342 2182 liquebit,si
2370 2112 2486 2180 quis
2516 2114 2794 2179 utriusque
2814 2110 2917 2163 vim
2944 2121 3121 2163 mente
3150 2109 3511 2181 conspexerit.

1925 2209 1945 2238 ³
1976 2208 2106 2262 Nam
2137 2202 2475 2259 Providentia
2522 2213 2605 2258 est
2636 2204 2721 2260 illa
2763 2206 2876 2272 ipsa
2921 2202 3096 2256 divina
3146 2204 3280 2256 ratio
3306 2204 3422 2272 (10)
3459 2203 3511 2256 in

1626 2347 2205 2405 INTERPRETATIO.

305 2463 331 2491 ⁸
360 2452 427 2508 Ut
457 2457 551 2508 hac
580 2457 641 2507 de
668 2472 721 2510 re
744 2453 883 2508 dicas
913 2463 1051 2509 tuam
1079 2459 1399 2511 sententiam.

301 2524 325 2561 δ
364 2526 606 2588 Exponus
618 2566 629 2577 .

298 2608 319 2631 τ
358 2594 471 2649 Dici
501 2605 661 2665 potest
693 2596 889 2665 aliquid
916 2598 1039 2651 satis
1068 2608 1383 2651 accuratum.

1999 2461 2024 2500 ἀ
2062 2454 2324 2528 Serpentis
2354 2450 2577 2530 plurium
2608 2462 2849 2516 canitum.

2006 2544 2028 2571 ε
2062 2533 2256 2586 Leviter
2285 2536 2553 2603 attingere.

2008 2604 2028 2641 ί
2061 2604 2375 2658 Constantia.

1761 2735 1987 2792 Noras.

230 2859 387 2915 grant,
436 2848 682 2906 inscitiae;
719 2845 1137 2898 existimavimus
1182 2853 1379 2911 tamen,
1416 2846 1590 2900 deleta
1627 2850 1812 2904 ultima

230 2920 457 2987 syllaba,
488 2933 605 2985 qum
635 2916 953 2981 scriptorum
989 2916 1194 2987 inscitia
1229 2916 1380 2969 laede.
1412 2916 1675 2971 introduci
1712 2938 1809 2983 po-

230 2986 358 3051 tuit,
398 2988 673 3054 legendum
722 3003 839 3039 esse
879 2988 1079 3051 inchi,
1134 2986 1232 3039 hoc
1292 2996 1371 3039 est
1425 2987 1592 3055 ignari
1636 2991 1816 3047 vulqi:

226 3061 372 3121 leges
404 3059 543 3110 enim
574 3057 725 3120 huius~
754 3057 1005 3109 carminis
1029 3054 1167 3107 ferre
1191 3071 1292 3108 non
1322 3069 1540 3122 possunt
1574 3060 1807 3122 inscilite,

224 3130 377 3195 cujus
404 3128 633 3181 secunda
658 3127 857 3197 syllaba
892 3128 1202 3195 producitur
1232 3126 1447 3180 Horatio
1480 3128 1654 3196 Satyr.
1693 3132 1727 3185 l.
1756 3148 1810 3197 ll,

222 3210 325 3252 sat.
358 3200 393 3251 Ξ
428 3217 438 3249 ;

354 3290 495 3340 lllum
514 3298 594 3336 aut
621 3290 870 3350 nequities
893 3296 977 3336 aut
1002 3287 1117 3334 vafri
1142 3288 1324 3335 inscitia
1350 3288 1485 3347 juris.

294 3376 309 3402 ¹
360 3374 422 3424 lu
464 3372 563 3443 hac
599 3371 746 3443 enim
767 3372 829 3421 de
873 3369 1213 3443 Providentia;
1249 3371 1581 3443 simplicitate
1606 3413 1617 3430 ,
1663 3382 1765 3425 etc.
1798 3370 1817 3443 ]

224 3444 261 3498 Ι.
291 3441 634 3504 PhiIOSOphia
662 3440 857 3493 indicat
882 3440 1153 3493 materiam
1180 3440 1429 3504 deinceps
1456 3441 1556 3493 sibi
1585 3440 1817 3494 ινποιςιηξ

223 3517 374 3575 dum,
413 3514 605 3581 inqua,
641 3527 739 3562 una
765 3512 1091 3562 dubitatione
1124 3511 1348 3568 succisa,
1385 3512 1675 3564 innumerte
1698 3515 1817 3567 alia}

222 3590 499 3637 oriuntur:
536 3581 837 3649 hnjnsmodi
872 3592 992 3632 sunt
1024 3582 1201 3632 divina
1232 3581 1590 3643 Providentia,
1625 3584 1812 3646 latum,

224 3654 515 3706 concordia
550 3653 807 3705 libertatis
835 3653 1076 3702 humanae
1105 3666 1223 3703 cum
1255 3652 1431 3703 divina
1459 3654 1809 3718 prmnotione.

225 3725 413 3794 Hydra
443 3736 642 3781 autem,
670 3722 821 3794 cuius
851 3721 1357 3794 similitudiueuunc
1379 3722 1542 3774 utitur
1562 3721 1811 3794 Philoso-

224 3792 371 3861 pliia,
398 3793 777 3861 quinquaginta
800 3794 903 3852 vel,
933 3802 987 3842 ut
1013 3792 1099 3842 alii
1126 3793 1328 3853 volunt,
1350 3801 1560 3844 centum
1588 3792 1814 3848 habebat

223 3865 423 3931 capita,
444 3878 691 3928 quorum,
718 3877 822 3915 uno
841 3862 1098 3921 ahsi-isso,
1124 3864 1229 3914 duo
1259 3862 1692 3923 reuaseebantur,
1718 3864 1814 3915 do-

222 3950 321 3988 nec
354 3934 606 3987 Hercules
633 3973 646 3991 ,
678 3941 947 3999 amputato
988 3947 1310 3999 unoquoque
1350 3936 1525 3997 capite
1552 3972 1566 3995 ,
1603 3935 1810 3987 vulneri

224 4005 401 4071 ignem
429 4002 746 4055 admoverit.
785 4002 855 4054 De
880 4002 1094 4054 Lernara
1123 4004 1218 4055 hac
1251 4001 1415 4054 bestia
1450 4004 1580 4055 inlra
1605 4003 1812 4057 dicetur

224 4086 399 4127 metro
428 4074 459 4125 7
486 4074 639 4137 hujus
673 4072 789 4129 lib..
818 4088 869 4123 v.
897 4072 985 4124 ‘2‘2.

290 4145 312 4176 ³
339 4142 469 4195 Tum
508 4144 640 4193 velut
661 4142 722 4193 ab
760 4144 863 4194 alio
895 4159 1009 4194 orsa
1041 4141 1335 4205 principio.l
1368 4141 1428 4193 ll.
1468 4140 1806 4208 Philosophia

223 4216 424 4267 indicat
453 4213 664 4264 modum
702 4228 806 4277 quo
844 4212 1097 4280 duini-ops
1126 4212 1499 4275 disputabitur.
1543 4211 1805 4269 Nimirum

222 4299 341 4337 cum
380 4283 520 4335 Deus
539 4300 641 4335 nou
668 4285 838 4334 minus
860 4284 928 4334 sit
957 4296 1111 4334 eausa
1142 4282 1331 4346 prima,
1361 4298 1516 4349 quam
1544 4283 1663 4335 linis
1688 4285 1809 4337 ulti-

223 4371 343 4407 tnus
372 4370 549 4407 rerum
582 4355 837 4413 omnium,
873 4352 1210 4419 Philosophia
1242 4352 1303 4402 ad
1332 4367 1481 4403 Sllulll
1511 4355 1805 4409 institutum

224 4425 553 4490 probandum
572 4432 877 4492 argumenta
902 4424 1179 4475 destituere
1205 4429 1379 4492 potest
1399 4438 1425 4473 a
1456 4422 1563 4475 Deo
1588 4423 1639 4474 in
1667 4436 1808 4477 utro-

224 4510 329 4561 que
364 4495 462 4545 hoc
487 4490 680 4555 genere
702 4506 877 4545 causa:
898 4510 908 4542 :
930 4508 1045 4558 quin
1069 4502 1242 4544 autem
1273 4490 1528 4544 hactenus
1547 4495 1806 4559 esposita:

221 4576 348 4616 sunt
386 4564 619 4617 rationes
644 4604 657 4622 ,
702 4562 781 4613 lue
821 4579 847 4614 a
884 4563 989 4613 Deo
1030 4562 1185 4613 veluti
1222 4563 1325 4613 line
1365 4570 1597 4627 aceeptm
1636 4577 1759 4617 sunt
1785 4608 1800 4628 ,

1920 2854 2147 2925 quamvis
2184 2855 2234 2904 in
2277 2864 2494 2907 veterum
2528 2865 2798 2907 auctorum
2840 2855 2979 2915 libris
3029 2854 3115 2918 qui
3150 2864 3271 2907 sunt
3324 2856 3508 2925 reliqui

1925 2921 2062 2992 (cum
2094 2925 2367 2977 maximam
2386 2941 2562 2977 eorum
2585 2936 2776 2990 partem
2804 2926 3073 2985 interiisse,
3096 2940 3252 2989 eoque
3280 2921 3507 2980 innume-

1921 3010 2096 3066 rarum
2128 3011 2301 3047 vocum
2336 2996 2635 3049 Latinarum
2652 2998 2914 3062 jacturam
2945 3000 3130 3061 factam
3157 3012 3260 3047 esse
3297 3000 3507 3066 constet]

1922 3062 2159 3127 puritatis
2185 3065 2484 3135 vocabulum
2515 3085 2612 3119 non
2644 3066 2921 3118 invenerit:
2950 3068 3070 3133 quia
3097 3075 3261 3117 tamen
3294 3062 3510 3135 impuri;

1920 3144 2073 3185 tatem
2102 3137 2151 3186 in
2183 3134 2424 3189 Cicerone
2454 3136 2689 3206 legimus.
2715 3154 2814 3206 non
2834 3137 2983 3188 habet
3010 3152 3101 3187 cur
3131 3134 3511 3206 seipsumuna-

1922 3220 2020 3268 que
2048 3220 2218 3259 secum
2249 3208 2376 3259 alios
2419 3207 2737 3261 doctissimos
2769 3205 2998 3259 homines
3036 3206 3088 3258 in
3121 3205 3258 3273 vulgi
3308 3206 3511 3262 barbari

1927 3273 2129 3330 turbam
2158 3278 2421 3345 conjiciat.

2002 3348 2068 3396 At
2095 3349 2339 3411 quamvis
2378 3349 2564 3402 Cicero
2595 3348 2787 3402 dixerit
2818 3348 3149 3414 inﬁnitatem.
3195 3345 3507 3413 inﬁrmatio-

1924 3433 2065 3489 nem,
2105 3418 2489 3478 Terentiusque
2528 3420 2897 3487 infortun‘um.
2932 3434 3036 3470 non
3070 3417 3190 3471 inde
3229 3420 3508 3489 sequitur,

1922 3487 2189 3554 ﬁnitatent.
2226 3489 2590 3553 ﬁrntationem,
2634 3493 2910 3553 [or/uniuni
2944 3504 3101 3542 voces
3129 3503 3245 3539 esse
3274 3488 3503 3543 Latinas.

1997 3559 2016 3587 ³
2060 3563 2192 3616 Nam
2231 3558 2579 3619 Providentia,
2603 3559 2734 3630 etc]
2767 3560 2843 3612 Ill.
2878 3556 3215 3630 Philosophia
3244 3557 3393 3611 affert
3417 3560 3508 3613 de-

1922 3627 2213 3686 ﬁnitionem
2240 3630 2431 3683 divina!
2462 3627 2815 3684 Providentiae
2844 3648 2853 3679 :
2894 3628 3009 3688 Est,
3042 3630 3201 3694 inqtti’
3227 3670 3240 3686 .
3274 3629 3363 3681 illa
3394 3632 3507 3694 ipsa

1920 3701 2090 3756 divina
2120 3703 2250 3754 ratio
2280 3702 2333 3752 in
2353 3718 2548 3753 summo
2575 3703 2798 3753 o'nnium
2823 3702 3051 3764 principe
3074 3700 3367 3755 constituta.
3394 3716 3507 3766 qua:

1920 3784 2102 3825 cuncta
2134 3772 2380 3837 disponit.
2412 3774 2539 3837 Quae
2566 3772 2777 3838 quidem
2807 3770 3066 3833 delinitio,
3100 3772 3217 3836 quia
3244 3771 3311 3821 ah
3337 3775 3506 3824 omni-

1917 3839 2017 3893 bus
2058 3842 2321 3909 theologis
2364 3852 2755 3909 propugnator,
2798 3838 2915 3893 ideo
2957 3840 3262 3908 diligentius
3300 3843 3505 3895 videtur

1917 3913 2258 3976 exponenda.
2288 3910 2451 3979 Igitur

1992 3982 2193 4036 Dicitur
2250 3982 2303 4035 i"
2330 3982 2461 4033 ratio
2494 3995 2655 4033 :cum
2688 3981 2828 4034 enim
2872 3980 3004 4030 ratio
3042 3979 3250 4031 dicatur
3278 3994 3304 4030 a
3346 3996 3458 4032 reor
3485 4023 3500 4042 ,

1916 4068 2143 4111 cumque
2174 4068 2287 4105 reor
2306 4052 2442 4104 idem
2462 4052 2531 4105 sit
2560 4051 2696 4115 quod
2723 4061 2843 4119 puto
2872 4052 2983 4101 sive
3013 4051 3197 4114 COyiln,
3221 4062 3502 4115 propterea

1915 4125 2167 4188 cogitatio
2187 4124 2358 4175 omnis
2390 4134 2533 4175 recte
2553 4122 2744 4175 dicitur
2767 4124 2931 4172 ratio:
2958 4119 3078 4172 hinc
3107 4130 3281 4173 autem
3306 4122 3499 4175 factum

1914 4194 2164 4255 arbitror,
2196 4203 2252 4245 ut
2280 4192 2412 4244 ratio
2435 4194 2593 4244 etiam
2626 4190 2801 4243 Tullio
2828 4191 2893 4241 sit
2922 4206 3093 4251 mens,
3130 4190 3498 4257 intelligentia,

1913 4264 2222 4325 consilium,
2252 4261 2529 4329 judicium,
2562 4260 2971 4325 argumentatio,
3001 4261 3296 4312 inStitutum
3318 4273 3368 4312 et
3399 4278 3501 4313 cai-

1918 4341 2025 4384 tora
2061 4335 2108 4385 ili
2134 4328 2319 4403 genus.
2356 4330 2539 4385 Omnis
2569 4342 2744 4386 autem
2780 4330 3105 4403 providentia
3141 4328 3380 4397 qua-dam
3417 4343 3501 4386 est

1911 4402 2163 4472 cogitatio
2188 4420 2201 4467 ;
2228 4403 2652 4471 quandoquidem
2679 4402 2923 4472 quaedam
2953 4409 3035 4453 est
3062 4404 3290 4467 qualitas
3330 4404 3497 4472 tuenti

1912 4470 2093 4541 insita,
2134 4473 2285 4542 cujus
2325 4470 2477 4525 mens
2510 4473 2622 4540 ipsa
2664 4470 2911 4538 proxime
2949 4472 3159 4524 conscia
3202 4482 3299 4523 est.
3337 4471 3501 4542 Igitur

1912 4542 2253 4598 Providentia
2282 4552 2361 4596 est
2392 4543 2547 4595 ratio.

221 4650 388 4701 quare
416 4649 535 4701 qure
565 4620 817 4696 deinceps
856 4631 1144 4685 afferentur
1168 4672 1182 4695 ,
1227 4632 1353 4698 ipsa:
1384 4648 1412 4684 a
1446 4620 1551 4684 Deo
1580 4636 1725 4687 velut
1774 4620 1803 4688 ti
1839 4642 1888 4699 ι)
1984 4624 2180 4701 Verum
2204 4638 2323 4701 cum
2351 4623 2601 4686 cogitatio
2624 4622 2849 4701 duplicis
2880 4620 2948 4674 sit
2978 4620 3211 4701 generis,
3243 4622 3493 4678 nimirum

220 4718 379 4755 causa
404 4704 670 4757 el'livienle
702 4705 870 4769 prima
909 4706 1233 4767 accipientur
1261 4720 1273 4764 ;
1314 4704 1433 4755 hinc
1466 4703 1803 4771 Philosophia

223 4775 404 4841 incipit
430 4792 440 4825 :
468 4773 753 4839 Quidquid,
779 4774 968 4836 inquit,
992 4784 1220 4832 creatur,
1245 4788 1587 4825 conservatur
1639 4786 1690 4826 et
1711 4776 1806 4828 ali-

222 4859 333 4911 quo
361 4845 515 4897 modo
547 4845 802 4905 allii‘itur,
837 4842 965 4895 illud
996 4859 1021 4894 a
1068 4843 1175 4893 Deo
1205 4844 1345 4894 velut
1370 4859 1397 4894 a
1433 4844 1598 4909 prima
1640 4860 1799 4897 causa

223 4928 465 4975 creatur,
495 4924 871 4975 conservatur,
906 4921 959 4965 et
999 4912 1327 4965 modiﬁcator
1358 4930 1368 4963 :
1395 4912 1535 4980 quod
1576 4914 1717 4965 etaim
1751 4915 1803 4968 in

223 4985 410 5037 eodem
436 5000 606 5051 eoque
623 4980 847 5048 simpliCi
875 4998 1084 5050 semper
1108 4982 1263 5033 modo
1288 4982 1397 5044 liat,
1428 4993 1702 5049 propterea
1735 4987 1801 5037 ab

224 5070 328 5105 nua
350 5070 514 5123 eaque
539 5052 766 5119 simplici
791 5062 988 5123 mente,
1022 5053 1267 5103 nimirum
1296 5053 1400 5104 Deo
1435 5055 1543 5111 liat,
1579 5068 1799 5107 necesse

222 5136 323 5176 est.
351 5128 435 5177 Sic
456 5126 625 5174 divina
652 5138 793 5175 mens
817 5122 1146 5187 multiplicem
1168 5123 1314 5173 rebus
1336 5124 1566 5188 gerendis
1594 5126 1801 5176 modum

222 5198 418 5253 statuit,
440 5196 527 5261 qui
553 5196 751 5255 modus,
771 5209 885 5246 cum
916 5194 964 5243 in
992 5194 1103 5261 ipsa
1133 5193 1317 5245 divinat
1336 5194 1683 5259 intelligentia:
1711 5212 1805 5260 pu-

224 5266 372 5316 ritate
400 5266 729 5331 conspicitur,
757 5261 1081 5315 Providentia
1104 5265 1395 5316 nominatur
1419 5279 1565 5325 ;cum
1596 5280 1710 5316 vero
1735 5267 1802 5315 ad

223 5350 287 5383 ea
312 5352 419 5395 qua!
445 5346 602 5386 uio-vet
644 5348 794 5403 atque
836 5334 1059 5401 disponit
1096 5336 1332 5401 refertur,
1368 5333 1529 5401 fatum
1559 5350 1590 5385 a
1623 5336 1803 5386 veteri-

229 5411 318 5453 bus
346 5406 655 5473 appellatur.

304 5478 445 5537 Sitne
474 5478 667 5542 paritas
699 5490 797 5527 vox
830 5473 1037 5536 Latina,
1062 5472 1353 5527 dubitatur.
1380 5474 1481 5525 Alii
1509 5474 1680 5534 aiunt,
1712 5475 1800 5528 alii

231 5559 436 5611 negant.
471 5547 750 5611 Scioppius
790 5545 839 5596 in
874 5544 1419 5596 animadversionibus
1448 5545 1496 5594 iu
1528 5545 1793 5607 Vossium,

228 5630 377 5667 suum
406 5617 524 5667 lotio
553 5614 766 5668 dictioni
787 5616 872 5682 jus
912 5613 1209 5666 Latinitatis
1232 5614 1511 5667 restituere
1548 5625 1792 5678 conatus,

229 5686 333 5736 ait:
367 5687 457 5738 Sin
485 5696 651 5737 autent
681 5686 1028 5748 impuritatem
1060 5682 1270 5735 Vossius
1306 5683 1544 5735 Latinum
1580 5701 1685 5737 esse
1713 5700 1797 5737 as-

226 5758 435 5807 seutitur
463 5769 665 5821 propter
704 5752 958 5807 Ciceronis
988 5758 1373 5815 auctoritatem,
1408 5753 1568 5817 ipsius
1597 5771 1795 5822 quoque

228 5825 416 5891 judicio
442 5827 633 5892 paritas
664 5827 868 5877 minime
896 5824 1163 5875 barbarum
1194 5824 1351 5875 videri
1372 5823 1541 5875 debet.
1562 5863 1575 5876 .
1596 5860 1607 5873 .
1627 5860 1641 5875 .
1678 5824 1794 5876 Meo

228 5909 343 5962 ergo
366 5898 562 5966 judicio
595 5906 751 5963 potest
772 5896 888 5965 jam
930 5893 1139 5949 Vossius
1172 5910 1348 5947 securo
1378 5910 1485 5947 esse
1518 5895 1719 5959 animo,
1745 5903 1794 5947 et

1918 4696 2064 4746 notio
2085 4704 2139 4747 et
2166 4694 2431 4756 voluntas,
2461 4694 2684 4757 qumstio
2710 4704 2791 4745 est
2820 4694 2955 4744 inter
2987 4691 3284 4759 theologos,
3318 4705 3492 4747 utrum

1918 4764 2253 4817 Providentia
2276 4768 2344 4816 sit
2376 4763 2519 4815 netio
2546 4774 2769 4825 tantum,
2791 4773 2963 4815 utrum
2990 4763 3235 4814 voluntas
3259 4774 3492 4829 tantum;

1918 4844 2093 4886 utrum
2120 4836 2266 4888 notio
2308 4834 2466 4885 simul
2491 4843 2545 4887 et
2574 4834 2857 4893 voluntas;
2890 4830 3027 4899 quod
3062 4832 3299 4885 nltimutu
3341 4835 3493 4887 video

1917 4905 2156 4971 pluribus
2190 4903 2421 4969 probari,
2444 4919 2744 4972 quanquam
2770 4903 2928 4955 iidem
2956 4904 3093 4955 inter
3115 4918 3169 4956 se
3201 4903 3492 4971 disputent,

1914 4985 2031 5027 utra
2054 4992 2117 5028 ex
2154 4975 2233 5026 his
2259 4974 2463 5027 duabus
2483 4974 2892 5037 cogitationibus
2917 4974 3180 5041 pra‘cipua
3208 4975 3273 5024 sit
3302 4975 3351 5025 in
3386 4977 3493 5037 ipsa

1913 5042 2295 5097 Providentia?
2330 5045 2460 5095 llinc
2488 5044 2816 5112 providentia
2838 5045 3013 5096 divina
3047 5058 3074 5093 τι
3105 5043 3372 5097 Ludovico
3410 5043 3495 5095 Vi-

1909 5128 1991 5165 ves
2022 5114 2303 5178 delinitur,
2336 5114 2578 5167 voluntas
2616 5114 2707 5168 Dei
2738 5116 2960 5167 consilio
3001 5114 3245 5167 universa
3292 5115 3488 5182 guber-

1909 5196 2105 5238 nautis.

1985 5264 2185 5317 Dit'iilll‘
2212 5265 2270 5319 2°
2298 5266 2466 5317 divina
2494 5280 2511 5315 :
2540 5278 2659 5315 nam
2688 5262 3030 5315 Providentia
3061 5264 3163 5317 dici
3208 5273 3377 5332 potest
3423 5262 3491 5317 de

1908 5336 2051 5387 omni
2082 5347 2283 5400 mente,
2308 5337 2421 5388 sive
2442 5336 2643 5394 divina,
2668 5333 2779 5385 sive
2805 5334 2963 5386 etiam
2993 5344 3199 5387 creata:
3231 5336 3335 5386 imo
3366 5351 3487 5388 cum

1910 5403 2262 5467 Providentia,
2296 5417 2512 5459 auctore
2529 5404 2724 5463 Tullio,
2751 5405 2821 5456 sit
2848 5418 2933 5465 per
2954 5419 3105 5471 quam
3139 5404 3368 5472 futurum
3394 5405 3491 5457 ali-

1908 5476 2031 5533 quid
2052 5476 2252 5530 videtur
2277 5488 2543 5543 antequam
2582 5476 2773 5543 factum
2804 5477 2867 5524 sit
2893 5490 2908 5533 ;
2938 5488 3166 5540 cumque
3206 5478 3368 5527 menti
3408 5477 3491 5529 di-

1902 5546 2039 5598 vium
2070 5547 2201 5600 nihil
2238 5548 2470 5600 futurum
2495 5548 2585 5608 sit,
2638 5556 2819 5597 comra
2856 5559 2979 5595 vero
3005 5544 3268 5597 mentibus
3291 5549 3491 5599 creatis

1902 5617 2051 5681 plura
2082 5618 2188 5670 sint
2217 5618 2410 5682 futura,
2459 5616 2659 5670 idcirco
2691 5614 3024 5667 Providentia
3051 5616 3151 5666 mel
3180 5630 3240 5665 us
3270 5617 3491 5668 rectius-

1900 5701 2004 5751 que
2032 5686 2226 5740 dicitur
2250 5688 2313 5740 de
2337 5690 2544 5741 caeteris
2578 5704 2641 5738 m»
2666 5687 2864 5745 ιιιίιιιις,
2892 5700 3047 5734 uuam
3068 5685 3134 5736 de
3164 5685 3365 5737 divina.
3396 5686 3491 5739 Hic

1900 5764 2077 5809 tamen
2125 5773 2227 5811 llOtt
2267 5760 2444 5824 agitur
2483 5758 2579 5808 nisi
2622 5757 2688 5807 de
2738 5754 2963 5806 Provide
2989 5754 3075 5805 itia
3107 5754 3323 5819 divina,
3370 5770 3490 5821 qua:

1900 5835 2183 5893 propterea
2214 5829 2395 5881 debuit
2425 5828 2523 5880 dici
2551 5828 2681 5879 ratio
2705 5825 2898 5885 divina,
2928 5824 3043 5876 sive
3070 5824 3320 5893 cogitatio
3348 5826 3488 5878 diu-

1900 5910 1981 5949 ΙΙίΒ
2027 5908 2238 5951 mentis.
3502 5916 3509 5923 '
