3984 6382
405 352 513 410 815

1646 346 1759 402 AN.
1803 347 2007 403 MANL.
2054 347 2207 405 SEV.
2252 346 2475 403 BOETII

3589 349 3689 413 816

405 481 615 527 summo
640 477 877 519 omnium
906 440 1148 532 Wineipe
1175 461 1458 516 constituta
1482 503 1494 525 ,
1522 476 1641 531 qure
1666 471 1855 516 cuncta
1878 462 1985 517 dis-
2013 472 2067 530 Α
2093 476 2186 518 seu
2221 463 2467 516 omnibus
2492 461 2662 515 fatalis
2690 464 2856 518 series
2886 465 3120 528 texitur;
3149 462 3277 520 illud
3301 469 3456 522 certe
3477 464 3555 535 (Pi)
3579 480 3688 520 ma-

404 563 556 634 ponit
589 579 601 613 :
634 558 795 632 294
829 559 843 587 ²
877 556 1041 610 fatum
1072 569 1199 608 vero
1226 552 1494 607 inhaerens
1524 552 1683 607 rebus
1706 554 1991 629 mobilibus

404 651 717 720 dispositio,
750 662 846 716 per
873 660 1029 714 quam
1062 642 1399 699 Providentia
1431 643 1543 697 suis
1577 658 1803 713 qumque
1828 645 1992 698 nectit

404 743 701 798 ordinibus.
738 736 1075 794 Providentia
1101 748 1331 803 namque
1352 743 1541 788 cuncta
1565 734 1784 801 pariter,
1811 749 1994 804 quam-

403 837 482 889 vis
512 833 750 896 diversa,
784 828 1031 900 quamvis
1073 826 1311 892 infinita,
1355 823 1728 893 complectitur
1760 840 1775 877 :
1826 825 1991 878 fatum

403 941 532 981 vero
557 923 761 994 singula
787 920 982 990 digerit
1009 919 1060 971 in
1089 926 1291 970 motum
1317 917 1447 970 locis
1466 956 1480 979 ,
1512 915 1696 969 formis
1718 954 1733 978 ,
1760 930 1823 969 ac
1849 925 1990 969 tem-

403 1016 622 1088 poribus
645 1011 929 1067 distributa
961 1025 973 1060 :
1003 1016 1061 1061 ut
1080 1005 1157 1077 (5)
1182 1008 1296 1060 hate
1322 1005 1634 1073 temporalis
1657 1004 1863 1059 ordinis
1892 1020 1990 1058 ex-

404 1106 647 1177 plicatio,
676 1104 729 1158 in
760 1101 955 1157 divina:
981 1098 1175 1155 mentis
1199 1098 1428 1152 adunata
1454 1104 1480 1132 ⁸
1504 1105 1786 1166 prospectu
1807 1134 1822 1160 ,
1854 1094 1991 1148 Pro-

405 1200 637 1256 videntia
684 1196 757 1250 sit
807 1212 821 1248 :
870 1193 1059 1249 eadem
1110 1206 1238 1247 vero
1277 1189 1530 1244 adunatio
1583 1187 1791 1256 digesta
1829 1196 1991 1255 atque

407 1291 664 1359 explicata
697 1285 1027 1354 temporibus
1076 1282 1243 1336 fatum
1274 1287 1515 1336 vocetur.
1560 1278 1717 1346 Qum,
1756 1278 1883 1332 licet
1908 1277 1992 1330 di-

407 1397 560 1438 versa
601 1380 739 1443 sint,
770 1377 997 1431 alterum
1046 1381 1229 1427 tamen
1270 1369 1466 1440 pendet
1507 1384 1575 1424 ex
1617 1369 1808 1423 altero.
1849 1365 1996 1421 Ordo

409 1486 636 1542 namque
672 1467 849 1523 fatalis
875 1483 939 1521 ex
974 1464 1333 1520 Providentia:
1363 1460 1703 1530 simplicitate
1732 1459 1993 1529 procedit.

408 1563 724 1620 Sicut”enim
754 1558 945 1613 artifex
972 1556 1229 1611 faciendae
1259 1554 1336 1610 rei
1368 1554 1595 1608 formam
1618 1561 1797 1607 mente
1824 1552 2000 1622 perci-
2048 1553 2077 1584 “

409 1657 559 1724 piens
578 1694 592 1718 ,
622 1648 737 1725 (10)
768 1655 952 1704 movet
978 1646 1160 1716 operis
1186 1644 1468 1711 eli'ectum,
1498 1654 1554 1699 et
1574 1642 1716 1712 quod
1740 1643 2001 1711 simplici-

409 1759 511 1811 ter,
543 1746 569 1785 δ
599 1747 1050 1815 praesentarieque
1100 1748 1480 1808 prospexerat.
1534 1752 1631 1807 per
1678 1736 2003 1805 temporales

2100 554 2347 609 nifestnm
2375 563 2486 617 est,
2520 555 2873 619 immobilem,
2905 555 3308 624 simplicemque
3336 556 3694 627 gerendarum

2097 645 2323 700 formam
2352 659 2527 698 rerum
2552 658 2671 699 esse
2694 643 3083 713 providentiam
3118 663 3131 696 :
3161 644 3327 698 fatum
3353 660 3482 699 vero
3507 658 3696 700 eorum

2097 751 2215 805 qua:
2260 737 2434 789 divina
2478 736 2789 805 simplicitas
2830 736 3066 806 gerenda
3105 736 3400 806 disposuit,
3435 736 3692 792 mobilem

2100 846 2327 897 nexum,
2374 840 2533 899 atque
2579 830 2822 884 ordinem
2871 829 3243 899 temporalem.
3278 829 3298 860 ³
3329 829 3448 895 Quo
3499 829 3590 894 ﬁt,
3637 837 3693 882 ut

2097 922 2273 977 omnia
2305 937 2425 992 quae
2450 922 2562 975 l‘ato
2588 923 2839 985 subsunt,
2874 922 3234 977 Providentia:
3264 937 3479 992 quoque
3510 921 3693 990 subje-
3750 986 3753 989 ,

2099 1022 2183 1068 cta
2228 1015 2373 1079 sint;
2415 1014 2500 1068 cui
2541 1013 2715 1083 ipsum
2746 1014 2908 1068 etiam
2939 1013 3181 1082 subiacet
3212 1014 3401 1067 fatum.
3436 1012 3696 1079 Quaedam

2099 1119 2258 1167 vero,
2289 1119 2409 1173 qum
2432 1105 2528 1159 sub
2561 1105 2904 1159 Providentia
2937 1104 3052 1175 (10)
3080 1106 3253 1159 locata
3284 1114 3430 1170 sunt,
3471 1105 3567 1158 fati
3610 1119 3697 1161 se-

2099 1197 2235 1251 riem
2266 1206 2540 1266 superent.
2575 1197 2650 1251 Ea
2681 1196 2997 1263 vero'sunt,
3030 1214 3151 1267 qua:
3184 1200 3367 1265 prima:
3400 1200 3699 1268 propinqua

2099 1289 2365 1345 divinitati
2402 1290 2669 1346 stabiliter
2709 1291 2809 1344 fixa
2831 1331 2847 1357 ,
2881 1291 3058 1345 fatalis
3086 1291 3333 1346 ordinem
3378 1291 3703 1345 mobilitatis

2099 1381 2384 1436 excedunt.
2414 1381 2543 1435 Nam
2578 1392 2636 1436 ut
2664 1382 2874 1436 orbium
2905 1382 3107 1437 circum
3137 1384 3383 1437 eumdem
3416 1383 3696 1437 cardinem

2098 1488 2220 1529 sese
2250 1474 2601 1541 vertentium,
2634 1476 2721 1544 qui
2752 1483 2835 1529 est
2876 1475 3131 1537 intimus,
3176 1474 3243 1528 ad
3289 1475 3701 1543 simplicitatem

2102 1566 2409 1621 medietatis
2449 1566 2682 1632 accedit,
2733 1576 3161 1638 cmterorumque
3206 1577 3354 1622 extra
3400 1568 3705 1623 locatorum

2100 1657 2264 1711 veluti
2291 1657 2453 1712 cardo
2481 1657 2732 1727 quidam,
2766 1660 2905 1713 circa
2937 1674 3095 1726 quem
3129 1666 3431 1722 versentur,
3460 1658 3646 1714 existit
3683 1676 3699 1712 :

2106 1747 2217 1818 (15)
2243 1750 2476 1804 extimus
2501 1766 2633 1805 vero
2662 1751 2867 1821 majore
2896 1752 3102 1806 ambitu
3133 1759 3375 1818 rotatus,
3422 1762 3629 1821 quanto
3673 1768 3707 1808 ι

409 1840 622 1894 ordines
664 1835 851 1896 ducit;
898 1834 966 1887 ita
999 1832 1142 1885 Deus
1196 1828 1538 1884 Providentia
1562 1829 1781 1897 quidem
1812 1827 1993 1896 singu-

2106 1840 2286 1909 puncti
2317 1842 2487 1896 media
2520 1841 2896 1897 individuitate
2934 1842 3194 1907 discedit,
3227 1852 3375 1897 tanto
3418 1843 3707 1912 ampliori-

409 1931 614 1994 lariter,
639 1926 1004 1994 Stabiliterque
1028 1921 1267 1976 facienda
1291 1920 1560 1988 disponit:
1589 1917 1697 1972 fato
1726 1934 1853 1972 vero
1882 1918 1996 1972 haec

410 2024 558 2092 ipsa,
604 2034 723 2091 qua:
771 2014 1066 2087 disposuit,
1115 2013 1480 2082 multipliciter
1526 2027 1590 2066 ac
1634 2013 1998 2081 temporaliter

410 2111 770 2167 administrat.
822 2108 980 2179 395
1008 2106 1030 2137 ³
1058 2105 1181 2159 Sive
1223 2104 1403 2175 igitur,
1449 2102 1833 2157 famulantibus
1873 2103 1997 2173 qui-

410 2204 633 2261 busdam
665 2200 1019 2256 Providentia:
1058 2194 1275 2249 divinis-
1290 2194 1567 2263 spiritibus
1592 2236 1606 2259 ,
1639 2195 1803 2247 fatum
1844 2208 2001 2248 exer—

411 2278 579 2360 cetur,
618 2310 713 2350 seu
751 2292 963 2354 anima,
1008 2302 1103 2344 seu
1133 2295 1239 2342 tota
1281 2286 1609 2342 inserviente
1640 2295 1865 2349 natura,
1899 2299 1998 2339 seu

411 2389 720 2448 coelestibus
759 2385 995 2441 siderum
1038 2381 1310 2448 motibus,
1353 2396 1449 2436 seu
1494 2382 1734 2453 angelica
1769 2381 1993 2447 virtute,

410 2499 507 2541 seu
546 2481 850 2537 daemonum
890 2477 1037 2533 varia
1066 2475 1310 2540 solertia,
1342 2489 1438 2531 seu
1463 2473 1731 2545 aliquibus
1758 2474 1952 2528 horum
1978 2512 1993 2537 ,

2104 1931 2204 1985 bus
2234 1933 2422 2000 spatiis
2469 1933 2769 2003 explicatur
2823 1952 2836 1986 :
2886 1934 2933 1987 si
2968 1932 3093 2003 quid
3143 1948 3272 1987 vero
3302 1933 3383 1987 illi
3413 1948 3472 1987 se
3519 1932 3706 1988 medio

2107 2031 2389 2077 connectat
2412 2032 2466 2079 et
2494 2024 2695 2093 societ,
2729 2026 2782 2079 in
2814 2025 3215 2094 simplicitatem
3246 2026 3475 2096 cogitur,
3506 2025 3709 2083 diifun-

2107 2112 2269 2183 dique
2312 2129 2375 2167 ac
2397 2114 2636 2171 diffluere
2662 2126 2855 2171 cessat.
2889 2117 3061 2172 Simili
3088 2118 3295 2171 ratione
3322 2118 3463 2186 quod
3491 2119 3708 2189 longius

2108 2218 2138 2257 a
2172 2214 2195 2241 ο
2244 2205 2411 2272 prima
2461 2217 2640 2260 mente
2689 2206 2950 2272 discedit,
2997 2207 3289 2276 majoribus
3328 2205 3423 2261 fati
3474 2208 3708 2262 nexibus

2110 2294 2432 2381 implicatur,
2465 2313 2529 2353 ac
2559 2307 2706 2353 tanto
2754 2299 2959 2368 aliquid
3008 2299 3117 2353 fato
3168 2299 3396 2354 liberum
3442 2310 3527 2354 est
3557 2300 3707 2387 (20),,

2102 2395 2304 2453 quanto
2338 2388 2486 2442 illum
2520 2405 2697 2445 rerum
2734 2390 3007 2445 cardinem
3036 2391 3265 2446 vicinius
3291 2390 3445 2461 petit.
3476 2392 3635 2469 Quod
3663 2396 3707 2449 si

2103 2489 2349 2543 superna:
2378 2480 2543 2552 296
2561 2484 2751 2538 mentis
2776 2482 2991 2539 harserit
3015 2482 3250 2538 firmitati
3269 2528 3282 2553 ,
3308 2491 3459 2540 motu
3488 2499 3707 2555 carens,

1779 2621 2358 2684 INTERPRETATIO.
2448 2627 2454 2633 ’

486 2786 510 2812 ³·
538 2773 778 2830 Notione.

483 2846 510 2885 δ
540 2845 604 2900 Ει
631 2840 980 2913 imaginando.

2182 2774 2202 2801 ε
2236 2763 2367 2818 Deo.

1942 2989 2171 3048 ΝΟΤᾹΞ.
2891 3000 2951 3035 ο

483 3147 686 3202 Dicitur
723 3142 778 3198 5'
810 3141 863 3194 in
900 3151 1098 3192 summa
1141 3149 1369 3188 omnium
1409 3129 1638 3202 principe
1674 3130 1951 3184 constituta
1980 3147 1999 3183 :

2179 3130 2402 3199 Insuper
2423 3148 2513 3202 per
2538 3132 2683 3204 hanc.
2711 3132 3097 3204 dispositionem
3142 3136 3290 3188 rebus
3326 3137 3581 3191 mobilibus
3607 3157 3685 3191 ,η-

411 3200 541 3288 quia
558 3200 909 3271 Providentia
932 3208 1109 3288 divina
1134 3213 1217 3260 est
1242 3204 1554 3285 attributum
1584 3200 1697 3265 Dei,
1733 3212 1998 3283 quatenus
2024 3230 2071 3293 ο
2105 3210 2375 3293 {Merentem
2402 3200 2577 3293 divina
2596 3200 2936 3293 Providentia
2954 3206 3060 3293 suis
3085 3222 3295 3287 quaeque
3320 3209 3473 3260 nectit
3504 3210 3684 3291 ordini.

411 3274 555 3345 Deus
584 3296 665 3341 est
686 3278 1206 3354 summusqomnium
1235 3274 1531 3354 princeps:
1564 3274 1756 3354 summi
1797 3274 1999 3354 quippe

412 3342 668 3430 principis
682 3365 761 3409 est
774 3396 787 3417 ,
801 3349 1087 3430 providere
1104 3346 1369 3430 omnibus.
1390 3343 1680 3430 Sapientia:
1696 3357 1756 3430 vr.
1768 3360 1784 3430 ί
1796 3342 1999 3430 ψαμα-

412 3414 525 3486 Ῐὶὶέν
555 3414 677 3482 cura
699 3414 871 3479 est-illi
913 3421 976 3494 de
1005 3417 1238 3494 omnibus
1262 3426 1362 3494 ;_et
1408 3430 1524 3494 cap.
1560 3428 1651 3466 vin
1678 3431 1690 3493 ξ
1723 3414 1938 3484 Attingit
1966 3430 1999 3466 a

414 3504 515 3572 ﬁne
540 3500 608 3572 ad
629 3500 779 3572 ﬁnem
808 3493 1005 3563 fortiter
1028 3498 1071 3541 et
1091 3487 1319 3572 disponit
1346 3487 1516 3572 omnia
1544 3487 1907 3572 suauiter.

490 3554 694 3624 Dicitur
727 3566 783 3620 4⁵
808 3554 930 3635 ’(ιυτε
955 3570 1137 3614 cuncta
1164 3554 1390 3635 disponit
1425 3572 1441 3607 :
1476 3555 1726 3635 quoniam
1761 3554 1998 3635 provida:

416 3641 612 3699 mentis
634 3647 744 3699 est,
779 3626 871 3704 pro
896 3649 959 3686 eo
989 3646 1146 3699 quem
1175 3629 1273 3682 sibi
1307 3626 1557 3704 proponit
1585 3626 1688 3704 fine
1719 3626 1995 3679 materiam

413 3696 516 3771 sibi
544 3696 834 3779 sttbjectain
874 3696 1276 3779 stto__q_ttaniqtie
1304 3697 1496 3778 ordine
1517 3708 1587 3779 ft
1615 3696 1742 3779 loco
1774 3710 1994 3779 ponere.

416 3765 554 3838 iiinc
586 3765 921 3835 Pirovidentia
950 3765 1127 3827 divina
1175 3765 1429 3823 delinitur
1456 3783 1483 3819 a
1517 3766 1575 3822 S.
1615 3765 1815 3819 Thoma
1864 3769 1996 3820 ratio

414 3855 611 3908 ordinis
633 3865 801 3920 rerum
830 3846 1074 3920 inﬂuem.
1300 3909 1317 3920 η
1457 3907 1516 3920 ,η
1720 3908 1729 3920 ,
1757 3909 1768 3919 .
1896 3908 1909 3920 .
1935 3907 1967 3920 ..

492 3927 507 3956 ί
542 3922 727 3975 Fatum
747 3918 861 3973 uero
888 3907 1161 3977 i'nliwrens,
1190 3909 1320 3982 etc.]
1344 3907 1802 3982 lV.iPhilosop_hia
1830 3907 1998 3975 subji-

414 3997 488 4050 cit
509 3993 873 4048 definitionem
907 3987 996 4039 fati
1022 4003 1035 4038 :
1070 3981 1280 4044 Fatum,
1308 3980 1504 4047 inquit,
1530 3989 1613 4032 est
1641 3980 1891 4047 inhaerens
1916 3995 1998 4031 re-

415 4070 507 4120 bus
556 4063 820 4117 mobilibus
869 4055 1137 4123 dispositio
1195 4069 1287 4123 per
1322 4068 1469 4118 quant
1521 4050 1853 4123 Providentia
1890 4051 1996 4105 suis

416 4151 626 4205 quisque
648 4133 797 4186 nectit
820 4120 1125 4182 ordinibus:
1153 4120 1293 4192 quod
1320 4125 1480 4176 etiam
1509 4120 1706 4174 clarius
1734 4122 1994 4187 interpre-

416 4208 515 4261 tari
552 4205 881 4257 conabimur.
926 4268 939 4273 _
1123 4266 1136 4273 -
1426 4262 1455 4273 ν,
1714 4263 1726 4273 ,
1773 4261 1784 4273 ,

492 4277 723 4330 Primtnn
746 4272 901 4342 igitur
920 4268 1105 4342 fatum,
1123 4262 1565 4342 interpretatione
1585 4261 1838 4342 nominis,
1858 4260 1993 4342 nihil

417 4356 499 4402 est
524 4345 666 4399 aliud
689 4333 845 4413 quam
865 4340 1059 4413 divina:
1086 4336 1373 4413 voluntatis
1396 4334 1627 4413 signum,
1658 4334 1773 4385 sive
1791 4333 1992 4413 dictum

418 4420 657 4473 divinum
680 4403 844 4479 {nam
870 4409 1072 4479 judicio
1103 4406 1380 4479 Varronis,
1410 4403 1550 4473 quod
1580 4404 1757 4479 Parca:
1794 4404 1995 4455 consti-

421 4499 634 4543 tuerunt
667 4474 933 4543 nascenti,
965 4496 995 4553 a
1027 4477 1410 4553 fandomfatum‘
1449 4482 1532 4553 est
1570 4474 1802 4553 dictum}
1834 4483 1993 4553 atque

418 4562 521 4613 hoc
552 4557 710 4611 modo
733 4555 789 4609 S.
820 4557 950 4621 Aug.
975 4550 1009 4602 I.
1036 4566 1063 4601 v
1095 4550 1161 4603 de
1181 4549 1339 4621 (_3_ivit.
1382 4547 1624 4621 Dei,c_ap.
1734 4545 1827 4621 ait,
1851 4545 1989 4611 apud

418 4603 1096 4685 ies—seoiatum
1132 4638 1143 4670 :
1178 4617 1299 4671 Non
1336 4603 1493 4677 enim,
1536 4603 1724 4681 inquit,
1774 4603 1993 4685 abnuere
2020 4603 2073 4664 D

419 4684 686 4768 possumus
718 4710 821 4749 esse
846 4694 1088 4768 scriptum
1116 4691 1166 4742 in
1188 4689 1389 4768 _l-.itteris
1423 4688 1607 4738 sanctis
1630 4700 1650 4768 ξ
1678 4685 1831 4768 ςεηιει
1852 4684 1990 4768 locu-

419 4756 496 4824 ius
527 4781 594 4823 εει
624 4767 824 4821 Deus...
855 4756 989 4831 quod
1011 4764 1141 4815 enim
1165 4759 1354 4811 dictum
1382 4768 1475 4819 est,
1494 4756 1646 4812 semel
1672 4756 1869 4831 locutus
1895 4765 1993 4821 est;

419 4840 722 4910 intelligitur
750 4825 1092 4910 imniobiliter,
1131 4833 1222 4882 hoc
1254 4825 1895 4910 est,‘incommutabiliter‘
1920 4836 1994 4879 est

420 4896 641 4971 locutus,
674 4909 801 4960 sicut
832 4907 966 4957 novit
986 4900 1463 4955 incommutabiliter
1492 4898 1663 4971 omnia
1685 4912 1797 4964 qua?
1818 4896 1996 4963 futura

419 4993 558 5049 sunt,
587 4970 637 5035 et
661 4994 773 5048 qua:
798 4979 904 5043 ipse
924 4976 1155 5042 facturus
1182 4981 1274 5025 est.
1309 4971 1555 5024 Lucanus
1587 4970 1639 5021 in
1664 4983 1804 5023 nono
1837 4984 1851 5022 :

1311 5086 1412 5134 Non
1433 5086 1629 5134 vocibus
1646 5084 1756 5133 ullis

510 5157 701 5207 Numen
727 5158 864 5215 eget,
889 5152 1111 5214 dixitque
1128 5148 1282 5199 semel
1308 5148 1619 5197 nascentibus
1653 5155 1843 5208 auctor,

511 5217 753 5280 Quidquid
777 5217 906 5264 scire
930 5215 1061 5263 licet.
1484 5238 1487 5239 ν

492 5300 690 5358 Deinde
716 5300 877 5351 fatum
895 5304 979 5351 est
1000 5295 1299 5360 dispositio:
1319 5292 1440 5360 quia
1469 5300 1555 5345 est
1581 5292 1691 5359 ipsa
1726 5306 1812 5346 res
1844 5305 1993 5345 crea-

417 5390 493 5435 ιιι,
523 5386 717 5439 corpus
750 5370 1024 5442 nimirum,
1047 5377 1314 5442 autAmens
1334 5377 1431 5442 suo
1450 5374 1708 5442 tempore,
1737 5362 1875 5442 loco,
1900 5374 1992 5416 aut

421 5434 752 5514 quer-umque
774 5438 1065 5514 aliomodo
1095 5436 1280 5490 affecta
1307 5450 1319 5486 :
1356 5434 1404 5486 id
1432 5434 1626 5502 quippe
1657 5443 1735 5486 est
1768 5434 1860 5488 Dei
1889 5448 1989 5489 vo-

420 5511 578 5571 lentis
612 5514 818 5584 jussum
850 5511 1180 5584 dictumque.
1267 5578 1277 5584 _
1323 5575 1334 5584 ⁸
1564 5575 1575 5584 _

492 5574 753 5638 Praeicrea
791 5574 1215 5650 dispositio—lianc
1251 5575 1471 5650 inhaeret
1501 5575 1648 5627 rebus
1681 5574 1950 5628 mobilibus
1973 5589 1994 5628 :

422 5665 504 5709 est
527 5655 667 5708 enim
701 5654 886 5716 fatum,
908 5653 1096 5705 modus
1125 5650 1201 5703 rei
1231 5649 1490 5701 duntaxat
1517 5655 1710 5700 creata:
1736 5662 1746 5695 :
1785 5654 1840 5696 ut
1871 5654 1995 5712 pote

421 5741 538 5791 qua:
569 5739 665 5777 nec
696 5724 804 5777 fieri
827 5766 841 5785 ,
878 5738 973 5777 nec
1003 5716 1994 5794 conservari._nec_.t_|uot3hnque.tnodo

423 5787 583 5855 attici,
613 5795 709 5846 nisi
738 5794 914 5847 divina
939 5793 1229 5859 voluntate,
1270 5788 1423 5859 cujus
1462 5787 1549 5842 illa
1590 5787 1873 5856 dispositio
1912 5795 1995 5843 est

422 5866 653 5935 signum,
678 5872 870 5932 potest.

2106 3273 2196 3325 bus
2227 3290 2245 3326 :
2276 3289 2397 3327 nam
2422 3276 2672 3342 equidem,
2700 3276 2867 3343 inquit
2893 3277 2957 3343 Q.
2981 3273 3217 3339 Curtius,
3234 3286 3431 3331 (eterna
3452 3282 3687 3334 constitu-

2104 3344 2241 3396 tione
2270 3344 2573 3397 crediderim
2602 3361 2832 3414 nexuque
2860 3364 3132 3401 causarum
3155 3348 3428 3401 latentium
3450 3361 3498 3403 et
3535 3352 3691 3405 multo

2104 3424 2223 3466 ante
2237 3415 2603 3489 destinatarum
2620 3432 2768 3489 suum
2784 3433 2998 3489 qumque
3017 3419 3244 3471 ordinem
3264 3420 3575 3473 immutabili
3589 3421 3695 3489 lege

2105 3502 2418 3561 percurrere.
2448 3485 2563 3539 Uno
2589 3488 2751 3540 verbo
2772 3488 2932 3561 fatum
2963 3490 3179 3561 estipse
3212 3491 3447 3561 patiendi
3472 3485 3697 3561 agendi-

2106 3570 2219 3631 que
2243 3557 2452 3631 modus,
2477 3571 2582 3631 quo
2613 3572 2697 3609 res
2728 3558 2937 3631 mobilis
2963 3560 3030 3612 ab
3056 3559 3314 3631 immobili
3345 3561 3460 3616 Deo
3487 3557 3698 3631 sapien-

2106 3626 2311 3680 tissime
2361 3627 2630 3699 afficitur;
2672 3628 2812 3693 quod
2842 3630 3150 3685 evidentius
3202 3632 3403 3699 patebit
3441 3626 3697 3688 conside-

2103 3701 2241 3770 ranti
2280 3698 2559 3770 sequentia
2600 3694 2959 3770 Providentia:
2994 3713 3046 3755 et
3078 3701 3165 3754 fati
3198 3694 3533 3767 discrimina,
3574 3720 3696 3770 qum

2104 3767 2358 3843 deinceps
2389 3784 2417 3821 a
2445 3768 2796 3843 P_hi|050phia_
2827 3783 3193 3838 proponentur
3247 3774 3413 3827 veluti
3443 3767 3692 3843 quaedam

2104 3839 2372 3906 praedicta:
2391 3838 2671 3908 utriusque
2698 3840 3021 3895 deﬁnitionis
3044 3843 3397 3897 consectaria.

2174 3932 2193 3960 ²
2228 3930 2347 3984 Sive
2375 3931 2532 4005 igitur
2574 3930 2971 4000 famulantibus,
3010 3932 3139 4005 etc.]
3174 3933 3396 3987 Etiamsi
3437 3941 3688 4003 constet,

2102 3999 2267 4054 fatum
2296 3999 2583 4076 quemdam
2607 4018 2725 4076 esse
2756 4006 2828 4055 rei
2862 4005 3072 4076 mobilis
3104 3999 3341 4067 modum,
3366 3999 3687 4076 constetque

2101 4073 2628 4143 prmterea,itnodtnn
2660 4074 2799 4126 hunc
2824 4090 2942 4127 esse
2967 4090 2995 4127 a
3026 4073 3156 4138 Deo,
3181 4083 3431 4143 tanquam
3452 4092 3480 4128 a
3511 4073 3683 4143 prima

2100 4156 2279 4204 causa,
2314 4142 2541 4195 dubitari
2572 4151 2750 4196 tamen
2778 4154 2969 4208 potest,
3004 4155 3180 4197 utrum
3212 4142 3373 4199 fatum
3409 4142 3531 4199 sit’a
3568 4148 3682 4202 Deo

2103 4214 2341 4276 proxime
2369 4252 2383 4275 ,
2415 4228 2479 4265 an
2521 4213 2898 4267 famulantibus
2944 4215 3257 4282 quibusdam
3307 4214 3427 4269 aliis
3483 4219 3675 4271 rebus:

2100 4282 2227 4336 hinc
2257 4282 2595 4352 Philosophia
2628 4286 2883 4351 quasdam
2916 4287 3351 4353 phzlosophornm
3387 4289 3487 4340 hac
3521 4288 3590 4341 de
3621 4306 3681 4344 re

2100 4353 2411 4422 perstringit
2439 4355 2748 4420 opiniones,
2782 4372 3001 4423 quarum
3038 4356 3235 4409 nullam
3280 4359 3493 4410 cmteris
3520 4370 3675 4412 ante-

2098 4425 2279 4491 ponit,
2314 4424 2456 4492 quod
2487 4426 2727 4492 quamvis
2762 4426 2922 4496 Deus,
2948 4435 3124 4480 utatur
3162 4444 3194 4496 g
3230 4429 3329 4480 niis
3357 4442 3479 4480 cum
3521 4429 3679 4485 bonis

2102 4505 2209 4546 lum
2240 4496 2428 4558 malis;
2466 4497 2655 4561 spiritu
2694 4495 2964 4559 universi;
3000 4499 3308 4559 elementis;
3357 4501 3678 4565 corporibus

2096 4566 2435 4629 caelestibus;
2462 4576 2514 4618 et
2539 4566 2659 4619 aliis
2686 4567 2945 4632 ejusmodi
2975 4569 3134 4620 rebus
3159 4568 3226 4620 ad
3257 4570 3421 4622 fatum
3454 4570 3678 4637 aliquod

2097 4640 2484 4698 exercendum,
2521 4637 2662 4709 nulla
2688 4646 2876 4709 tamen
2906 4649 2986 4690 est
3010 4653 3075 4692 ex
3102 4638 3183 4691 his
3210 4639 3367 4693 rebus
3403 4653 3507 4709 qua
3538 4640 3684 4697 Deus

2096 4707 2594 4779 utaturgeneratim
2636 4707 2700 4760 ad
2733 4709 3021 4763 movendas
3052 4710 3281 4779 reliquas
3322 4707 3681 4779 res‘creatas,

2099 4778 2210 4830 sive
2234 4777 2298 4829 ad
2331 4792 2491 4830 omne
2513 4778 2698 4830 fatum.

2173 4868 2193 4943 ξ
2223 4869 2334 4943 Quo
2365 4869 2598 4943 ﬁt,_etc.J
2632 4870 2705 4943 Ex
2727 4868 2884 4943 dictis
2904 4868 3248 4940 Philosophia
3274 4874 3517 4937 coniicit,
3548 4890 3682 4943 pro-

2101 4939 2387 5014 videntiam
2412 4939 2641 5014 divinam
2675 4940 2830 5014 latins
2862 4949 3043 5014 patere
3069 4943 3198 5007 fato,
3230 4957 3495 5011 quatenus
3527 4939 3680 5014 quae-

2104 5026 2311 5087 cunque
2334 5010 2440 5065 fato
2458 5012 2717 5087 subsunt.
2762 5012 2872 5064 hazc
2905 5013 3067 5087 etiam
3117 5010 3467 5087 Providentiae
3510 5010 3681 5087 subji-

2105 5084 2346 5155 ciuntur,
2379 5081 2471 5155 sed
2510 5096 2838 5155 quacunque
2882 5083 3236 5149 subjiciuntur
3282 5081 3675 5155 Providentizir,

2105 5152 2217 5206 haec
2248 5167 2350 5206 non
2383 5152 2457 5205 ita
2502 5153 2609 5205 fato
2636 5153 2879 5213 subsint;
2913 5168 3017 5206 non
3048 5156 3187 5223 quod
3220 5170 3306 5209 res
3341 5158 3445 5209 ulla
3495 5152 3674 5212 creata

2102 5225 2286 5291 possit,
2332 5223 2441 5298 Deo
2478 5239 2585 5275 non
2626 5224 2997 5298 moditicante,
3047 5226 3374 5298 modificari;
3406 5228 3503 5282 sed
3533 5230 3675 5298 quod

2099 5309 2206 5346 non
2234 5295 2408 5347 omnis
2439 5308 2522 5347 res
2556 5303 2731 5347 creata
2762 5308 2913 5361 atque
2943 5297 3010 5347 sit
3040 5296 3345 5352 mutabilis:
3376 5311 3498 5353 cum
3528 5295 3674 5356 enim

2096 5364 2261 5417 fatum
2290 5364 2358 5415 sit
2386 5364 2652 5428 dispositio
2669 5365 2811 5417 rebus
2839 5364 3107 5419 mobilibus
3136 5366 3405 5429 iii/uerens,
3425 5384 3491 5422 ex
3513 5370 3677 5424 re'nus

2094 5435 2290 5488 creatis
2317 5435 2558 5499 quamam
2609 5436 2806 5502 magis,
2840 5436 3082 5503 quadam
3125 5439 3299 5491 minus
3332 5439 3443 5492 fato
3480 5439 3673 5507 subjici

2101 5507 2369 5569 dicuntur,
2404 5513 2561 5576 prout
2586 5509 2755 5575 magis
2782 5516 2872 5558 aut
2895 5507 3068 5560 minus
3093 5522 3123 5560 a
3146 5509 3317 5576 prima
3349 5507 3676 5565 mente’dis-

2102 5576 2353 5630 cedentes
2394 5575 2558 5643 magis
2598 5586 2687 5629 aut
2719 5576 2891 5629 minus
2922 5575 3167 5633 obnoxiaé
3206 5589 3330 5631 sunt
3361 5582 3673 5636 mutationi:

2101 5647 2242 5713 quod
2274 5646 2612 5710 Philosophia
2644 5647 2861 5714 exponit
2905 5649 3153 5716 exemplo
3203 5650 3432 5714 plurium
3462 5653 3675 5706 Orbium

2103 5717 2243 5791 circa
2275 5717 2552 5791 innnotum
2583 5720 2830 5791 eumdem
2862 5732 3013 5771 axem
3037 5718 3106 5791 ita
3158 5729 3430 5783 actorum,
3460 5731 3518 5775 ut
3569 5739 3675 5791 quo

2102 5788 2164 5838 ad
2194 5804 2348 5866 axem
2380 5787 2547 5866 magis
2583 5798 2673 5841 aut
2714 5788 2887 5842 minus
2923 5790 3180 5845 accedunt
3239 5806 3303 5847 eo
3338 5793 3537 5853 minori
3581 5787 3677 5857 aut

2104 5858 2292 5928 majori
2323 5867 2465 5913 motu
2493 5858 2750 5919 cieantur.
