3984 6382
249 322 346 381 817

1136 322 1221 377 DE
1259 318 1776 378 CUNSOLATIONE
1820 313 2295 374 PHILOSOPHUS
2336 318 2463 375 LIB.
2506 317 2591 373 IV.

3422 315 3529 376 818

245 443 341 497 fati
367 457 577 512 quoque
610 450 635 477 λ
663 439 1064 511 supergreditur
1097 440 1492 495 necessitatem.
1524 444 1537 471 ι
1574 439 1735 508 Igitur
1767 438 1841 490 uti
1870 441 1918 497 Α
1948 437 2141 492 intueri
2178 439 2320 492 illam
2354 439 2593 493 intimam
2620 436 2971 507 temperiem,
3003 434 3166 492 veluti
3197 436 3250 489 in
3283 432 3529 504 corpori-

245 542 330 589 est
358 533 425 587 ad
452 531 481 571 δ
514 533 840 588 intellectum
877 532 1247 596 ratiocinatio;
1284 533 1348 586 ad
1381 534 1430 586 id
1462 532 1601 602 quod
1638 542 1719 586 est
1742 572 1755 594 ,
1786 530 1835 583 id

246 623 386 693 quod
433 623 696 694 gignitur,
744 625 808 677 ad
857 623 1213 678 teternitatem
1270 633 1507 692 tempus,
1555 622 1619 676 ad
1657 623 1836 690 puncti

247 713 479 767 medium
508 714 739 768 circulus
772 729 787 779 ;
821 713 890 767 ita
921 722 1004 767 est
1036 714 1125 766 l'ati
1156 714 1327 767 series
1357 712 1570 767 mobilis
1598 712 1663 765 ad
1709 712 1841 765 Pru-

245 804 495 859 videntia:
519 805 763 860 stabilem
789 804 1206 871 simplicitatem.
1234 805 1312 875 (5)
1339 801 1413 858 Ea
1442 805 1615 858 series
1640 803 1834 856 cmlum

242 913 306 952 ac
329 898 507 953 sidera
539 906 753 961 movet,
787 896 1053 951 elementa
1085 896 1137 949 iit
1170 911 1229 950 se
1268 897 1492 949 invicem
1536 904 1834 963 temperat,

242 1002 296 1047 et
324 992 531 1047 alterna
563 991 983 1045 commutatione
1018 989 1380 1044 transformat.
1428 989 1627 1042 Eadem
1662 999 1682 1025 ε
1738 1003 1836 1040 na-

238 1082 895 1153 scentia,occidentiaque
923 1082 1104 1135 omnia
1138 1095 1234 1147 per
1262 1079 1466 1134 similes
1497 1079 1719 1143 fetuum,
1750 1093 1836 1132 se-

239 1174 555 1243 minumque
598 1181 819 1227 renovat
872 1186 1205 1242 progressus.
1260 1170 1383 1225 Haec
1436 1180 1585 1224 actus
1632 1171 1830 1236 etiam,

238 1263 593 1334 fortunasque
640 1263 912 1317 hominum
968 1262 1324 1318 indissolubili
1380 1276 1659 1316 causarum
1707 1277 1835 1315 con-

240 1354 473 1409 nexione
502 1354 818 1424 constringit
859 1372 872 1408 :
915 1370 1035 1425 quae
1064 1369 1184 1408 cum
1225 1355 1293 1407 ab
1334 1353 1621 1409 immobilis
1651 1353 1835 1407 Provi-

239 1443 437 1498 dentia:
498 1444 904 1515 proficiscantur
940 1444 1210 1510 exordiis,
1271 1444 1380 1513 (10)
1437 1444 1580 1513 ipsas
1622 1460 1835 1515 quoque

240 1532 268 1571 ἀ
292 1536 654 1592 immutabiles
682 1553 803 1593 esse
832 1553 1055 1594 necesse
1104 1548 1206 1593 est.
1242 1538 1315 1591 lla
1345 1539 1487 1592 enim
1516 1554 1604 1593 res
1633 1540 1834 1608 optime

243 1644 522 1703 reguntur,
546 1634 591 1689 si
621 1650 843 1689 manens
872 1636 923 1688 in
954 1635 1130 1690 divina
1161 1645 1339 1689 mente
1368 1634 1707 1704 simplicitas,
1752 1635 1833 1687 in-

247 1726 616 1783 declinabilem
664 1743 947 1783 causarum
994 1728 1238 1785 ordinem
1289 1738 1530 1799 promat;
1579 1730 1663 1783 hic
1704 1744 1832 1784 vero

1943 529 2040 583 bus
2060 530 2165 583 dici
2187 530 2347 595 solet,
2371 529 2709 584 animorum?
2733 528 2846 584 Non
2872 528 3014 584 enim
3035 526 3294 581 dissimile
3320 536 3403 582 est
3425 525 3528 579 mi-

1942 621 2189 676 raculum
2222 622 2486 676 nescienti
2523 637 2618 676 cur
2659 622 2806 677 sanis
2832 620 3145 689 corporibus
3170 664 3184 687 ,
3212 619 3294 673 his
3314 618 3527 688 quidem

1942 712 2148 778 dulcia,
2182 712 2287 766 illis
2314 727 2443 767 vero
2472 728 2651 767 amara
2680 714 3020 769 conveniant.
3064 713 3170 767 Cur
3198 713 3324 783 aegri
3365 711 3528 766 etiam

1939 803 2154 873 quidam
2183 803 2422 869 lenibus,
2449 803 2564 874 (10)
2594 803 2803 873 quidam
2835 819 2965 858 vero
3007 804 3220 858 acribus
3265 802 3526 871 adjuvan—

1941 905 2047 951 tur.
2097 896 2167 950 At
2214 902 2314 951 hoc
2361 896 2632 961 medicus,
2683 897 2775 967 qui
2827 896 3073 951 sanitatis
3126 896 3323 966 ipsius,
3370 906 3530 965 atque

1939 990 2271 1059 aegritudinis
2320 990 2539 1044 modum
2593 998 3182 1057 temperamentumque
3226 987 3530 1057 dignoscit,

1940 1081 2159 1135 minime
2208 1080 2451 1135 miratur.
2504 1080 2641 1147 Quid
2689 1096 2817 1135 vero
2847 1080 2989 1135 aliud
3032 1080 3335 1135 animorum
3383 1079 3531 1134 salus

1936 1174 2149 1229 videtur
2174 1188 2293 1227 esse
2314 1215 2329 1237 ,
2375 1188 2533 1243 quam
2584 1172 2859 1243 probitas?
2893 1172 3019 1242 quid
3052 1172 3343 1243 aegritudo,
3370 1185 3531 1241 quam

1937 1267 2103 1321 vitia?
2132 1266 2262 1333 Quis
2293 1276 2473 1319 autem
2512 1264 2651 1318 alius
2700 1264 2784 1319 vel
2825 1274 3072 1319 servator
3112 1264 3412 1330 bonorum,
3443 1261 3531 1317 vel
3610 1330 3618 1337 ν

1939 1360 2200 1414 malorum
2232 1358 2507 1428 dcpulsor,
2541 1374 2701 1427 quam
2733 1365 2912 1412 rector
2940 1372 3003 1411 ac
3036 1355 3331 1411 medicator
3376 1370 3531 1410 men-

1938 1452 2067 1506 tium
2090 1451 2203 1522 (iii)
2240 1450 2417 1506 Deus?
2443 1450 2563 1518 Qui,
2593 1464 2712 1504 cum
2744 1465 2809 1503 ex
2836 1448 2942 1503 alta
2976 1447 3326 1517 providentiae
3359 1443 3376 1483 ί
3412 1460 3532 1515 spe-

1937 1544 2050 1598 cula
2086 1544 2322 1611 respicit,
2350 1542 2476 1613 quid
2508 1542 2795 1611 unicuique
2828 1541 3116 1595 conveniat
3153 1539 3415 1608 agnoscit,
3451 1545 3529 1604 et,

1935 1635 2077 1705 quod
2109 1635 2401 1689 convenire
2456 1632 2634 1699 novit,
2683 1632 3075 1686 accommodat.
3131 1631 3265 1685 Hinc
3307 1630 3417 1698 jam
3471 1630 3529 1683 lit

1935 1726 2065 1781 illud
2094 1726 2271 1781 fatalis
2296 1725 2499 1779 ordinis
2533 1724 2741 1793 insigne
2765 1725 3105 1789 miraculum,
3129 1728 3248 1777 eum
3269 1723 3338 1777 ab
3358 1722 3532 1777 scien-

244 1821 378 1876 ordo
421 1836 509 1877 res
551 1822 862 1888 mutabiles,
892 1832 945 1877 et
973 1824 1171 1893 alioqui
1204 1833 1406 1877 temere
1436 1823 1677 1878 ﬂuituras
1710 1841 1830 1893 pro-
1862 1818 1908 1881 Β
1938 1831 1989 1877 te
2020 1822 2242 1893 geritur,
2274 1822 2414 1891 quod
2444 1830 2697 1891 stupeant
2723 1821 3049 1890 ignorantes.
3087 1820 3218 1874 Nam
3250 1829 3307 1874 ut
3330 1835 3529 1890 pauca,

237 1916 354 1984 pria
386 1924 409 1951 ο
466 1915 1004 1970 incommutabilitate
1044 1923 1311 1971 coerceat.
1352 1916 1470 1982 Quo
1518 1916 1609 1982 fit,
1646 1926 1706 1970 ut
1754 1927 1831 1971 ta-
1875 1967 1887 1977 ,

234 2006 395 2061 metsi
421 2005 573 2059 vobis
597 2007 735 2061 hunc
757 2006 1003 2061 ordinem
1033 2007 1255 2061 minime
1279 2006 1623 2062 considerare
1650 2008 1838 2071 valens

233 2097 413 2161 tibus,
458 2097 680 2152 confusa
718 2098 898 2152 omnia
929 2096 1044 2168 (15)
1076 2099 1490 2169 perturbataqne
1530 2100 1829 2167 videantur,

235 2187 595 2244 nihilominus
638 2199 815 2246 tamen
854 2204 983 2244 suus
1020 2189 1209 2245 modus
1249 2190 1314 2244 ad
1356 2190 1552 2246 bonum
1596 2192 1834 2263 dirigens

233 2290 435 2335 cuncta
479 2280 749 2350 disponat.
793 2280 931 2335 Nihil
969 2290 1052 2335 est
1077 2282 1219 2335 enim
1251 2282 1392 2350 quod
1425 2283 1548 2337 mali
1576 2298 1734 2338 causa
1768 2300 1834 2340 ne

231 2372 304 2429 ab
343 2372 477 2442 ipsis
519 2372 730 2443 quidem
762 2372 1022 2443 improbis
1056 2372 1144 2427 ﬁat
1176 2391 1188 2425 :
1217 2388 1353 2442 quos
1378 2413 1393 2437 ,
1425 2384 1481 2429 ut
1507 2371 1526 2411 τ
1561 2375 1829 2431 uberrime

233 2467 671 2523 demonstratum
717 2475 831 2534 est,
865 2467 1063 2522 bonum
1112 2476 1416 2537 qumrentes
1458 2483 1652 2537 pravus
1680 2484 1835 2525 error

235 2557 436 2613 avertit
458 2600 473 2623 ,
508 2568 533 2606 ι
565 2574 632 2614 ne
666 2558 793 2613 dum
822 2558 957 2613 ordo
982 2558 1050 2614 de
1076 2560 1269 2613 summi
1300 2559 1425 2614 boni
1452 2559 1672 2615 cardine
1708 2576 1837 2631 pro-

238 2650 524 2718 ﬁciscens,
556 2666 587 2704 a
616 2665 713 2705 suo
752 2664 1076 2719 quemquam
1107 2648 1357 2705 deﬂectat
1380 2650 1623 2705 exordio.
1654 2653 1675 2683 ⁸
1703 2652 1836 2717 Quae

235 2760 391 2811 vero,
423 2743 541 2814 (ΞΟ)
566 2744 793 2813 inquies,
827 2750 1005 2812 potest
1030 2742 1137 2796 ulla
1166 2742 1401 2812 iniquior
1421 2756 1543 2797 esse
1566 2741 1833 2811 confusio,

235 2851 405 2907 quam
441 2846 501 2890 ut
546 2836 701 2890 bonis
736 2844 847 2890 tum
878 2835 1038 2906 297
1082 2834 1307 2889 adversa
1330 2873 1345 2898 ,
1388 2842 1498 2887 tum
1548 2849 1835 2903 prospera,

236 2930 400 2986 malis
421 2930 584 2985 etiam
612 2938 722 2984 tum
750 2937 955 2999 optata,
980 2937 1093 2982 tum
1122 2927 1309 2981 odiosa
1337 2926 1837 2996 contingant?Num

235 3025 406 3097 igitur
433 3040 498 3079 ea
548 3025 739 3079 mentis
780 3022 1087 3096 integritate
1104 3022 1351 3078 homines
1376 3021 1596 3093 degunt,
1625 3034 1684 3079 ut
1703 3040 1839 3094 quos

233 3123 444 3191 probos
468 3120 812 3190 imprubosve
832 3120 1165 3185 censuerint,
1185 3133 1279 3174 eos
1298 3134 1531 3189 quoque,
1558 3121 1632 3175 uti
1655 3121 1840 3177 existi-

1936 1932 2053 1988 qua:
2085 1917 2220 1971 ratio
2266 1917 2408 1971 valet
2456 1915 2723 1979 humana,
2762 1916 2776 1965 l
2825 1913 2894 1969 de
2942 1914 3119 1969 divina
3170 1913 3533 1984 profunditate

1936 2008 2291 2078 perstringam
2315 2050 2330 2075 ,
2362 2004 2387 2043 κ
2418 2006 2484 2060 de
2526 2005 2663 2071 hoc,
2713 2020 2871 2075 quem
2922 2014 2977 2059 tu
3022 2005 3381 2075 justissimum
3416 2004 3531 2077 (20)

1937 2109 1991 2154 et
2018 2100 2156 2170 arqui
2188 2098 2648 2154 servantissimum
2680 2109 2832 2168 putas
2856 2140 2869 2165 ,
2900 2099 3079 2152 omnia
3120 2099 3308 2153 scienti
3344 2098 3531 2153 Provi-

1936 2192 2131 2247 demite
2163 2192 2434 2245 diversum
2479 2190 2706 2245 videtur.
2764 2190 2830 2244 Et
2856 2191 3129 2244 victricem
3162 2190 3375 2259 quidem
3406 2203 3535 2245 catt.

1938 2298 2053 2338 sam
2100 2284 2233 2349 diis,
2276 2284 2467 2338 victam
2505 2298 2635 2338 vero
2673 2283 2863 2338 Catoni
2894 2283 3155 2352 placuisse
3190 2280 3206 2320 ¹
3262 2282 3535 2338 familiaris

1940 2383 2122 2430 noster
2148 2374 2394 2429 Lucanus
2419 2373 2715 2429 admonuit.
2752 2373 2846 2428 Hic
2876 2373 3091 2443 igiturIm
3109 2373 3364 2443 quidquid
3393 2374 3528 2428 citra

1938 2482 2088 2538 spem
2132 2466 2317 2523 videas
2356 2468 2507 2538 geri,
2557 2467 2716 2523 rebus
2764 2464 2975 2535 quidem
3022 2475 3202 2520 rectus
3236 2464 3370 2519 ordo
3402 2474 3485 2520 est
3518 2505 3534 2529 ,

1939 2560 2180 2631 opinioni
2224 2575 2354 2615 vero
2396 2570 2498 2615 tum
2530 2573 2778 2629 perversa
2809 2558 3076 2615 confusio.
3108 2558 3213 2613 Sed
3248 2560 3315 2613 sit
3345 2558 3538 2628 aliquis

1940 2656 2011 2710 ita
2062 2654 2199 2710 bene
2230 2664 2503 2720 moratus,
2536 2652 2651 2723 (25)
2678 2662 2735 2707 ut
2781 2652 2848 2705 de
2886 2666 2953 2706 eo
2996 2651 3235 2706 divinum
3277 2647 3537 2721 judicium

1942 2746 2159 2816 pariter,
2189 2745 2589 2815 humanumque
2618 2745 2917 2799 consentiat
2947 2760 2963 2810 ;
2993 2744 3089 2800 sed
3115 2756 3198 2798 est
3222 2744 3385 2798 animi
3415 2743 3540 2798 viri-

1939 2837 2041 2893 bus
2074 2838 2319 2892 intirmus
2348 2853 2363 2893 :
2392 2836 2567 2903 cui,si
2612 2836 2737 2906 quid
2784 2835 2993 2891 eveniat
3038 2834 3288 2898 adversi,
3332 2832 3542 2888 desinet

1941 2932 2125 2987 colere
2173 2930 2395 2985 forsitan
2447 2928 2806 2983 innocentiam
2857 2942 2967 2995 'per
3035 2941 3192 2996 quam
3236 2940 3339 2978 non
3372 2925 3542 2993 potuit
3589 2917 3595 2923 ’

1943 3030 2178 3087 retinere
2212 3026 2501 3081 fortunam.
2548 3023 2723 3077 Parcit
2752 3023 2930 3090 itaque
2961 3022 3174 3089 sapiens
3210 3018 3543 3086 dispensatio

1945 3125 1993 3179 ei
2036 3135 2195 3191 quem
2252 3118 2575 3173 deteriorem
2607 3114 2783 3169 facere
2815 3113 2981 3183 possit
3006 3112 3329 3181 adversitas,
3363 3125 3429 3165 ne
3455 3110 3544 3165 cui

234 3222 430 3279 mant,
472 3226 593 3267 esse
621 3227 843 3268 necesse
882 3212 985 3266 sit?
1018 3211 1175 3279 Atqui
1209 3213 1297 3281 qui
1331 3212 1382 3266 in
1422 3212 1523 3268 hoc
1566 3214 1843 3271 hominum
1871 3199 1919 3263 C
1952 3231 2059 3270 non
2106 3212 2358 3268 convenit
2430 3207 2676 3262 laborare
2742 3206 2989 3274 patiatur.
3039 3205 3133 3259 Est
3172 3204 3309 3258 alius
3335 3200 3545 3259 cunctis

232 3302 439 3374 judicia
467 3300 497 3339 λ
525 3304 835 3374 depugnant
860 3313 914 3358 et
934 3317 1068 3372 quos
1091 3302 1183 3357 alii
1208 3304 1460 3372 praemio,
1492 3305 1579 3358 alii
1602 3305 1681 3375 (5)
1703 3321 1836 3374 sup-

232 3396 404 3465 plicio
430 3394 623 3465 dignos
648 3396 995 3450 arbitrantur.
1022 3395 1128 3452 Sed
1153 3394 1515 3450 concedamus
1533 3437 1547 3461 ,
1572 3407 1630 3452 ut
1648 3398 1841 3469 aliquis

232 3489 421 3554 possit
455 3488 627 3542 bonos
664 3488 902 3544 malosve
928 3487 1263 3553 discernere;
1297 3504 1422 3543 num
1452 3488 1611 3559 igitur
1637 3495 1835 3561 poterit

1954 3304 2239 3362 virtutibus
2270 3302 2381 3374 (30)
2412 3299 2721 3363 absolutus,
2767 3307 3088 3367 sanctusque
3125 3311 3186 3351 ac
3216 3296 3325 3350 Deo
3365 3292 3546 3364 proxi-

1953 3415 2074 3455 mus
2102 3414 2117 3452 :
2145 3396 2270 3451 hinc
2300 3392 2535 3461 contingi
2566 3389 2891 3461 quibuslibet
2918 3389 3158 3445 adversis
3186 3386 3334 3443 nefas
3364 3385 3546 3442 Provi-

1944 3494 2120 3552 dentia
2150 3489 2352 3561 judicat
2373 3528 2387 3552 ,
2418 3484 2580 3552 adeo,
2609 3493 2670 3539 ut
2698 3498 2765 3538 ne
2792 3484 3066 3553 corporeis
3097 3481 3309 3553 quidem
3336 3478 3544 3536 morbis

1630 3623 2218 3685 INTERPRETATIO.

305 3748 334 3777 ι
367 3736 737 3794 Transcendit.

303 3808 333 3848 δ
364 3808 799 3881 Intelligentiam.

310 3892 336 3920 ο
376 3882 587 3937 Series.

303 3949 332 3989 ἀ
372 3951 665 4007 Fortunas.

310 4033 337 4061 ο
374 4022 697 4077 Constantia.

311 4093 332 4132 ί
373 4093 850 4147 Abundantissime.

309 4173 339 4212 ε
380 4163 608 4217 Tantum
636 4164 775 4217 abest
805 4174 881 4217 ut.

308 4236 342 4271 ιι
377 4231 533 4288 Inter
562 4252 615 4289 se
643 4244 987 4304 opponuntur.

1984 3816 1995 3827 ο
2028 3743 2042 3779 ί
2086 3739 2280 3813 l’igilia
2316 3736 2414 3791 hoc
2451 3747 2526 3792 est
2554 3736 2696 3801 loco;
2743 3735 2881 3790 unde
2905 3734 3081 3806 vigiles
3107 3735 3308 3805 longius
3342 3736 3545 3809 prospi-

1949 3826 2160 3957 auimbe
2183 3883 2289 3957 Deo
2317 3878 2755 3950 incomprehenso.
2780 3948 2789 3957 ⁸

1958 4027 1971 4039 .
2016 3952 2050 4037 ξι
2087 3946 2749 4039 Quodtu‘putas'tequum,
2773 3946 3160 4016 idipsumDetts
3185 3949 3548 4006 scientissimus

1952 4026 2419 4163 'm'qlgh'iixgﬁiiw
2449 4091 2655 4159 peritus.

2005 4176 2046 4203 ω
2081 4159 2513 4232 Omnia'quidem
2562 4169 2695 4215 recte
2726 4159 2881 4228 ﬁunt,
2928 4160 3017 4214 sed
3061 4160 3125 4214 de
3166 4176 3341 4216 eorum
3370 4169 3548 4216 eventis

1954 4238 2092 4292 male
2107 4236 2339 4309 judicas.

1797 4372 2027 4431 NOTAE.

309 4500 327 4530 ⁸
371 4495 553 4566 Igitur
574 4496 647 4548 uti
676 4504 746 4549 est
772 4498 839 4548 ad
882 4496 1209 4562 intellectum,
1239 4493 1369 4565 etc.]
1402 4494 1660 4549 Nimirum
1685 4502 1742 4547 ut
1772 4509 1836 4549 ex

1948 4495 2001 4548 di
2014 4508 2166 4548 versa
2196 4502 2279 4548 est
2310 4492 2617 4559 temperies.

231 4562 534 4623 intellectu
566 4567 679 4619 sive
702 4568 1046 4635 inteliigeutia
1081 4570 1221 4635 ((ιυιε
1254 4562 1381 4620 nihil
1410 4575 1493 4621 est
1512 4566 1651 4618 aliud
1682 4581 1840 4626 quam
1875 4567 1924 4626 D
2026 4566 2260 4619 Primum
2288 4564 2499 4632 quidem
2527 4562 2667 4632 quod
2694 4563 2938 4620 homines
2964 4564 3232 4635 ignorent,
3256 4566 3394 4621 Deus
3421 4580 3549 4622 vero

231 4638 1038 4711 cognitiorclaiaetrdistincta,
1068 4654 1291 4707 qumque
1318 4650 1398 4691 est
1423 4651 1609 4711 norma
1642 4646 1700 4688 ut
1721 4652 1847 4689 sen-

232 4707 440 4764 tenti-.1:
468 4710 547 4762 sic
580 4708 1005 4762 ratiocinationis
1045 4724 1183 4762 vera:
1225 4707 1515 4778 certmque)
1564 4716 1847 4761 constante

234 4791 294 4834 et
323 4780 503 4834 veluti
534 4780 749 4832 immota
793 4781 962 4833 oritur
992 4781 1357 4842 ratiocinatio,
1390 4796 1509 4847 qua:
1552 4789 1632 4829 est
1683 4778 1848 4832 veluti

232 4865 579 4920 progressus
623 4852 815 4903 mentis
865 4866 1025 4903 unum
1059 4850 1317 4919 jud.cium
1355 4867 1417 4903 cx
1460 4849 1699 4920 pluribus
1729 4848 1849 4903 aliis

234 4919 536 4988 probantis
566 4922 648 4974 vel
683 4921 1067 4987 improbantis:
1105 4930 1161 4974 ut
1191 4937 1253 4973 ex
1281 4924 1501 4975 materia
1523 4919 1708 4973 eadem
1736 4935 1849 4972 ma-

235 5002 447 5056 nente,
482 4992 691 5045 diversa
736 5003 1060 5060 generantur
1086 5008 1332 5060 corpora,
1377 5008 1425 5044 v.
1461 5009 1511 5061 g.
1544 5003 1720 5058 Seges‘,
1755 4991 1849 5043 tri-

232 5064 456 5123 ticum,
492 5065 671 5129 panis,
701 5064 938 5130 sanguis,
980 5078 1105 5116 caro
1138 5082 1149 5114 :
1181 5074 1237 5116 ut
1266 5065 1331 5115 ab
1360 5062 1660 5115 mternitate
1684 5101 1697 5122 ,
1730 5077 1848 5127 quae

231 5143 328 5187 est
360 5132 691 5185 diuturnitas
724 5133 795 5186 rei
836 5134 950 5186 sine
980 5134 1238 5201 principio
1264 5143 1317 5185 et
1344 5135 1459 5186 sine
1491 5133 1591 5184 line
1615 5133 1849 5186 existen-

234 5215 355 5268 tis,
418 5204 662 5269 procedit
706 5212 914 5272 tempus
961 5205 1103 5272 quod
1153 5213 1234 5258 est
1267 5203 1586 5259 diuturnitas
1625 5204 1697 5255 rei
1729 5218 1849 5256 cum

234 5273 526 5345 principio
548 5283 601 5345 et
625 5274 729 5326 line
750 5276 1027 5345 existentis
1052 5292 1063 5326 :
1090 5284 1145 5328 ut
1161 5284 1343 5327 centro
1364 5276 1583 5327 immoto
1608 5286 1852 5345 movetur
1888 5342 1891 5345 _

230 5344 518 5407 circulus,
553 5344 623 5417 ita
656 5344 999 5412 providentia:
1032 5345 1125 5399 Dei
1167 5348 1398 5399 immotae
1441 5345 1719 5417 subjicitur
1755 5344 1850 5398 fati

230 5417 433 5469 series
466 5416 694 5469 mobilis.

314 5490 338 5517 ³
372 5486 511 5551 Qum
534 5502 669 5549 vero,
701 5486 918 5556 inquies,
950 5495 1107 5553 potest
1133 5486 1261 5551 ulla,
1308 5485 1447 5556 etc.]
1484 5486 1568 5540 IV.
1600 5485 1844 5541 Philoso-

232 5557 379 5626 phia
408 5571 479 5608 ex
516 5555 785 5624 prtedirtis
815 5558 1091 5625 principiis
1121 5558 1302 5623 infert,
1328 5555 1445 5611 non
1466 5560 1641 5611 minus
1666 5555 1848 5610 Provi-

231 5628 467 5684 desitim
492 5642 646 5691 quam
678 5628 767 5682 fati
795 5643 914 5683 esse
946 5629 1086 5695 quod
1145 5629 1299 5683 bonis
1328 5629 1485 5681 etiam
1516 5630 1762 5692 adversa,
1792 5636 1847 5681 et

230 5699 418 5754 [nalis
452 5698 609 5750 etiam
635 5713 888 5768 prospera
910 5700 1254 5767 contingant,
1281 5699 1394 5751 sive
1420 5701 1541 5765 quia
1567 5713 1700 5766 quos
1726 5714 1846 5762 pro-

231 5768 359 5824 hos
394 5768 776 5834 improbosqut:
809 5770 1049 5822 homines
1074 5778 1312 5831 censent,
1336 5770 1387 5821 hi
1410 5770 1540 5820 tales
1572 5786 1674 5820 non
1697 5779 1841 5833 sunt,

235 5838 612 5912 Deojudice,
642 5842 749 5895 sive
778 5841 933 5897 etiam
957 5844 1077 5911 quia
1094 5852 1147 5896 ut
1168 5854 1450 5909 corporum
1478 5839 1554 5893 sic
1583 5850 1838 5893 mentium

1959 4636 2345 4702 perfeCtissime
2374 4646 2558 4689 noscat
2588 4635 2827 4689 omnium
2860 4635 3135 4691 hominum
3162 4638 3545 4704 cogitationes,

1957 4708 2072 4762 ﬁeri
2100 4718 2274 4774 potest
2305 4716 2361 4759 ut
2389 4707 2677 4777 humanum
2706 4705 3052 4776 divinumque
3076 4708 3335 4777 judicium
3362 4709 3429 4763 de
3457 4710 3551 4762 bo-

1957 4781 2038 4831 nis
2078 4779 2452 4845 perversisiiue
2500 4776 3045 4849 hominibusqdiflerat
3080 4776 3102 4829 ':
3150 4789 3199 4832 ut
3230 4793 3364 4849 quos
3408 4780 3549 4832 Deus

1954 4849 2180 4916 probat,
2216 4848 2313 4902 hos
2356 4850 2601 4901 homines
2637 4846 2974 4913 improbent,
3018 4846 3261 4917 quosmte
3300 4850 3549 4904 homines

1996 4921 2211 4985 robant,
2249 4918 2515 4972 hosDeus
2546 4918 2812 4989 improbet
2840 4934 2854 4972 :
2884 4920 2961 4972 sic
2986 4936 3090 4987 quo
3120 4931 3363 4989 tempore
3389 4919 3548 4973 amici

1989 4990 2073 5043 obi
2099 4990 2275 5055 ipsum
2302 4989 2658 5052 damnabant,
2686 4988 2875 5042 eodem
2904 4989 3096 5044 Jobutn
3127 4988 3265 5045 Deus
3306 4992 3550 5044 ab~olve-

1955 5061 2067 5114 bat.
2096 5061 2231 5127 Quin
2263 5062 2420 5113 etiam
2466 5060 2563 5113 hac
2604 5060 2656 5112 in
2696 5074 2755 5112 re
2793 5061 3057 5114 contraria
3104 5072 3228 5115 sunt
3271 5061 3547 5114 hominum

1952 5131 2182 5199 jltdlCla,
2214 5139 2262 5184 et
2290 5147 2415 5197 quos
2444 5128 2535 5182 alii
2565 5132 2775 5200 praemio
2794 5169 2808 5193 ,
2838 5130 2928 5182 alii
2968 5134 3217 5203 supplicio
3247 5134 3427 5202 dignos
3456 5148 3546 5184 ar-

1958 5204 2228 5255 bitrantur.
2572 5206 2583 5216 ’

2029 5273 2231 5325 Deinde
2260 5273 2513 5325 mentium
2540 5271 2618 5325 sic
2648 5270 2855 5324 diversa
2884 5281 2966 5324 est
2999 5276 3281 5341 temperies
3300 5313 3315 5337 ,
3356 5273 3546 5327 saltem

1956 5343 2135 5397 habita
2166 5342 2368 5397 ratione
2389 5342 2650 5412 corporis,
2673 5357 2792 5394 cum
2826 5357 2932 5411 quo
2956 5342 3271 5411 junguntur,
3316 5353 3370 5396 ut
3400 5360 3547 5412 quae-

1958 5415 2078 5468 datn
2114 5416 2229 5482 ipso
2250 5430 2475 5481 corpore
2498 5417 2606 5466 sint
2628 5413 2968 5476 inﬁrmiores,
2993 5414 3235 5481 quaedam
3260 5413 3508 5467 fortiores
3525 5455 3540 5478 ,

1959 5485 2201 5553 qum-dam
2230 5485 2393 5538 veluti
2428 5484 2633 5538 libratis
2666 5484 2867 5536 viribus
2894 5485 3126 5551 tequales
3166 5501 3179 5537 :
3210 5483 3403 5553 quibus
3430 5498 3545 5553 om-

1959 5552 2146 5619 nibus,
2194 5555 2302 5608 Deo
2331 5555 2643 5624 providente
2668 5553 2886 5624 ,_modo
2932 5567 3185 5624 prOSpera
3206 5552 3413 5622 {modo
3444 5552 3542 5606 ad-

1957 5641 2106 5679 versa
2134 5622 2481 5694 contingunt,
2518 5634 2668 5689 prout
2700 5622 2811 5675 hinc
2839 5622 3146 5678 conducunt
3187 5624 3251 5678 ad
3302 5625 3424 5677 vitia
3458 5640 3545 5677 re-

1956 5697 2250 5758 movenda.
2294 5698 2373 5748 vel
2416 5697 2481 5748 ad
2515 5694 2735 5747 virtutes
2763 5694 3153 5759 promovendas
3199 5713 3212 5748 :
3246 5696 3385 5764 quod
3438 5704 3544 5746 tam

1955 5770 2191 5834 ignotum
2225 5778 2305 5821 est
2338 5766 2639 5822 hominibus
2670 5803 2683 5825 ,
2713 5777 2871 5833 quam
2924 5764 3015 5815 illa
3056 5766 3236 5821 intima
3280 5766 3545 5836 temperies

1953 5854 2259 5892 ultimorum.
