3984 6382
231 395 314 449 δει
1127 401 1214 458 DE
1244 402 1765 462 CONSOLATIONE
1805 359 2276 459 PHILOSOPHUE
2314 404 2441 462 LIB.
2479 405 2568 463 tv.

228 521 230 526 '
358 519 493 568 Pura
521 519 692 570 solers
717 527 940 570 cernere
965 524 1165 580 mente,
1824 519 1879 580 Α

357 511 493 568 Pura
521 512 692 570 solers
717 527 940 570 cernere
965 524 1165 580 mente,

358 605 551 674 Aspice
579 606 770 659 summi
801 606 1030 661 culmina
1062 607 1206 662 caeli.

357 697 516 770 301
559 697 670 753 lllic
695 699 840 769 justo
868 699 1072 757 foedere
1101 718 1282 758 rerum

222 789 253 845 5
367 790 609 845 Veterem
639 802 860 847 servant
888 793 1062 849 sidera
1097 811 1300 864 pacem.

358 881 472 937 Non
503 883 584 939 sol
614 884 776 937 rutilo
802 887 1043 940 concitus
1076 888 1197 958 igne

362 975 608 1032 Gelidum
638 975 870 1033 Phoebes
901 978 1122 1044 impedit
1149 994 1324 1035 axem.

356 1068 464 1122 Nec
488 1084 606 1139 quae
633 1085 842 1123 summo
869 1073 1069 1125 vertice
1097 1073 1274 1126 mundi

360 1160 553 1215 Flectit
583 1161 799 1230 rapidos
827 1161 959 1217 Ursa
988 1173 1216 1229 meatus,

216 1250 279 1304 l0
355 1250 631 1319 Nunquam
665 1252 889 1305 occiduo
920 1253 1025 1308 lota
1058 1254 1342 1324 profundo,

355 1342 564 1398 Ctetcra
595 1360 821 1400 cernens
847 1345 1023 1400 sidera
1054 1349 1238 1415 mergi,

357 1435 520 1500 Cupit
548 1437 759 1492 Oceano
791 1439 994 1507 tingere
1032 1442 1291 1494 flammas.

353 1529 582 1598 Semper
608 1532 814 1586 vicibus
841 1532 1097 1602 temporis
1125 1533 1291 1602 aequis

353 1619 556 1689 Vesper
581 1637 732 1676 seras
764 1623 971 1676 nuntiat
1003 1623 1242 1687 umbras.

229 1708 290 1767 l5
359 1711 696 1783 Reveltitque
722 1714 862 1769 diem
896 1713 1108 1768 Lucifer
1138 1716 1359 1769 almum.

353 1804 438 1858 Sic
467 1812 696 1858 aeternos
727 1804 897 1859 reficit
925 1820 1112 1858 cursus

358 1899 612 1952 Alternus
640 1914 794 1952 amor
820 1916 832 1950 :
867 1899 944 1952 sic
972 1897 1245 1968 astrigeris

361 1991 569 2048 Bellum
604 1993 809 2046 discors
838 1991 1054 2047 exsulat
1083 1991 1214 2050 oris.

2045 517 2172 572 Hazc
2207 518 2494 573 concordia
2526 527 2787 590 temperat
2812 520 2978 590 aquis

1901 609 1972 664 ‘20
2050 609 2324 664 Elementa
2355 611 2550 678 modis,
2579 622 2635 665 ut
2665 611 2952 682 pugnantia

2052 700 2267 755 Vicibus
2295 702 2489 756 cedant
2514 701 2728 757 humida
2750 702 2930 769 siccis,

2048 792 2387 862 Jungantque
2411 793 2570 848 tidem
2597 793 2791 863 frigora
2820 794 3069 862 ﬂammis,

2049 883 2320 938 Pendulus
2351 884 2488 955 ignis
2514 895 2695 954 surgat
2725 885 2775 938 in
2801 884 2968 942 altum
2989 926 3004 952 ,

2048 975 2334 1043 Terraeque
2364 989 2552 1044 graves
2582 975 2816 1044 pondere
2853 977 3046 1030 sidant.

1907 1068 1977 1124 25
2049 1068 2210 1145 302
2253 1067 2442 1121 Iisdem
2473 1068 2650 1122 causis
2679 1083 2805 1122 vere
2835 1069 3034 1137 tepenti

2048 1161 2232 1228 Spirat
2260 1159 2465 1214 ﬂorifer
2489 1173 2662 1214 annus
2692 1159 2907 1224 odores,

2049 1251 2233 1307 Estas
2261 1252 2515 1306 Cererem
2547 1253 2747 1307 fervida
2780 1254 2968 1313 siccat,

2052 1343 2274 1397 Renteat
2306 1343 2479 1413 pomis
2509 1345 2694 1416 gravis
2728 1354 3034 1407 autumnus,

2057 1441 2294 1495 lliemem
2320 1440 2529 1495 deﬂuus
2557 1441 2738 1510 irrigat
2771 1440 2964 1496 imber.

1908 1534 1977 1590 50
2053 1533 2177 1588 Haec
2205 1534 2491 1602 temperies
2522 1533 2648 1595 alit,
2678 1548 2740 1586 ac
2770 1531 2972 1602 profert

2054 1626 2323 1695 Quidquid
2353 1627 2515 1679 vitam
2549 1626 2719 1694 Spirat
2747 1626 2798 1680 in
2829 1627 2960 1679 orhe
2985 1644 2997 1677 :

2055 1718 2252 1773 Eadem
2285 1718 2502 1787 rapiens
2530 1716 2732 1783 condit,
2764 1725 2820 1771 et
2846 1716 3041 1783 aufert,

1967 1871 1971 1876 ,
2053 1810 2212 1866 Obittt
2239 1823 2488 1880 mergeus
2512 1817 2626 1864 orta
2660 1823 2932 1878 supremo.

2055 1901 2223 1958 Sedet
2253 1902 2460 1956 interea
2486 1901 2733 1955 conditor
2761 1901 2922 1963 altus,

1837 1975 1886 2036 Β
1914 1992 1985 2049 55
2059 1993 2367 2063 Rerumque
2395 2007 2588 2063 regens
2617 1991 2785 2046 ﬂectit
2815 1991 3079 2052 habenas,

1550 2101 2125 2162 INTERPRETATIO.

216 2217 312 2273 llic
340 2229 482 2273 astra
510 2220 728 2273 retinent
763 2217 1095 2273 concordiam
1130 2217 1396 2289 antiquam
1428 2232 1601 2289 rerum
1622 2258 1636 2281 ,
1668 2226 1806 2270 certo

216 2290 419 2358 findere.
453 2291 548 2346 Sol
575 2301 753 2360 raptus
782 2293 994 2360 ﬂamma
1022 2288 1292 2360 splendida
1320 2305 1423 2343 non
1451 2288 1661 2357 impedit
1690 2305 1810 2341 cur-

215 2379 322 2413 mm
370 2363 615 2432 [rigidum
638 2358 808 2416 lance.
865 2359 1043 2421 Neque
1071 2358 1211 2432 Ursa
1233 2402 1246 2422 ,
1287 2377 1396 2428 qua:
1433 2360 1643 2432 vertitur
1672 2360 1808 2432 circa

217 2429 466 2485 summum
495 2432 674 2502 polum
701 2433 897 2496 mundi,
927 2433 1039 2483 licet
1069 2430 1188 2483 ltiuc
1214 2447 1472 2498 nunquam
1501 2430 1675 2483 abluta
1697 2429 1808 2502 fue-

217 2507 277 2554 rit
308 2501 502 2556 oceano
531 2502 762 2566 occiduo,
793 2503 914 2555 inde
938 2519 1051 2554 vero
1075 2502 1240 2552 videat
1267 2510 1449 2553 caetera
1481 2512 1620 2552 astra
1645 2501 1806 2565 ablui,

221 2574 375 2627 studet
404 2574 610 2628 abluere
638 2590 754 2627 suos
780 2574 924 2639 ignes
957 2573 1058 2626 hoc
1083 2573 1272 2625 eodem
1303 2572 1453 2624 mari.
1488 2571 1701 2637 Semper
1729 2573 1812 2624 al-

225 2654 350 2697 terna
399 2645 488 2696 sed
509 2647 654 2713 justa
690 2646 1005 2697 successione
1046 2641 1286 2708 temporis
1323 2642 1473 2695 stella
1522 2643 1804 2712 vespertina

221 2714 405 2766 indicat
434 2717 666 2767 tenebras
694 2725 971 2767 nocturnas
990 2756 1002 2774 ,
1043 2714 1337 2779 eademque
1367 2714 1513 2766 stella
1550 2715 1802 2765 matutina

221 2789 366 2853 refert
400 2785 565 2837 lucem
611 2786 901 2852 fecundam.
952 2785 1041 2838 Sic
1075 2799 1220 2836 amor
1263 2783 1555 2849 reciprocus
1598 2793 1804 2846 reparat

223 2839 381 2910 motus
405 2839 676 2924 perpetuos
699 2872 716 2921 ;
737 2857 810 2909 sic
831 2855 1017 2908 bellum
1041 2855 1233 2908 discors
1257 2839 1474 2924 ejeclum
1495 2863 1616 2907 este
1633 2839 1804 2924 regio-
1830 2839 1878 2902 C

1911 2217 2057 2271 nibus
2103 2218 2378 2285 stelliferis.
2446 2213 2732 2269 Concordia
2778 2217 2877 2268 ista
2918 2214 3214 2268 moderatur
3254 2216 3500 2268 elementa

1902 2291 2062 2361 justiti
2085 2289 2302 2361 legibus,
2328 2297 2382 2340 ut
2405 2287 2616 2340 humida
2634 2286 3118 2361 contraria‘alternis
3138 2289 3316 2361 cedant
3337 2287 3504 2351 siccis,

1913 2357 1958 2413 et
1990 2357 2186 2430 frigida
2213 2361 2388 2412 ineant
2430 2374 2607 2426 pacem
2649 2374 2764 2411 cum
2787 2357 3028 2430 calidis;
3058 2358 3202 2430 ignis
3235 2372 3506 2430 suspensus

1913 2427 2078 2483 et'olet'
2109 2445 2311 2483 sursum
2369 2439 2415 2481 et
2462 2441 2597 2490 terra
2659 2428 2946 2494 ponderosa
2987 2427 3222 2479 subsistat
3253 2427 3507 2479 deorsum

1913 2514 2006 2553 sua
2037 2502 2304 2572 gravitate.
2340 2498 2438 2553 His
2472 2499 2662 2572 legibus
2692 2515 2856 2551 annus
2883 2498 3068 2565 ﬂorum
3099 2514 3281 2572 parens
3322 2499 3508 2572 emittit

1914 2569 2096 2625 odores
2134 2581 2451 2638 tempestate
2489 2571 2661 2634 tepida
2703 2572 2870 2630 veris,
2934 2580 3082 2621 testas
3125 2569 3290 2621 calida
3339 2571 3508 2636 coquit

1917 2658 2133 2698 messem
2156 2683 2171 2706 ,
2216 2652 2492 2698 autumnus
2524 2643 2790 2692 revertitur
2821 2650 3034 2691 onustus
3085 2641 3246 2703 pomis
3273 2678 3287 2701 ,
3338 2639 3509 2704 pluuia

1917 2714 2104 2765 cadens
2134 2714 2355 2784 aspergit
2385 2711 2618 2765 hiemem.
2641 2709 2790 2784 Haec
2820 2710 3081 2784 temprries
3121 2709 3508 2784 nutrit-produt

1915 2786 2082 2852 citqtte
2111 2779 2301 2851 corpus
2325 2799 2469 2835 omne
2512 2781 2649 2849 quod
2695 2781 2993 2852 agitvitam
3039 2780 3089 2831 in
3136 2780 3368 2841 mundo;
3413 2779 3506 2833 sed

1910 2850 2088 2908 eadem
2122 2850 2408 2921 temperies
2439 2853 2571 2906 tollit
2599 2861 2648 2905 et
2682 2850 2902 2904 occultat
2932 2851 3065 2902 idem
3097 2865 3283 2917 corpus
3315 2851 3505 2914 vivens,

1739 2967 1969 3026 ΝΟΤᾹζ.

286 3087 341 3139 2.
369 3083 513 3139 Pura
542 3085 699 3140 solers
727 3101 930 3138 cernere
955 3082 1165 3156 mente.]
1211 3085 1384 3140 Mente
1413 3085 1648 3140 omnibus
1680 3101 1816 3156 prte-

221 3158 426 3223 iudiciis
474 3165 626 3210 exuta
673 3158 807 3210 clare
835 3167 882 3210 et
924 3156 1158 3228 distincte
1187 3173 1524 3228 cognoscere,
1575 3157 1812 3228 divinam

227 3228 483 3283 nimirum
517 3228 910 3280 Providentiam
939 3269 953 3288 ,
1003 3225 1160 3294 hujus
1207 3225 1383 3281 autem
1435 3227 1813 3291 Providentiae,

221 3298 398 3366 judice
454 3296 793 3365 PhilttsOpbia
823 3339 836 3359 ,
884 3306 1199 3367 argumenta
1252 3305 1380 3351 sunt
1424 3298 1554 3368 ipsa:
1611 3307 1817 3354 natura!

222 3371 368 3435 leges
396 3409 412 3431 ,
445 3383 579 3437 quas
631 3368 870 3421 videmus
910 3368 1452 3436 observari,primum
1497 3368 1711 3438 quidem
1761 3369 1814 3422 in

222 3439 518 3503 sideribus,
560 3437 751 3492 deinde
780 3439 831 3492 in
859 3438 1170 3495 elementis,
1214 3448 1397 3507 postea
1437 3441 1488 3492 in
1519 3437 1662 3506 ipsis
1690 3438 1819 3494 anni

224 3509 632 3578 tempestatibus
649 3553 662 3569 ,
697 3509 928 3575 denique
953 3509 1004 3560 in
1029 3511 1276 3562 omnibus
1298 3509 1615 3577 corporibus
1636 3510 1819 3564 viven-

224 3583 365 3635 tibus
400 3596 416 3645 ;
443 3582 509 3633 de
536 3580 729 3648 quibus
757 3594 1000 3634 seorsum
1036 3580 1377 3649 Phi|050phia
1406 3579 1614 3634 dictura
1642 3590 1743 3635 est.

292 3673 348 3728 5.
378 3670 596 3726 Serrant
623 3673 793 3725 sidera
826 3668 1045 3742 pacem.]
1079 3672 1116 3725 Ι.
1153 3672 1425 3726 Praedicta:
1459 3673 1818 3728 Providentiae

225 3746 369 3803 leues
391 3743 745 3796 obaervantur
766 3743 815 3795 itt
839 3742 1129 3806 sideribus,
1155 3744 1404 3797 nimirum
1431 3743 1483 3796 in
1508 3744 1643 3810 sole,
1669 3743 1818 3807 luna,

225 3815 358 3869 Ursa
384 3855 399 3875 ,
439 3811 684 3866 Lucifero
721 3823 774 3866 et
802 3815 1014 3867 caeteris
1054 3814 1243 3868 stellis.
1276 3813 1429 3875 Nam,
1462 3815 1707 3882 quamvis
1738 3815 1821 3870 sol

225 3886 293 3938 ila
329 3885 399 3937 sit
429 3898 626 3950 corpus
657 3883 924 3950 lucidum,
963 3893 1022 3937 ut
1051 3884 1180 3952 ignis
1214 3883 1397 3938 haberi
1428 3885 1620 3952 possit,
1669 3886 1820 3952 juxta

225 3954 354 4008 illttd
390 3955 555 4008 Eccli.
589 3967 715 4008 XLIII
757 3970 773 4008 :
807 3954 901 4007 Sol
932 3970 1144 4007 exurens
1182 3966 1408 4018 montes,
1445 3953 1621 4007 radios
1647 3955 1824 4025 igneos

227 4025 533 4095 ezsttﬂlans:
563 4028 685 4077 luna
711 4039 839 4095 vero
862 4025 929 4077 ita
953 4039 1148 4092 corpus
1169 4038 1419 4092 apacum,
1444 4035 1501 4076 ttt
1523 4025 1621 4078 nisi
1648 4027 1826 4080 alieno

229 4094 436 4150 lumine
465 4095 701 4149 reluceat
728 4135 743 4157 ,
791 4094 977 4161 frigida
1018 4096 1193 4158 potius
1222 4110 1380 4164 quam
1426 4095 1595 4148 calida
1643 4096 1826 4149 haberi

230 4167 426 4220 debeat
449 4206 466 4232 ,
512 4166 593 4219 sol
635 4176 813 4219 tamen
847 4167 915 4218 ita
959 4174 1202 4219 movetur
1227 4207 1242 4228 ,
1288 4175 1347 4219 ut
1375 4165 1514 4218 lunae
1543 4167 1822 4220 circuitum

231 4245 338 4291 non
370 4236 646 4300 impediat.
679 4236 939 4290 Similiter
972 4235 1105 4289 Ursa
1138 4236 1281 4304 polo,
1313 4236 1400 4289 cui
1433 4250 1626 4289 nomen
1656 4235 1825 4301 dedit,

231 4309 405 4361 vicina
434 4309 504 4359 ita
537 4315 778 4360 movi-tur
805 4307 944 4360 circa
975 4305 1223 4360 eumdem
1257 4309 1458 4372 polum,
1491 4315 1550 4359 ttt
1575 4308 1826 4360 occiden-

1920 3095 2087 3140 talum
2113 3085 2424 3149 motricium,
2451 3099 2570 3153 qute
2594 3084 2662 3137 ita
2691 3093 2903 3138 notatur
2928 3082 3218 3153 (Pendulus
3241 3075 3372 3154 ig'nis
3394 3102 3508 3138 sur-

1918 3167 2016 3229 gat;
2029 3157 2082 3229 in
2112 3158 2293 3229 altum,
2327 3157 2596 3226 Terrwque
2622 3171 2805 3229 graves
2814 3155 3052 3229 pondere
3080 3155 3292 3229 sitiant).

1990 3226 2080 3280 25.
2125 3224 2318 3281 Iisdem
2363 3223 2561 3291 causis,
2605 3223 2744 3297 etc.]
2790 3224 2875 3279 111.
2922 3223 3510 3297 lisdemProvidentim

1921 3298 2126 3365 legibus
2185 3308 2412 3366 quatuor
2473 3297 2596 3351 anni
2661 3296 3044 3364 tempestates,
3096 3296 3342 3350 nimirum
3390 3314 3506 3359 ver,

1921 3379 2080 3422 testas
2103 3410 2118 3431 ,
2152 3378 2438 3422 autumnus
2475 3381 2526 3423 et
2574 3367 2746 3420 hiems
2780 3367 2878 3420 sibi
2921 3367 3146 3419 invicem
3191 3367 3506 3423 suticedtmt.

1922 3439 2028 3493 Ver
2057 3453 2157 3493 suo
2185 3449 2368 3506 tepore
2405 3437 2567 3494 ﬂores
2608 3437 2908 3500 odoresqtte
2937 3438 3155 3492 emittit.
3205 3437 3384 3492 Esms
3411 3454 3511 3492 suo

1923 3509 2130 3564 fervore
2160 3525 2364 3563 messes
2395 3511 2581 3564 siccat.
2617 3509 2916 3562 Autumnus
2952 3507 3121 3575 pomis
3159 3513 3382 3562 ortustus
3420 3525 3513 3564 sus

1922 3579 2027 3644 bit;
2062 3580 2380 3649 tandemque
2409 3580 2580 3634 hiems
2607 3580 2673 3632 ah
2703 3580 2980 3639 imbribus,
3002 3581 3113 3632 sive
3142 3580 3245 3635 ἀπὸ
3268 3587 3358 3634 τοῦ
3383 3579 3510 3646 ὕειν,

1924 3652 2117 3713 pluere,
2153 3651 2320 3720 dicta,
2354 3649 2550 3720 pluviis
2578 3664 2735 3716 agros
2768 3649 2950 3717 irrigat
2985 3666 2998 3701 :
3030 3663 3148 3718 quae
3183 3653 3358 3702 omnia
3400 3652 3514 3704 cvi-

1923 3721 2240 3776 dentissime
2271 3719 2363 3773 hic
2385 3729 2773 3788 proponuntur.

1993 3793 2083 3845 30.
2111 3787 2237 3843 Ha'c
2264 3787 2545 3858 temperies,
2569 3787 2700 3860 etc.]
2731 3790 2815 3843 IV.
2851 3789 2942 3844 llis
2973 3789 3130 3842 etiam
3157 3789 3349 3842 divina:
3377 3791 3509 3846 Pro-

1925 3861 2173 3915 videmiae
2223 3861 2428 3928 legibus
2479 3859 2704 3927 corpora
2761 3859 2989 3913 viventia
3033 3860 3259 3927 primttm
3294 3860 3510 3928 quidem

1926 3933 1979 3985 in
2009 3941 2161 3985 utero
2192 3929 2413 3983 formata
2445 3931 2657 3983 aluntur
2678 3969 2694 3994 ,
2735 3929 2927 3983 deinde
2956 3929 3006 3982 in
3040 3942 3195 3981 auras
3228 3932 3510 3996 prodeunt,

1929 4001 2250 4071 tandemque
2281 4011 2498 4066 peracto
2529 4002 2649 4052 vita:
2678 4016 2838 4053 cursu
2869 4003 3169 4071 moriuntur
3203 4016 3215 4050 :
3243 4001 3382 4067 qttod
3415 4003 3513 4056 ad-

1928 4069 2177 4125 mirabile
2205 4072 2419 4139 quidem
2449 4082 2530 4124 est
2561 4071 2876 4135 generatim,
2910 4069 3002 4122 sed
3035 4071 3190 4138 longe
3222 4071 3516 4126 admirabi-

1930 4145 2033 4196 lius
2052 4142 2338 4210 speciatim
2371 4151 2690 4210 spectatum.

2003 4209 2102 4266 εις
2125 4211 2280 4266 Sedet
2305 4209 2496 4265 interea
2516 4254 2531 4274 ,
2567 4210 2694 4281 etc.]
2727 4210 2789 4264 V.
2820 4209 3159 4278 Philosophia
3191 4209 3370 4272 docet,
3396 4212 3518 4269 illa:

1931 4297 2220 4352 corporum
2253 4283 2648 4338 vicissitudines
2675 4283 2798 4334 oriri
2826 4297 2853 4333 a
2888 4281 2994 4334 Deo
3023 4282 3346 4352 providente.
3382 4284 3518 4339 llinc

235 4380 377 4432 tibus
403 4376 614 4431 ceteris
648 4376 913 4430 sideribus
954 4393 1221 4440 nunquam
1258 4351 1486 4430 occidat.
1535 4375 1641 4429 Nec
1671 4392 1821 4430 secus

1935 4354 2073 4407 Deus
2104 4355 2171 4407 ab
2195 4354 2384 4440 eadem
2424 4352 2763 4440 Philosophia
2804 4365 3020 4440 vocat'ur
3047 4351 3308 4413 conditor,
3341 4354 3518 4408 mode-

242 4447 433 4510 Venns,
449 4462 567 4516 quae
588 4448 810 4500 alternis
829 4458 1038 4502 noctem
1061 4447 1312 4515 diemque
1335 4448 1656 4515 praenuntiat
1675 4463 1831 4502 mane

235 4519 473 4581 Lucifer,
504 4533 627 4571 sero
659 4517 881 4586 Vesper,
915 4520 1042 4570 nihil
1071 4517 1409 4571 obstantibus
1435 4518 1648 4570 czeteris
1672 4519 1832 4572 astris

235 4589 666 4643 constantissime
690 4604 813 4640 suas
834 4590 1066 4642 alternat
1091 4589 1257 4640 vices.
1285 4586 1464 4651 Usque
1487 4590 1622 4642 adeo
1643 4603 1829 4642 verum

240 4669 326 4715 est
354 4659 531 4714 sidera
576 4661 918 4726 przescriptas
957 4658 1311 4712 Providentiae
1345 4659 1490 4724 leges
1520 4659 1828 4712 observare.

235 4729 343 4784 Sed
385 4729 452 4784 de
491 4728 729 4798 Lucifero
777 4741 947 4782 metro
995 4730 1026 4782 5
1065 4729 1160 4782 lib.
1208 4745 1263 4790 ι,
1304 4727 1370 4780 de
1413 4726 1549 4782 Ursa
1590 4737 1764 4782 metro
1800 4730 1834 4782 5

239 4800 335 4854 lib.
365 4815 433 4864 tv,
464 4808 520 4853 et
545 4800 614 4854 de
643 4799 930 4863 sideribus,
955 4814 1073 4868 qua:
1102 4814 1220 4852 cum
1248 4799 1519 4864 occidunt,
1546 4804 1720 4869 poetis
1747 4799 1832 4853 di-

236 4881 432 4924 cuntur
459 4883 663 4924 oceano
693 4871 893 4938 mergi,
929 4870 1125 4938 passim
1153 4869 1354 4924 dictum
1383 4879 1486 4923 est.

315 4981 400 5035 l9.
439 4980 567 5036 Haec
596 4983 889 5044 concordia,
922 4981 1050 5053 etc.]
1097 4983 1160 5038 11.
1203 4983 1414 5038 Eaedem
1464 4986 1608 5054 leges
1648 4984 1836 5040 Provi-

241 5051 444 5106 demite
491 5065 773 5108 servantur
823 5054 875 5106 in
908 5051 1205 5108 elementis.
1253 5051 1589 5108 Elementtittt
1640 5057 1837 5112 dicitur

240 5137 440 5187 corpus
465 5123 744 5178 dividuum
768 5168 783 5189 ,
813 5125 953 5194 quod
985 5125 1052 5178 ita
1088 5127 1370 5178 formatum
1400 5137 1503 5184 est.
1533 5137 1591 5180 ut
1621 5128 1834 5193 exipsq

242 5202 437 5248 czelera
461 5206 869 5262 componantur.
907 5194 1073 5264 Vulgo
1097 5206 1324 5263 quatuor
1354 5196 1704 5252 admittuntur
1727 5198 1837 5251 ele-

244 5272 453 5328 menta,
482 5280 675 5333 nempe
705 5267 874 5331 ignis,
906 5279 1024 5329 aer,
1069 5281 1202 5335 aqua
1242 5276 1295 5320 et
1324 5275 1462 5321 terra
1494 5285 1507 5332 ;
1557 5284 1674 5335 quae
1720 5277 1835 5331 tum

246 5335 614 5406 gualitatihus,
644 5349 777 5403 quas
801 5347 991 5389 vocant
1021 5338 1332 5391 alteratrices
1351 5377 1364 5400 ,
1403 5353 1525 5392 cum
1557 5339 1832 5406 qualitati-

247 5403 371 5467 bus,
403 5421 533 5477 qttas
560 5405 742 5461 dicunt
768 5407 996 5459 mon-ires
1026 5408 1161 5460 inter
1193 5423 1252 5459 se
1285 5423 1519 5477 pugnare
1548 5403 1834 5477 perhiben-

250 5483 360 5530 tur.
397 5476 1044 5548 Qualilatesalteratrices,
1080 5480 1345 5546 inquiunt,
1373 5476 1503 5532 'sunt
1531 5476 1692 5547 calor,
1725 5479 1830 5548 fri-

251 5561 368 5665 gus,
392 5549 570 5600 humor
595 5557 642 5600 et
668 5547 886 5601 siccitas.
922 5548 1215 5614 Qttalitates
1241 5558 1417 5601 autem
1444 5551 1678 5602 matrices
1706 5547 1830 5604 sunt

279 5617 426 5665 cvitas
454 5627 507 5665 et
535 5618 775 5665 grauitas.
811 5617 921 5665 Non
961 5621 1134 5665 agitur
1167 5619 1250 5665 hic.
1296 5619 1394 5665 nisi
1427 5619 1492 5665 de
1529 5621 1821 5665 concordia

279 5617 426 5687 cvitas
454 5627 507 5672 et
535 5618 775 5687 grauitas.
811 5617 921 5670 Non
961 5621 1134 5680 agitur
1167 5619 1250 5671 ltic
1295 5619 1394 5672 nisi
1427 5619 1492 5670 de
1529 5621 1824 5674 concordia

253 5685 1052 5750 ejusmodiélementornm,sive
1079 5690 1283 5741 ratione
1311 5688 1620 5756 qualitatum
1638 5693 1829 5743 altera-

257 5755 478 5827 tricium,
537 5774 656 5824 qua:
695 5757 771 5811 sic
805 5759 1121 5816 exorimitur
1163 5755 1378 5827 (cedant
1409 5759 1621 5811 humida
1657 5760 1828 5824 siccis,

209 5865 234 5872 ο
260 5825 566 5896 iunguntque
602 5827 750 5884 ﬁdem
779 5829 974 5900 frigora
1004 5825 1248 5900 ﬂammis)
1285 5831 1396 5882 sive
1425 5829 1631 5883 ratione
1655 5829 1829 5900 quali-

1933 4434 2098 4489 rator,
2136 4439 2245 4482 rex.
2285 4425 2542 4485 dominus,
2577 4424 2712 4490 fons,
2745 4425 2910 4490 origo,
2944 4422 3027 4474 (ex
3063 4431 3109 4472 ct
3151 4427 3350 4491 sapiens
3377 4426 3519 4477 arbi-

1934 4504 2008 4548 ter
2035 4510 2052 4548 :
2082 4503 2136 4546 ttt
2168 4494 2372 4546 scilicet
2402 4494 2483 4545 his
2513 4492 2810 4545 nominibus
2837 4507 2953 4544 eam
2982 4507 3139 4560 quam
3172 4493 3380 4546 insitam
3416 4497 3516 4548 Ita-

1942 4563 2127 4618 bemus
2156 4564 2250 4618 Dei
2283 4564 2456 4617 ideam
2489 4566 2857 4624 notionemve,
2897 4563 2989 4614 sed
3031 4565 3518 4627 perturbationibus

1938 4635 2304 4697 oh~curatam,
2336 4644 2390 4687 et
2420 4634 2579 4688 veluti
2611 4635 2833 4704 sopitum
2867 4631 3116 4704 illustrat,
3144 4635 3466 4704 suscitetque
3497 4654 3512 4688 :

1942 4704 2038 4758 hac
2069 4704 2266 4774 quippe
2293 4704 2413 4774 idea
2437 4720 2530 4758 seu
2559 4702 2730 4772 potius
2757 4704 2864 4755 Deo
2894 4703 3007 4774 ipso
3028 4703 3272 4769 docente,
3301 4702 3517 4762 tandem

1938 4772 2223 4844 aliquando
2280 4772 2664 4843 cognoscemus
2716 4774 2888 4826 solum
2935 4772 3097 4825 Deum
3141 4789 3260 4827 esse
3299 4779 3520 4844 proprie

1940 4859 2153 4899 causam
2187 4846 2556 4913 praedictorum
2583 4852 2818 4897 motuum
2848 4858 2982 4912 quos
3017 4845 3292 4907 miramur,
3322 4851 3432 4900 sive
3460 4850 3518 4904 in

1941 4917 2206 4970 sideribus
2231 4957 2245 4979 ,
2285 4917 2398 4969 sive
2443 4919 2495 4968 in
2525 4915 2804 4969 elementis
2830 4955 2846 4979 ,
2885 4915 2996 4968 sive
3026 4915 3078 4966 in
3111 4916 3227 4968 aliis
3256 4917 3521 4985 ejusmodi

1941 4987 2254 5053 corporibus
2285 5003 2296 5036 :
2328 4987 2464 5040 sicut
2492 5001 2596 5039 non
2627 4985 2801 5037 minus
2822 4988 2909 5054 pie
2938 5000 3094 5052 quam
3117 4986 3271 5040 docte
3296 4991 3522 5043 demono

1944 5058 2132 5112 stravit
2177 5065 2364 5109 auctor
2409 5058 2524 5110 libri
2574 5057 2641 5110 de
2687 5055 3030 5122 lttquisittonc
3074 5058 3329 5110 veritatis.
3388 5063 3522 5116 Hinc

1942 5127 2130 5180 eadem
2162 5126 2504 5196 Philosophia
2538 5141 2677 5180 nunc
2707 5127 2879 5183 docet.
2914 5141 3017 5180 non
3061 5128 3230 5179 solum
3260 5130 3518 5196 quietem,

1941 5199 2033 5250 setl
2076 5199 2237 5252 etiam
2285 5211 2484 5251 motum
2529 5213 2809 5265 corporum
2831 5236 2845 5260 ,
2881 5198 3002 5268 into
3032 5208 3085 5249 et
3115 5198 3298 5268 modos
3328 5201 3522 5268 quibus

1941 5280 2161 5334 corpora
2187 5277 2485 5331 moventur,
2508 5282 2628 5322 esse
2653 5269 2718 5320 ab
2743 5270 2855 5334 ipso
2879 5267 2988 5320 Deo
3011 5267 3523 5332 providettte.’Sistit

1942 5338 2202 5391 retrahens
2231 5354 2292 5391 ac
2327 5355 2449 5406 vaga
2475 5339 2645 5408 ﬁrmat
2674 5353 2693 5393 :
2721 5353 2842 5392 eCCe
2873 5340 3130 5406 quietem,
3187 5348 3323 5390 motu
3353 5343 3524 5394 conci-

1942 5416 2013 5460 tat
2038 5411 2113 5461 ire
2143 5425 2162 5461 :
2187 5423 2312 5462 ecce
2343 5419 2542 5463 motum
2576 5411 2746 5475 ipsum
2782 5426 2794 5470 ;
2826 5419 2984 5462 rectos
3009 5423 3246 5460 revocans
3275 5414 3395 5470 itus,
3429 5415 3523 5478 [le-

1941 5494 2036 5531 ποθ
2065 5480 2246 5533 iterum
2270 5491 2417 5552 cogat
2442 5481 2495 5534 in
2521 5481 2669 5552 orbes
2697 5496 2714 5532 :
2744 5494 2868 5532 ecce
2897 5480 3087 5552 modos
3117 5493 3312 5532 motus.
3345 5481 3523 5552 Atque

1946 5564 2012 5619 tte
2039 5559 2253 5615 putares
2277 5549 2438 5603 Deum
2465 5551 2512 5603 id
2535 5551 2691 5604 officii
2717 5548 3045 5601 commisisse
3068 5559 3259 5600 natura:
3280 5548 3486 5605 cuidam
3505 5595 3522 5619 ,

1935 5618 2137 5686 forante,
2169 5621 2518 5688 qualitatibus,
2548 5619 2892 5688 accidentibus
2916 5627 2968 5688 e_t
2994 5620 3204 5672 caeteris
3230 5618 3519 5688 ejusmodi,

1941 5685 2282 5758 Philosophia
2315 5685 2635 5762 addit,fore
2665 5699 2719 5741 ut
2741 5729 2755 5749 ,
2798 5685 2896 5762 nisi
2931 5686 3068 5762 Deus
3100 5689 3212 5757 ipse
3245 5685 3358 5746 haec
3386 5685 3525 5762 per

1936 5756 2261 5836 staret,un
2289 5778 2422 5814 nunc
2463 5760 2656 5814 stabilis
2694 5761 2915 5812 continet
2960 5756 3130 5826 ordo,
3165 5756 3401 5836 dissepta'
3433 5781 3525 5821 suo

1937 5829 2076 5900 fonte
2100 5830 2361 5900 fatiscant.
