3984 6382
222 307 305 365 325
1074 300 1161 355 DE
1198 298 1716 356 CONSOLATIONE
1760 297 2231 358 PHILOSOPHIAZ
2279 302 2409 359 LIB.
2449 305 2537 361 IV.

220 423 450 482 confiteri.
481 419 679 484 Quare,
706 418 897 489 inquit,
930 417 998 471 ita
1029 418 1110 471 vir
1136 417 1349 485 sapiens
1380 418 1599 471 moleste
1624 417 1761 471 ferre
1788 424 1839 479 Α

225 536 315 576 ιιοιι
342 516 520 579 debet,
552 514 758 583 quoties
788 514 840 567 in
880 512 1105 567 fortuna:
1134 522 1405 567 certamen
1438 511 1753 566 adducitur:

225 626 273 668 ut
298 614 449 666 virum
480 609 667 662 fortem
709 622 812 661 non
844 606 997 663 decet
1027 606 1317 677 indignari,
1354 607 1559 676 quoties
1590 606 1765 660 incre-

223 705 320 776 puit
362 701 576 756 bellicus
621 698 895 753 tumultus.
948 699 1170 768 Utrique
1188 700 1371 783 enim,
1406 697 1527 753 huic
1553 698 1769 767 quidem

222 796 386 868 gloria:
414 793 760 862 prepaganda:
779 832 794 855 ,
828 792 901 844 illi
932 806 1059 845 vero
1089 790 1466 846 confirmanda:
1494 788 1771 858 sapientiae

221 886 478 942 difficultas
505 888 638 953 ipsa,
671 885 887 939 materia
914 885 1027 955 (ΞΟ)
1049 894 1149 940 est.
1182 885 1255 939 Ex
1286 899 1391 954 quo
1418 884 1579 938 etiam
1612 892 1637 919 δ
1666 883 1771 937 vir-

222 991 294 1034 tus
321 989 557 1040 vocatur,
585 978 728 1045 quod
759 979 871 1032 suis
897 978 1099 1032 viribus
1147 979 1323 1033 nitens
1354 993 1459 1033 non
1491 986 1771 1046 superetur

218 1073 451 1127 adversis.
482 1070 660 1140 Neque
688 1071 829 1155 enim
861 1085 954 1125 vos
981 1072 1034 1126 in
1069 1068 1097 1108 ιι
1135 1081 1385 1141 provectu
1418 1070 1572 1140 positi
1601 1070 1771 1124 virtu-

218 1166 302 1231 tis,
342 1174 363 1203 ο
400 1164 634 1218 diffluere
670 1164 896 1233 deliciis,
930 1174 984 1219 et
1024 1162 1049 1200 ά
1095 1179 1462 1219 emarcescere
1502 1164 1773 1234 voluptate

215 1255 452 1320 venistis,
504 1256 739 1322 prtelium
800 1272 920 1311 cum
979 1257 1121 1311 omni
1174 1257 1382 1310 fortuna
1436 1256 1596 1311 nimis
1650 1271 1774 1311 acre

221 1356 239 1381 ε
267 1344 556 1411 conseritis,
585 1363 650 1399 ne
676 1361 769 1399 vos
798 1358 889 1399 aut
918 1346 1083 1401 tristis
1113 1347 1398 1415 opprimat,
1430 1356 1521 1399 aut
1541 1346 1773 1414 jucunda

216 1445 495 1504 corrumpat
520 1453 536 1488 :
567 1436 732 1490 firmis
766 1434 781 1473 τ
818 1438 1048 1493 medium
1078 1438 1279 1491 viribus
1306 1448 1582 1505 occupate.
1610 1437 1776 1505 Quid-

216 1527 322 1597 quid
340 1536 511 1581 autem
544 1527 659 1597 (25)
686 1529 816 1582 infra
846 1528 1106 1595 subsistit,
1132 1540 1219 1583 aut
1248 1531 1385 1582 ultra
1414 1530 1771 1599 progreditur,

220 1626 357 1681 habet
394 1634 758 1696 contemptum
800 1627 1102 1695 felicitatis,
1147 1644 1249 1682 non
1299 1628 1456 1683 habet
1497 1629 1775 1698 praemium

223 1728 407 1785 laboris.
457 1729 625 1800 306
662 1731 678 1761 ¹
708 1730 765 1784 1η
792 1740 968 1785 vestra
998 1732 1138 1785 enim
1168 1732 1327 1785 situm
1361 1746 1540 1793 manu,
1568 1732 1776 1801 qualem

220 1828 347 1883 vobis
374 1827 643 1883 fortunam
697 1830 929 1886 formare
970 1818 1190 1887 malitis.
1243 1832 1429 1885 Omnis
1452 1833 1626 1898 enim,
1659 1850 1779 1902 quae

215 1931 395 1987 videtur
419 1946 637 2001 aspera,
673 1934 776 1988 nisi
808 1942 902 1987 aut
930 1942 1185 1999 exercet,
1217 1944 1308 1989 aut
1337 1938 1572 2006 corrigit,
1607 1937 1778 2006 punit.

3339 292 3446 352 8‘26

2325 421 2481 491 307
2516 419 2843 476 METRUM'
2872 417 2982 472 vn.

1867 514 2251 566 Anouucsrvn.
2295 543 2372 584 7—
2419 513 2754 578 Philosophia
2795 514 2971 584 probat
3017 510 3264 584 exemplis
3294 508 3448 584 ‘Aga-

1948 584 2248 650 memnonis,
2288 583 2483 652 Ulyssis
2536 596 2581 638 et
2603 580 2865 647 Herculis,
2890 583 3117 636 homines
3148 580 3329 652 optatis
3350 594 3453 633 non

1945 654 2065 722 frui,
2097 654 2195 706 nisi
2223 665 2333 723 post
2355 658 2639 709 exantfatos
2669 658 2852 710 multos
2883 654 3097 708 labores.

2020 746 2164 800 Bella
2194 746 2276 800 his
2301 747 2477 817 quinis
2508 758 2757 817 operatus
2786 749 2939 802 annis

2021 836 2176 891 Ultor
2202 837 2469 905 Atreides,
2505 840 2747 910 Phrygia:
2776 840 2941 895 ruinis

2022 929 2224 985 Fratris
2246 933 2474 987 amissos
2504 932 2768 987 thalamos
2797 935 2976 1003 piavit.

2024 1022 2115 1077 llle
2144 1025 2270 1078 dum
2302 1025 2476 1080 Graia:
2507 1026 2633 1080 dare
2664 1028 2778 1079 vela
2810 1025 2966 1080 classi

1880 1114 1912 1168 5'
2022 1116 2203 1182 Optat,
2237 1125 2293 1171 et
2315 1127 2500 1172 ventos
2530 1118 2746 1173 redimit
2772 1133 2988 1182 cruore,

2027 1208 2184 1263 Exuit
2225 1220 2450 1279 patrem,
2485 1213 2845 1282 miserumque
2874 1213 3037 1265 tristis

2025 1299 2276 1355 Faederat
2304 1311 2478 1371 gnatte
2498 1303 2742 1372 jugulum
2775 1302 3050 1357 sacerdos.

2024 1390 2185 1460 308
2214 1390 2383 1445 Flevit
2408 1393 2635 1446 amissos
2670 1392 2879 1447 Ithacus
2907 1391 3139 1456 sodales,

2022 1482 2163 1548 Quos
2188 1482 2351 1547 ferus,
2375 1494 2526 1537 vasto
2558 1485 2820 1539 recubans
2851 1485 2903 1537 in
2935 1490 3110 1547 antro,

1884 1573 1952 1629 10
2029 1573 2212 1627 Mersit
2238 1574 2452 1629 immani
2478 1574 2838 1644 Polyphemus
2869 1573 3008 1626 alvo.

2027 1666 2132 1720 Sed
2165 1673 2363 1729 tamen,
2392 1680 2535 1719 ctrco
2564 1664 2879 1719 furibundus
2905 1679 3022 1728 ore,

2027 1756 2286 1810 Gaudium
2322 1757 2528 1810 maestis
2561 1756 2809 1826 lacrymis
2839 1753 3099 1824 rependit.

2028 1847 2307 1903 lierculom
2339 1847 2456 1901 duri
2490 1848 2764 1902 celebrant
2794 1847 3035 1911 labores;

2038 1936 2129 1993 Ille
2149 1935 2443 1993 Centauros
2475 1937 2674 1993 domuit
2704 1937 2984 2007 superbos,

1528 2072 2100 2128 INTEBPRETATIO.

271 2194 295 2258 ξ
336 2185 504 2258 Υἱνιω
536 2204 571 2239 a
596 2188 784 2242 viribus
814 2199 886 2242 est
919 2190 1197 2258 appellata.

271 2256 297 2293 θ’
333 2256 638 2329 Progressa.

276 2340 295 2365 ε
334 2328 632 2383 Abundare.

268 2399 290 2434 α
326 2399 651 2455 Putrescere.

270 2480 289 2503 θ’
318 2469 670 2525 Committitis.

272 2538 290 2577 ί
323 2540 758 2607 Mediocritatem,
794 2542 845 2597 in
874 2558 974 2611 qua
1003 2544 1170 2598 virtus
1201 2554 1465 2609 versatur,
1494 2553 1674 2599 tenete.

268 2613 615 2681 Agamemnon
642 2615 779 2668 Atrei
805 2614 964 2681 ﬁlius,
999 2625 1263 2685 postquam
1298 2618 1531 2670 militavit
1566 2618 1617 2670 in
1648 2616 1784 2668 Tro-

1812 2191 1860 2253 B
1881 2187 2036 2256 janos
2068 2188 2239 2241 decem
2261 2190 2432 2254 annis,
2456 2197 2647 2244 vastata
2670 2188 2830 2259 Troja
2857 2187 3143 2242 ulciscendo
3164 2186 3317 2259 piatfit
3340 2203 3464 2241 uxor

1889 2275 1993 2311 rem
2024 2262 2103 2312 sui
2133 2262 2307 2329 fratris
2351 2260 2571 2314 Menelai
2618 2258 2817 2329 raptam
2857 2274 2887 2311 a
2935 2259 3153 2317 Paride;
3182 2258 3277 2329 sed
3315 2268 3466 2317 antes
3546 2290 3559 2295 -κ

1888 2331 2022 2383 idem
2062 2331 2423 2399 Agamemnon
2452 2331 2622 2383 volens
2651 2334 2775 2383 dare
2798 2330 2909 2384 vela
2937 2330 3144 2382 navibus
3167 2328 3357 2382 Grmcis
3386 2344 3465 2381 re-

1891 2402 2184 2469 dimensque
2210 2412 2380 2455 ventos
2407 2403 2513 2471 (qui
2541 2402 2637 2470 ipsi
2662 2401 2990 2471 negabantur
3013 2408 3230 2469 propter
3256 2414 3467 2471 cervttnt

1892 2471 2073 2525 Dianae
2094 2471 2163 2525 ab
2192 2472 2305 2540 ipso
2328 2470 2587 2540 occisum)
2611 2470 2860 2543 sanguine
2880 2470 3069 2543 effuso,
3103 2470 3329 2543 deposuit
3366 2471 3471 2539 pie-

1892 2552 2044 2593 tatem
2076 2551 2362 2611 paternam,
2396 2554 2441 2596 et
2480 2544 2587 2609 ipse
2616 2541 2892 2596 sacerdotis
2931 2541 3091 2611 ofﬁcio
3118 2542 3339 2611 functus,
3377 2543 3471 2611 ju-

1891 2612 2082 2683 gulavit
2140 2626 2345 2667 maestus
2414 2614 2739 2683 Iphigeniam
2787 2628 2937 2667 suam
3000 2613 3237 2665 miseram
3289 2610 3470 2678 filiam.

1696 2747 1924 2807 NOTAE.

267 2869 282 2899 ¹
313 2867 370 2921 In
402 2880 579 2923 vestra
607 2870 758 2922 situm
787 2884 962 2933 manu,
996 2866 1125 2938 etc.]
1157 2868 1217 2923 ll.
1238 2867 1575 2938 PhiloSOphia
1595 2876 1773 2924 osten-

211 2938 293 2999 dit,
321 2940 597 2994 fortunam
647 2941 843 2993 nullam
890 2954 1010 2994 esse
1044 2940 1238 2993 malam
1290 2940 1388 2994 nisi
1448 2940 1775 2993 abutentium

212 3012 355 3064 vitio:
384 3013 507 3081 quia
564 3026 681 3077 quae
721 3012 879 3076 bona,
912 3019 1034 3063 sunt
1080 3020 1229 3064 extra
1278 3011 1508 3064 hominis
1532 3011 1775 3063 volunta-

212 3089 332 3147 tem,
365 3082 477 3136 htec
512 3097 619 3151 pro
650 3082 806 3148 bona,
841 3090 931 3134 aut
973 3082 1106 3134 mala
1140 3082 1377 3150 ejusdem
1417 3082 1647 3135 hominis
1689 3095 1777 3131 vo-

212 3151 417 3233 luntate,
468 3152 859 3239 bonancenseri
899 3163 1128 3233 possunt
1179 3160 1269 3205 aut
1322 3154 1477 3239 mala.
1512 3151 1780 3239 Xoluntas
1809 3178 1855 3239 ρ

210 3223 384 3290 quippe
408 3224 458 3276 in
477 3223 729 3276 moribus
752 3222 1020 3290 praecipue
1053 3234 1337 3290 spectatur.
1367 3224 1524 3290 Atqui
1547 3223 1779 3286 fortuna,

208 3294 305 3347 sive
336 3308 619 3362 prospera,
640 3294 750 3349 sive
782 3292 1024 3354 adversa,
1057 3304 1111 3345 ut
1135 3304 1272 3361 patet
1292 3308 1354 3347 ex
1373 3293 1551 3359 dictis,
1584 3293 1783 3346 bonum

210 3374 280 3415 est
305 3374 451 3416 extra
480 3364 725 3417 hominis
778 3364 1105 3416 voluntatem
1149 3365 1401 3417 CXilellS.
1453 3364 1578 3417 Haec
1632 3365 1789 3431 igitur

209 3432 401 3487 fortuna
424 3434 497 3488 ita
523 3436 692 3493 bona.
713 3444 769 3488 ut
800 3435 897 3486 nisi
941 3434 1275 3488 ahutentium
1326 3438 1459 3488 mala
1489 3434 1787 3500 voluntate,

208 3511 285 3556 aut
326 3504 458 3558 vitio
513 3520 793 3573 nunquam
842 3505 912 3556 sit
942 3506 1077 3557 mala
1112 3520 1125 3558 :
1156 3521 1319 3573 quare
1369 3522 1490 3559 cum
1540 3504 1789 3572 improbi,

210 3586 459 3637 quatenus
484 3577 540 3627 in
580 3592 671 3628 sua
715 3575 1037 3639 improbitate
1078 3586 1420 3641 perseverant,
1452 3590 1545 3629 sua
1578 3590 1793 3641 semper

211 3646 487 3699 abutantur
520 3660 784 3714 prospera
809 3645 1041 3707 fortuna,
1072 3647 1270 3699 idcirco
1294 3646 1637 3713 Philosophia
1662 3660 1793 3699 con-

208 3716 359 3769 cludit
394 3733 610 3770 omnent
647 3717 997 3783 improborum
1036 3715 1299 3770 fortunam
1340 3732 1445 3769 esse
1488 3716 1793 3783 pessimam:

211 3788 491 3851 proborum
522 3802 660 3840 vero
711 3802 925 3854 semper
953 3787 1143 3840 bonam
1180 3806 1190 3838 :
1221 3788 1341 3854 quia
1371 3788 1534 3839 omnis
1563 3787 1792 3854 fortuna,

211 3872 314 3923 qtae
332 3861 508 3928 probis
538 3859 744 3910 videtur
787 3874 989 3925 aspera,
1016 3856 1127 3919 hos,
1152 3859 1251 3928 nisi
1277 3866 1467 3910 exercet
1507 3868 1597 3909 aut
1632 3857 1796 3910 corri—

209 3928 293 3995 git,
316 3927 462 3998 punit
497 3946 517 3982 :
546 3943 725 3997 neque
752 3929 802 3981 hi
828 3928 1001 3998 etiam
1023 3927 1194 3994 probi,
1226 3928 1291 3980 ad
1340 3937 1593 3981 aeternam
1627 3928 1797 3981 felici-

214 3997 363 4052 tatem
396 4000 501 4054 nisi
536 3999 775 4062 fortuna,
803 4013 922 4067 quae
972 3997 1159 4052 iisdem
1207 3998 1413 4053 videtur
1441 4013 1651 4066 aspera,
1680 4012 1799 4068 per-

211 4070 424 4124 veniunt
451 4089 462 4123 :
490 4068 764 4137 siquidem

274 4166 288 4182 ‘
318 4162 473 4229 Quod
539 4160 742 4215 dicitur
788 4160 1128 4231 Sapphicum.
1160 4160 1387 4214 Carmen
1435 4169 1688 4213 constans
1734 4174 1799 4213 ex

212 4246 310 4285 uno
337 4249 546 4301 genere
579 4247 852 4296 versuum,
876 4246 1100 4300 quorum
1122 4232 1343 4300 quilibet
1370 4246 1609 4293 coreunt,
1638 4244 1801 4299 spon-

212 4304 385 4366 deum,
414 4302 721 4372 dactylum,
754 4312 807 4355 et
838 4306 971 4354 duos
999 4316 1191 4355 coreos
1223 4302 1399 4372 habet.
1429 4302 1702 4353 Clauditur
1725 4310 1804 4353 ta-

213 4386 326 4427 men
357 4374 461 4427 hoc
494 4371 716 4427 carmen
747 4388 906 4427 versu
933 4372 1163 4437 Adonio,
1200 4374 1285 4439 qui
1320 4371 1534 4441 dactylo
1562 4382 1615 4425 et
1644 4386 1805 4438 spon-

211 4442 306 4513 deo
332 4454 575 4506 constat,
607 4445 803 4513 quique
850 4451 970 4509 post
1016 4442 1233 4497 tertiqu
1276 4457 1541 4511 quemque
1588 4457 1801 4495 versum

212 4512 571 4583 Sapphicum,
598 4512 731 4579 poni
750 4514 905 4568 solet.

277 4606 327 4658 1.
382 4604 539 4659 Bella
590 4604 665 4656 bis
714 4605 903 4674 quinis,
955 4603 1084 4674 etc.]
1132 4604 1171 4658 Ι.
1228 4603 1567 4673 Philosophia
1618 4605 1809 4672 prohat

210 4679 457 4744 exemplo
502 4677 945 4743 Agamemnonis,
985 4676 1254 4729 hominetn
1301 4692 1404 4728 non
1448 4678 1547 4727 frui
1589 4676 1806 4743 optatis,

212 4745 303 4798 nisi
345 4755 471 4813 post
505 4757 791 4813 susceptos
830 4748 1191 4811 toleratosque
1219 4748 1412 4799 multos
1461 4746 1695 4800 labores.
1726 4745 1811 4798 Ni-

210 4817 398 4869 mirum
436 4817 619 4878 Paris,
651 4817 839 4869 Priami
872 4818 1012 4884 regis
1040 4816 1393 4884 Trojanorum
1422 4816 1580 4878 filius,
1615 4816 1809 4870 instrn-

209 4896 286 4939 cta
312 4889 497 4941 classe
523 4888 579 4939 in
607 4886 865 4939 Grteciam
890 4887 1158 4954 profectus
1180 4888 1245 4940 ad
1275 4888 1572 4940 Menelaum
1600 4886 1806 4955 Sparta:

212 4971 388 5024 regem
435 4958 708 5027 pervenit,
756 4956 1116 5025 Helenamque
1155 4960 1269 5027 ejus
1320 4972 1542 5010 uxorem
1594 4958 1805 5026 rapuit:

209 5028 348 5092 quod
384 5030 582 5094 inique
630 5026 809 5080 ferens
838 5026 1199 5094 Agamemnon
1239 5028 1384 5082 Atrei
1420 5027 1558 5079 filius
1590 5038 1641 5079 et
1674 5044 1806 5092 pra:-

214 5098 337 5150 dicti
372 5096 614 5152 Menelai
660 5098 844 5161 frater,
878 5101 1185 5151 convocatis
1214 5098 1433 5151 Grmcim
1480 5098 1807 5166 principibus

216 5169 598 5223 transfretavit
636 5168 688 5221 in
742 5168 1042 5235 Phrygiam,
1074 5168 1286 5237 Trojitn
1316 5168 1545 5232 obsedit,
1583 5183 1804 5236 eamque

214 5252 328 5305 post
353 5238 668 5295 decennale
699 5238 891 5292 bellum
918 5238 1041 5291 dolo
1068 5252 1297 5307 captam,
1324 5241 1466 5292 ferro
1490 5251 1542 5292 et
1572 5240 1692 5306 igne
1717 5253 1807 5303 po-

216 5312 425 5374 pulatu~
451 5322 563 5364 εει.
607 5307 709 5364 Sed
740 5311 879 5362 idem
911 5313 1271 5377 Agamemnon
1303 5310 1513 5376 Trojam
1556 5319 1808 5362 ohsessu-

212 5393 316 5444 rus,
344 5396 474 5435 cum
503 5381 576 5432 ad
604 5380 848 5433 Aulidem
883 5380 1099 5433 Boeotia:
1121 5392 1327 5448 portum
1356 5381 1606 5446 venisset,
1631 5379 1808 5449 ibique

211 5464 365 5503 suum
398 5452 710 5504 exercitum
758 5460 1082 5514 recenseret,
1118 5452 1296 5503 Diana:
1325 5466 1542 5504 cervum
1595 5455 1806 5512 ignarus

212 5522 439 5574 occidit:
472 5522 829 5588 quamobrem
856 5522 1014 5573 Diana
1039 5521 1190 5583 irata,
1221 5521 1455 5574 immissa
1482 5522 1803 5589 pestilentia,

211 5602 404 5645 ventus
432 5592 762 5660 suppressit.
793 5593 1187 5649 Consuluerunt
1213 5592 1506 5649 craculum,
1534 5606 1562 5643 a
1594 5606 1698 5661 quo
1732 5607 1809 5646 re-

210 5675 474 5725 sponsum
509 5672 618 5723 est,
660 5678 764 5715 non
806 5670 931 5714 ante
968 5660 1269 5729 pacificatos
1314 5662 1428 5715 fore
1477 5660 1625 5723 deos,
1650 5677 1807 5729 quam

219 5734 496 5801 Iphigenia
539 5732 952 5797 Agaiiiemnouis
987 5732 1149 5799 ipsius
1178 5732 1281 5782 ﬁlia
1315 5732 1576 5783 immolata
1603 5734 1807 5785 fuisset.

212 5804 555 5875 Uhsequitur
588 5812 750 5872 pater,
781 5804 1050 5873 ipsiusque
1069 5801 1362 5858 sacerdotis
1383 5804 1554 5857 officio
1578 5802 1808 5871 funcms,

1835 4564 1887 4624 D

1886 2865 2047 2919 filiam
2075 2864 2330 2933 iugulavit
2354 2880 2367 2917 :
2398 2864 2580 2931 sicque
2609 2872 2728 2932 post
2762 2863 2956 2918 multas
2981 2861 3308 2917 calamitates
3330 2879 3469 2918 mu.-

1887 2947 2074 3017 trisque
2119 2936 2328 3017 labores
2374 2934 2920 3017 tandemAaliquando
2957 2933 3097 2988 ausis
3144 2934 3337 3003 potitus
3368 2943 3469 2989 est.

1890 3005 2073 3073 Virgil.
2105 3006 2323 3062 Aineid.
2353 3022 2409 3074 tt,
2436 3023 2487 3061 v.
2518 3005 2657 3061 108:

2008 3119 2151 3180 Saepe
2176 3116 2341 3180 fugam
2369 3117 2519 3180 Danai
2543 3117 2688 3179 Troja
2710 3118 2913 3178 cupiere
2936 3115 3105 3180 relicta

2014 3178 2170 3228 Moliri
2196 3195 2206 3228 :
2236 3178 2287 3228 et
2309 3179 2455 3239 longo
2471 3179 2589 3227 fessi
2609 3178 2870 3227 discedere
2897 3178 3045 3236 bello,

2018 3243 2373 3302 Fecissentque
2392 3242 2609 3290 utinam!
2637 3242 2780 3302 Stepe
2806 3240 2914 3289 illos
2933 3252 3106 3300 aspera
3127 3240 3261 3299 ponti
3344 3274 3351 3285 .

2017 3303 2301 3369 Interclusit
2324 3305 2502 3369 hiems,
2532 3311 2599 3369 et
2616 3304 2792 3369 terruit
2818 3309 2985 3351 auster
3011 3310 3203 3349 euntes.
3337 3361 3345 3369 .

2015 3367 2286 3427 Prtecipue,
2312 3378 2420 3412 cum
2442 3367 2540 3425 jam
2556 3364 2631 3413 hic
2654 3364 3376 3427 trabibusrcoutesﬁtusacernis

2017 3425 2185 3476 Staret
2206 3440 2382 3489 equus,
2402 3436 2501 3489 toto
2521 3433 2795 3475 sonuerunt
2814 3426 3004 3489 temere
3031 3425 3199 3489 nimbi.

2017 3486 2556 3551 Susttensi‘liurypilum
2576 3490 2798 3551 scitatum
2823 3487 3010 3551 oracula
3036 3486 3207 3534 thbi

2012 3550 2278 3608 Mittimus;
2298 3547 2439 3611 isque
2462 3551 2616 3611 adytis
2636 3550 2738 3597 haec
2766 3552 2920 3597 tristia
2950 3547 3074 3597 dicta
3098 3554 3317 3609 reportat.
3340 3560 3352 3595 :

2019 3612 2518 3673 Sanguineplaeastis
2538 3617 2729 3673 ventos,
2755 3618 2807 3659 et
2829 3612 3017 3672 virgine
3045 3624 3168 3658 casa

2023 3672 2140 3724 Cum
2166 3676 2371 3735 primum
2400 3672 2570 3721 Iliacas
2593 3672 2746 3721 Danai
2773 3674 2972 3721 venistis
2991 3674 3049 3720 ad
3072 3684 3230 3719 auras.

1969 3759 2023 3813 8.
2053 3756 2223 3811 Flevit
2254 3758 2467 3811 amissos
2498 3756 2707 3809 Ithacus
2734 3754 3004 3824 sodaleis.]
3038 3756 3100 3809 ll.
3129 3756 3324 3809 Eadem
3358 3754 3477 3808 Phi.

1899 3829 2144 3897 Iosephia
2172 3830 2358 3895 probat
2387 3828 2633 3895 exemplo
2661 3826 2891 3897 Ulyssis,
2920 3825 3187 3897 hominem
3221 3841 3323 3897 non
3355 3836 3478 3897 ante

1902 3894 2144 3968 perfundi
2172 3894 2373 3961 fretitia,
2396 3894 2557 3967 quam
2574 3894 2789 3968 tristitia
2820 3896 3040 3968 affectos
3062 3895 3239 3968 fuerit.
3268 3894 3480 3968 Scilicet

1902 3965 2118 4039 Ulysses
2150 3986 2244 4022 rex
2280 3965 2473 4022 Ithaca:
2495 3978 2550 4021 et
2572 3967 2797 4039 Dulichii
2816 3966 3138 4039 insularum,
3160 3965 3353 4039 dequo
3373 3965 3480 4032 jam

1903 4036 2067 4094 locuti
2111 4054 2294 4093 sumus
2325 4048 2497 4092 metro
2538 4039 2570 4091 5
2612 4038 2768 4105 hujus
2815 4036 2958 4101 libri,
3009 4037 3143 4089 inter
3187 4037 3317 4089 alios
3358 4048 3481 4088 suos

1903 4126 2057 4164 casus
2101 4113 2151 4162 in
2197 4109 2428 4163 Siciliam
2472 4109 2679 4163 delatus
2716 4118 2819 4172 est,
2862 4117 2917 4161 et
2966 4117 3176 4160 antrum
3206 4106 3483 4173 cujusdam

1906 4182 2158 4251 Cyclopis
2188 4197 2290 4235 una
2322 4195 2440 4233 cum
2473 4179 2633 4233 sociis
2662 4179 2773 4231 suis
2802 4182 3087 4251 ingressus.
3130 4175 3358 4251 Cyclops
3394 4175 3483 4251 ille

1909 4246 2269 4321 Polyphemus
2300 4252 2491 4312 dictus,
2528 4250 2797 4321 ferebatur
2827 4247 3057 4313 Neptuni
3100 4246 3256 4321 filius,
3283 4246 3484 4321 ingenti

1908 4316 2132 4390 corpOre
2174 4321 2445 4390 prmditus,
2480 4320 2571 4373 sed
2606 4335 2710 4372 uno
2740 4320 2993 4390 duntaxat
3021 4319 3197 4390 oculo,
3242 4332 3399 4385 quem
3433 4316 3483 4390 i_n

1908 4386 2083 4445 fronte
2116 4386 2359 4445 habebat.
2396 4391 2751 4443 Devoraverat
2784 4388 2892 4458 jam
2937 4388 3194 4456 quosdam
3225 4403 3290 4440 ex
3315 4386 3484 4440 comi-

1912 4463 2052 4515 tibtts
2078 4461 2305 4532 Ulyssis,
2334 4462 2568 4529 reliquos
2595 4462 2785 4532 eodem
2830 4461 3016 4532 mortis
3049 4472 3243 4526 genere
3278 4473 3485 4532 perem—

1913 4545 2119 4600 pturus,
2146 4529 2263 4585 cum
2296 4531 2513 4599 Ulysses
2540 4531 2639 4583 sihi
2670 4545 2772 4583 non
2802 4530 2975 4583 minus
3005 4545 3159 4595 quain
3187 4529 3487 4593 superstiti-

1916 4599 2013 4657 bus
2041 4605 2201 4657 sociis
2240 4614 2510 4665 metuens,
2534 4602 2912 4669 Polyphemum
2960 4599 3240 4651 inebriavit
3276 4599 3486 4663 altoque

1913 4688 2105 4743 sopore
2136 4673 2382 4727 obrutum
2413 4674 2581 4735 clava,
2615 4683 2705 4723 aut
2728 4672 2917 4743 adusto
2942 4670 3151 4743 stipite,
3176 4672 3484 4743 escmcavil;

1916 4740 2023 4797 tum
2052 4745 2225 4797 socios
2245 4752 2297 4797 et
2318 4744 2660 4809 semetipsum
2684 4745 2781 4794 Sub
2803 4742 3024 4793 arietum
3046 4740 3184 4794 villis
3210 4740 3489 4807 implicuit,

1916 4815 2233 4884 tandemque
2262 4828 2448 4867 omnes
2489 4826 2589 4866 una
2630 4828 2748 4865 cum
2781 4826 2940 4881 grege
2972 4826 3039 4864 ex
3088 4814 3245 4884 antro
3289 4810 3489 4879 egressi

1916 4893 2113 4938 tantam
2148 4882 2470 4937 habuerunt
2511 4883 2768 4946 hetitiam,
2822 4893 3071 4950 quantam
3114 4882 3378 4933 tristitiam
3423 4896 3489 4934 ex

1915 4967 2084 5008 morte
2112 4955 2400 5015 sociorum,
2424 4964 2478 5008 et
2516 4954 2614 5007 suo
2644 4954 2881 5019 periculo
2910 4961 3287 5019 conceperant.

1988 5028 2072 5079 15.
2100 5024 2374 5078 Herculem
2412 5026 2525 5077 duri
2561 5025 2816 5076 celebrant
2846 5021 3087 5091 labores]
3128 5023 3211 5076 ΙΙΙ.
3257 5020 3491 5091 Philoso-

1916 5096 2039 5165 phia
2063 5097 2307 5163 exemplo
2332 5096 2593 5159 Herculis,
2627 5094 2814 5162 probat
2837 5108 2941 5146 non
2961 5090 3275 5165 comparari
3296 5090 3490 5144 cmlum

1918 5162 2019 5219 nisi
2065 5174 2179 5234 post
2209 5162 2512 5233 Superatos-
2541 5172 2718 5234 plures
2755 5175 2908 5217 terra:
2960 5163 3190 5217 labores.
3240 5162 3489 5234 llercules

1914 5232 2111 5307 quippe
2131 5236 2295 5301 Jovis,
2324 5245 2380 5290 et
2403 5232 2672 5291 Alcmena:
2697 5237 2856 5298 filius,
2889 5234 3081 5287 .quoni
3112 5232 3490 5307 propterea‘sic

1916 5302 2119 5362 invisus
2153 5306 2268 5370 fuit,
2306 5317 2359 5360 ut
2388 5308 2540 5360 novis
2564 5307 2810 5375 periculis
2831 5320 3065 5373 semper,
3095 5314 3284 5375 agente
3300 5302 3487 5375 eadem

1916 5379 2145 5443 Junone,
2172 5377 2329 5430 fuerit
2352 5372 2612 5445 objectus.
2643 5376 2709 5431 Ut
2730 5377 2795 5430 ab
2820 5372 2961 5439 aliis,
2988 5375 3069 5445 sic
3091 5393 3118 5425 ει
3151 5372 3489 5445 Philosophia

1916 5463 2056 5501 nunc
2086 5442 2386 5502 referuntur
2411 5442 2693 5502 duodecim
2726 5446 2963 5500 Hercalis
3009 5443 3236 5509 labores,
3267 5442 3359 5496 sed
3386 5444 3489 5496 alio

1916 5528 1969 5574 et
1996 5534 2188 5587 genere
2216 5528 2271 5573 et
2296 5519 2505 5573 ordine.

1987 5581 2075 5644 ἱι.
2119 5588 2220 5643 Ille
2262 5588 2561 5654 Centauros,
2601 5585 2733 5657 etc.]
2769 5587 2975 5640 Primus
3028 5582 3271 5638 Herculis
3322 5581 3489 5657 labor.

1915 5661 2162 5715 Centauri
2194 5658 2483 5714 Thessalia:
2516 5660 2691 5726 populi
2714 5656 2882 5711 secus
2916 5657 3093 5709 Pelion
3128 5662 3360 5707 montem
3389 5656 3488 5726 ha-

1920 5732 2168 5793 bitantes,
2200 5733 2288 5798 qui
2331 5732 2470 5797 quod
2513 5725 2666 5798 primi
2715 5743 2879 5792 equos
2917 5726 3160 5798 doliture,
3192 5736 3243 5778 et
3274 5740 3339 5777 ex
3386 5725 3489 5779 illi!

1922 5818 2154 5872 pugnare
2200 5796 2478 5870 (impertiit,
2516 5796 2583 5854 ab
2630 5800 2746 5852 aliis
2788 5796 3031 5867 gentibus
3077 5812 3180 5852 cett
3232 5805 3483 5866 monstra,
