3984 6382
521 341 621 398 827

522 458 593 515 15
663 459 826 531 309
851 458 1085 513 Abstulit
1112 472 1257 513 stcvo
1285 458 1514 528 spolium
1548 457 1709 523 leoni,

664 550 799 604 Fixit
824 561 878 605 et
905 552 1068 605 certis
1102 550 1347 605 volucres
1376 548 1586 621 sagittis
1610 565 1625 607 :

660 642 819 695 Poma
845 642 1083 696 cernenti
1114 644 1289 711 rapuit
1318 642 1564 707 draconi,

655 731 832 786 Aureo
858 734 1041 786 laevam
1074 735 1285 801 gravior
1316 734 1572 789 metallo:
1610 738 1613 743 ’

653 824 946 877 Cerberum
981 834 1055 877 tra
1069 826 1142 877 xit
1175 825 1372 894 triplici
1394 834 1601 881 catena.

512 916 582 972 20
654 915 1117 969 Victorimmitem
1149 918 1393 985 posuisse
1433 918 1600 974 lertttr

654 1008 909 1062 Pabulum
938 1010 1099 1063 suavis
1120 1009 1392 1063 dominum
1423 1010 1717 1080 quadrigis.

653 1102 815 1172 310
837 1102 1009 1171 Hydra
1032 1102 1312 1157 combusto
1341 1104 1500 1174 periit
1529 1118 1755 1172 veneno,
1830 1156 1834 1161 _

1737 339 1851 397 AN.
1894 338 2101 395 MANL.
2141 336 2295 395 SEV.
2342 334 2566 394 BOETll
3675 334 3759 391 89.8

2126 460 2181 518 Α

2351 456 2547 511 Fronte
2571 462 2807 524 turpatus
2839 454 3107 511 Achelous
3131 454 3319 521 amnis,

2339 549 2443 603 Ora
2474 550 2728 604 demersit
2759 548 3064 619 pudibunda
3084 548 3233 619 ripis.

2166 680 2173 687 ι
2199 642 2269 698 25
2341 641 2539 697 Stravit
2571 644 2812 695 Antaeum
2842 641 3055 712 Libycis
3080 643 3282 710 arenis,

2342 731 2513 784 Cacus
2544 730 2773 784 Evandri
2812 731 3025 785 satiavit
3055 732 3179 795 iras.

2342 825 2592 891 Quosque
2624 838 2905 894 pressurus
2936 824 3071 881 foret
3096 826 3235 885 altus
3259 825 3404 879 orbis

2342 916 2549 984 Setiger
2574 916 2778 984 spumis
2810 916 3060 969 humeros
3086 916 3309 969 notavit.

2347 1008 2575 1062 llltimus
2599 1008 2796 1062 coelum
2832 1008 2979 1061 labor
3006 1007 3254 1062 irrellexo

2200 1100 2269 1155 50
2341 1099 2564 1154 Sustulit
2593 1100 2755 1164 collo,
2786 1101 3118 1169 pretiumque
3142 1089 3321 1153 rursus

1840 1234 2425 1292 INTERPRETATIO.

508 1351 724 1423 Ulysses
748 1368 836 1405 rex
862 1349 1058 1404 Ithaca:
1084 1352 1241 1423 doluit
1272 1353 1433 1407 socios
1460 1352 1703 1423 perditos,
1752 1368 1877 1419 quos
1924 1350 2085 1423 Poly-

508 1421 718 1487 phemus
744 1423 983 1487 crudelis,
1023 1421 1248 1475 incolens
1279 1421 1542 1475 cavernam
1586 1440 1844 1492 magnam,
1880 1422 2083 1474 demisit

506 1496 558 1546 in
584 1510 735 1546 Stttlm
761 1504 980 1545 ventrem
1002 1494 1290 1560 ingentem:
1321 1504 1543 1545 attamen
1585 1494 1663 1544 hic
1704 1492 2079 1562 Polyphemus,

506 1564 645 1616 uultu
675 1573 920 1616 excecato
952 1566 1198 1630 furiosus,
1232 1565 1444 1615 restituit
1476 1564 1704 1615 ltetitiam
1743 1578 1839 1629 pro
1882 1563 2084 1632 ﬂetibus

506 1635 730 1686 tristibus
759 1635 931 1687 eidem
970 1633 1164 1699 Ulvssi.
1218 1633 1435 1687 Labores
1482 1635 1679 1687 molesti
1727 1633 2083 1685 commendant

506 1702 815 1767 Herculem;
870 1706 948 1755 hic
988 1704 1103 1756 vicit
1152 1715 1420 1757 centauros
1467 1714 1793 1771 arrogantes,
1837 1703 2082 1755 abstraxit

503 1775 682 1841 pellem
718 1790 746 1827 a
782 1777 799 1826 ι
830 1792 922 1825 οηε
950 1774 1163 1834 crudeli,
1206 1776 1479 1843 transfodit
1523 1791 1634 1827 aves
1681 1774 2080 1839 Stvmphnlides

504 1843 614 1897 telis
645 1844 1010 1897 inevitabilibus
1036 1860 1051 1895 .'
1082 1845 1290 1897 abstulit
1320 1861 1468 1911 poma
1520 1845 1742 1909 serpenti
1770 1844 1937 1913 vigili,
1994 1861 2083 1908 ge-

502 1930 615 1967 rens
642 1932 795 1967 manu
822 1915 1080 1967 metallum
1104 1930 1336 1967 aureum.
1374 1914 1531 1967 Duxit
1555 1914 1828 1968 Cerberum
1869 1914 2081 1981 tricipi-

502 1994 609 2039 tem
659 1985 817 2038 tribus
844 1984 1077 2038 vinculis.
1119 1984 1418 2038 Perhibetur
1452 1987 1608 2039 victor
1646 1986 1918 2052 prwbuisse
1960 1983 2082 2035 Dio-

501 2058 691 2110 medem
729 2058 984 2111 crudelem
1022 2056 1366 2109 devorandum
1406 2056 1517 2109 suis
1572 2058 1709 2126 cquis
1767 2054 2078 2107 crudelibus.

2192 1346 2408 1400 Victore
2435 1346 2623 1398 eodem
2646 1344 2871 1399 Hercule
2902 1362 3109 1414 serpens
3138 1346 3416 1399 multorum
3436 1348 3668 1415 Icapilum
3694 1344 3768 1398 oi:-

2194 1419 2385 1479 cubuit,
2420 1420 2529 1487 ejus
2556 1432 2745 1469 veneno
2765 1417 3011 1469 exstincto
3034 1418 3282 1483 ﬂammis,
3305 1418 3556 1471 Achelous
3575 1420 3767 1488 ﬂuvius,

2190 1499 2468 1564 infamatus
2497 1497 2627 1566 facie
2652 1508 2871 1564 propter
2894 1512 3059 1551 cornu
3086 1499 3325 1550 avulsum
3349 1499 3557 1552 involvit
3591 1501 3768 1551 vultum

2195 1580 2490 1645 pudendum
2541 1580 2653 1630 suis
2705 1576 2982 1629 littoribus.
3032 1577 3179 1629 Idem
3230 1578 3477 1631 Hercules
3532 1580 3766 1644 interfecit

2195 1658 2430 1709 Animum
2458 1658 2509 1709 in
2538 1660 2676 1725 agris
2708 1656 2899 1725 Libym,
2932 1656 3090 1710 Cacus
3117 1659 3181 1709 ab
3205 1659 3398 1712 eodem
3436 1659 3662 1712 llerrule
3690 1674 3768 1710 οςι

2193 1738 2337 1790 cisus
2366 1738 2676 1799 compescuit
2704 1736 2809 1790 iras
2838 1736 3061 1815 Evandri
3089 1740 3168 1790 sui
3196 1740 3496 1791 adversarii.
3518 1742 3650 1809 Aper
3673 1757 3767 1790 ma-

2114 1818 2374 1897 Bculavit
2426 1832 2518 1868 sua
2576 1832 2758 1882 spuma
2804 1816 3047 1868 humeros
3096 1816 3362 1879 Herculis,
3416 1835 3543 1887 quos
3600 1820 3766 1870 calum

2188 1896 2401 1949 sublime
2431 1905 2539 1949 erat
2567 1912 2878 1965 pressurum.
2911 1894 3137 1949 Citimus
3168 1898 3380 1951 tandem
3412 1900 3558 1951 labor
3590 1898 3765 1951 Hercu-

2189 1976 2255 2029 lis
2286 1978 2338 2030 in
2370 1976 2471 2029 hoc
2500 1986 2769 2037 versatur,
2794 1975 2938 2044 quod
2967 1976 3105 2029 idem
3141 1980 3414 2044 portaverit
3446 1978 3628 2031 caelum
3648 1977 3765 2030 collo

2187 2056 2429 2108 immoto:
2457 2055 2592 2108 unde
2630 2056 2808 2107 iterum
2857 2054 3038 2107 meruit
3074 2054 3276 2118 caelum,
3318 2057 3471 2109 veluti
3500 2058 3762 2108 mercrdem

2014 2186 2243 2244 NOTAE.

501 2315 617 2370 qua:
646 2300 835 2369 partim
880 2302 1125 2355 homines
1155 2303 1347 2371 partim
1376 2302 1499 2371 equi
1542 2302 1736 2363 forent.
1774 2304 2083 2371 c0gitahan-

502 2377 582 2425 tur
607 2388 620 2424 :
645 2371 783 2425 unde
813 2376 970 2426 etiam
996 2374 1381 2439 hippocentauri
1405 2374 1531 2427 dicti
1562 2382 1706 2436 sunt.
1725 2384 1778 2428 et
1802 2383 2079 2441 propterea

501 2457 644 2513 nunc,
673 2454 929 2513 vocantur
963 2442 1185 2510 superbi.
1230 2444 1337 2497 Hos
1366 2455 1545 2497 autem
1578 2446 1773 2500 idcirco
1801 2459 2081 2513 aggressus

500 2512 693 2566 necidit
742 2512 1014 2575 Hercules,
1046 2514 1183 2581 quod
1218 2514 1374 2567 iidem
1417 2518 1480 2573 ad
1522 2524 1732 2569 antrum
1788 2515 1955 2578 Pholi,
1988 2518 2076 2582 qui

500 2582 778 2637 Herculem
810 2594 1119 2652 susceperat
1152 2585 1399 2651 hospitio,
1427 2587 1577 2653 quasi
1609 2586 1853 2653 injuriam
1882 2587 2075 2639 illaturi

499 2664 871 2706 εεοιιιτιεδεηι.

570 2723 656 2778 15.
682 2725 900 2797 Abstulit
924 2740 1054 2797 sicea
1074 2724 1295 2791 spolium
1323 2725 1501 2796 leoni.]
1532 2726 1810 2797 Secundus
1836 2727 2077 2781 Herculis

498 2792 667 2847 labor.
696 2793 745 2845 In
766 2793 893 2846 silva
922 2793 1130 2847 Nemzra
1152 2797 1233 2849 leo
1253 2805 1366 2849 erat
1385 2792 1762 2863 magnitudinis
1786 2799 2072 2860 inusitata),

498 2879 670 2931 neque
703 2864 863 2927 let-ro,
898 2880 1068 2933 neque
1104 2881 1209 2919 tere
1253 2869 1634 2932 penetrabilis:
1664 2869 1805 2921 unde
1839 2870 1977 2921 hunc
2007 2869 2074 2922 de

498 2935 635 2987 coelo
663 2934 863 2998 lapsum
891 2934 1139 2989 dieebaut
1163 2954 1176 2989 :
1208 2938 1455 2991 eumdem
1484 2950 1793 3005 persecutus
1818 2938 2073 2991 Hercules

497 3004 608 3077 sola
658 3020 907 3077 manuum
950 3007 997 3058 vi
1045 3006 1331 3071 interfecit,
1374 3010 1745 3077 interfectique
1789 3011 1921 3077 pelle
1955 3009 2073 3062 telis

497 3076 750 3144 impervia
785 3078 1027 3137 vestitus,
1055 3079 1226 3144 quond
1258 3078 1406 3141 vixit,
1442 3076 1680 3133 incessit.

569 3147 656 3221 l6.
687 3143 829 3221 Fixit
861 3155 903 3197 et
930 3143 1081 3221 certis
1102 3148 1325 3221 volucres
1354 3150 1595 3221 sagittis.]
1627 3150 1836 3203 Tertius
1872 3148 2076 3203 Hereu-
2100 3157 2147 3221 ρ

497 3214 561 3267 lis
592 3217 757 3286 labor.
794 3219 932 3269 Aves
967 3232 995 3269 a
1026 3216 1342 3286 Stymphalo
1368 3214 1519 3282 urbe,
1563 3214 1764 3283 monte,
1815 3230 1905 3273 aut
1956 3221 2072 3274 lacu

496 3285 1265 3359 dictu-‘_Styitiplta|idestantae
1320 3292 1700 3359 magnitudinis
1744 3290 2072 3353 ferebantur,

496 3365 551 3408 ut
593 3355 1382 3429 radiosAsolis‘obumbrarent,
1412 3355 1699 3429 'tautaiqne
1748 3363 2073 3425 rapacitatis,

496 3434 553 3477 ut
584 3434 748 3477 totam
773 3426 1055 3479 Arcadiam
1079 3428 1443 3483 devastarent.
1482 3431 1585 3483 Has
1613 3426 1888 3492 Hercules,
1923 3443 1977 3483 ut
2002 3432 2078 3484 ait

497 3495 757 3569 Diodorus
807 3496 1017 3551 Siculus
1050 3498 1085 3551 I.
1129 3513 1200 3563 tv,
1233 3510 1541 3554 constructo
1571 3517 1720 3554 aeneo
1750 3503 2076 3569 crepitacqu

495 3574 548 3618 et
576 3566 786 3640 ipgenie
815 3569 989 3640 perid
1018 3570 1199 3640 sonitu
1242 3572 1475 3623 excitato
1516 3571 1724 3639 abegit;
1756 3566 1855 3625 aut
1876 3574 2074 3640 potius,

494 3636 819 3710 utACaiullus
848 3638 1232 3710 suisiversihus
1273 3642 1513 3706 exponit.
1556 3636 1761 3710 sagittis
1793 3636 1902 3696 suis
1941 3658 2076 3697 con-

494 3705 629 3763 lisit.
664 3707 739 3762 De
763 3709 844 3763 liis
872 3709 1061 3763 avibus
1088 3705 1367 3764 Lucretius
1396 3712 1431 3763 l.
1462 3729 1489 3762 ν
1525 3730 1535 3763 :

1142 3799 1393 3861 lineisque
1417 3803 1645 3852 timenda

618 3858 874 3921 Unguibus
896 3860 1115 3910 Arcadia
1138 3858 1361 3913 volucres
1380 3866 1658 3926 Stymphala
1678 3864 1920 3915 colentes.

566 3942 862 4019 l7.__Po_m_a
905 3942 1129 4019 cernenti
1175 3949 1348 4019 rapuit
1387 3950 1621 4014 draconi,
1665 3949 1795 4019 etc.]
1849 3954 2078 4013 Quartus

494 4011 739 4087 Herculis
758 4015 959 4087 Alabor.
988 4016 1304 4087 Hesperides
1340 4019 1459 4071 tiliae
1510 4011 1752 4087 Hesperi,
1779 4011 1887 4087 qui
1915 4022 2077 4073 frater

493 4082 720 4159 Atlantis
752 4082 877 4159 fuit;
911 4086 1164 4159 videlicet
1186 4087 1371 4159 Egle,
1411 4082 1697 4150 Arethusa,
1722 4101 1775 4143 et
1800 4082 2076 4159 Hespere-

495 4154 674 4227 thusa,
703 4155 768 4227 ad
789 4154 986 4227 Lixum
1030 4156 1360 4210 Mauritanize
1386 4161 1636 4227 oppidum
1683 4154 1929 4213 feruntur
1956 4161 2079 4215 hor-

494 4228 574 4299 tos
606 4224 891 4279 incoluisse
922 4224 1730 4299 aureisarboribus—pretiosos,
1760 4243 1815 4283 et
1856 4249 1881 4281 a
1928 4231 2075 4299 vigili

493 4295 720 4365 dracone
750 4297 1066 4365 custoditos.
1106 4296 1209 4351 Sed
1241 4298 1527 4352 dracnnem
1559 4302 1825 4365 interfecit
1867 4295 2071 4355 Hercu-

493 4362 591 4422 les.
628 4362 1169 4434 lructusque'ahlatos
1199 4370 1263 4420 ad
1307 4369 1553 4422 vitricum
1590 4362 1942 4425 Euristhemn
1978 4373 2076 4426 de-

495 4434 632 4510 tulit.
660 4433 735 4488 Ex
762 4433 860 4489 illo
874 4436 1222 4510 Hesperidum
1244 4438 1398 4510 horto
1411 4439 1595 4510 VVenus
1618 4443 1783 4495 l'ertur
1804 4443 2076 4510 accepisse

494 4507 631 4556 mala
662 4518 845 4569 aurea,
871 4509 1063 4579 quibus
1095 4508 1355 4575 dispersis
1385 4509 1742 4579 Hippomenes
1771 4507 2071 4566 Atalantam

494 4586 649 4651 cursu
680 4578 967 4651 superavit.
1002 4577 1198 4631 Larvam
1237 4577 1480 4651 gravior}
1504 4582 1741 4650 intelligo
1785 4582 1920 4636 hanc
1951 4599 2074 4651 par-

494 4644 731 4718 ticulam,
761 4647 1037 4700 secundum
1062 4664 1081 4701 :
1112 4644 1253 4702 sicut
1288 4650 1507 4718 Virgilio
1532 4644 1728 4706 dicitur
1766 4668 1781 4705 t
1828 4644 1978 4716 ιΕηξ,
2017 4644 2070 4707 v.

494 4715 620 4778 595,
655 4732 709 4767 os
741 4720 1069 4785 numerosque
1099 4722 1191 4771 deo
1220 4715 1422 4773 similis'.

568 4785 1136 4862 l9._(ierberum_t_raxit
1163 4790 1363 4862 triplici
1402 4791 1625 4862 catena]
1666 4793 1893 4861 Quintus
1936 4794 2071 4848 Her-

493 4856 626 4932 culis
662 4856 830 4910 labor.
865 4858 1133 4932 Pirithous
1162 4856 1364 4932 Ixionis
1393 4862 1557 4932 filius,
1610 4856 1819 4917 mortua
1869 4864 2068 4932 Hippo-

494 4927 645 4979 dame
678 4943 861 4991 uxore,
893 4931 1145 4983 convenit
1172 4945 1291 4983 cum
1327 4930 1558 4996 Tlleseo,
1593 4935 1792 4988 nullam
1843 4949 1898 4986 ιιι
1934 4927 2068 4988 uio-

493 5013 604 5051 rem
637 4997 739 5051 nisi
768 5013 831 5051 ex
863 4998 992 5053 Jove
1016 5014 1191 5053 natam
1216 5001 1497 5056 ducerent.
1536 5005 1667 5057 llinc
1696 5005 1935 5059 Theseus
1969 5006 2073 5060 He-
2144 5038 2147 5041 ι

492 5069 664 5144 l_e_nam
691 5070 903 5144 rapuit;
936 5070 1204 5124 Pirithous
1225 5086 1352 5123 vero
1381 5075 1665 5128 meditatus
1694 5076 2068 5144 Proserpinam

494 5140 732 5191 Plutonis
773 5142 1056 5210 coniugem
1106 5156 1313 5208 rapere,
1356 5146 1738 5199 comitantibus
1778 5140 1989 5199 Theseo
2020 5158 2073 5200 et

492 5210 737 5273 Hercule,
767 5211 830 5263 ad
850 5213 1049 5265 inferos
1069 5214 1365 5266 descendit.
1398 5214 1587 5267 Verum
1620 5216 1885 5269 Pirithous
1905 5219 2073 5282 primo

491 5282 694 5352 impetu
728 5297 758 5334 a
801 5282 1036 5336 Cerbero
1078 5284 1388 5338 interiectus
1433 5296 1534 5352 est,
1568 5288 1649 5339 cui
1682 5304 1799 5339 cum
1833 5289 2073 5341 Theseus

489 5367 643 5418 opem
677 5351 816 5406 ferre
843 5362 1149 5416 conaretur,
1177 5354 1328 5407 vivus
1370 5356 1419 5407 in
1447 5356 1569 5408 ditis
1601 5367 1916 5423 potesmtem
1948 5376 2070 5417 per-

493 5424 657 5486 venit,
694 5434 748 5476 et
775 5423 841 5475 ab
886 5440 950 5477 eo
994 5426 1224 5487 vinctus,
1265 5426 1433 5480 donec
1480 5427 1731 5481 Horonles
1769 5430 2064 5481 Cerberum

492 5495 773 5558 tricipitem
796 5497 981 5561 triplici
1002 5504 1192 5548 catena
1220 5498 1450 5548 vinctum
1482 5506 1706 5551 teneret.
1738 5500 1810 5553 Ile
1834 5500 2069 5553 Cerbero

492 5567 724 5636 diximus
752 5576 920 5618 metro
954 5568 1013 5618 l2
1040 5568 1132 5619 lib.
1166 5580 1242 5619 ttt.
1296 5633 1313 5636 _
1616 5630 1627 5636 η

564 5634 652 5688 :20.
686 5634 855 5686 Victor
889 5638 1152 5701 immitem,
1185 5633 1315 5706 etc.]
1366 5636 1557 5690 Sextus
1608 5633 1847 5691 Herculis
1896 5639 2063 5691 labor.

482 5706 899 5777 Diomedesrex
928 5707 1171 5777 Thracias
1206 5708 1277 5759 sic
1318 5724 1499 5777 parcus
1532 5708 1709 5761 hordei
1750 5709 1867 5777 fuit,
1899 5710 2070 5775 inquit

498 5775 751 5846 Apuleius
785 5775 821 5830 I.
853 5790 925 5829 VII
964 5775 1113 5844 Met,
1145 5784 1197 5829 ut
1238 5775 1466 5833 edacium
1491 5775 1845 5848 jumentorum
1890 5780 2072 5833 fainem

2190 2319 2459 2371 corporum
2489 2302 2829 2355 humanorum
2860 2303 3133 2369 largitione
3152 2303 3393 2356 sedaret:
3424 2303 3571 2358 unde
3596 2304 3755 2389 Ovidu

2311 2396 2416 2445 Non
2441 2398 2522 2445 tibi
2544 2398 2785 2445 subcurrit
2803 2396 2938 2443 crudi
2973 2395 3221 2444 Diomedis
3246 2397 3428 2457 imago,

2373 2458 2563 2508 Eﬂ'erus
2586 2460 2790 2506 humana
2810 2460 2890 2519 qui
2909 2458 3037 2518 dape
3063 2460 3195 2519 pavit
3215 2458 3401 2518 equits?

2187 2542 2290 2595 Sed
2326 2550 2608 2610 tyrannum
2650 2541 2791 2594 hunc
2822 2540 3075 2594 Hercules
3108 2540 3296 2593 iisdem
3332 2540 3487 2609 equis
3513 2541 3758 2595 devoran-

2185 2613 2309 2665 dum
2341 2613 2560 2675 ohjecit.
2588 2654 2591 2661 .

2255 2682 2342 2736 2‘2.
2380 2682 2564 2751 Hydra
2591 2684 2851 2734 combusto
2892 2682 3043 2748 periit
3072 2678 3305 2750 reneno.]
3336 2679 3614 2750 Septimus
3647 2682 3756 2735 Iler-

2182 2754 2319 2807 culis
2350 2754 2518 2806 labor.
2553 2753 2726 2821 Hydra
2758 2767 2981 2819 serpens
3004 2767 3107 2806 non
3140 2752 3310 2803 solum
3344 2752 3393 2803 in
3426 2763 3568 2803 terra
3602 2770 3754 2812 vivax,

2182 2838 2364 2897 verum
2384 2825 2542 2877 etiam
2568 2824 2617 2897 in
2644 2824 2824 2897 aquis:
2852 2823 2989 2897 unde
3012 2824 3084 2875 illi
3117 2838 3311 2897 nomen
3340 2822 3409 2874 ab
3436 2821 3601 2897 saep,
3622 2840 3755 2897 aqua,

2182 2895 2233 2945 in
2260 2894 2429 2947 Lerna
2465 2894 2652 2960 palude
2683 2895 2824 2947 inter
2861 2893 3108 2961 Mycenas
3139 2904 3191 2945 et
3244 2896 3413 2960 Argos
3455 2892 3749 2945 habitabat:

2178 2979 2343 3030 quare
2374 2964 2568 3017 dicitur
2612 2964 2829 3016 Lernaea
2882 2966 3063 3030 pestis.
3124 2964 3340 3029 Septem
3386 2974 3503 3026 aut,
3545 2974 3600 3015 ut
3648 2964 3751 3015 a'iis

2179 3036 2374 3100 placet,
2402 3034 2779 3103 quinquaginta
2815 3035 3041 3086 habebat
3078 3036 3270 3099 capita,
3300 3049 3531 3099 quorum
3558 3036 3599 3085 si
3623 3049 3746 3098 qua!-

2177 3104 2298 3156 dam
2327 3106 2560 3159 abscissa
2595 3103 2825 3167 fuerant,
2854 3104 2952 3155 alia
2980 3103 3246 3171 duplicato
3276 3118 3504 3155 numero
3527 3118 3740 3155 renasce-

2182 3174 2393 3227 hantur.
2426 3176 2681 3228 Hercules
2713 3184 2910 3237 autem,
2958 3176 3173 3225 admoto
3203 3174 3266 3225 ad
3296 3174 3507 3241 singula
3548 3177 3737 3226 vulnera

2183 3245 2325 3313 igne,
2357 3247 2580 3313 bestiam
2612 3244 2825 3297 tandem
2854 3243 3139 3297 interfecit.

2251 3316 2341 3369 25.
2376 3312 2570 3367 Fronte
2601 3324 2830 3381 turpatus
2868 3316 3116 3366 Achelous
3144 3312 3353 3384 aumi<.]
3376 3314 3609 3367 Octavus
3635 3312 3749 3365 ller-

2181 3388 2314 3439 culis
2345 3386 2509 3439 labor.
2553 3384 2821 3441 Achelous
2872 3385 3012 3437 ﬁlius
3060 3384 3270 3454 Uocani
3290 3395 3343 3437 et
3374 3385 3614 3454 Tethyos
3638 3399 3752 3454 cum

2186 3457 2412 3510 Hercule
2446 3457 2691 3525 pugnavit
2726 3463 2821 3524 pro
2847 3455 3087 3522 Deianira
3123 3456 3223 3507 lilia
3247 3453 3414 3508 OEnei
3451 3452 3595 3521 regis
3622 3452 3755 3505 Cali-

2180 3526 2389 3579 donitn:
2417 3526 2510 3578 sed
2536 3528 2802 3579 Achelous
2835 3526 3034 3578 viribus
3063 3526 3232 3593 impar
3263 3543 3319 3577 se
3352 3528 3510 3578 vertit
3546 3527 3757 3590 primum

2180 3597 2392 3661 quidem
2424 3599 2474 3648 in
2506 3606 2828 3664 Serpentem,
2854 3596 3044 3648 deinde
3072 3595 3124 3648 iu
3150 3607 3380 3657 taurum,
3406 3597 3491 3648 cui
3521 3596 3763 3647 Hercules

2182 3671 2480 3734 amputavit
2508 3681 2699 3727 ooruu,
2738 3666 2877 3734 quod
2906 3666 3083 3733 Copiae
3114 3667 3294 3719 comiti
3331 3665 3561 3717 fortuna!
3590 3668 3758 3718 datum

2185 3748 2301 3791 est:
2336 3738 2477 3791 unde
2508 3737 2777 3789 Achelous
2810 3752 2913 3788 uno
2942 3738 3107 3801 turpis
3137 3751 3301 3787 cornu
3334 3749 3453 3788 sese
3484 3737 3763 3789 occultavit

2183 3808 2235 3859 in
2281 3808 2441 3860 ﬂuvio
2472 3810 2807 3871 cognomine.
2842 3806 2954 3858 Non
2987 3823 3120 3874 opus
3152 3818 3252 3865 est,
3296 3821 3381 3857 me
3433 3822 3655 3858 monere
3684 3808 3759 3858 hic

2184 3886 2417 3945 turpatus
2448 3880 2685 3929 ultimuin
2717 3878 3009 3945 producere
3038 3886 3256 3945 pr0pter‘
3282 3877 3385 3928 vim
3405 3892 3617 3929 εωδατιε
3638 3893 3655 3928 :
3678 3892 3760 3929 cu-

2178 3948 2266 4016 jus
2299 3949 2373 4000 rei
2406 3949 2604 4000 iuliuita
2636 3958 2759 4000 sunt
2790 3948 3029 4014 exempla
3064 3950 3199 4014 apud
3233 3958 3435 4013 poetas.

2252 4017 2339 4070 25.
2377 4019 2566 4069 Strarit
2599 4018 2831 4069 Anticum
2855 4016 3055 4086 Libycis
3078 4016 3294 4087 arenis.]
3322 4020 3499 4069 Nonus
3532 4017 3765 4071 Herculis

2184 4087 2352 4139 labor.
2408 4089 2626 4140 Antams
2658 4088 2884 4153 Neptuni
2919 4104 2982 4141 ex
3018 4098 3161 4141 terra
3192 4088 3331 4141 lilius
3360 4097 3508 4138 tanto
3544 4101 3765 4153 corpore

2185 4158 2455 4224 pricditus,
2492 4168 2547 4210 ut
2582 4158 2634 4210 in
2662 4157 3008 4226 quadraginta
3056 4159 3267 4212 cuhitos
3311 4160 3634 4211 excreverit.
3681 4158 3767 4211 Hic

2182 4243 2301 4279 cum
2336 4229 2560 4281 llercule
2582 4242 2920 4295 congressus,
2937 4231 3145 4294 quoties
3166 4228 3404 4282 membra
3429 4230 3765 4289 deﬁciebant,

2186 4298 2363 4361 toties,
2392 4309 2530 4351 tacta
2576 4309 2740 4358 terra.
2763 4299 3123 4363 recreabatur,
3158 4302 3298 4366 quod
3333 4299 3768 4352 animadvertens

2186 4368 2461 4428 Hercules.
2486 4370 2731 4422 eumdem
2767 4373 2816 4421 in
2843 4384 2967 4421 aere
2992 4384 3234 4436 pressum
3270 4370 3561 4422 interfecit.

2254 4440 2342 4491 ‘26.
2377 4439 2539 4491 Cacus
2574 4437 2801 4491 Euandri
2842 4441 3041 4491 satiavit
3071 4439 3218 4507 iras.]
3247 4439 3495 4492 Decimus
3527 4440 3654 4493 Her.
3676 4439 3769 4492 uiis

2186 4510 2353 4561 labor.
2400 4512 2571 4562 (lacus
2604 4510 2817 4562 Vulcani
2864 4510 3024 4576 lilius,
3058 4512 3145 4577 qui
3182 4510 3388 4563 Latium
3423 4512 3667 4578 undique
3712 4515 3770 4560 la.

2182 4581 2423 4632 trociniis
2451 4583 2559 4632 suis
2600 4581 2903 4643 infestabat,
2950 4596 3016 4633 ne
3057 4580 3154 4648 ipsi
3186 4582 3398 4649 quidem
3436 4582 3659 4634 Herculi
3690 4596 3772 4647 pe-

2180 4652 2387 4718 percit:
2425 4653 2579 4715 hujus
2618 4650 2813 4718 quippe
2860 4651 3028 4703 boves
3078 4662 3236 4703 noctu
3277 4652 3445 4704 cauda
3495 4653 3774 4718 versisque

2182 4733 2457 4788 propterea
2484 4720 2716 4785 vestigiis
2742 4722 2790 4773 in
2824 4729 3037 4773 antrum
3064 4730 3217 4773 Suum
3253 4723 3416 4774 traxit
3445 4740 3455 4771 :
3484 4727 3578 4773 sed
3611 4724 3770 4773 linum

2181 4793 2382 4859 mugitu
2417 4792 2718 4845 admonitus
2750 4792 3033 4855 Hercules,
3070 4792 3297 4859 receptis
3349 4794 3537 4855 bobus,
3570 4793 3771 4843 Cacum

2179 4862 2451 4921 exstinxit,
2475 4864 2617 4915 ultus
2644 4862 2892 4926 injuriam
2920 4862 3174 4923 Evandri,
3200 4862 3351 4929 rujus
3378 4862 3553 4917 Cacus
3583 4865 3777 4930 hospes

2181 4933 2372 4996 luerat,
2407 4942 2523 4993 aut,
2554 4942 2609 4984 ut
2631 4932 2720 4984 alii
2750 4933 2956 4993 volunt,
2988 4948 3193 4986 servus.

2248 5002 2338 5056 28.
2399 5003 2599 5069 Setiger
2634 5006 2827 5071 spumis
2877 5005 3115 5056 humeros
3164 5001 3402 5072 notavit]
3448 5002 3776 5057 Undecimus

2182 5073 2424 5127 lict-culis
2459 5074 2626 5127 labor.
2661 5078 2805 5140 Aper
2836 5074 3216 5143 Erymanthius
3250 5075 3300 5125 iu
3343 5076 3599 5135 Arcndia,
3638 5072 3777 5141 quod

2181 5145 2265 5196 hic
2292 5148 2567 5196 immensas
2590 5146 2743 5195 mohs
2763 5153 2897 5205 erat,
2938 5146 3208 5211 regionem
3229 5146 3463 5208 undique
3486 5149 3776 5197 γεδιειηιε

2181 5216 2319 5267 hunc
2370 5214 2624 5268 Herenles
2663 5213 2883 5266 adduxit
2932 5214 2996 5265 ad
3052 5220 3442 5280 laurystheum;
3506 5215 3608 5267 sed
3657 5213 3779 5281 quia

2180 5296 2304 5337 tunc
2336 5300 2463 5351 aper
2494 5286 2578 5336 ille
2600 5284 2669 5337 ab
2702 5284 2927 5338 Hercule
2958 5300 3061 5337 non
3094 5284 3255 5337 fuerit
3301 5284 3649 5348 interfectus,
3696 5286 3778 5337 id-

2179 5360 2327 5407 circo
2359 5370 2499 5407 nunc
2525 5356 2721 5408 dicitur
2748 5356 3007 5408 duntaxat
3048 5355 3286 5408 humeros
3328 5356 3625 5409 Herculeos
3653 5372 3780 5421 spu-

2176 5426 2271 5477 mis
2302 5435 2521 5487 notasse,
2552 5440 2685 5493 quos
2717 5426 2969 5479 humeros
3000 5442 3269 5492 pressurus
3299 5438 3404 5478 erat
3427 5428 3566 5477 altus
3600 5428 3777 5480 orbis:

2174 5497 2422 5558 quoniam
2460 5496 2714 5565 llercules
2758 5499 2922 5550 fertur
2963 5498 3073 5549 suis
3120 5496 3355 5551 humeris
3402 5502 3605 5550 emtum
3657 5514 3778 5565 por-

2180 5579 2256 5618 tas
2288 5581 2318 5618 e
2344 5584 2357 5618 :
2384 5564 2523 5617 unde
3437 5610 3453 5629 ,

2247 5634 2605 5707 29.7Ulliutus
2650 5636 2830 5689 cmlum
2883 5637 3027 5690 labor
3070 5636 3351 5707 ἐπερείδω]
3408 5636 3777 5693 Duodecimus

2180 5706 2419 5759 Herculis
2451 5708 2617 5759 labor.
2655 5708 2800 5761 Atlas
2832 5723 2925 5762 rex
2947 5706 3271 5762 Mauritania:
3298 5710 3483 5762 uelum
3526 5709 3777 5763 humeris

2181 5777 2499 5833 sustinuisse
2544 5777 2734 5844 fertur,
2786 5793 2945 5846 quem
2984 5790 3043 5834 ut
3083 5787 3229 5834 tanto
3281 5793 3440 5833 onere
3492 5776 3770 5845 liberaret
