3984 6382
249 284 336 343 sgf)
1118 274 1206 327 DE
1243 273 1759 335 CONSOLATIONE
1801 276 2274 337 PHILOSOPHIAQ
2315 281 2441 337 LIB.
2484 283 2546 338 Υ.
3373 277 3477 339 830

373 388 535 448 Ultimi
564 385 761 443 coelum
796 384 991 440 meer
1020 385 1236 441 labnriso
1820 394 1873 451 Δ
2041 394 2207 466 Terga
2240 398 2487 453 nudatis?
2511 408 2758 471 superata
2788 398 2945 456 tellus

367 486 508 557 3n
540 482 615 535 Ite
642 495 779 533 nunc
811 478 991 543 fortes,
1022 479 1107 533 ubi
1139 480 1278 535 celsa
1303 482 1479 553 magni
1893 487 1963 542 35
2186 489 2372 545 Sidera
2403 492 2583 547 αοηειι,

368 576 507 631 Ducit
527 572 753 638 exempli
788 570 867 623 via
896 588 907 622 :
935 584 1030 624 cur
1057 572 1265 635 inertes“

1555 688 2125 746 INTERPRETATIO.

238 810 383 865 ultimi
404 812 688 877 przesertim
712 819 791 877 sui
825 819 1029 857 tavorts.
1066 814 1201 875 Ergo
1222 808 1378 876 agite,
1411 810 1638 874 generosi
1675 808 1770 861 Ιιο-

237 875 421 937 ιιιὶιιεεὶ
449 875 845 945 quandoquidem
883 892 1123 946 magnum
1158 875 1443 947 exemplum
1471 880 1607 935 vobis
1640 895 1779 933 mon.

1894 818 2027 860 strat
2066 809 2163 861 iter
2195 806 2411 861 sublime
2434 824 2453 862 :
2479 824 2635 878 quare
2678 809 2918 865 desidiosi
2964 810 3227 865 ostenditis
3265 806 3476 863 dorsum

1892 879 2175 947 fugiendo?
2202 888 2336 933 terra
2356 879 2483 933 victa
2514 881 2599 935 dat
2627 886 2829 935 emtum.

1728 992 1951 1050 NOTAE.

231 1107 478 1171 Hercules,
528 1105 611 1159 hic
656 1118 781 1158 suos
831 1104 1085 1158 humeros
1133 1102 1269 1158 rtelo
1324 1105 1621 1167 supposuit,
1670 1120 1775 1173 quo

226 1182 389 1233 ultimo
413 1178 698 1245 przcsertim
734 1176 911 1229 labore
934 1176 1124 1229 meruit
1144 1174 1363 1239 cmlutn,
1395 1184 1447 1227 et
1478 1177 1527 1227 in
1552 1175 1773 1229 deorum

223 1250 478 1315 collegium
502 1247 807 1309 translatus,
832 1246 1031 1308 Martis,
1056 1257 1112 1299 ιιι
1132 1246 1345 1313 quidam
1365 1254 1570 1313 putant,
1595 1248 1769 1299 stella.

287 1321 437 1372 Porro
464 1321 699 1370 omnium
743 1318 963 1371 istorum
1021 1319 1260 1372 Ilert'ulis
1304 1318 1540 1369 laborum
1572 1318 1775 1371 descri-

221 1392 407 1459 ptiones
432 1391 497 1440 ita
533 1389 836 1459 frequentes
882 1398 1005 1440 sunt
1044 1386 1427 1459 aputl'poetas,
1475 1397 1530 1439 ut
1570 1388 1765 1459 nullius

223 1456 369 1529 poeta:
410 1459 503 1511 hac
535 1457 601 1510 de
634 1472 689 1511 re
714 1460 1015 1525 conscripta
1038 1458 1295 1529 carmina
1323 1456 1621 1529 referenda
1652 1473 1772 1511 esse

1956 1106 2043 1161 '59..
2079 1106 2221 1177 Πομ]
2268 1107 2382 1160 Non
2429 1106 2576 1159 locus
2617 1105 2701 1159 hic
2738 1104 3095 1172 signiﬁcatur:
3131 1105 3263 1177 alias
3291 1106 3473 1158 dicen-

1884 1178 2009 1232 dmn
2041 1176 2344 1245 fuissetquo
2382 1177 2561 1231 ducit:
2600 1178 2692 1231 sed
2727 1178 2901 1244 potius
2931 1192 3087 1231 causa
3121 1192 3215 1230 cur
3249 1176 3473 1245 fortilms

1884 1250 2013 1303 viris
2050 1252 2115 1301 sit
2146 1244 2400 1313 cundum,
2442 1248 2887 1313 quemadmodum
2936 1248 3123 1300 Cicero
3161 1248 3332 1300 dixit;
3372 1244 3472 1299 Ubi

1882 1320 2037 1374 semel
2056 1320 2169 1389 quis
2200 1320 2520 1390 pejeraverit,
2546 1319 2589 1369 ei
2611 1318 2749 1390 credi
2779 1328 2949 1387 postea
2978 1334 3077 1390 non
3108 1317 3322 1390 oportet.

1952 1392 2039 1444 35.
2069 1387 2226 1443 Ducit
2254 1387 2483 1457 exempli
2526 1387 2653 1459 τοίω]
2689 1389 3125 1457 Agamemnonis,
3160 1389 3381 1459 Ulyssis,
3413 1393 3470 1438 et

1884 1462 2145 1523 llerculis,
2197 1476 2423 1530 quorum
2472 1458 2743 1514 laboribus
2772 1460 3048 1522 docemur,
3099 1460 3225 1530 vitii,
3248 1458 3463 1530 quidem

224 1522 575 1599 putaverimus.
611 1529 714 1581 Sed
746 1522 992 1581 omittere
1034 1528 1120 1581 hic
1166 1543 1270 1579 non
1304 1527 1581 1592 debemus,
1628 1531 1766 1595 quod
1802 1522 1848 1583 Β
1878 1531 2032 1586 facile
2054 1522 2173 1592 iter.
2207 1522 2299 1585 sed
2329 1546 2567 1585 amarum
2592 1531 2787 1593 ﬁnem;
2820 1530 3029 1583 virtutis
3053 1544 3176 1583 tero
3198 1522 3467 1599 dillicilent

222 1600 535 1653 doctissimus
586 1599 808 1654 lluetius
850 1600 899 1651 in
947 1613 1112 1653 aureo
1151 1614 1249 1650 suo
1296 1600 1770 1653 tientnnstratiOnis

224 1670 508 1738 evangelicae
559 1670 697 1723 libro
741 1670 805 1721 de
844 1669 1069 1722 llercule
1121 1684 1289 1736 nuper
1336 1668 1524 1731 edidit,
1579 1685 1770 1735 nt-mpe

225 1756 403 1809 prapos.
436 1741 468 1791 4
500 1738 565 1791 de
594 1741 687 1793 lib.
720 1738 901 1804 Josue,
949 1756 1003 1793 ιι.
1059 1740 1126 1793 15
1154 1758 1165 1791 :
1202 1739 1527 1807 Pert'u/gttla,
1577 1740 1765 1806 inquit,

219 1813 307 1863 [nec
342 1822 407 1863 est
452 1812 723 1863 doctorum
775 1812 1035 1863 hominum
1075 1811 1344 1873 sententia,
1396 1809 1567 1871 plures
1614 1812 1769 1873 [uisse

217 1880 450 1941 Hercules,
485 1890 530 1932 et
580 1890 726 1950 gesta
757 1883 982 1933 omnium
1025 1899 1054 1933 a
1099 1878 1289 1934 ϐιηθεὶς
1325 1881 1480 1949 fuisse
1524 1882 1577 1933 in
1609 1897 1765 1933 unum

216 1951 479 2021 [hebenum
511 1954 727 2015 collata,
762 1968 851 2005 seu
888 1952 1053 2014 potius
1083 1952 1292 2021 fortibus
1333 1952 1617 2021 quibusque
1646 1955 1768 2004 viris

210 2019 422 2074 Herculis
442 2037 628 2074 nomen
670 2024 823 2085 [uisse
864 2019 1175 2086 impositum.
1208 2021 1330 2075 Tres
1347 2019 1537 2075 statuit
1577 2021 1769 2075 Diodo-

206 2108 307 2144 rus:
341 2091 660 2161 .Egyptitmt,
696 2091 968 2155 Creticum,
1003 2102 1046 2145 et
1089 2091 1405 2147 Thebanum.
1438 2091 1558 2146 Tres
1592 2092 1768 2144 Arria-

205 2164 377 2233 nuslib.
399 2177 433 2216 ιι
476 2164 540 2215 de
572 2162 816 2233 Expedit.
844 2165 1150 2217 Alexandri:
1174 2163 1503 2233 rquptium.
1531 2162 1765 2233 Tyrium,

205 2181 377 2213 nusttD.
399 2181 433 2216 ιι
476 2181 540 2215 ae
572 2181 816 2230 rarpeau.
844 2181 1150 2217 Alexanart:
1174 2181 1503 2233 mqypuum.
1534 2181 1558 2215 ι
1610 2181 1765 2226 rium,

204 2242 241 2284 ct
266 2231 521 2302 Graecum;
552 2250 622 2295 qu
646 2234 737 2286 bus
775 2231 981 2286 lndium
1014 2244 1258 2302 praetereo
1294 2236 1435 2287 addit
1470 2236 1520 2287 in
1570 2181 1767 2287 yndicis

204 2319 254 2355 cx
284 2300 623 2373 blegastliene.
654 2302 925 2355 Herculum
954 2300 1043 2355 alii
1076 2306 1485 2371 antiquissimum
1510 2306 1766 2357 arbitran-

204 2384 270 2423 tur
306 2372 642 2435 Phoenicium,
686 2378 963 2426 secundum
997 2373 1324 2443 ngyptium,
1368 2388 1671 2443 postremum
1705 2390 1765 2425 ac

204 2446 496 2516 recentiorem
526 2445 846 2498 Thebanum.
871 2446 1109 2516 Quidam
1144 2446 1419 2516 zEgyptios
1447 2448 1577 2499 duos
1603 2463 1765 2513 agno-

205 2526 337 2575 scunt,
368 2513 664 2567 Herodotus
690 2518 815 2568 duos
844 2514 1067 2578 Graecos,
1098 2513 1515 2578 Deuiiiultertttn,
1547 2517 1765 2569 alterum

213 2584 429 2655 llcrorm;
479 2585 662 2640 Cicero
702 2603 821 2649 sex;
863 2587 1132 2639 duodecun
1179 2588 1300 2651 alii;
1352 2589 1563 2655 quidam
1609 2589 1763 2640 etiam

208 2652 322 2727 longe
363 2659 554 2721 plures.
608 2656 717 2726 Ego
768 2661 974 2709 omnino
1014 2660 1241 2723 unicum,
1284 2652 1497 2727 cumque
1544 2658 1761 2727 170880”!

202 2725 329 2791 fuisse
364 2736 573 2791 statuo;
615 2725 733 2780 nam
782 2744 893 2795 qua:
937 2730 1226 2781 tribuuntur
1274 2725 1420 2793 aliis,
1446 2729 1513 2781 ad
1554 2726 1769 2782 Josuam

202 2798 341 2848 omnia
368 2800 638 2850 commode
661 2800 837 2869 referri
863 2815 1007 2864 posse
1028 2800 1183 2855 vides.

1879 1603 2165 1728 viamgged
2190 1604 2396 1658 dulcem
2433 1606 2653 1656 exitum.
2688 1601 2889 1655 Seneca
2922 1601 2972 1653 in
3007 1601 3231 1656 llercule
3258 1598 3479 1663 (Bima,

1879 1691 1930 1727 v.
2002 1713 2017 1728 ς
2130 1690 2142 1726 :

1877 1691 1930 1727 γ.
1967 1690 2142 1728 ιυδοε

2032 1764 2286 1825 Nunquam
2310 1765 2504 1827 Stygias
2530 1762 2685 1827 fertur
2708 1763 2767 1810 ad
2789 1762 2988 1811 umbras

2033 1828 2209 1889 Inclyta
2234 1826 2387 1876 virtus
2414 1842 2427 1877 :
2454 1828 2597 1875 vivite
2619 1826 2787 1878 fortes.

2029 1890 2131 1940 Nec
2157 1891 2380 1938 Lelhaaos
2404 1902 2530 1937 steva
2558 1900 2645 1948 per
2664 1899 2834 1935 amnes

2033 1952 2127 2001 Vos
2145 1953 2237 2000 fata
2264 1952 2461 2000 trahent
2482 1965 2494 1998 :
2515 1949 2601 1997 sed
2625 1966 2633 1991 ‹
2653 1962 2731 1996 ιιιιι
2755 1962 2965 1997 summas

2032 2017 2209 2076 Exiget
2233 2016 2376 2061 horas
2404 2021 2686 2076 consumpta
2711 2012 2817 2059 dies

2030 2073 2215 2127 Iter'ad
2241 2088 2447 2138 superos
2464 2073 2615 2133 gloria
2643 2075 2840 2135 pandet.

1946 2160 2034 2215 54.
2067 2160 2231 2230 Terga
2265 2157 2517 2227 nudatis.]
2549 2158 2901 2230 Similitudine
2943 2158 3217 2224 desumpta
3245 2169 3273 2208 a
3294 2154 3455 2230 “mili-

1875 2230 2038 2293 tibus,
2063 2227 2256 2298 quit'ius
2281 2241 2429 2291 turpe
2459 2240 2538 2281 est
2572 2229 2857 2296 propositis
2889 2230 3092 2295 magnis
3126 2227 3375 2293 praemiis,
3401 2234 3456 2279 et

1874 2301 2095 2355 ducibus
2119 2302 2396 2370 generosis
2419 2300 2798 2369 praeeuntibus,
2826 2308 2969 2364 terga
3004 2308 3210 2350 vertere
3240 2298 3295 2370 in
3318 2311 3455 2363 pra:-

1876 2373 1964 2435 lio,
1997 2368 2327 2440 signiﬁcatur
2361 2368 2511 2433 turpe
2551 2371 2747 2437 pariter
2791 2373 2951 2423 menti
2989 2371 3251 2440 humanas,
3286 2368 3454 2431 ip~am

1870 2438 2139 2511 proposita
2164 2443 2265 2495 vita
2295 2453 2516 2503 aeterna,
2547 2441 2891 2509 pluribusque
2913 2453 3111 2492 sanetis
3131 2438 3257 2490 viris
3275 2452 3456 2489 exem-

1873 2516 2016 2581 plum
2052 2516 2492 2575 ιιιοιιςιιίιιιιιιιιμ,
2527 2514 2691 2565 averti
2737 2528 2763 2563 ιι
2802 2513 2907 2562 υι·0
2938 2520 2989 2563 et
3020 2511 3082 2562 ad
3113 2524 3198 2560 res
3231 2518 3455 2561 czeteras

1870 2586 2141 2638 Converli:
2178 2584 2303 2636 hinc
2331 2584 2577 2636 additur:
2608 2584 2863 2647 Superata
2897 2581 3048 2634 tellus
3080 2581 3249 2632 sidera
3279 2582 3453 2640 donat,

1871 2657 2022 2723 quasi
2054 2655 2303 2707 dicatur:
2334 2668 2453 2723 qua:
2498 2667 2648 2706 mens
2680 2655 2991 2705 inconcussa
3020 2665 3213 2717 corpus
3234 2650 3451 2723 vicerit,

1873 2720 1987 2778 liu-c
2028 2724 2134 2777 Deo
2185 2720 2441 2778 :eterninn
2488 2724 2803 2776 adhaerebit.
2858 2724 3041 2776 Matth.
3089 2737 3177 2773 xi:
3226 2720 3455 2777 (leonum

1869 2799 2111 2849 caelorum
2134 2800 2231 2848 vim
2260 2796 2470 2861 patitur,
2493 2804 2537 2846 et
2567 2794 2773 2847 violenti
2801 2794 3003 2861 rapiunt
3023 2793 3176 2845 illud.

224 2904 3424 2931 *Μ

1293 2998 1674 3101 LIBER
1726 2993 2337 3118 QUINTUS.

616 3167 779 3238 312
819 3166 1034 3223 puosa
1088 3166 1320 3222 PRIMA.

191 3282 561 3337 ABGUIENTUI.
599 3311 673 3321 —-
707 3283 857 3349 Quod
890 3283 1060 3334 omnia
1091 3281 1375 3352 providenti
1428 3277 1559 3352 nihil
1601 3276 1759 3345 possit

244 3369 339 3406 esse
359 3356 707 3423 inOpinotum,
769 3355 964 3419 uodque
988 3350 1132 3405 casus
1154 3364 1384 3406 eventum
1420 3352 1485 3403 si:
1524 3350 1760 3412 inopina-

244 3436 359 3475 tum.
399 3434 679 3475 propterea
732 3370 938 3475 ἵίοειιιιδ
971 3424 1144 3475 obiicit
1186 3424 1293 3475 lore
1316 3431 1369 3474 ut
1398 3423 1561 3475 posita
1588 3420 1760 3471 diiina

244 3436 359 3482 tum,
398 3420 679 3490 prOpterea
732 3420 938 3477 Boetius
971 3424 1144 3491 objicit
1185 3424 1293 3490 fore
1316 3431 1369 3474 ut
1398 3423 1561 3488 posita
1588 3420 1761 3471 diiina

245 3491 567 3547 Providentia
594 3496 772 3547 nullus
816 3505 941 3546 esset
988 3490 1178 3547 casus:
1217 3495 1305 3545 sed
1335 3494 1453 3544 huic
1494 3490 1759 3559 respondet

244 3562 606 3635 Philosophia,
637 3567 961 3632 qutrs'ionem
982 3567 1044 3618 de
1064 3581 1183 3617 casu
1214 3564 1283 3616 ita
1307 3578 1415 3616 esse
1438 3563 1502 3615 de
1533 3561 1755 3635 nomine,

241 3644 309 3695 ut,
354 3632 695 3698 pro'diverso
738 3636 955 3689 nominis
996 3652 1107 3699 usu,
1165 3650 1317 3688 casus
1369 3633 1546 3704 negari
1596 3632 1755 3701 possit

238 3717 279 3757 et
305 3709 484 3760 asseri.

238 3818 448 3875 Dixerat
477 3831 531 3886 ι,
564 3822 935 3890 orationisque
964 3834 1180 3875 cursum
1212 3820 1228 3850 ¹
1256 3819 1321 3873 ad
1370 3818 1471 3872 alia
1514 3815 1756 3885 quaedam

182 3913 431 3967 tractanda
458 3922 627 3982 atque
647 3913 977 3982 expedienda
1002 3912 1261 3965 vertebat.
1286 3910 1419 3971 Tum
1444 3924 1563 3977 ego,
1599 3909 1760 3961 Recta

183 4000 397 4068 quidem,
433 4005 684 4070 inquam,
715 4002 1043 4067 exhortatio,
1092 4011 1284 4070 tuaque
1317 4014 1539 4071 prorsus
1577 4008 1762 4052 aucto-

180 4093 311 4151 ritate
336 4096 688 4166 dignissima.
714 4096 817 4150 Sed
849 4096 988 4164 quod
1022 4104 1077 4149 tu
1100 4094 1299 4148 dudum
1328 4092 1397 4149 de
1419 4091 1757 4147 Providentia

180 4191 508 4252 quaestionem
538 4190 784 4259 pluribus
809 4190 1119 4258 implicitam
1150 4204 1272 4244 esse
1301 4187 1506 4252 dixisti,
1532 4200 1589 4240 re
1617 4184 1642 4221 δ
1672 4200 1761 4238 ex-

177 4283 351 4348 perior.
382 4284 467 4355 (5)
510 4284 713 4351 Quaro
748 4283 891 4337 enim
924 4298 990 4337 an
1022 4296 1143 4337 esse
1180 4280 1382 4349 aliquid
1427 4279 1669 4341 omnino,
1706 4286 1763 4330 et

1795 3162 1841 3224 C
1872 3160 2122 3228 quidnam
2190 3174 2311 3214 esse
2376 3164 2559 3211 c‘asum
2610 3154 2891 3209 arbitrere.
2944 3154 3103 3224 313
3148 3152 3280 3207 Tum
3330 3152 3449 3208 illa:

1868 3254 2127 3316 Festino,
2165 3254 2373 3320 inquit,
2418 3251 2651 3304 debitum
2710 3248 3081 3317 promissionis
3137 3247 3451 3312 absolvere,

1866 3347 2109 3414 viamque
2140 3344 2252 3410 tibi,
2278 3358 2380 3412 qua
2410 3345 2428 3372 ’
2459 3353 2481 3379 ι’
2510 3342 2731 3411 patriam
2759 3340 3049 3402 reveharis,
3079 3340 3303 3410 aperire.
3334 3339 3455 3393 llaec

1866 3446 2041 3489 autem
2074 3436 2173 3489 etsi
2208 3434 2451 3504 perutilia
2479 3434 2717 3502 cognitu,
2752 3442 2931 3485 tamen
2954 3429 2978 3466 ά
3009 3447 3036 3484 a
3072 3432 3328 3501 prOpusili
3357 3446 3454 3484 no-

1865 3530 1963 3583 stri
2011 3528 2224 3581 tramite
2274 3528 2542 3594 paulisper
2590 3540 2777 3579 aversa
2830 3534 3000 3579 sunt:
3053 3524 3455 3591 verendumque

1865 3629 1968 3685 est,
2003 3637 2068 3674 ne
2092 3630 2115 3657 ο
2146 3618 2318 3673 deviis
2343 3618 2610 3688 fatigatus,
2630 3618 2695 3670 ad
2726 3618 3088 3672 emetiendum
3122 3626 3326 3670 rectum
3352 3618 3455 3669 iter

1861 3711 2109 3766 sufﬁcere
2134 3711 2211 3781 (5)
2236 3726 2337 3764 non
2382 3711 2575 3779 possis.
2611 3709 2687 3763 Ne
2733 3709 2805 3771 id,
2838 3709 3073 3776 inquam,
3101 3722 3318 3777 prorsus
3364 3723 3455 3759 ve-

1865 3820 2038 3859 reare.
2054 3805 2185 3858 Nam
2214 3805 2409 3873 quietis
2430 3804 2558 3857 mihi
2590 3804 2707 3856 loco
2732 3802 2887 3856 fuerit
2906 3816 2990 3867 ea,
3012 3804 3202 3869 quibus
3224 3800 3454 3853 maxime

1867 3898 2128 3961 delector,
2159 3911 2467 3965 agnoscere.
2498 3897 2667 3951 Simul
2695 3909 2815 3947 cum
2848 3894 2868 3925 ³
2898 3893 2913 3931 ί
2946 3909 3104 3947 omne
3135 3892 3453 3959 disputatio-

1870 3992 1951 4044 nis
1981 3999 2084 4043 tuze
2116 3991 2255 4043 latus
2283 3988 2577 4041 indubitata
2618 3986 2719 4040 (ide
2750 3986 3072 4048 constiterit,
3110 3984 3241 4035 nihil
3271 3982 3337 4035 de
3364 3998 3450 4035 se-

1865 4081 2153 4151 quentibus
2197 4087 2221 4126 8
2245 4079 2561 4147 ambigatur.
2592 4078 2724 4131 Tum
2767 4078 2851 4131 illa
2890 4096 2901 4130 :
2947 4073 2972 4111 δ
3006 4077 3226 4135 Morem,
3259 4072 3449 4142 inquit,

1866 4190 2047 4246 geram
2074 4174 2165 4227 tibi
2184 4189 2197 4236 ;
2215 4173 2480 4240 simulque
2496 4173 2608 4225 sicl
2633 4186 2821 4225 exorsa
2845 4182 2947 4226 est.
2964 4170 3011 4219 ιι
3041 4170 3094 4223 Si
3118 4168 3354 4238 quidem,
3373 4167 3452 4219 iii-

1870 4271 1999 4339 quit,
2020 4268 2211 4335 aliquis
2240 4278 2488 4322 eventum
2526 4263 2948 4334 temerario(l0)
2984 4272 3152 4329 motu,
3201 4260 3452 4330 nullaque

1506 4380 2080 4443 INTERPRETATIO.

230 4512 252 4539 ⁸
281 4504 661 4573 Philosophia.

231 4573 252 4610 δ
284 4574 499 4642 Reipsa.

230 4654 250 4714 ς
282 4645 342 4699 In
376 4646 611 4714 patriam
634 4643 916 4698 reducaris.

227 4712 252 4751 ἀ
281 4717 354 4786 ᾼὺ
378 4712 631 4770 instituto
662 4725 836 4768 nostro
864 4716 1184 4786 aliquatenus
1206 4716 1401 4770 aliena.

230 4794 251 4821 ε
280 4783 567 4840 Extraneis
598 4783 981 4855 questionibus.
1062 4852 1065 4855 γ

1782 4495 1837 4554 D

1939 4489 1957 4529 τ
2000 4490 2175 4563 anis
2203 4490 2584 4563 circumspectio
2620 4500 2719 4544 tute
2746 4490 3057 4559 questionis.

1936 4572 1961 4609 κ
1994 4560 2282 4614 Dubitelur.

1937 4630 1961 4668 δ
1998 4631 2279 4701 Obsequar.

1944 4701 1958 4739 ί
1997 4702 2021 4756 1
2032 4704 2234 4773 ncwpit.

1940 4777 1954 4824 ι
2000 4774 2149 4839 Quod
2176 4774 2237 4826 si.

1699 4906 1930 4966 ΝΟΤτΕ.

225 5036 338 5109 ‘Ad
377 5038 490 5091 alia
523 5036 1116 5109 Aqutedamrtractandaj
1173 5036 1303 5103 Quae
1328 5035 1483 5109 Enim
1522 5035 1630 5101 jam
1675 5032 1757 5085 di-

165 5106 317 5160 cenda
348 5118 479 5163 sunt
500 5107 576 5161 de
607 5123 747 5172 casu,
782 5108 898 5161 htcc
948 5123 1055 5161 non
1090 5106 1361 5177 pertinent
1404 5106 1470 5159 ad
1520 5119 1753 5173 praesens

166 5177 479 5241 institutum,
512 5179 621 5231 nisi
650 5178 816 5231 instar
842 5178 1117 5245 cujusdam
1149 5178 1460 5245 appendicis
1491 5180 1754 5229 accessio-

164 5248 318 5308 nisve.
341 5258 421 5312 et.
447 5250 601 5301 sicut
630 5250 937 5316 loquuntur.
965 5265 1053 5316 per
1079 5248 1607 5315 accidens.Quocirca
1639 5257 1751 5299 sta-

164 5315 246 5367 tim
267 5318 410 5373 dicet
440 5315 815 5387 Philosophia,
846 5315 975 5381 haec,
1003 5322 1093 5371 etsi
1134 5318 1376 5387 perutilia
1416 5320 1642 5389 cognitu,
1675 5327 1753 5369 ta-

162 5401 265 5460 men
285 5405 324 5460 tt
356 5390 627 5460 proposui
648 5391 727 5460 sui
758 5391 959 5460 tramite
989 5392 1251 5455 paulisper
1279 5407 1451 5442 aversa
1480 5406 1606 5441 esse.

224 5458 245 5530 ξ
276 5457 519 5513 Patriam
569 5459 866 5530 reveharis.]
898 5458 1213 5529 Usurpa’um
1235 5464 1297 5511 ab
1328 5461 1639 5523 auctoribus,
1664 5457 1750 5512 in-

162 5527 264 5595 quit
293 5530 549 5593 Servius,
585 5540 639 5584 ut
670 5532 719 5584 in
749 5527 1044 5599 quacsnone
1068 5548 1166 5598 quo
1206 5532 1281 5581 vel
1325 5532 1519 5583 addant
1551 5530 1626 5584 vel
1665 5530 1754 5581 de-

127 5599 351 5655 'tt‘ahttnl
378 5603 823 5671 praepositionem.
858 5602 947 5656 Sic
978 5601 1159 5669 Virgil.
1190 5616 1205 5654 ι
1239 5600 1391 5663 Am,
1428 5617 1476 5653 v.
1510 5600 1571 5655 6:

275 5689 471 5801 italiam
494 5691 601 5741 fato
626 5692 856 5755 profugus
882 5691 1162 5741 Lavinaque
1188 5695 1320 5741 venit

373 5766 486 5801 ora.

332 5760 486 5803 ttors.

1931 5022 1951 5054 ³
1982 5021 2145 5074 Omne
2174 5022 2537 5089 disputationis
2568 5020 2752 5091 latus.]
2776 5020 2845 5077 Ut
2865 5022 3256 5087 antecedentia,
3284 5028 3456 5078 comis

1861 5095 2045 5157 tantia,
2078 5095 2498 5159 consequentia,
2547 5094 2703 5161 vulgo
2750 5094 2977 5147 dicimus
3021 5094 3177 5161 facies
3208 5102 3446 5163 qumsuo-

1860 5164 1942 5217 nis
1969 5182 1980 5215 :
2020 5163 2117 5217 Les
2140 5164 2316 5216 choses
2345 5179 2441 5231 que
2466 5180 2591 5216 nous
2618 5165 2967 5226 considerans,
3010 5166 3085 5217 dit
3132 5166 3356 5218 l‘autenr
3383 5169 3448 5219 du

1857 5236 1991 5288 livre
2018 5234 2083 5288 de
2110 5234 2152 5285 Ia
2190 5233 2501 5288 Beclierche
2534 5239 2597 5288 de
2630 5236 2677 5287 la
2705 5234 2894 5293 ve'rité.
2926 5252 2986 5288 ne
3013 5251 3138 5287 nous
3170 5252 3293 5303 para
3318 5246 3448 5289 ssent

1846 5306 2041 5375 jamais
2071 5307 2394 5357 entit‘rement
2428 5306 2680 5357 evidentes
2706 5323 2801 5374 que
2836 5309 3034 5374 lorsque
3062 5306 3449 5358 l‘t'ntendement

1861 5391 1922 5429 en
1943 5391 1974 5427 a
2003 5376 2235 5427 examine
2257 5385 2369 5428 tous
2391 5376 2463 5427 les
2491 5377 2624 5428 cbtés
2650 5391 2694 5427 et
2725 5388 2836 5429 tous
2859 5378 2929 5427 lis
2961 5388 3215 5443 rapports.

1930 5466 2043 5539 {Si
2069 5468 2269 5539 quidem
2316 5467 2501 5539 aliquis
2526 5476 2775 5539 eventum,
2809 5464 2937 5536 etc.]
2973 5466 3233 5539 Deinceps
3273 5465 3447 5539 Philo-

1865 5538 2053 5606 sophia
2082 5537 2256 5589 varios
2289 5537 2413 5589 usus
2438 5540 2656 5604 exponit
2686 5537 2849 5604 hujus
2878 5537 3125 5595 numinis,
3155 5552 3320 5592 rosus,
3351 5537 3444 5589 ilo-

1861 5605 2054 5677 cetque
2086 5624 2191 5675 quo
2224 5609 2381 5659 modo
2412 5624 2559 5659 castis
2592 5605 2735 5673 rejici
2766 5606 3039 5677 debeatret
3074 5606 3299 5657 admitti.
3328 5608 3441 5659 Sci-

1860 5679 1984 5731 licet
2029 5694 2177 5730 casus
2219 5680 2412 5729 dicitur
2452 5692 2479 5728 a
2517 5679 2718 5737 cadere,
2762 5690 2823 5728 ea
2869 5676 3085 5727 notione
3125 5691 3227 5743 qua
3266 5676 3445 5730 cadere

1860 5749 1999 5803 idem
2029 5758 2111 5802 est
2148 5749 2286 5817 quod
2333 5748 2526 5799 evenire
2547 5763 2566 5799 :
2591 5747 2940 5813 quamobrem
2980 5761 3126 5800 casus
3148 5747 3444 5816 generatim
