3984 6382
520 314 607 370 ΚΖΗ

1738 317 1849 372 AN.
1896 314 2105 370 MANL.
2147 311 2296 369 SEV.
2341 310 2568 368 BOETII

3688 311 3779 369 852

519 433 1145 492 causarumconuexione
1159 434 1497 503 productum,
1522 447 1703 488 casum
1729 432 2102 496 essedeliniat,
2134 432 2184 490 Α
2210 443 2401 483 causas
2451 428 2611 482 habet
2642 444 2651 479 :
2713 440 2937 496 quarum
2989 425 3328 497 improvisus,
3385 428 3785 498 inepinatusqus

517 525 646 580 nihil
671 526 887 579 omnino
913 540 1095 579 casum
1120 540 1241 579 esse
1262 526 1550 590 conlirnto,
1573 534 1625 578 et
1650 536 1675 560 ι
1705 534 1900 594 praeter
1925 521 2100 590 subje-

516 627 611 672 ctte
639 616 714 671 rei
745 615 1189 685 signiﬁcationem
1237 616 1451 671 inanem
1500 631 1720 685 prorsus
1761 629 1946 668 vocem
1984 626 2103 665 esse

516 707 768 762 decerno.
814 706 944 773 Quis
986 707 1151 776 enim,
1188 716 1477 761 coercente
1530 706 1582 760 in
1626 706 1869 761 ordinem
1912 713 2101 759 cuncta

516 799 646 857 Deo.
680 800 826 853 locus
854 812 973 852 esse
996 800 1136 852 ullus
1159 799 1443 853 temeritati
1471 798 1703 867 reliquus
1734 805 1907 866 potest
1928 796 1950 849 ?
1972 794 2102 849 Nam

516 899 641 951 nihil
680 913 744 951 ex
770 898 937 951 nihilo
968 897 1220 956 existere.
1257 911 1380 949 vera
1412 896 1677 950 sententia
1700 902 1813 959 est;
1838 893 1920 948 cui
1946 906 2104 945 nemo

518 991 632 1059 (l5)
663 1006 895 1053 unquam
923 1004 1161 1043 veterum
1188 987 1213 1025 δ
1243 988 1538 1053 refragatus
1569 997 1679 1065 est,
1714 999 2017 1055 quanquam
2052 983 2103 1037 id

516 1084 591 1135 illi
622 1100 727 1137 nun
757 1083 823 1136 de
852 1096 871 1121 ο
897 1093 1155 1151 operante
1179 1081 1468 1152 principio,
1490 1079 1582 1135 sed
1607 1080 1673 1134 de
1700 1077 1961 1133 materiali
1988 1076 2108 1130 sub-

513 1174 677 1243 jecto,
722 1174 825 1229 hoc
858 1185 959 1240 eSt,
993 1174 1059 1229 de
1102 1184 1289 1229 natura
1336 1173 1573 1228 oumium
1628 1172 1911 1235 rationum,
1953 1167 2107 1237 quasi

516 1265 788 1335 quoddam
812 1265 1042 1334 jecerint
1074 1264 1499 1318 fundamentum.
1525 1264 1593 1316 At
1622 1262 1665 1318 si
1699 1261 1862 1314 nullis
1889 1276 1955 1313 ex
1981 1274 2107 1313 cau-

514 1360 588 1413 sis
613 1359 811 1428 aliquid
838 1361 1067 1424 oriatur,
1099 1358 1151 1413 id
1181 1359 1248 1414 de
1274 1359 1441 1412 nihilo
1464 1367 1638 1413 ortum
1667 1371 1787 1411 esse
1817 1356 2101 1410 videbitur.

514 1449 665 1515 Quod
688 1451 731 1504 si
757 1450 855 1503 hoc
884 1451 994 1505 ﬁeri
1023 1452 1337 1520 neqttit,nec
1362 1465 1543 1505 casum
1569 1448 1783 1518 quidem
1805 1445 2107 1516 hujusmodi

514 1555 633 1596 esse
662 1542 918 1611 possibile
956 1555 1060 1606 est,
1093 1542 1306 1611 qualem
1343 1543 1502 1611 paulo
1530 1541 1648 1610 (ΞΟ)
1694 1549 1817 1594 ante
1858 1538 2105 1594 deﬁnivi-

510 1628 656 1689 ‘mus.
683 1635 818 1701 Quid
854 1636 1033 1702 igitur,
1068 1637 1305 1706 inquam,
1337 1633 1543 1690 nihilne
1586 1643 1689 1699 est,
1717 1632 1856 1703 quod
1900 1632 1984 1687 vel
2014 1647 2107 1685 ca-

514 1743 630 1793 sus,
652 1729 737 1783 vel
763 1729 1035 1783 fortuitum
1055 1729 1177 1798 jure
1194 1730 1452 1799 appellari
1476 1729 1669 1799 queat?
1688 1727 1765 1782 An
1784 1726 2106 1801 estaliquid,

514 1822 722 1875 tametsi
746 1821 935 1890 vulgus
975 1821 1157 1883 lateat,
1196 1821 1283 1875 cui
1312 1820 1569 1897 voeabula
1608 1818 1712 1873 ista
1744 1806 2185 1897 conveniantiB

512 1912 824 1967 Aristoteles
847 1910 872 1949 ά
907 1929 1057 1968 meus
1087 1914 1160 1978 id,
1195 1896 1468 1983 inquit,'in
1498 1912 1759 1983 Physicis,
1798 1921 1819 1948 ο
1844 1919 1897 1965 et
1918 1896 2095 1979 brevi,

512 2011 569 2055 et
590 2003 701 2057 veri
727 2004 1025 2074 propinqua
1048 2006 1253 2059 ratione
1276 2004 1538 2060 definivit.
1564 2004 1827 2072 Quonam,
1858 2002 2097 2072 inquam,

510 2093 676 2166 314
705 2097 900 2150 modo?
924 2096 1163 2162 Quoties,
1193 2098 1289 2160 ait,
1324 2095 1522 2165 aliquid
1548 2095 1845 2165 cujuspiam
1877 2094 1951 2149 rei
1977 2108 2097 2165 gra-

510 2187 579 2238 tia
631 2188 853 2255 geritur,
905 2187 1156 2258 aliudque
1208 2188 1523 2258 quibusdam
1566 2188 1633 2243 de
1672 2189 1869 2257 causis,
1914 2203 2094 2257 quam,

508 2278 649 2345 quod
689 2278 1087 2345 intendebatur,
1134 2279 1385 2349 obtingit,
1433 2295 1592 2336 casus
1632 2289 1899 2335 vocatur:
1944 2288 2000 2334 ut
2051 2281 2096 2333 si

508 2370 627 2438 quis
657 2372 868 2427 colendi
900 2374 1010 2441 agri
1042 2387 1203 2427 causa
1233 2373 1443 2428 fodiens
1473 2374 1715 2440 humum,
1752 2373 1953 2429 defossi
1980 2374 2095 2428 auri

509 2463 717 2531 pondus
749 2466 1002 2520 inveniat.
1039 2463 1149 2519 Hoc
1180 2464 1342 2535 igitur
1366 2466 1585 2521 fortuito
1615 2466 1827 2537 quidem
1865 2464 2100 2521 creditur

507 2555 763 2611 accidisse
787 2574 800 2620 ;
828 2573 1011 2613 verum
1037 2558 1118 2628 (5)
1143 2571 1248 2612 non
1273 2558 1339 2613 de
1358 2558 1525 2613 nihilo
1548 2567 1656 2615 est.
1689 2557 1821 2613 Nam
1852 2556 2100 2629 pr0prias

2203 533 2497 575 concursus
2528 517 2958 585 casum‘videtur
2999 527 3272 586 cperatus.
3312 517 3443 572 Nam
3481 518 3583 571 nisi
3622 517 3785 572 cultor

2203 614 2317 681 agri
2347 613 2565 664 humum
2595 610 2826 675 foderet,
2863 611 2963 664 nisi
2995 626 3059 665 eo
3088 611 3187 664 loci
3220 611 3503 681 pecuniam
3536 625 3686 665 suam
3710 609 3789 667 de-

2204 704 2410 774 positor
2460 702 2746 767 obruisset,
2788 717 2978 755 aurum
3021 716 3128 756 non
3163 711 3306 757 esset
3356 703 3657 757 inventum.
3702 703 3791 757 ila:

2204 806 2322 850 sunt
2354 794 2513 864 igitur
2537 793 2736 848 fortuiti
2758 808 2933 849 causa:
2960 790 2981 831 ί
3011 794 3338 864 compendii,
3367 795 3509 864 quod
3530 809 3599 848 ex
3627 792 3790 846 obviis

2207 889 2306 943 sibi
2326 897 2379 943 et
2393 889 2785 942 confluentibus
2805 888 3003 951 causis.
3027 903 3132 942 non
3153 903 3218 943 ex
3238 889 3478 957 gerentis
3501 887 3791 940 intentione

2209 982 2321 1053 (10)
2350 982 2614 1051 provenit.
2643 978 2827 1050 Neque
2856 980 3021 1044 enim,
3052 980 3134 1035 vel
3165 980 3255 1048 qui
3277 995 3465 1034 aurum
3489 980 3691 1040 obruit,
3714 980 3789 1033 vel

2206 1074 2294 1143 qui
2336 1088 2521 1143 agrum
2560 1074 2821 1137 exercuit,
2858 1082 2915 1126 ut
2945 1088 3007 1127 ea
3042 1074 3265 1140 pecunia
3309 1060 3664 1140 reperiretur,
3713 1073 3788 1123 in-

2207 1165 2397 1232 tendil,
2428 1165 2548 1229 sed,
2596 1164 2671 1219 uti
2711 1164 2849 1230 dixi,
2899 1180 3004 1235 quo
3036 1164 3126 1219 ille
3163 1164 3363 1229 obruit,
3408 1164 3552 1218 hunc
3598 1164 3790 1218 fodisse

2209 1268 2234 1304 8
2264 1259 2534 1323 convenit,
2569 1269 2730 1328 atque
2760 1258 3052 1313 concurrit.
3085 1258 3235 1314 Licet
3260 1258 3423 1327 igitur
3451 1257 3681 1313 deﬁnire
3704 1272 3791 1311 ca-

2207 1366 2325 1407 sum
2355 1366 2475 1407 esse
2505 1352 2855 1419 inopinatum,
2887 1366 2950 1406 ex
2970 1352 3362 1407 confluentibus
3386 1350 3588 1413 causis,
3607 1350 3659 1403 in
3691 1349 3789 1414 his,

2208 1459 2327 1513 quae
2358 1444 2426 1495 ob
2452 1442 2651 1511 aliquid
2681 1452 2960 1511 geruntur,
2993 1452 3267 1498 eventum.
3303 1444 3640 1497 Concurrere
3670 1453 3793 1493 vero

2210 1544 2368 1602 atque
2392 1534 2668 1589 confluere
2691 1548 2881 1589 causas
2908 1535 3032 1588 facit
3064 1534 3197 1589 ordo
3241 1534 3332 1589 ille
3358 1532 3653 1588 inevitabili
3683 1530 3794 1602 (15)

2208 1627 2542 1682 connexione
2567 1625 2882 1697 procedens,
2914 1624 3003 1695 qui
3033 1624 3099 1679 de
3142 1624 3502 1679 Providentia:
3536 1623 3683 1677 fonte
3708 1622 3796 1677 ἀρε

2210 1721 2492 1787 scendens,
2520 1730 2712 1775 cuncta
2743 1719 2854 1774 suis
2882 1718 3038 1785 locis,
3071 1719 3510 1789 temporibusque
3540 1716 3793 1788 disponit.

2586 1854 2747 1925 315
2788 1852 3077 1909 METRUM
3104 1857 3121 1877 ‘
3152 1852 3437 1909 PRIMUM.

2208 1972 2597 2029 Ancuuunruu.
2623 1998 2693 2008 —
2721 1968 2901 2034 Sicut,
2943 1969 3107 2037 inquit
3143 1966 3508 2039 Philosophia,
3555 1968 3791 2036 fortuitus

2277 2059 2386 2097 csse
2413 2050 2578 2112 potest
2599 2041 2804 2094 navium
2830 2043 3080 2093 constanti
3102 2039 3322 2093 duorum
3352 2040 3629 2112 fluminum
3644 2054 3792 2112 cursu

2278 2110 2603 2181 abreptarum
2636 2128 2898 2174 occursus,
2944 2112 3015 2163 ita
3055 2127 3200 2165 casus
3230 2110 3576 2165 constantibus
3615 2111 3791 2163 diuini:

2208 2234 2211 2239 .
2278 2183 2624 2238 Providentia:
2655 2182 2850 2252 legibus
2869 2183 3079 2251 regitur.

2349 2274 2517 2345 Rupis
2535 2274 2895 2329 Achazmeniae
2918 2275 3174 2345 scopulis,
3195 2274 3281 2331 ubi
3300 2290 3454 2331 versa
3477 2281 3790 2345 sequentum

2417 2366 2730 2422 Pectoribus
2762 2366 2875 2434 ﬁgit
2905 2367 3110 2435 spicula
3141 2382 3311 2437 pugna
3345 2367 3534 2437 fugax,

2349 2461 2510 2532 316
2537 2458 2713 2528 Tigris
2733 2467 2788 2515 et
2802 2458 3099 2527 Euphrates
3120 2475 3224 2513 uno
3247 2470 3309 2515 se
3330 2458 3473 2513 fonte
3497 2460 3789 2527 resolvunt,

2427 2552 2493 2607 Et
2523 2565 2649 2606 mox
2680 2549 2950 2620 abiunctis
2980 2550 3345 2607 dissociantur
3372 2551 3546 2620 aquis.

1895 2664 2474 2727 INTERPRETATIO.

583 2785 757 2862 fQuw
782 2788 979 2862 nullam
1006 2802 1113 2841 rem
1141 2788 1417 2861 subjectum
1441 2790 1716 2862 signiﬁcet.

578 2855 605 2892 δ
627 2857 976 2914 Contradixit.

579 2938 600 2963 υ
635 2927 753 2980 Non
776 2930 839 2981 de
860 2947 1013 2984 causa
1034 2931 1295 3000 efﬁciente,
1320 2932 1409 2986 sed
1436 2931 1501 2986 de
1528 2932 1745 2986 materia
1771 2938 1967 2983 tantum
1990 2927 2094 2980 sive

505 2998 567 3074 de
594 3014 649 3051 re
675 3016 789 3068 qua:
814 2998 1132 3067 modi/icetur
1155 3020 1174 3058 :
1203 3006 1347 3074 quasi
1382 3003 1604 3057 dixerint
1633 3002 1843 3056 modum
1872 3001 1975 3055 sive
2002 3014 2092 3050 ra-

505 3068 689 3121 tionem
710 3086 810 3122 non
836 3088 943 3124 esse
969 3074 1138 3126 nihili.

574 3135 601 3174 ά
634 3138 1006 3212 Philosophus.

2278 2794 2301 2821 ε
2336 2782 2450 2837 Lib.
2483 2797 2543 2848 ll,
2572 2797 2687 2848 cap.
2714 2782 2768 2837 5.

2280 2853 2298 2892 τ
2336 2854 2572 2920 ραωειυδ
2601 2856 2707 2907 sire
2735 2852 2988 2908 utilitatis.

2276 2936 2301 2970 κ
2326 2922 2611 2995 Contingit.

2279 2992 2727 3067 Quemadmodum
2747 2994 2917 3064 Tigris
2937 3003 2983 3048 et
3008 2992 3297 3067 Euphrates
3318 2998 3601 3067 proﬂuunt.
3630 2999 3783 3055 veluti

2146 3084 2149 3091 ·
2200 3081 2267 3121 es
2298 3066 2486 3120 eadem
2516 3065 2744 3134 origine,
2768 3082 2831 3118 ex
2851 3067 2990 3119 saxis
3014 3067 3198 3119 montis
3225 3065 3442 3133 Persici,
3463 3070 3549 3122 ubi
3563 3068 3779 3121 Parthus

2199 3138 2453 3191 dimicans
2501 3135 2744 3205 fugiendo
2784 3136 2951 3207 inﬁgit
2994 3138 3209 3207 sagittas
3250 3154 3518 3195 conversas
3549 3140 3773 3194 cordibus

2033 3252 2262 3311 NOTAE.

504 3366 638 3442 nihil
682 3374 763 3421 est
805 3367 1144 3442 aliudquam
1196 3380 1440 3427 eventus.
1475 3370 1671 3427 Verum
1721 3379 1943 3427 eventus
1992 3369 2080 3442 ille
2108 3369 2156 3434 C
2187 3378 2445 3442 constans
2464 3384 2528 3424 ex
2552 3368 2750 3442 duplici
2774 3383 2972 3440 genere
2995 3384 3245 3442 versuum
3268 3369 3624 3437 alternorum,
3646 3388 3773 3442 quo-

505 3437 713 3511 duobus
739 3438 909 3511 modis
942 3437 1044 3495 dici
1086 3451 1262 3507 potest
1298 3459 1313 3497 :
1367 3443 1596 3510 primum
1638 3442 1852 3511 quidem
1900 3441 2076 3503 nulla;

504 3508 693 3581 deinde
718 3510 889 3578 aliqua
916 3525 1192 3566 causarum
1221 3508 1558 3569 connexione
1584 3508 1891 3581 productus.
1912 3513 1967 3567 Si
2000 3530 2087 3564 ca-

503 3596 590 3631 sus
613 3579 821 3653 dicatur
848 3590 1075 3653 eventum
1096 3584 1359 3637 tenterario
1377 3594 1535 3647 motu,
1558 3579 1797 3653 nullaque
1816 3600 2086 3638 causarum

505 3649 813 3703 conuersione
857 3652 1188 3719 productum,
1226 3666 1373 3709 certe
1404 3672 1551 3709 casus
1582 3649 1724 3708 nihil
1753 3665 1835 3708 est
1889 3664 2086 3720 ιιι-λειρι-

503 3721 705 3773 inanem
739 3737 908 3774 vocem
938 3739 956 3776 :
993 3739 1111 3778 cum
1151 3726 1290 3779 enim
1324 3726 1550 3780 nihilum
1611 3742 1715 3780 non
1754 3725 1922 3792 possit
1963 3740 2083 3779 esse

504 3792 662 3845 ullius
686 3793 757 3867 rei
790 3806 966 3855 causa,
999 3806 1247 3867 eventum
1279 3811 1437 3850 omne
1472 3796 1702 3867 aliquam
1747 3796 2083 3850 babeatcau-

504 3875 639 3925 sam,
670 3863 857 3916 saltem
891 3866 1242 3931 exteriorem,
1286 3881 1506 3921 necesse
1546 3863 1647 3921 est.
1690 3867 1743 3922 Si
1778 3882 1907 3920 vero
1933 3883 2083 3919 casus

500 3931 710 3986 dicatur
740 3942 985 4007 eventum
1019 3935 1190 4007 aliqua
1212 3952 1492 3992 causarum
1523 3940 1856 3992 connexione
1882 3938 2083 4005 produ-

504 4014 672 4077 ctum,
703 4003 797 4057 sed
832 4015 1031 4077 praeter
1062 4003 1332 4063 notionem
1374 4010 1810 4077 voluntatemque
1839 4003 2045 4075 agentis
2066 4047 2081 4071 ,

502 4073 935 4141 distinguendum
961 4088 1062 4130 est.
1094 4078 1188 4133 Vel
1219 4081 1358 4133 enim
1400 4084 1559 4133 cauSa
1603 4073 1738 4143 bzec,
1770 4073 1964 4144 praeter
1994 4093 2087 4131 cu-

500 4144 587 4212 jus
629 4145 899 4217 notionem
932 4147 1372 4217 voluntatemque
1417 4159 1666 4203 eventum
1709 4149 1903 4202 dicitur
1949 4149 2085 4211 ﬁeri,

505 4222 589 4285 est
631 4216 820 4285 prima,
870 4217 1117 4271 nimirum
1154 4216 1327 4284 Deus;
1360 4221 1441 4273 vel
1475 4230 1558 4274 est
1601 4220 1858 4283 secunda,
1896 4234 2088 4285 nempe

503 4284 686 4338 homo.
737 4284 792 4339 Si
830 4302 986 4339 causa
1037 4291 1149 4343 lucc
1198 4288 1358 4343 fuerit
1401 4291 1591 4356 prima,
1644 4290 1822 4343 nullus
1874 4284 2093 4343 omnino

505 4371 653 4407 casus
676 4366 755 4409 est
779 4374 789 4406 :
817 4360 1245 4427 quandoquidem
1277 4360 1477 4414 nullum
1502 4370 1751 4414 eventum
1786 4360 2094 4428 producitur

506 4428 995 4499 practernotionem
1025 4430 1459 4499 voluntatemque
1493 4431 1583 4485 Dei
1609 4449 1619 4484 :
1646 4446 1766 4484 cum
1791 4448 1996 4484 concuri
2010 4447 2094 4483 ere

502 4510 564 4545 ac
598 4497 857 4617 continere
890 4514 1088 4560 causas,
1120 4512 1176 4553 ut
1221 4497 1618 4563 nunc—dicitur,
1654 4503 1809 4570 faciat
1849 4504 1975 4554 ordo
2005 4503 2094 4555 ille

503 4564 686 4617 iuevita
724 4564 781 4617 ἱΙὶ
831 4572 1139 4617 connexione
1178 4572 1473 4617 nrorr’dpns~
1522 4576 1606 4617 (mi
1645 4573 1708 4617 de
1755 4570 2091 4617 Providentia?

503 4564 781 4641 inevitabili
831 4572 1139 4641 connexione
1178 4572 1476 4641 procedens,
1522 4576 1606 4640 qui
1645 4564 1708 4625 de
1750 4570 2091 4626 Providentia:
2118 4581 2171 4641 ῃ

501 4635 984 4713 fonte_drsceitden_s,
1012 4635 1192 4693 ειτηειὰ
1212 4645 1317 4695 suis
1340 4635 1471 4696 locis
1484 4635 1892 4712 temporibusque
1913 4644 2089 4710 dispo—

503 4706 597 4782 nit.
626 4706 762 4782 Atsi
790 4723 877 4782 pra
898 4710 1038 4764 dicta
1069 4727 1225 4765 causa
1262 4715 1419 4768 fuerit
1454 4706 1708 4777 secunda,
1735 4706 1880 4767 casus
1910 4706 2087 4782 potest

503 4775 741 4827 admitti:
766 4778 885 4853 quia
918 4795 1057 4846 saepe
1078 4796 1328 4836 eventum
1360 4784 1666 4850 producitur
1695 4775 1890 4853 przeter
1912 4775 2089 4837 notio-

503 4858 622 4897 nem
654 4856 712 4923 et
736 4848 1063 4923 voluntatem
1098 4855 1323 4907 hominis
1354 4848 1372 4905 ἱ
1400 4863 1457 4908 ut
1499 4858 1541 4907 si
1589 4848 1708 4923 quis
1734 4855 1934 4907 colendi
1973 4855 2088 4923 agri

500 4930 653 4967 causa
684 4918 880 4986 fodiens
919 4920 1127 4995 humum
1177 4925 1367 4991 defessi
1412 4928 1527 4978 auri
1563 4918 1766 4995 pondus
1816 4918 2041 4979 inveniat
2068 4940 2087 4979 :

500 5001 800 5067 quanquam
855 4990 995 5043 enim
1051 5007 1209 5047 causa
1242 4990 1429 5063 aliqua
1484 4990 1671 5058 fuerit,
1722 5014 1839 5066 qua:
1893 5013 2081 5050 aurum

500 5055 759 5135 obruetit,
811 5075 1106 5129 quanquam
1162 5055 1549 5135 etiam-aliqua
1598 5055 1756 5122 causa
1813 5069 1899 5129 sit,
1964 5082 2084 5135 quae

498 5132 799 5181 exercendo
839 5143 1029 5185 terram
1077 5151 1261 5189 aurum
1290 5132 1572 5204 detexerit,
1615 5139 1735 5206 quia
1767 5151 1940 5191 tamen
1970 5132 2080 5189 au-

500 5212 612 5275 rum
641 5212 831 5277 praeter
862 5206 1128 5277 notionem
1164 5209 1601 5277 voluntatemque
1637 5209 1881 5277 agricola:
1929 5211 2078 5263 inve-

501 5269 738 5343 nitttrgab
788 5271 902 5338 ipso
942 5276 1190 5343 agricola.
1226 5280 1420 5333 idcirco
1455 5269 1701 5333 eventum
1757 5281 1883 5333 illud
1932 5298 2078 5334 rasus

497 5341 830 5422 ‘fl'bcllatur:
873 5360 934 5397 ex
978 5341 1087 5422 quo
1144 5350 1424 5403 conﬁcitur
1466 5352 1578 5404 haec
1618 5366 1771 5422 casus
1813 5351 2071 5414 deﬁnitio,

497 5407 825 5490 lnopiuatum
854 5431 916 5465 ω’
938 5407 1305 5484 conﬂuentibus
1328 5421 1513 5483 causis,
1548 5424 1599 5473 in
1628 5421 1704 5473 Itis
1736 5438 1852 5490 qua:
1881 5423 1941 5473 ob
1971 5407 2071 5475 ali;

498 5481 621 5544 quid
652 5496 913 5560 geruntur,
954 5481 1205 5541 eventum.
1245 5490 1418 5555 Quare
1448 5481 1567 5543 cuin
1608 5481 1811 5553 hestiiv,
1857 5493 2073 5560 planta),

499 5561 804 5629 mror-pora
834 5555 1121 5610 iuanimata
1154 5578 1255 5614 non
1291 5562 1523 5614 habeant
1564 5564 1775 5629 proprie
1806 5555 2076 5617 notionem

500 5621 958 5701 vuluntatcmqne,
1010 5642 1203 5693 piarter
1244 5648 1374 5701 quas
1423 5621 1676 5687 cveuiuni
1732 5634 2078 5701 producimur,

499 5690 620 5744 ideo
643 5694 723 5746 his
754 5690 927 5750 nullus
959 5690 1039 5752 est
1069 5719 1235 5754 casus.

573 5786 592 5808 ⁹
620 5783 772 5853 Quod
803 5801 1023 5845 vocator
1064 5792 1254 5862 elegia.
1313 5794 1486 5866 Elegia
1532 5806 1706 5852 autem
1747 5806 1825 5853 est
1868 5778 2083 5852 carmen

2196 3456 2313 3494 rum
2368 3440 2514 3508 prior
2552 3440 2886 3511 hexameter,
2932 3441 3202 3511 posterior
3245 3452 3604 3511 pentameter,
3655 3440 3782 3499 Sient

2196 3511 2400 3565 dietum
2436 3519 2521 3566 est
2548 3510 2601 3564 in
2629 3511 2651 3563 1
2682 3522 2811 3566 met.
2845 3510 2945 3566 lib.
2973 3528 3009 3565 ι.

2272 3584 2321 3654 1.
2360 3580 2519 3651 Rupis
2554 3582 2889 3654 Achremeniw
2919 3583 3187 3654 scopulis.]
3243 3575 3324 3636 Ea:
3352 3595 3524 3639 monte
3558 3583 3780 3640 Persico.

2194 3653 2535 3707 Aclnemenia
2560 3653 2897 3719 enimPersis
2919 3664 3021 3717 est,
3046 3664 3137 3708 aut
3159 3653 3347 3709 saltem
3369 3655 3539 3721 ipsius
3557 3655 3779 3711 Persidis

2194 3737 2317 3794 pars
2357 3723 2436 3777 sic
2467 3723 2605 3776 dicta
2647 3725 2714 3775 ab
2745 3724 3095 3788 Achmmene,
3130 3726 3257 3793 qtti,
3289 3725 3427 3794 apud
3463 3726 3779 3781 Herodotum

2194 3793 2231 3846 l.
2264 3793 2398 3847 Hist.
2430 3794 2737 3867 tv,_pri_mus
2763 3794 3037 3867 Persarum
3072 3810 3191 3856 rex,
3223 3793 3381 3867 aquo
3409 3812 3601 3850 omnes
3630 3813 3774 3867 reges

2194 3879 2365 3933 usque
2405 3864 2468 3917 ad
2512 3863 2730 3917 Darium
2762 3864 3177 3919 descenderunt.
3229 3863 3362 3921 Hinc
3393 3867 3651 3921 Horatius
3692 3863 3725 3921 l.
3750 3884 3778 3921 ll

2193 3932 2395 3999 Carm.,
2419 3934 2507 3989 od.
2530 3934 2617 3998 η,
2643 3933 2693 3987 Ν
2700 3952 2784 3987 um
2809 3945 2863 3987 tu
2885 3947 2999 4005 quia
3024 3938 3183 3989 tenuit
3199 3937 3336 3990 diues
3354 3937 3700 4003 Achaemenes,
3730 3939 3778 3992 id

2194 4016 2275 4059 est
2309 4007 2592 4060 Persarum
2626 4022 2749 4068 rex,
2784 4014 2839 4059 et
2877 4006 2968 4059 lib.
3005 4021 3083 4072 ιιι,
3115 4006 3203 4061 od.
3233 4007 3285 4070 1,
3316 4009 3783 4076 ΑεΙιωηιεηὶαηιᾳη

2196 4086 2412 4142 costum,
2447 4076 2548 4130 hoc
2596 4088 2679 4130 est
2728 4087 3053 4147 unguentum
3101 4077 3390 4131 Persicum.
3448 4079 3785 4134 Achtemenia

2195 4156 2371 4199 autem
2400 4149 2484 4200 hic
2510 4146 2828 4215 quibusdam
2856 4157 2937 4201 est
2959 4149 3232 4212 Armenia,
3258 4164 3414 4204 mons
3437 4165 3567 4203 vero
3598 4147 3686 4204 ille
3710 4160 3784 4204 est

2199 4232 2355 4270 mons
2381 4217 2586 4271 Taurus
2617 4236 2629 4271 :
2662 4218 2802 4286 quod
2834 4216 3136 4281 Sallustius,
3166 4230 3345 4271 auctor
3374 4221 3709 4283 certissimus,
3733 4230 3783 4275 ut

2200 4287 2389 4356 legitur
2419 4290 2467 4340 in
2494 4288 2803 4354 fragmentis
2828 4289 3075 4343 Historia:
3096 4289 3337 4357 ejusdem
3361 4289 3630 4350 Sallustii,
3654 4308 3785 4344 assc-

2195 4359 2264 4410 ril
2290 4357 2483 4430 Tigrim
2510 4370 2555 4412 et
2584 4359 2894 4421 Euphratem
2924 4376 3025 4411 uno
3051 4363 3190 4427 fonte
3210 4377 3417 4413 manare
3446 4362 3497 4413 in
3520 4363 3782 4425 Armenia,

2195 4430 2289 4501 qui
2310 4446 2399 4495 per
2427 4431 2626 4483 diversa
2652 4441 2829 4501 euntes
2853 4430 3056 4499 longius
3086 4431 3407 4496 dividantur,
3436 4434 3604 4501 spdtio
3627 4434 3784 4484 medio

2196 4500 2372 4573 relicto
2404 4501 2682 4573 multorum
2709 4499 2959 4565 millium;
2999 4518 3113 4567 qua’
3149 4512 3314 4555 tamen
3357 4499 3526 4567 terra,
3572 4519 3687 4573 quia
3727 4505 3785 4556 ab

2198 4570 2321 4634 ipsis
2346 4571 2585 4636 ambitur,
2615 4570 2985 4637 MesOpotamia
3014 4574 3222 4625 dicitur.

2273 4643 2321 4692 i.
2352 4640 2448 4694 Ubi
2475 4659 2614 4695 versa
2639 4654 2950 4708 sequentum,
2978 4642 3110 4712 etc.]
3146 4642 3239 4696 Hic
3270 4645 3443 4712 agitur
3462 4644 3531 4698 de
3554 4643 3783 4707 Parthis,

2201 4711 2268 4764 iis
2290 4712 2495 4765 scilicet
2518 4713 2750 4781 pupulis,
2772 4713 2863 4781 qui
2891 4728 2920 4764 e
2937 4712 3147 4783 Scythis
3174 4714 3384 4768 oriundi
3404 4715 3479 4768 ad
3502 4729 3594 4769 eas
3619 4731 3787 4782 usque

2198 4782 2338 4835 Asiae
2370 4784 2634 4851 regiones,
2665 4798 2782 4851 qua:
2814 4783 2955 4851 Tigri
2986 4782 3039 4837 et
3070 4784 3341 4849 Euphrate
3372 4786 3683 4840 ﬂuminibus
3709 4788 3787 4838 al-

2198 4851 2434 4917 luuntur,
2469 4870 2624 4908 suum
2656 4854 2991 4922 protulerunt
3024 4855 3325 4920 imperium.
3384 4857 3445 4909 lii
3477 4867 3650 4910 autem
3691 4873 3785 4923 po-

2200 4923 2306 4996 puli
2352 4934 2508 4978 erant
2554 4924 2882 4996 formidolosi
2915 4926 3027 4978 suis
3058 4930 3351 4994 prmsertim
3395 4928 3617 4995 sagittis,
3646 4943 3784 4996 quas

2199 4992 2338 5067 inter
2381 4996 2684 5067 fugiendum
2727 4995 2778 5047 in
2813 4992 3153 5063 insequentes
3185 4999 3251 5050 ita
3286 4992 3693 5067 retorq'ueliant',
3728 5006 3781 5049 ut

2198 5064 2249 5115 in
2284 5080 2435 5118 versa
2470 5066 2698 5119 hostium
2735 5077 2950 5134 pectora
2985 5069 3079 5121 has
3109 5067 3379 5122 vibrarent
3414 5064 3580 5121 z'tum
3611 5070 3784 5122 tersis

2184 5134 2364 5257 Eubito
2396 5136 2812 5257 εῳιὶἓιῃυειιθιιι
2847 5138 3208 5195 instaurarcnt
3247 5157 3258 5191 :
3306 5141 3447 5193 ttnde
3480 5139 3657 5208 Virgil.
3699 5155 3779 5200 tu,

2232 5220 2402 5257 eorm.
2438 5222 2487 5257 v.
2513 5222 2545 5257 ο
2588 5225 2599 5257 :

2210 5204 2402 5275 ieorg.,
2438 5222 2487 5260 ν.
2513 5206 2599 5260 5|:

2308 5337 2659 5401 Fidentemque
2688 5339 2799 5402 fuga
2824 5342 3069 5399 Parthum,
3098 5343 3346 5404 versisque
3374 5346 3580 5405 sagittis.

2259 5443 2312 5498 ὅ.
2356 5443 2525 5513 Tigris
2546 5457 2590 5497 et
2612 5446 2937 5515 Euphrates]
2963 5447 3135 5517 Tigris
3156 5465 3183 5501 a
3206 5448 3481 5504 celeritate
3510 5452 3583 5504 sic
3600 5447 3778 5500 dictus

2192 5524 2407 5583 propter
2439 5518 2682 5584 sagittam
2716 5518 2925 5571 Persica
2955 5520 3124 5583 lingua
3156 5522 3550 5588 cognominem,
3578 5521 3776 5573 flumen

2189 5595 2295 5652 est,
2331 5588 2471 5653 quod
2505 5589 2675 5640 oritur
2706 5590 2756 5641 iu
2782 5590 3054 5649 Armenia,
3087 5590 3131 5642 si
3167 5608 3269 5644 non
3302 5608 3368 5645 cx
3399 5596 3582 5645 eodem
3603 5591 3773 5646 fonte.

2191 5657 2638 5723 quemadmodum
2690 5661 2761 5711 ait
2810 5661 3091 5727 prtedictus
3131 5662 3432 5725 Sallustius,
3474 5663 3650 5715 saltem
3698 5672 3772 5712 ex

2192 5728 2382 5798 eodetn
2434 5739 2646 5789 monte.
2692 5744 2753 5782 ex
2815 5747 2920 5798 quo
2971 5732 3268 5798 Euphrates
3320 5751 3331 5782 :
3381 5745 3487 5785 tum
3528 5729 3773 5785 fluctibus

2194 5797 2629 5868 Mesopotamiam
2657 5797 2977 5857 alluentibus
3001 5797 3173 5857 inlinit
3206 5807 3256 5858 in
3282 5804 3613 5874 Euphratem,
3642 5812 3773 5853 cum
