4010 6372
573 394 678 455 835

1787 397 1898 453 AN.
1944 396 2156 453 MANL.
2202 395 2352 451 sev.
2398 397 2618 456 nomn
3668 407 3747 467 856
3802 376 3805 381 ’

572 508 933 579 constringit?
960 506 1055 563 Est
1080 517 1130 573 ι,
1163 506 1351 578 inquit.
1376 506 1541 579 319
1575 510 1586 538 ‘
1613 508 1796 577 Neque
1819 512 1963 565 enim
1997 510 2160 566 fuerit
2183 513 2237 570 Α
2267 512 2399 567 hanc
2427 531 2532 568 non
2556 515 2607 568 in
2630 514 2878 569 omnibus
2908 529 3114 586 aequant
3145 531 3264 572 esse
3287 520 3544 577 consutuo.
3562 521 3665 579 Nam
3684 540 3748 581 su-

574 603 680 657 ulla
708 602 983 657 rationalis
1014 613 1222 662 natura,
1247 602 1371 668 quin
1400 592 1574 654 erdem
1605 602 1826 657 libertas
1848 603 1985 657 adsit
2012 606 2153 656 arbi-

575 694 683 747 trii.
705 693 833 746 Nam
861 694 1001 763 quod
1027 695 1229 747 ratione
1254 694 1326 746 uti
1351 694 1665 747 naturaliter
1692 705 1888 763 potest,
1913 697 1962 750 id
1995 698 2153 751 habet

571 785 857 857 judicium,
893 802 999 855 quo
1039 786 1288 855 quodque
1335 787 1624 840 discernat.
1657 787 1759 841 Per
1799 803 1857 842 se
1889 790 2047 858 igitur
2074 790 2152 843 fu-

571 878 791 947 gienda,
824 877 1125 945 optandave
1162 877 1447 945 dignoscit.
1476 876 1627 942 Quod
1675 878 1837 949 320
1880 895 2004 934 vero
2034 881 2153 950 quis

570 968 863 1035 optandum
910 982 1030 1023 esse
1072 967 1310 1036 judicat,
1360 969 1529 1035 petit:
1581 967 1778 1039 refugit
1826 984 1977 1031 vero.
2009 974 2151 1041 quod

570 1060 845 1115 existimat
873 1075 994 1115 esse
1022 1060 1353 1130 fugiendum.
1386 1064 1563 1129 Quare
1591 1066 1782 1132 quibus
1811 1065 1950 1119 inest
1992 1069 2149 1128 ratio,

572 1150 700 1221 ipsis
729 1152 887 1205 etiam
916 1151 1059 1207 inest
1100 1152 1335 1218 volendi,
1375 1154 1696 1223 nolendique
1724 1156 1964 1212 libertas.
1996 1160 2015 1188 ³
2044 1160 2151 1215 Sed

2262 610 2463 677 pernis,
2496 608 2795 674 divinisque
2823 607 3137 661 substantiis
3164 621 3216 662 et
3249 612 3505 680 perspicax
3532 614 3749 684 judicium,

2261 711 2313 753 et
2340 699 2644 765 incorrupta
2674 697 2751 769 (5)
2777 698 3042 763 voluntas,
3074 708 3125 752 et
3154 700 3337 754 efﬁcax
3366 713 3632 775 ‘optatorum
3654 723 3753 774 prato

2263 801 2346 845 sto
2369 802 2447 845 est
2475 799 2730 859 potestas.
2751 790 3016 843 Ilumanas
3045 806 3173 844 vero
3198 790 3390 844 animas
3414 792 3652 848 liberiores
3671 800 3755 865 qui-

2262 886 2382 939 dem
2409 900 2530 939 esse
2556 899 2775 938 necesse
2797 892 2900 946 est,
2924 899 3043 937 cum
3079 897 3135 935 se
3166 883 3217 936 in
3247 885 3426 937 mentis
3447 884 3615 939 divina:
3632 886 3652 923 δ
3670 903 3756 957 spc-

2261 978 2525 1031 culatione
2564 984 2885 1029 conservant
2915 993 2925 1026 :
2975 974 3149 1028 minus
3180 991 3325 1039 vero,
3365 990 3477 1030 cum
3512 977 3755 1033 dilabuntur

2259 1070 2325 1122 ad
2361 1082 2613 1136 corpora,
2665 1068 2943 1135 minusque
2976 1068 3160 1133 etiam,
3208 1082 3326 1120 cum
3357 1070 3566 1123 terrenis
3590 1071 3756 1124 artubus

2260 1161 2598 1229 colligantur.
2620 1157 2867 1212 Extrema
2892 1171 3021 1213 vero
3046 1168 3129 1212 est
3154 1159 3400 1223 servitus,
3422 1175 3529 1215 cum
3551 1160 3670 1217 vitiis
3692 1160 3756 1215 de

1917 1318 2497 1377 INTERPRETATIO.

645 1433 671 1462 ι
695 1424 871 1480 Nostri
895 1424 1103 1480 arbitrii
1137 1424 1376 1481 libertas.

2328 1433 2354 1471 δ
2386 1432 2849 1503 Contemplatione.

2089 1591 2296 1648 ΝΟΤᾸΕ

646 1729 845 1781 Dicitur
879 1729 940 1778 3°
970 1726 1180 1778 valendo
1209 1742 1225 1778 :
1258 1740 1399 1787 nam,
1440 1734 1496 1777 ut
1524 1726 1597 1777 ait
1626 1726 1683 1781 S.
1716 1727 1847 1795 Aug.
1882 1728 1917 1779 1.
1962 1744 1994 1781 ιι
2035 1729 2141 1782 Re-
2176 1730 2224 1790 B
2255 1729 2389 1783 nihil
2418 1731 2488 1782 sit
2512 1728 2679 1791 aliud,
2712 1742 2871 1794 quant
2904 1740 3076 1789 mens,
3102 1741 3225 1794 qua:
3262 1726 3548 1793 cognitione
3574 1726 3684 1782 duce
3705 1744 3763 1783 sc-

574 1808 749 1861 traet.,
784 1814 832 1851 ε.
870 1799 925 1857 1,
962 1813 1060 1848 non
1087 1798 1297 1848 dicimus
1327 1812 1431 1847 esse
1469 1799 1518 1847 in
1556 1806 1796 1865 potestate
1827 1812 2018 1859 nostra,
2046 1800 2145 1852 nisi

574 1872 702 1933 quod
731 1887 843 1921 cunt
869 1868 1124 1928 volumus,
1156 1867 1233 1933 ﬁt,
1278 1866 1534 1939 ubiuprius
1570 1878 1613 1939 et
1642 1871 1856 1921 maxime
1882 1882 1953 1921 est
1984 1872 2147 1939 ipsum

572 1941 713 1993 velle.
748 1940 1033 2005 Propterea
1066 1953 1251 1991 omnes
1279 1936 1583 2003 philosophi
1617 1940 1830 2001 dot-ent,
1858 1936 2037 1991 sedem
2081 1941 2146 1993 li-

573 2010 793 2063 bertatis
822 2024 939 2061 esse
969 2008 1294 2060 voluntatem
1326 2023 1338 2066 ;
1368 2007 1504 2059 unde
1528 2008 1717 2067 duplex
1742 2020 2033 2075 agnoscunt
2056 2027 2149 2077 ge-

573 2095 671 2134 nus
711 2091 861 2134 actus
900 2080 1049 2131 liberi
1085 2097 1096 2129 :
1143 2080 1373 2130 alterum
1422 2086 1617 2130 vocant
1656 2080 1899 2143 elicitum,
1942 2081 2031 2147 qui
2064 2089 2149 2135 est

573 2153 739 2218 ipsum
767 2150 893 2203 velle
916 2166 931 2211 ;
957 2152 1181 2201 alterum
1211 2148 1392 2200 dicunt
1416 2149 1744 2213 imperatum,
1776 2150 1861 2218 qui
1888 2160 1968 2203 est
1991 2152 2149 2206 obse-

573 2220 753 2289 quium
785 2220 1024 2283 cot'poris
1050 2219 1114 2270 ad
1142 2228 1322 2269 mitmn
1349 2222 1560 2269 mentis.

648 2292 845 2343 Dicitur
871 2290 934 2341 4°
962 2290 1090 2341 duce
1130 2290 1415 2359 cognitione
1442 2304 1461 2341 :
1492 2289 1613 2357 quia
1638 2330 1651 2347 ,
1698 2291 2147 2356 quemadmodum

574 2361 719 2413 aiunt
747 2362 904 2413 iidem
938 2361 1258 2430 pltilnsonhi,
1284 2362 1512 2412 voluntas
1535 2375 1634 2410 non
1661 2362 1823 2428 fertur
1843 2361 1895 2412 in
1923 2364 2150 2430 incogni-

576 2446 684 2485 tum
710 2447 725 2484 :
754 2432 912 2501 ignoti
940 2432 1084 2482 nulla
1111 2428 1313 2495 cupido.

649 2503 712 2556 Ut
744 2498 918 2555 autem
960 2514 1109 2553 mens
1139 2499 1373 2567 generali
1407 2499 1505 2553 hac
1538 2498 1780 2553 libertate
1812 2501 2034 2568 predita
2067 2516 2153 2554 se-

577 2571 744 2637 ipsam
776 2581 895 2641 agat
934 2582 1278 2637 moveatque,
1332 2586 1436 2621 non
1476 2581 1557 2622 est
1612 2586 1831 2623 necesse
1886 2582 1940 2622 ιιι
1984 2572 2149 2625 veluti

575 2644 748 2695 media
775 2652 829 2695 et
852 2642 1159 2694 indifferens
1182 2641 1535 2692 constituatur
1565 2641 1700 2693 imer
1723 2643 1829 2693 duo
1858 2644 2149 2704 contraria,

576 2713 661 2766 vel
713 2714 871 2766 etiam
922 2709 1338 2765 contradicentia
1381 2727 1393 2762 :
1447 2711 1872 2777 quandoquidem
1920 2713 2151 2771 theologi

575 2784 768 2837 docent
804 2785 936 2835 hanc
992 2781 1297 2851 generalem
1339 2780 1636 2833 libertatem
1679 2784 1936 2847 reperiri.
1988 2785 2151 2835 etiam

576 2854 664 2906 ubi
707 2855 850 2907 nulla
896 2862 978 2906 est
1032 2852 1291 2918 ejusmodi
1352 2851 1742 2916 indi/ferentia;
1799 2852 2061 2920 siquidem
2092 2853 2149 2906 S.

577 2924 833 2985 Thomas,
859 2939 911 2991 q.
949 2924 1015 2977 i0
1059 2923 1125 2975 de
1149 2922 1413 2983 Potentia,
1441 2933 1540 2975 art.
1572 2922 1606 2973 ‘2
1636 2924 1699 2974 ad
1725 2924 1777 2983 5,
1811 2932 1928 2990 post
1956 2924 2012 2975 S.
2046 2924 2154 2974 An-

578 2996 847 3059 gnstinum
877 2994 1068 3058 docet,
1104 3002 1157 3046 et
1191 2993 1355 3044 Deum
1387 2993 1551 3044 libere
1581 3008 1756 3045 amare
1800 2996 2053 3060 seipsum,
2102 3006 2155 3046 σοι

575 3064 829 3133 Spiritum
873 3074 1114 3117 sanctum
1152 3078 1179 3115 a
1225 3063 1381 3114 Patre
1446 3062 1700 3129 Filioque,
1753 3069 1996 3131 quamvis
2044 3080 2152 3117 non

578 3137 901 3204 possibiliter,
953 3135 1121 3187 libere
1172 3143 1348 3186 tamen
1398 3134 1721 3200 procedere:
1775 3147 1930 3185 nemo
1973 3145 2151 3187 autem

576 3207 773 3259 dixerit
810 3215 896 3257 aut
931 3204 1095 3257 Deum
1128 3204 1191 3255 ad
1224 3204 1457 3268 seipSum
1490 3204 1797 3264 amandum,
1824 3216 1911 3254 aut
1940 3204 2149 3257 Patrem

2251 1802 2551 1863 metipsani,
2586 1798 2834 1860 volendo,
2868 1812 3027 1865 agere
3056 1805 3252 1863 potest,
3287 1812 3595 1867 qumcnnque
3634 1814 3762 1861 utens,

2252 1872 2558 1937 cognitione
2605 1871 2761 1929 duce,
2794 1867 3137 1935 semetipsum
3195 1868 3323 1931 agit.
3353 1868 3583 1930 volendo,
3611 1868 3699 1920 hac
3721 1869 3763 1920 li-

2256 1942 2462 1994 bertale
2493 1941 2781 2000 al‘lieiatur,
2817 1952 3038 1991 necesse
3064 1948 3164 1989 est.
3200 1938 3361 2003 Atqui
3390 1952 3529 1990 mens
3555 1938 3695 1990 omnis
3716 1940 3763 1991 ita

2255 2026 2313 2063 se
2346 2012 2543 2074 habet;
2578 2026 2699 2063 natn
2742 2024 2894 2062 mens
2922 2008 3097 2061 omnis
3129 2024 3233 2060 non
3260 2008 3424 2061 solum
3458 2010 3707 2077 cognoscit,
3728 2018 3765 2062 et

2247 2080 2545 2150 judicando
2602 2080 2861 2133 discernit
2920 2078 3060 2142 quod
3103 2077 3408 2147 fugiendum
3448 2089 3522 2132 est
3549 2089 3595 2131 et
3623 2090 3763 2150 optan-

2253 2148 2413 2213 tluut;
2460 2150 2552 2204 sed
2582 2151 2717 2215 quod
2757 2150 3038 2213 optandum
3082 2165 3188 2201 esse
3210 2150 3412 2219 judicat
3469 2150 3603 2212 petit,
3629 2148 3764 2216 refugit

2252 2238 2371 2273 vero
2410 2223 2544 2289 quod
2568 2222 2819 2274 existimat
2838 2236 2941 2272 esse
2966 2220 3297 2289 fugiendum:
3315 2219 3451 2289 quod
3476 2219 3765 2286 unusquisque

2256 2292 2311 2345 in
2334 2293 2624 2355 semetipst»
2650 2292 2944 2354 experitur.

2327 2364 2345 2393 ’
2378 2363 2480 2417 Sed
2523 2362 2652 2414 hinc
2679 2379 2779 2413 non
2821 2363 2871 2414 in
2905 2359 3135 2413 omnibus
3175 2374 3375 2427 mquam
3397 2374 3499 2413 esse
3535 2357 3765 2428 constitua]

2261 2432 2348 2485 ΙΙΙ.
2380 2433 2558 2485 Posito
2587 2433 2895 2486 discrimine
2922 2441 3059 2483 inter
3090 2443 3327 2483 mentem
3358 2430 3595 2494 divinam,
3619 2430 3765 2495 angeli-

2254 2517 2369 2555 cam
2426 2513 2481 2557 et
2514 2508 2828 2566 humanam,
2865 2501 3207 2569 Philosophia
3244 2503 3402 2555 docet
3431 2501 3662 2555 diversam
3682 2512 3766 2552 esse

2259 2573 2310 2625 ἱ..
2345 2574 2426 2627 his
2455 2574 2721 2627 mentibus
2760 2574 3080 2625 libertatem.
3112 2571 3242 2623 Nam
3287 2572 3426 2640 quod
3470 2580 3647 2638 spectat
3671 2570 3766 2621 diri-

2259 2658 2377 2695 natn
2414 2656 2466 2698 et
2508 2646 2799 2706 augt-licam
2843 2656 3096 2702 mentem,
3144 2657 3280 2709 quas
3330 2642 3643 2707 Phil050phia
3666 2652 3763 2691 nunc

2257 2726 2409 2767 Vocat
2445 2730 2691 2777 supernas
2712 2756 2723 2775 ,
2758 2714 3053 2781 dit'inasque
3078 2714 3391 2765 substantias
3429 2713 3492 2767 de
3522 2712 3592 2764 his
3619 2712 3679 2763 sic
3711 2710 3765 2761 viJ

2257 2786 2413 2837 detur
2458 2785 2761 2837 ratiocinari
2812 2785 2997 2837 eadem
3056 2783 3449 2851 Philosophia:
3506 2796 3609 2849 qua}
3639 2792 3759 2835 mens.

2258 2856 2562 2921 cognitione
2601 2856 2769 2917 duce,
2815 2858 3153 2922 semetipsam
3180 2893 3195 2917 ,
3254 2853 3513 2913 Volendo,
3558 2851 3765 2904 efficacius

2257 2941 2415 2985 agere
2448 2936 2649 2993 potest,
2696 2929 2807 2977 hzec
2850 2924 3063 2977 liberior
3092 2925 3303 2977 t-enseri
3350 2922 3767 2993 debetzsiquidetu

2260 2990 2477 3048 libertas
2525 3004 2765 3049 versatur
2812 2996 2861 3047 in
2910 2996 3007 3047 hac
3059 3003 3365 3059 potestate;
3428 2993 3518 3049 sed
3563 2990 3765 3058 praedicta

2260 3079 2464 3119 mentes
2502 3082 2771 3130 superme,
2810 3066 2946 3118 Deus
2974 3065 3223 3117 videlicet
3267 3075 3323 3117 et
3362 3066 3578 3133 angelus,
3608 3067 3759 3112 semet-

2260 3137 2400 3203 ipsas
2430 3139 2731 3201 cognitione
2761 3136 2918 3199 duce,
2945 3135 3194 3196 valendo,
3226 3135 3499 3189 efficacius
3520 3141 3757 3205 agerc‘pns‘.

2260 3199 2381 3259 sunt
2409 3224 2421 3269 ;
2459 3199 2577 3260 nam
2607 3212 2654 3258 in
2702 3222 3015 3274 unaquaque
3045 3215 3222 3257 mente
3255 3215 3485 3273 quatuor
3508 3199 3757 3256 considerari

577 3277 874 3345 Filinmque
914 3275 978 3327 ad
1020 3274 1417 3342 producendum
1453 3273 1707 3345 Spiritum
1758 3284 1997 3326 Sanctum
2030 3290 2151 3328 esse
2176 3269 2222 3331 C
2258 3288 2501 3343 possunt,
2538 3279 2785 3330 nimirum
2826 3269 3427 3344 perceptio,judieimn,
3453 3275 3616 3329 electio
3635 3282 3763 3324 etet-

579 3343 995 3401 indillercntem.
1022 3345 1324 3408 Quinetiam
1348 3345 1486 3396 idem
1506 3346 1559 3395 S.
1578 3343 1811 3396 Thomas
1830 3347 1879 3394 in
1905 3360 1957 3396 ιιι
1980 3348 2152 3410 Sent.,

577 3418 701 3471 dist.
737 3419 822 3473 18.
855 3433 907 3484 ιι.
944 3417 994 3476 l,
1029 3426 1129 3467 art.
1160 3414 1193 3466 2
1220 3416 1282 3466 ad
1319 3416 1379 3475 5,
1414 3416 1624 3468 videtur
1670 3416 1801 3465 hanc
1855 3414 2153 3467 Ιιιιειυιειινιιι

578 3488 628 3540 in
658 3489 871 3539 (lhristo
896 3487 1121 3539 Domino
1151 3500 1471 3552 agnoscere:
1505 3484 1720 3537 Etiamsi
1750 3486 1974 3536 liberum
2002 3486 2156 3537 Ultri-

577 3559 643 3611 sti
676 3560 981 3614 arbitrium.
1011 3557 1200 3621 inquit,
1228 3567 1355 3607 esset
1381 3557 1765 3607 determinatam
1790 3556 1856 3606 ad
1878 3572 2034 3606 unum
2062 3574 2158 3607 nu-

579 3646 735 3691 mero,
768 3628 893 3679 sicut
918 3626 987 3679 ad
1026 3626 1339 3695 diligendum
1365 3625 1547 3685 Deum,
1572 3626 1706 3693 quod
1734 3640 1830 3676 non
1864 3630 2027 3692 facere
2057 3644 2157 3679 non

579 3708 761 3764 potest,
804 3708 969 3749 tamen
998 3714 1061 3749 ea:
1089 3697 1183 3747 hoc
1208 3712 1307 3747 non
1334 3697 1516 3747 amittit
1547 3694 1855 3756 libertatem,
1887 3707 1974 3745 aut
2002 3699 2157 3748 ratio-

577 3787 687 3823 nem
720 3770 887 3821 laudis
919 3770 1017 3822 sive
1059 3767 1221 3818 meriti
1246 3809 1255 3821 .
1285 3767 1405 3835 quia
1451 3769 1500 3817 in
1529 3766 1659 3817 illud
1690 3783 1790 3817 non
1837 3777 2026 3826 cauete,
2068 3768 2155 3819 sed

576 3850 752 3909 sponte
780 3838 960 3901 tendit,
981 3848 1130 3907 atque
1150 3838 1221 3889 ita
1246 3845 1318 3889 est
1335 3847 1474 3909 actus
1494 3838 1573 3887 sui
1590 3836 1843 3887 dominus.
1867 3836 1942 3889 Ex
1964 3837 2156 3909 quibus

576 3912 818 3976 sequitttr
856 3917 1171 3975 potestatem
1214 3908 1466 3971 peccandi
1513 3922 1614 3957 non
1659 3910 1925 3969 pertinere
1972 3908 2037 3959 ad
2071 3923 2155 3959 ra—

577 3983 770 4035 tionem
806 3980 961 4047 hujus
985 3978 1265 4039 libertatis,
1312 3978 1355 4029 si
1393 3978 1607 4042 quidem
1644 3976 1781 4029 Deus
1812 3987 1866 4028 et
1888 3977 2152 4042 Christus,

577 4052 627 4103 in
660 4051 853 4119 quibus
886 4050 1028 4101 nulla
1080 4049 1472 4119 fuitjpeccandi
1520 4058 1771 4119 potestas,
1824 4048 1921 4098 hac
1959 4048 2149 4101 saltem

577 4116 821 4175 libertate
843 4120 1165 4173 afﬁciuntur.
1183 4117 1435 4184 Sequitur
1458 4121 1637 4179 etiam,
1668 4116 1831 4169 Deum
1854 4130 2155 4172 moventem

577 4204 812 4245 nostram
847 4201 1080 4244 mentem
1126 4189 1191 4241 ad
1235 4190 1582 4254 semetipsum
1613 4199 1876 4254 tamquam
1910 4191 1975 4239 ad
2006 4203 2155 4240 surn-

576 4279 717 4316 mutn
752 4264 969 4322 bonum,
995 4261 1107 4312 sive
1132 4260 1255 4310 dum
1281 4268 1461 4311 nostra
1494 4272 1646 4310 mens
1676 4274 1795 4309 cum
1826 4269 2009 4310 nostro
2036 4274 2158 4311 cor—

576 4348 705 4399 pore
746 4332 1107 4399 conjnngitur,
1154 4329 1267 4382 sive
1299 4331 1459 4381 etiam
1491 4329 1619 4381 dum
1650 4332 1838 4381 eadem
1862 4333 1928 4381 ab
1963 4330 2153 4382 eodem

575 4418 797 4470 corpore
828 4410 1064 4465 sejttttcta
1090 4410 1192 4464 est,
1225 4414 1416 4467 augere
1446 4400 1621 4466 potius
1648 4414 1805 4464 quam
1830 4399 2041 4470 :tttietre
2065 4415 2156 4467 ge-

576 4468 810 4527 neralem
862 4472 996 4524 hanc
1045 4472 1235 4523 mentis
1286 4479 1481 4523 nostra:
1520 4470 1864 4522 libertatem:
1906 4468 2155 4521 Voluntas

575 4546 710 4596 enim
738 4555 929 4607 nostra,
969 4540 1143 4608 inquit
1178 4543 1233 4593 ὃ.
1261 4542 1394 4609 Aug.
1434 4542 1465 4591 Ι.
1498 4556 1552 4592 ιιι
1578 4542 1645 4591 de
1678 4539 1791 4591 Litt.
1826 4540 1977 4601 Arb.,
2002 4556 2050 4609 ρ.
2096 4541 2150 4605 '5,

575 4631 663 4666 nec
692 4617 922 4666 voluntas
943 4622 1102 4673 esset,
1137 4611 1232 4663 nisi
1253 4608 1377 4662 esset
1407 4612 1455 4661 in
1490 4620 1661 4661 nostra
1688 4619 1950 4677 potestate.
1988 4608 2153 4662 Porro

574 4688 692 4751 quia
738 4696 805 4735 est
838 4686 889 4735 in
920 4690 1194 4749 potestate,
1226 4682 1381 4731 libera
1424 4692 1497 4733 est
1549 4680 1709 4751 nobis.
1744 4679 1862 4731 Non
1912 4682 2044 4732 enim
2085 4691 2157 4732 est

574 4750 713 4807 nobis
739 4755 967 4816 liberum,
983 4753 1117 4820 quod
1140 4753 1191 4802 in
1214 4761 1455 4818 potestate
1477 4766 1579 4803 non
1601 4750 1865 4814 habemus,
1890 4763 1974 4802 aut
1992 4761 2153 4821 potest

574 4842 673 4878 non
697 4840 803 4877 esse
822 4826 957 4889 quod
990 4822 1249 4873 habemus.

644 4897 899 4962 Quatnvis
928 4903 1104 4945 autem
1143 4906 1293 4943 meus
1322 4891 1558 4959 generali
1610 4894 1706 4943 hac
1739 4891 1981 4943 libertate
2008 4906 2151 4959 prte-

574 4966 702 5027 dita,
736 4981 839 5017 non
876 4974 1157 5032 propterea
1178 4964 1246 5014 sit
1273 4962 1613 5024 indill'crens;
1640 4963 1690 5014 id
1722 4971 1894 5014 tamen
1923 4977 2025 5013 non
2056 4963 2151 5015 ob-

573 5047 699 5097 stat,
730 5037 855 5102 quin
904 5034 956 5085 in
1008 5031 1163 5084 nobis
1192 5032 1471 5084 mortalem
1509 5034 1642 5083 hanc
1672 5034 1832 5083 vitam
1863 5033 2145 5097 agentibus

2184 4648 2237 4708 Β

2262 3350 2487 3410 secutio,
2518 3365 2636 3414 qtnc
2674 3349 2741 3399 ita
2781 3350 2919 3401 inter
2946 3362 3001 3400 se
3026 3361 3267 3399 connexa
3308 3359 3452 3409 sunt,
3483 3355 3632 3398 utnec
3657 3352 3767 3393 etsc-

2261 3422 2402 3469 cntin
2445 3425 2559 3471 sine
2604 3418 2896 3481 electione,
2932 3432 3029 3469 nec
3071 3418 3264 3469 electio
3314 3419 3430 3469 sine
3472 3414 3674 3481 judicio,
3700 3419 3769 3459 nec

2256 3489 2514 3555 judicium
2546 3492 2659 3541 sine
2693 3492 3031 3554 perceptione
3055 3502 3173 3541 esse
3195 3487 3421 3540 debeat:
3447 3501 3596 3556 quare
3622 3496 3696 3548 pro
3712 3492 3771 3549 va-

2264 3560 2451 3611 riettte
2497 3558 2853 3624 perceptionis
2904 3569 3097 3610 cietera
3145 3559 3473 3618 variantur;
3516 3560 3561 3607 in
3590 3561 3769 3615 supernis

2261 3642 2435 3682 autem
2466 3630 2765 3696 divinisque
2785 3629 3127 3691 substantiis,
3160 3629 3330 3697 magis
3354 3643 3507 3695 quam
3534 3626 3579 3677 in
3600 3631 3764 3697 catena

2260 3711 2330 3751 est
2358 3702 2625 3769 perspicax
2646 3692 2925 3766 judicium,
2961 3692 3275 3763 incorrupta.
3292 3692 3566 3769 voluntas._
3585 3703 3624 3747 et
3652 3692 3769 3757 illi?“

2262 3767 2545 3837 aptatortitrt
2579 3780 2817 3837 potestas.
2858 3771 3007 3835 Quod
3046 3783 3173 3821 vero
3228 3771 3463 3837 pertinet
3509 3767 3567 3818 ad
3598 3770 3771 3815 mentem

2263 3840 2580 3902 humanam,
2614 3841 2768 3909 hujus
2818 3840 3068 3906 distingui
3124 3850 3355 3905 possunt
3395 3846 3609 3903 quatuor
3636 3841 3774 3909 status.

2260 3913 2349 3978 qui
2380 3922 2534 3979 prout
2563 3904 3055 3963 sunt'sublimiores
3087 3904 3177 3961 aut
3207 3910 3544 3971 lmmiliorcs,
3580 3904 3774 3979 majorem

2265 3974 2461 4033 habent
2501 3992 2591 4034 aut
2633 3982 2889 4033 minorem
2938 3980 3259 4033 libertatem.
3319 3980 3522 4031 Primus
3565 3974 3778 4045 statusest

2261 4054 2457 4104 mentis
2490 4068 2516 4103 a
2547 4066 2773 4117 corpore
2801 4058 3079 4115 separatae,
3110 4066 3227 4117 quae
3260 4050 3469 4102 scilicet
3508 4065 3558 4101 se
3584 4047 3627 4099 in
3652 4048 3781 4116 ttte‘ntu

2260 4122 2447 4173 divinw
2472 4121 2813 4191 speculatione
2849 4130 3129 4185 conservat,
3171 4132 3219 4173 et
3245 4121 3362 4171 haec
3395 4135 3544 4172 mens
3572 4118 3781 4169 liberrima

2260 4204 2386 4253 est;
2438 4192 2578 4261 quod
2630 4191 3423 4261 praestantissima,cognitione
3444 4190 3592 4251 duce,
3637 4192 3781 4261 εειιιεις

2262 4258 2469 4325 ipsam,
2510 4263 2736 4314 Volendn
2784 4260 3120 4328 amandnqne
3169 4262 3375 4325 Deum,
3431 4262 3645 4312 maxime
3669 4258 3782 4317 agere

2264 4344 2452 4395 putest.
2488 4332 2767 4386 Secundus
2820 4342 2987 4385 status
3032 4341 3115 4384 est
3157 4332 3357 4383 mentis
3399 4330 3674 4397 conjunctae
3698 4330 3781 4397 cum

2260 4418 2507 4467 Corpore,
2548 4403 2687 4471 quod
2722 4402 2795 4455 illi
2837 4402 2902 4454 ad
2936 4413 3119 4453 nutuut
3151 4400 3472 4465 obsequitur
3500 4394 3686 4467 Equalis
3705 4394 3784 4467 etii

2263 4489 2413 4523 tuens
2446 4477 2597 4535 pruni
2632 4474 2889 4539 parentis,
2914 4482 3199 4539 antequam
3226 4482 3539 4538 peccasset;
3569 4472 3785 4520 ltmcrnlm

2262 4543 2465 4610 dilapsa
2516 4553 2589 4597 est
2647 4544 2713 4594 ad
2742 4559 2956 4609 corpus;
3001 4552 3163 4610 atque
3219 4542 3337 4594 haec
3381 4542 3569 4596 mentis
3600 4540 3787 4587 humanm

2264 4613 2499 4673 libertas,
2538 4629 2641 4665 non
2671 4626 2751 4666 est
2780 4614 2995 4680 quidem
3038 4609 3205 4676 tanta,
3236 4623 3440 4681 quanta
3464 4624 3545 4665 est
3572 4609 3786 4682 beatitum

2268 4685 2522 4735 tuentium
2558 4701 2571 4735 :
2605 4687 2695 4735 sed
2732 4674 3050 4751 reltqttarttm
3079 4674 3269 4735 tamen
3290 4686 3549 4737 maxima:
3582 4674 3786 4751 siquidem

2267 4756 2499 4805 Atlamus
2550 4752 2735 4821 majori
2783 4749 3085 4822 Cognitione
3134 4753 3397 4820 praeditus
3438 4751 3618 4803 melius
3644 4749 3786 4822 semet“

2265 4825 2435 4889 ipsum
2466 4864 2479 4885 ,
2508 4817 2761 4887 volendo,
2812 4817 2971 4892 agere
3023 4817 3252 4890 poterat.
3288 4823 3508 4877 Tertius
3558 4817 3792 4893 sttitttsﬁsl

2262 4883 2972 4963 mentisperturbationibus
3012 4883 3225 4959 quidem
3270 4895 3511 4955 atnicta‘,
3542 4883 3790 4963 scdiisdetlt

2262 4981 2364 5017 uolt
2397 4958 2815 5017 CtttiSentietttts:
2844 4966 3009 5028 qualis
3032 4958 3150 5016 erat
3180 4979 3337 5016 metis
3363 4970 3423 5019 S.
3447 4963 3586 5017 Pauli
3616 4958 3791 5029 dit-ent's

2258 5037 2322 5087 ad
2374 5036 2597 5088 llnman.
2634 5052 2703 5087 vtt
2734 5054 2744 5086 :
2794 5033 2956 5087 Video
2989 5037 3142 5086 aliam
3173 5035 3338 5102 legent
3366 5038 3419 5087 in
3448 5033 3667 5102 membris
3688 5035 3791 5102 nteit.

574 5108 792 5159 libertas
819 5107 891 5157 sit
937 5104 1159 5157 facultas
1204 5102 1268 5153 ad
1298 5104 1611 5155 utrumlibet
1641 5105 1753 5154 sive
1799 5102 2142 5166 inditl'erens;

574 5178 715 5229 unde
745 5177 882 5244 apud
915 5190 1012 5227 nos
1042 5172 1233 5239 duplex
1266 5184 1348 5225 est
1387 5175 1637 5225 libertas:
1672 5174 1839 5225 altera
1872 5174 2147 5225 contradi-

573 5250 787 5309 ctionis,
822 5262 922 5313 qua
956 5258 1236 5311 possumus
1266 5259 1423 5310 agere
1456 5244 1535 5295 vel
1571 5258 1673 5295 non
1725 5258 1883 5311 agere
1917 5261 1929 5293 :
1983 5244 2149 5296 altera

573 5318 982 5377 contrarietatis,
1016 5331 1115 5382 qua
1164 5330 1446 5381 possumus
1496 5329 1653 5381 agere
1700 5314 1799 5366 hoc
1850 5317 1931 5365 vel
1976 5315 2147 5366 illud:

573 5391 711 5444 sicut
748 5388 913 5442 fusius
967 5386 1267 5453 philosophi
1316 5384 1531 5437 docent.
1576 5384 1810 5437 Liberum
1852 5386 2151 5447 arbitrium,

572 5460 743 5528 inquit
794 5460 852 5513 S.
913 5462 1042 5526 Aug.
1108 5458 1143 5509 Ι.
1186 5457 1251 5507 de
1295 5456 1421 5528 Cur.
1469 5469 1517 5508 et
1567 5454 1853 5528 Gr.,_cap.
1902 5454 1960 5516 l,
2001 5465 2045 5504 tt
2086 5457 2154 5507 ad

572 5526 765 5585 malum
802 5540 848 5583 et
884 5530 949 5581 ad
992 5537 1176 5581 bonum
1216 5526 1538 5595 faciendum,
1583 5526 1928 5585 conﬁtendum
1956 5534 2031 5577 est
2060 5542 2152 5578 nos

572 5603 775 5656 habere.

647 5676 661 5703 ’
724 5671 905 5740 Neque
950 5670 1082 5722 enim
1130 5668 1283 5740 fuerit
1320 5664 1744 5740 ullajrationalis
1786 5674 2000 5740 natura,
2029 5666 2151 5731 quin

573 5744 733 5798 eidem
764 5736 965 5793 libertas
994 5741 1127 5793 adsit
1154 5737 1396 5806 arbitrii.]
1424 5737 1484 5790 ll.
1508 5736 1683 5806 Pusita
1718 5736 1969 5802 praedicta
1993 5738 2151 5789 Iiber-

575 5818 697 5867 tatis
739 5812 1047 5875 definitione
1106 5809 1259 5862 facile
1314 5805 1526 5873 potest,
1578 5805 1918 5874 Philosophia
1969 5808 2145 5871 duce,

574 5883 760 5939 eadem
789 5884 1004 5935 libertas
1034 5882 1349 5949 propugnari
1378 5882 1482 5933 hac
1507 5879 1742 5932 ratione:
1774 5892 1894 5932 cum
1924 5876 2146 5932 libertas

2256 5116 2615 5173 repugnantem
2646 5106 2743 5176 legi
2768 5106 2945 5158 mentis
2967 5121 3109 5169 mete,
3129 5115 3175 5155 et
3201 5094 3543 5176 captivantem
3564 5116 3633 5152 me
3651 5098 3693 5176 in
3716 5094 3796 5176 [ιρι

2259 5168 2474 5241 pet-cati,
2506 5193 2619 5241 qua:
2656 5168 2725 5228 εέι
2768 5179 2819 5226 in
2850 5177 3081 5228 membris
3118 5168 3274 5227 meis;
3299 5172 3502 5241 Infelix
3539 5187 3623 5239 ego
3649 5168 3798 5241 Ιιοηιρς

2257 5233 2371 5313 quis
2396 5233 2473 5298 me
2502 5233 2728 5298 liberabit
2764 5250 2825 5297 n'e
2853 5262 3064 5311 corpore
3101 5245 3276 5296 mortis
3306 5233 3510 5313 hujus?
3546 5233 3705 5295 Gratia
3730 5233 3797 5313 ρῖί

2260 5306 2345 5383 per
2375 5315 2552 5367 Iesum
2593 5316 2845 5369 Christum
2880 5306 3155 5367 Dominum
3201 5306 3465 5367 nostrum.
3509 5314 3569 5368 Et
3610 5306 3798 5360 haechu-

2263 5402 2431 5437 tnanae
2458 5390 2652 5439 mentis
2680 5388 2889 5439 terrenis
2920 5388 3127 5438 artubus
3157 5385 3468 5453 conjuncta:
3506 5384 3701 5453 libertas
3724 5387 3799 5425 au-

2265 5458 2544 5511 tecedente
2572 5460 2766 5519 minor,
2794 5466 2875 5509 est
2896 5450 3494 5525 substhuente'tnajor:
3528 5450 3655 5522 quod
3683 5455 3801 5525 tuens

2262 5528 2495 5580 nondum
2533 5527 2668 5579 victa
2721 5528 2948 5580 fatiscat.
2993 5519 3223 5594 Quartus
3282 5519 3519 5595 denique.
3547 5519 3712 5577 's:atus
3736 5519 3802 5565 est

2261 5599 2453 5650 tuentis
2502 5598 2995 5665 perturbationibus
3034 5600 3389 5665 obsequentis
3418 5594 3445 5662 ;'
3486 5610 3599 5665 qna:
3629 5594 3803 5665 liWW

2261 5682 2364 5719 tam
2397 5662 2584 5736 exigua
2609 5679 2711 5732 est,
2744 5681 2798 5719 ut
2829 5669 3099 5721 servitutis
3132 5662 3311 5736 potius
3361 5662 3616 5721 rationein
3646 5662 3803 5736 habere

2258 5732 2543 5791 videatur':
2580 5737 2825 5790 Extrema
2864 5754 2978 5791 vero
3009 5732 3247 5803 libertas,
3278 5741 3453 5808 inquit
3484 5732 3801 5808 Philosophi?!

2258 5820 2327 5859 t-st
2356 5810 2585 5871 servitus,
2617 5825 2731 5860 cum
2760 5811 2889 5860 vitiis
2919 5810 3101 5863 dedita:
3133 5805 3368 5866 tuentes
3388 5810 3596 5861 rationis
3626 5805 3805 5870 PWP’“.

2256 5880 2568 5951 passessione
2596 5879 2907 5936 ceciderunt.
