4010 6372
241 331 322 387 εδι
1138 335 1229 391 οε
1265 301 1782 392 consecutam;
1823 332 2302 390 putLosopums
2342 334 2475 394 LIB.
2520 333 2581 389 v.

238 447 356 512 dice,
385 447 610 504 rationis
639 450 872 520 propria!
904 449 1243 519 possessione
1271 448 1611 506 ceciderunt!
1637 450 1795 520 321
1829 453 1888 514 Α
1945 451 1978 506 5
2053 452 2264 505 lnlirma
2288 465 2637 521 perrumpere
2667 451 2811 505 luce.

239 541 378 595 ‘Nam
405 541 495 595 ubi
518 544 702 598 oculos
731 558 761 597 a
788 559 1013 598 summa:
1036 545 1428 614 luceyeritatis.
1451 542 1805 607 adinleriora,

236 641 283 686 et
304 633 580 688 tenebrosa
613 634 928 702 dejecerint,
962 649 1087 688 mox
1119 635 1351 689 inscitia:
1377 636 1518 688 nube
1548 635 1805 701 caligant,

233 725 535 794 perniciosis
574 727 854 782 turbantur
884 726 1198 788 all‘ectibus.
1256 728 1457 796 quibus
1498 725 1808 780 accedendo

232 816 730 885 consentiendoque,
754 832 913 887 quam
946 818 1200 873 invexere
1241 818 1371 881 sibi,
1404 817 1660 886 adjuvant
1690 831 1809 871 ser-

232 908 461 971 vitutem,
483 920 539 963 et
566 919 693 963 sunt
717 909 951 978 quodam
980 910 1142 964 modo
1164 908 1376 978 propria
1404 909 1654 964 libertate
1682 923 1809 976 cap-

231 1003 354 1056 tivae.
377 1001 512 1068 Quae
541 1011 721 1058 tamen
745 1003 828 1074 (5)
853 1012 878 1039 ι
905 1003 1015 1066 ille.
1048 1003 1116 1057 ab
1142 1013 1348 1058 aeterno
1375 1011 1568 1056 cuncta
1599 1001 1808 1071 prospi-

229 1095 392 1160 ciens,
445 1093 804 1148 Provideutiai
841 1094 1017 1147 cernit
1063 1093 1312 1156 intuitus,
1359 1102 1412 1146 et
1439 1091 1552 1147 suis
1579 1106 1808 1161 quisque

229 1184 420 1238 meritis
476 1185 855 1253 praedestinata
907 1184 1182 1254 disponit,
1223 1183 1251 1222 ι’
1280 1186 1302 1216 ⁸
1339 1185 1486 1240 πάντ’
1527 1187 1685 1259 εφορᾷ
1725 1185 1810 1237 καὶ

229 1274 366 1331 πάντ’
391 1277 654 1332 ἐπακούει.

689 1409 848 1484 322
889 1411 1178 1468 METRUM
1227 1416 1247 1437 ⁶
1276 1413 1342 1467 Il.

227 1523 612 1601 Αιιοιιιιξὲςιιιιι.
643 1525 897 1601 —“Quod
925 1528 1239 1601 abHomero
1267 1531 1457 1583 dicitur
1473 1532 1537 1584 de
1569 1530 1692 1593 sole,
1727 1529 1810 1581 in-

287 1593 391 1658 quit
421 1589 786 1666 PltilosOphia:
833 1598 889 1650 id
911 1600 1072 1654 solius
1108 1600 1204 1668 Dei
1247 1612 1339 1668 est,
1367 1602 1540 1654 omnia
1584 1589 1807 1654 cernere.

356 1687 500 1742 Puro
531 1690 736 1744 clarum
763 1692 968 1750 lumine
995 1663 1255 1749 thbtim

360 1779 596 1835 Mellillui
627 1785 772 1836 canit
801 1785 911 1840 oris
944 1786 1251 1841 Homérus:

359 1872 461 1936 Qui
494 1882 670 1928 tamen
704 1875 891 1932 intima
922 1878 1132 1934 viscera
1166 1890 1329 1934 terra:

359 1964 477 2020 Non
508 1966 668 2034 valet,
704 1980 794 2023 aut
817 1970 1014 2041 pelagi,
1049 1970 1324 2026 radiorum

2053 544 2212 615 323
2246 543 2397 598 Haud
2428 546 2504 598 sic
2529 545 2705 614 magni
2735 542 2989 599 conditor
3017 545 3170 600 orbis
3199 559 3215 598 :

2058 635 2190 688 Hutc
2221 650 2284 689 ex
2319 637 2426 689 alto
2444 647 2634 692 cuncta
2661 637 2829 691 tuenti

2053 726 2205 782 Nulla
2235 737 2394 782 terrae
2421 729 2562 782 mole
2595 729 2851 782 resistunt

2052 819 2168 873 Non
2201 834 2304 872 nox
2340 822 2470 873 atris
2497 819 2727 874 nubibus
2750 821 2952 882 obstat,

1917 911 1982 968 10
2055 912 2184 979 Qua:
2208 914 2333 976 sint,
2371 928 2489 980 quae
2514 912 2745 975 fuerint,
2778 913 3101 980 veniantun
3171 905 3174 909 ’

2059 1003 2177 1058 Uno
2205 1004 2400 1058 mentis
2429 1006 2604 1058 cernit
2637 1004 2689 1056 in
2722 1004 2851 1056 ictu.

2055 1097 2246 1162 Quem,
2272 1098 2390 1166 quia
2419 1097 2635 1165 respicit
2657 1097 2838 1150 omnia
2866 1099 3037 1166 solus,

2063 1188 2261 1242 Verum
2288 1189 2466 1258 possis
2487 1189 2670 1243 dicere
2690 1189 2882 1243 solem.

2446 1297 2607 1370 324
2629 1299 2848 1355 ruoss
2891 1298 2978 1354 Ill.

1916 1420 2308 1471 Attaliumruu.
2341 1444 2411 1455 —
2440 1413 2682 1477 Boetius,
2720 1415 2938 1486 cognitis
2977 1415 3148 1467 divina
3189 1418 3511 1484 providentia

1987 1499 2034 1540 et
2056 1486 2288 1538 libertate
2321 1486 2565 1549 humana,
2597 1487 2862 1551 utriusque
2893 1486 3226 1538 concordiam
3253 1487 3512 1555 di/ﬁcilem

1987 1558 2225 1621 ostendit,
2257 1559 2479 1626 primum
2501 1557 3012 1627 quidem_generatim
3036 1598 3050 1619 ,
3082 1557 3271 1610 deinde
3309 1560 3510 1627 speria-

1987 1629 2096 1692 tim,
2123 1643 2235 1679 cum
2259 1625 2325 1680 ex
2351 1638 2496 1696 parte
2524 1628 2684 1692 ipsius
2701 1625 3071 1698 Providentiae,
3097 1643 3211 1698 quae
3233 1625 3343 1681 non
3355 1639 3515 1697 potest

1987 1715 2094 1751 esse
2134 1700 2346 1761 incerta,
2378 1708 2483 1750 tum
2521 1714 2586 1750 ea:
2623 1707 2767 1766 parte
2794 1697 2956 1768 ipsius
2983 1697 3258 1765 libertatis,
3288 1715 3400 1765 qua:
3429 1702 3506 1753 vi-

1992 1770 2139 1822 detur
2167 1771 2480 1822 necessitatis
2501 1784 2706 1838 expers.

1839 1849 1889 1909 Β
2003 1873 2139 1926 Tum
2167 1886 2268 1940 ego
2290 1878 2316 1906 ι
2342 1886 2354 1922 :
2386 1870 2487 1934 En,
2519 1869 2760 1938 inquam,
2782 1871 2797 1901 ¹
2819 1868 3109 1924 difficiliori
3141 1886 3326 1926 rursus
3347 1873 3516 1927 ambi-

1927 1964 2130 2032 guitate
2157 1959 2480 2018 confundor.
2523 1959 2818 2029 Quaenam,
2861 1961 3052 2032 inquit,
3087 1963 3188 2016 ista
3221 1965 3350 2018 est?
3397 1965 3516 2020 Jam

1581 2078 2156 2143 INTERPRETATIO.

288 2185 312 2247 ξ’
347 2175 481 2247 Deus
513 2177 808 2247 providens.

285 2245 314 2284 ι’
347 2245 534 2299 Omnia
555 2250 712 2301 cernit
752 2259 798 2301 et
828 2252 1000 2302 omnia
1033 2252 1202 2304 audit.

286 2317 565 2378 Homerus,
597 2327 745 2386 poeta
774 2320 1072 2388 eloquentiae
1099 2322 1283 2379 dulcis.
1310 2320 1447 2372 canit
1479 2320 1638 2372 solum
1669 2332 1802 2382 pra:—

217 2401 432 2444 ttantem
461 2392 575 2442 luce
600 2406 751 2460 pura,
783 2392 869 2459 qui
901 2392 980 2445 sol
1014 2392 1345 2446 nihilominus
1388 2407 1488 2443 non
1510 2398 1678 2456 potest
1704 2402 1813 2460 per-

222 2463 401 2514 radere
418 2459 614 2513 viscera
641 2461 889 2514 interiora
910 2473 1078 2524 terrae,
1114 2474 1200 2516 aut
1221 2464 1398 2527 maris,
1419 2461 1689 2525 splendore
1719 2459 1815 2510 im-

231 2530 390 2584 becilli
415 2545 634 2583 suorum
659 2533 945 2585 radiorum.
992 2533 1112 2586 Non
1152 2537 1222 2587 ita
1252 2535 1392 2590 Deus
1421 2543 1618 2585 creator
1641 2527 1813 2597 magni

230 2603 390 2655 mundi
414 2616 433 2655 :
448 2613 596 2656 teme
613 2604 764 2656 etiam
780 2605 1108 2657 crassissima:
1122 2622 1224 2658 non
1247 2605 1493 2658 resistunt
1513 2605 1558 2655 ei
1581 2643 1594 2666 ,
1617 2601 1815 2671 quippe

1915 2173 2003 2243 qui
2034 2171 2192 2225 cernit
2217 2169 2390 2243 omnia
2415 2183 2478 2243 ea;
2499 2166 2706 2221 sublimi
2730 2185 2749 2220 :
2779 2184 2882 2221 no.1:
2902 2169 3129 2243 obscuris
3157 2170 3268 2223 suis
3291 2171 3506 2227 tenebris

1918 2238 2019 2297 non
2071 2242 2282 2312 impedit
2327 2238 2566 2306 ejusdem
2614 2248 2921 2312 aspectum:
2977 2239 3111 2312 videt
3186 2257 3298 2293 uno-
3328 2243 3518 2296 intuitu

1918 2316 2120 2376 mentis,
2147 2310 2445 2376 'prtesentia,
2470 2312 2730 2382 praeterita
2757 2319 2802 2362 et
2817 2310 3015 2378 futura.
3077 2310 3339 2374 Quoniam
3360 2317 3520 2382 igitur

1922 2387 2064 2438 Deus
2089 2384 2232 2436 solus
2253 2381 2388 2434 videt
2411 2381 2605 2448 omnia,
2628 2392 2772 2451 potes
2799 2383 2968 2436 dicere
3008 2383 3176 2436 Deum
3213 2397 3334 2439 esse
3361 2381 3520 2440 salem

1919 2472 2088 2510 verum
2099 2496 2112 2509 .

1994 2535 2020 2563 ⁸
2055 2527 2292 2580 Boetius.

1758 2699 1996 2760 NOTAE."

227 2901 232 2904 I
290 2836 307 2867 ¹
343 2834 483 2890 Nam
522 2835 610 2889 ubi
650 2835 844 2897 oculos,
878 2830 1009 2903 etc]
1041 2833 1387 2890 Admirabilis
1436 2831 1821 2904 praedictorum

219 2906 361 3029 rati?I
389 2907 576 2961 lectori
620 2907 796 2975 potius
845 2905 1196 2974 attendenda,
1251 2919 1413 2975 quam
1466 2903 1596 2957 mihi
1655 2914 1823 2966 espo-

219 2992 324 3029 nen
367 2993 420 3029 a.

219 2992 420 3030 nenda.

287 3047 312 3080 ³
343 3048 490 3104 Πάντ’
535 3049 688 3121 ἐφορᾷ
722 3052 805 3101 καὶ
849 3051 992 3121 tranet”
1029 3044 1334 3121 inaniinani
1362 3045 1476 3121 Hoc
1504 3053 1611 3121 es_t_,
1651 3041 1825 3094 omnia

220 3122 382 3172 cernit
443 3133 485 3172 et
551 3114 723 3172 omnia
787 3119 972 3184 audit,
1033 3131 1088 3172 ut
1141 3119 1209 3172 de
1256 3114 1372 3170 sole
1427 3117 1502 3169 ait
1559 3114 1825 3168 Homerus

220 3190 376 3244 Iliad.
408 3213 462 3263 γ.

299 3287 320 3305 '
361 3281 520 3350 Quod
545 3282 784 3336 nonnulli
806 3290 999 3335 vocant
1021 3276 1671 3350 Archilochium.Carmen
1693 3287 1825 3326 ron-

223 3347 467 3407 staus'ex
504 3369 608 3406 uno
643 3368 840 3421 genere
895 3367 1182 3414 versuum,
1225 3364 1453 3421 quorum
1486 3347 1823 3421 quilibette-

225 3415 722 3492 tiatneterquattior
756 3423 917 3476 habet
949 3423 1167 3476 ttltimos
1195 3415 1386 3475 versus
1409 3418 1606 3472 heroici
1630 3415 1820 3486 pedes.

288 3519 347 3574 2.
381 3516 661 3572 Homerus.
695 3523 710 3589 j
760 3517 1026 3589 llomerus
1073 3528 1226 3583 poeta
1270 3515 1656 3589 celeberrimus
1692 3552 1706 3572 ,
1746 3509 1826 3589 sic

224 3591 425 3652 dictus,
459 3589 600 3658 quod
625 3583 814 3658 captus
840 3588 1014 3641 oculis
1045 3589 1179 3640 duce
1211 3586 1500 3658 indigeret.
1529 3584 1698 3658 Hujus
1723 3583 1824 3635 etsi

225 3661 434 3713 incerta
463 3656 586 3712 sunt
627 3656 889 3725 tempora,
938 3670 1112 3711 tamen
1155 3658 1311 3711 annis
1348 3656 1657 3725 llllllliSAi'llll
1700 3663 1827 3706 ante

225 3731 524 3784 Romulum
560 3747 573 3782 :
606 3723 924 3798 Colophonii
952 3744 1072 3782 es~e
1102 3729 1288 3781 dicunt
1314 3741 1492 3792 suum,
1526 3723 1644 3798 Chii
1669 3739 1825 3776 suum

223 3802 534 3864 vindicant,
563 3801 820 3854 Salamini
854 3800 992 3852 hunc
1029 3810 1316 3868 repetunt,
1353 3797 1619 3868 Smyrnaei
1669 3809 1825 3868 suum

226 3889 347 3927 esse
369 3871 740 3928 contendunt.
776 3871 918 3923 unde
946 3871 1012 3923 de
1039 3865 1228 3922 ubrutn
1263 3865 1522 3923 eidemin
1550 3881 1648 3918 suo
1673 3865 1828 3932 oppi-

223 3947 292 3994 do
330 3953 706 3998 eonstrttctum
741 3941 1146 3995 dedicaverunt.
1186 3938 1457 4007 Quidquid
1485 3937 1554 3990 sit
1601 3936 1668 3990 de
1709 3936 1827 4004 ejus

224 4017 426 4081 patria,
447 4027 550 4066 tam
583 4012 842 4066 facundus
871 4013 970 4064 fuit
992 4021 1164 4074 vates,
1192 4022 1250 4063 ut
1273 4007 1585 4081 Alexander
1599 4021 1827 4081 magnus

222 4078 273 4138 in
302 4086 406 4139 hoc
435 4083 733 4152 praesertim
764 4083 975 4135 dicatur
1006 4083 1342 4152 fortunatus,
1380 4079 1523 4144 quod
1559 4093 1678 4152 suae
1710 4078 1824 4130 vir-

199 4158 356 4210 tutis
389 4149 694 4224 praeconem
745 4155 1031 4207 llomerum
1080 4163 1280 4224 nactus
1319 4151 1506 4224 fuerit.
1559 4149 1825 4224 Homerus

222 4218 409 4281 autem
441 4227 638 4294 saepius
668 4224 1010 4280 commendat
1033 4229 1201 4278 solem
1235 4222 1463 4294 ejusque
1494 4220 1695 4294 lumen,
1717 4218 1826 4294 sed

223 4291 572 4351 occasionem
604 4297 792 4349 horum
827 4310 1078 4349 versuum
1110 4291 1459 4357 Philosorihia
1498 4291 1653 4344 nobis
1675 4293 1829 4343 vide-

1933 2827 2088 2872 calur
2119 2827 2343 2882 magnus
2372 2812 2626 2866 mundus.

2006 2888 2058 2939 7.
2100 2884 2180 2938 Ea:
2202 2881 2308 2936 alto
2329 2892 2510 2936 cuncta
2539 2884 2719 2943 tuenti.
2748 2881 2768 2956 ]
2797 2883 2851 2938 Si
2893 2884 3201 2958 Deuscam,
3231 2903 3389 2958 quam
3429 2889 3522 2944 ha~

1856 2965 1903 3028 (ζ
1938 2957 2028 3012 bet
2049 2971 2234 3010 rerum
2266 2966 2601 3016 creatarum.
2650 2955 2922 3028 notionem
2953 2955 3080 3024 ipsis
3126 2955 3288 3014 rebus
3326 2963 3521 3016 rreatis

1938 3031 2158 3081 referret
2187 3037 2503 3097 acceptam,
2529 3041 2650 3078 cum
2683 3025 2944 3092 ejusmodi
2980 3042 3067 3081 res
3091 3030 3200 3084 sint
3230 3030 3338 3085 Deo
3367 3034 3522 3097 longe

1935 3098 2240 3162 inferiores,
2290 3097 2428 3149 Deus
2454 3095 2729 3150 diceretur
2755 3113 2842 3150 res
2886 3100 3015 3153 istas
3035 3114 3097 3152 ex
3133 3101 3325 3156 humili
3358 3095 3520 3158 tueri.

1930 3170 2106 3236 Quare
2134 3183 2254 3240 cum
2289 3165 2432 3240 Deus
2459 3168 2650 3220 alienae
2676 3167 2792 3233 Opis
2823 3167 2952 3223 nihil
2989 3169 3199 3240 indigus
3231 3183 3286 3226 ut
3327 3176 3390 3224 ad
3425 3189 3522 3227 vo-

1933 3242 2152 3294 lendum
2186 3239 2267 3292 sic
2295 3238 2362 3290 ad
2385 3241 2842 3306 cognoscendum,
2897 3241 3084 3294 harum
3109 3238 3310 3296 rerum
3345 3246 3520 3298 notio-

1935 3328 2057 3365 nem
2089 3326 2151 3364 ex
2181 3308 2476 3377 semetipso
2507 3308 2723 3376 habeat,
2747 3311 2948 3380 optime
2968 3313 3162 3368 dicitur
3191 3329 3278 3369 res
3306 3315 3440 3370 istas
3461 3331 3524 3375 es

1932 3382 2039 3436 alto
2066 3381 2220 3434 tueri.
2790 3424 2799 3430 .
2998 3381 3012 3391 '

2004 3454 2093 3537 ll).
2127 3451 2256 3537 Qua:
2279 3451 2400 3537 sint,
2432 3466 2544 3514 qui:
2570 3453 2788 3520 fuerint,
2814 3455 3130 3537 veniamque.
3163 3454 3522 3537 ]nPra’se_ntia,

1933 3525 2213 3592 prwterita,
2248 3533 2296 3574 et
2323 3523 2499 3589 futura
2529 3537 2546 3573 :
2574 3538 2694 3574 nam
2722 3538 2844 3577 cum
2886 3523 3120 3589 cognitio
3164 3523 3270 3582 Dei
3313 3529 3524 3585 inlinita

1933 3596 2025 3660 sit,
2060 3599 2174 3647 haec
2215 3593 2375 3646 nullis
2404 3594 2708 3658 praesentis,
2750 3596 3032 3662 praeteriti,
3071 3605 3165 3650 aut
3197 3601 3360 3654 futuri
3389 3611 3524 3654 tem-

1936 3666 2080 3738 poris
2129 3661 2447 3738 (lilii-renuis
2493 3661 2866 3738 circumscribi
2910 3676 3104 3738 potest.
3163 3670 3300 3735 Quin
3334 3671 3520 3738 etiam,

1933 3737 2076 3804 quod
2106 3735 2297 3806 eadem
2330 3734 2680 3806 Deicoguitio
2711 3733 2780 3786 sit
2812 3733 3054 3800 inlinita,
3098 3733 3211 3793 haec
3240 3733 3522 3806 multiplei

1933 3803 2056 3860 esse
2089 3804 2316 3874 nequit;
2345 3803 2484 3858 unde
2513 3804 2652 3868 Deus
2698 3808 2879 3859 omnia
2922 3824 3024 3860 uno
3066 3810 3247 3862 mentis
3290 3803 3452 3866 cernit
3475 3815 3525 3867 in

1932 3878 2032 3930 ictu
2043 3915 2056 3928 .

2012 3948 2094 4001 l2.
2135 3945 2269 4010 Quia
2293 3945 2495 4008 respicit
2521 3947 2694 3997 omnia
2717 3947 2875 4018 solus,
2900 3956 3005 4002 etc.
3041 3947 3056 4018 ]
3094 3949 3311 4004 Videtur
3345 3952 3523 4008 Philo-

1935 4019 2119 4086 sophia
2152 4017 2456 4086 respexisse
2499 4024 2620 4070 cuiu
2664 4016 2728 4068 ad
2780 4016 3086 4085 praedictam
3139 4021 3355 4076 Homeri
3407 4039 3527 4079 seu-
3590 4067 3595 4073 .

1941 4092 2180 4151 tentiam,
2215 4099 2323 4141 tum
2355 4090 2514 4140 etiam
2542 4093 2604 4139 ad
2641 4087 2754 4141 inec
2797 4088 3078 4143 CiCeronis
3117 4095 3273 4146 verba
3308 4109 3320 4146 I
3353 4095 3419 4147 de
3439 4096 3528 4150 Di.

1933 4162 2042 4232 vin.
2069 4170 2123 4214 et
2155 4176 2188 4212 ιι
2208 4160 2276 4214 de
2299 4157 2420 4232 Nat.
2451 4159 2627 4232 deor.,
2653 4157 2768 4224 Sol,
2798 4161 2990 4229 inquit,
3011 4161 3179 4215 dictus
3200 4165 3383 4226 est,vil
3407 4168 3528 4232 quia

1933 4230 2074 4284 solus
2094 4247 2160 4284 ea:
2189 4229 2420 4284 omnibus
2439 4231 2688 4282 sideribus
2715 4241 2786 4282 est
2812 4242 3001 4295 tantus,
3034 4235 3109 4285 vel
3145 4234 3266 4300 quia
3295 4229 3528 4289 cum-ea:-

1937 4313 2082 4374 ortns
2112 4312 2214 4365 est,
2239 4302 2520 4353 obscuratis
2565 4301 2758 4353 caeteris
2787 4301 3038 4374 sideribus
3079 4302 3218 4356 solus
3267 4317 3477 4374 apparet
3507 4322 3527 4360 :

226 4381 311 4421 tur
343 4371 645 4445 sumpsisse
670 4383 733 4420 ex
761 4366 909 4420 Iliad.
943 4389 975 4439 7
1005 4385 1018 4420 :
1052 4365 1409 4445 untleulllma
1441 4368 1629 4445 Verba_
1651 4375 1830 4445 ιιιόεξε
1857 4369 1912 4431 D
1938 4373 2088 4440 quasi
2113 4374 2190 4426 sic
2227 4380 2595 4445 argumentata
2638 4381 2779 4424 esset
2813 4372 3192 4445 Philosophia:
3225 4365 3528 4445 quicunque

221 4431 528 4508 superioris
549 4440 830 4505 desumpta
861 4431 1010 4502 sunt,
1038 4446 1091 4490 et
1124 4437 1211 4490 ubi
1258 4435 1526 4490 Homerus
1551 4431 1832 4488 solem‘al-

221 4510 444 4567 locutus
474 4511 551 4564 sic
577 4509 722 4562 canit
755 4526 768 4560 :

373 4602 560 4662 Ἠέλιος
591 4601 628 4645 9'
659 4599 713 4663 ὃς
742 4601 893 4657 πάντ’
921 4603 1106 4676 ἐφορᾷς
1129 4605 1215 4655 καὶ
1235 4596 1382 4656 πάντ’
1411 4595 1701 4658 ἐπακούεις.

354 4695 440 4745 Sol
465 4707 663 4757 quoque
687 4695 771 4756 qui
794 4694 956 4743 omnia
977 4693 1114 4741 vides
1139 4700 1192 4741 et
1209 4691 1370 4740 omnia
1393 4689 1548 4738 audis.

219 4799 399 4866 Quasi
443 4799 712 4854 llomerus
761 4801 1028 4867 putaverit
1085 4800 1290 4863 solem,
1338 4799 1507 4851 instar
1553 4795 1832 4864 cujusdam

216 4869 493 4928 numinis.
521 4872 700 4922 omnia
729 4871 910 4924 videre
935 4881 988 4924 et
1008 4870 1216 4924 audire.
1246 4869 1447 4923 Plinius
1477 4870 1512 4920 Ι.
1537 4881 1750 4932 xt.cap.
1770 4870 1822 4918 6:

215 4939 338 4994 Hic
372 4939 502 5010 (sol)
535 4940 726 5009 inquit,
751 4957 900 4994 suum
923 4942 1092 4995 lumen
1117 4941 1311 4994 cwteris
1337 4955 1536 5008 quoque
1571 4938 1826 5010 sideribus

213 5008 816 5080 fenerat.'prarclarus,
846 5012 1094 5076 eximius,
1148 5012 1322 5065 omnia
1367 5011 1592 5068 intuens.
1653 5008 1827 5080 omnia

211 5079 389 5136 etiam
419 5082 730 5145 exaudiens,
758 5093 812 5135 ut
843 5084 1063 5150 principi
1097 5082 1390 5136 litterarum
1429 5081 1655 5134 Homero
1710 5079 1828 5147 pla-

211 5155 401 5207 cuisse
425 5154 478 5205 in
501 5169 602 5204 uno
628 5169 686 5206 eo
719 5153 884 5206 video.

296 5225 362 5279 3.
398 5223 498 5288 Qui
529 5233 719 5286 tamen,
743 5234 846 5278 etv.
873 5223 891 5295 ]
926 5221 1179 5291 Quamvis
1208 5223 1289 5276 sol
1312 5223 1378 5276 ali
1412 5223 1652 5295 llomero
1679 5221 1822 5295 dica-

213 5305 314 5350 tur
349 5303 502 5349 tanto
530 5304 790 5363 priestaus
817 5294 1038 5363 lumine.
1085 5306 1142 5349 ut
1163 5299 1343 5348 omnia
1372 5294 1571 5350 vdeat.
1619 5294 1701 5345 sol
1740 5302 1821 5345 ta-

211 5383 364 5421 men
394 5360 596 5420 lumine
624 5365 760 5418 adeo
788 5360 951 5419 debili
977 5375 1078 5432 est,
1106 5377 1161 5419 ut
1183 5366 1422 5420 remissis
1447 5381 1567 5418 cunt
1593 5379 1620 5416 a
1654 5375 1814 5424 terra,

212 5446 354 5491 tum
386 5439 545 5492 etiam
579 5453 607 5489 a
645 5436 775 5490 mari
799 5437 1040 5504 ejusdem
1074 5437 1257 5498 radiis,
1292 5435 1373 5489 sol
1410 5444 1639 5503 nequeat
1672 5435 1821 5486 illus-

210 5517 404 5577 trare,
446 5507 687 5574 adeoque
708 5522 817 5577 “nec
858 5507 1040 5561 videre
1082 5507 1264 5561 intima
1311 5518 1402 5559 aut
1434 5514 1698 5559 terrarum
1730 5515 1824 5559 aut

211 5581 404 5634 maris
445 5579 681 5633 viscera:
708 5576 827 5633 haec
853 5578 1037 5633 videre
1070 5579 1238 5634 solius
1263 5588 1349 5632 est
1374 5578 1486 5643 Dei,
1517 5591 1547 5630 a
1571 5591 1678 5647 quo
1708 5576 1822 5632 lure

208 5652 420 5708 omnia
451 5660 634 5704 creata
664 5660 1070 5704 conservantur.

292 5724 362 5778 6.
398 5721 576 5791 Magni
620 5721 854 5774 conditor
902 5719 1105 5792 orbis.]
1160 5717 1318 5780 Deus,
1374 5719 1461 5788 qui
1504 5731 1689 5772 revera
1739 5729 1822 5774 est

205 5805 455 5849 creator
495 5809 600 5845 non
624 5792 796 5844 solum
825 5792 1055 5844 hominis
1084 5794 1176 5862 qui
1217 5793 1412 5844 dicitur
1450 5804 1643 5862 parvus
1667 5805 1822 5842 tnun-

203 5862 366 5934 dus,
389 5863 486 5922 sed
505 5863 834 5932 reliquorum
859 5860 1141 5934 omnium,
1171 5877 1396 5934 quorum
1420 5860 1699 5930 congeries
1725 5875 1819 5916 vo-

1939 4445 2118 4496 omnia
2147 4443 2364 4511 respicit
2388 4453 2440 4495 et
2461 4441 2676 4510 quidem
2701 4445 2869 4509 solus,
2893 4444 3002 4508 ille,
3019 4444 3218 4511 judicio
3238 4441 3454 4501 llomeri
3473 4458 3530 4504 et

1940 4513 2250 4573 Ciceronis.
2310 4527 2469 4584 verus
2499 4514 2580 4566 sol
2607 4512 2708 4567 dici
2741 4524 2936 4582 potest.
2986 4515 3142 4584 Atqui
3174 4517 3314 4571 Deus
3347 4521 3540 4572 ontnia'

1942 4584 2162 4648 respicit
2189 4593 2241 4637 et
2292 4583 2507 4649 quidem
2544 4585 2710 4638 solus.
2760 4586 2897 4653 Ergo
2927 4583 3087 4642 Deus
3107 4601 3267 4642 verus
3310 4588 3392 4644 sol
3421 4590 3528 4647 dici

1944 4666 2142 4722 potest,
2162 4653 2366 4719 judicio
2397 4663 2662 4707 tantorum
2693 4653 2952 4710 virorum.
3387 4681 3394 4684 έ

1997 4727 2028 4798 ιᾲ
2073 4723 2358 4798 Difﬁciliori
2425 4724 2827 4797 ambiguitate.]
2888 4727 3219 4798 Ambiguitas
3283 4741 3530 4787 versatur

1942 4795 1992 4849 in
2017 4796 2118 4869 hoc
2160 4797 2299 4866 quod
2353 4798 2625 4865 proposita
2655 4795 2934 4866 multiplici
2965 4795 3070 4853 via'
3106 4800 3380 4855 dubitetur
3417 4818 3521 4869 qua

1934 4868 2166 4942 eundum
2191 4870 2259 4921 sit
2292 4871 2633 4942 :_ambt‘guum
2663 4869 2805 4921 enim
2835 4870 3032 4923 dicitur
3057 4871 3124 4924 ab
3155 4873 3354 4942 ambigo
3377 4887 3397 4926 :
3417 4868 3529 4926 am-

1934 4939 2049 5012 biga
2074 4949 2252 5012 autem
2285 4938 2352 4990 ab
2375 4943 2520 4990 ambe
2539 4938 2749 5012 circum,
2772 4952 2824 4991 et
2853 4957 2950 5012 ago
2977 4959 2995 5005 ;
3026 4942 3175 5009 quasi
3199 4938 3394 5012 ille'qui
3419 4959 3531 4998 am-

1935 5009 2090 5083 bigit,
2124 5011 2326 5083 circum
2357 5020 2564 5074 agatur.
2603 5008 2737 5083 Hinc
2767 5008 3078 5083 ambiguitas
3111 5008 3523 5083 dicitur-primo

1931 5082 2000 5133 de
2026 5080 2361 5147 corporibus,
2385 5093 2506 5146 qua:
2533 5080 2748 5146 paribus
2779 5080 2901 5135 hinc
2932 5083 3054 5136 inde
3077 5080 3362 5138 virtmibus
3385 5095 3526 5149 acta,

1934 5166 2105 5219 neque
2133 5152 2230 5203 hac
2263 5154 2439 5218 potius
2469 5165 2625 5213 quam
2670 5149 2795 5203 illac
2832 5162 3154 5216 moventur;
3187 5157 3425 5208 secundo
3462 5159 3528 5208 de

1933 5223 2202 5275 mentibus
2229 5265 2242 5288 ,
2275 5236 2394 5289 qua:
2424 5219 2642 5287 paribus
2685 5223 2934 5289 utrinque
2974 5227 3306 5290 argumentis
3337 5228 3529 5291 impul-

1929 5308 2026 5355 sae,
2060 5309 2164 5346 non
2190 5293 2276 5345 ttni
2307 5294 2502 5360 potius,
2526 5307 2688 5359 quam
2714 5293 2867 5364 alteri
2897 5296 3211 5358 quaestionis
3243 5298 3374 5364 parti
3403 5312 3529 5346 l0:t-

1931 5365 2186 5417 sentiunt.
2219 5364 2334 5430 Quo
2365 5375 2533 5427 magis
2562 5374 2738 5416 autem
2768 5362 2979 5418 Boetius
3007 5362 3400 5432 Philosophiam
3423 5365 3529 5420 di--

1931 5446 2200 5488 serentem
2233 5435 2502 5502 intelligit,
2533 5448 2598 5486 eo
2623 5433 2741 5506 ejus
2769 5450 2920 5488 meus
2951 5437 3158 5506 libratis
3178 5450 3524 5506 argumento-

1927 5520 2046 5560 rum
2077 5508 2362 5560 tnomentis
2401 5510 2600 5558 incerta
2631 5505 2843 5559 videtur
2872 5510 3012 5560 circa
3069 5505 3306 5560 divinam
3342 5508 3523 5561 Prori-

1928 5576 2163 5632 dentiam
2197 5578 2608 5641 libertatemque
2659 5578 2946 5630 humanam
2975 5617 2991 5639 ,
3021 5579 3088 5632 de
3116 5580 3309 5647 quibus
3337 5579 3518 5634 hacte-

1926 5661 2032 5704 nus
2075 5647 2418 5715 Philosophia
2447 5647 2751 5718 disseruit,
2799 5664 3025 5718 quicque
3055 5649 3126 5702 ita
3158 5649 3402 5704 videntur
3424 5668 3526 5716 pu-

1929 5734 2116 5786 gnare,
2149 5731 2206 5773 ut
2231 5718 2394 5772 altera
2409 5717 2636 5770 alteram
2665 5717 3096 5774 destruat.'lliuc
3133 5721 3270 5773 idem
3301 5721 3517 5778 Boetius

1933 5791 2184 5856 pl‘OpOllil
2213 5796 2523 5856 :u-guutenta
2571 5788 2768 5856 quibus
2789 5799 2945 5859 putat
2966 5791 3167 5845 destrui
3190 5806 3344 5858 posse
3374 5810 3511 5849 con-

1929 5860 2173 5917 cordiam
2194 5860 2388 5918 divinae
2420 5860 2777 5918 Prowdentia:
2797 5872 2856 5918 et
2871 5861 3128 5919 libertatis
3151 5861 3423 5922 humanae.
