4010 6372
462 314 563 369 847

1682 308 1790 363 AN.
1834 307 2041 363 MANL.
2084 306 2234 363 SEV.
2280 306 2503 361 BOETII

3628 302 3728 359 848

464 445 554 484 sus
603 434 928 495 mu.tumque
967 425 1216 495 qumsita;
1260 422 1354 478 sed
1387 422 1523 477 haud
1557 438 1820 493 quaquam
1851 424 1918 477 ab
1942 424 2049 477 ullo
2076 426 2124 479 A
2155 421 2601 475 convenientibus
2623 418 3044 490 neci-ssariisque
3071 418 3245 473 causis
3270 431 3390 472 esse
3415 416 3733 473 ducendam.

464 528 699 576 vestrum
723 518 976 573 hactenus
1004 518 1133 573 satis
1153 517 1434 587 diligenter
1454 530 1516 569 ac
1539 517 1761 570 ﬁrmiter
1779 515 2044 585 expedita.

461 614 478 645 ⁸
510 612 673 681 Cujus
702 619 730 648 ⁸
756 608 998 677 caliginis
1027 610 1107 680 (5)
1139 624 1296 664 causa
1325 617 1428 673 est,
1456 607 1593 677 quod
1626 607 1868 663 humanae
1886 607 2047 660 ratio-

456 705 740 761 cinationis
767 714 942 758 metus
968 703 1031 757 ad
1054 701 1247 756 divina;
1275 700 1623 771 praescientiaa
1651 700 2044 769 simplicitatem

460 813 564 851 non
590 804 762 864 potest
781 794 1049 849 admoveri
1078 810 1091 847 :
1111 809 1228 863 qua:
1246 794 1288 847 si
1313 793 1417 847 ullo
1434 793 1595 848 modo
1614 791 1839 861 cogitari
1863 800 2043 861 queat,

457 889 590 945 nihil
642 902 865 959 prorsus
914 886 1247 957 relinquetur
1272 885 1301 924 δ
1341 886 1619 956 ambigui:
1664 885 1805 955 quod
1843 884 1913 939 ita
1946 883 2043 938 de-

455 995 601 1033 unum
633 979 953 1048 patefacere,
990 990 1150 1047 atque
1189 988 1212 1016 ο
1259 977 1510 1046 expedire
1552 979 1788 1046 tentabo,
1820 979 1865 1032 si
1895 979 2044 1047 prius

451 1089 515 1127 ea
542 1073 733 1142 quibus
764 1073 1018 1136 moveris,
1041 1068 1068 1109 ά
1097 1070 1593 1140 expendero.335
1622 1072 1641 1101 ²
1674 1070 1866 1137 Quer
1895 1071 2038 1125 enim

451 1180 545 1219 cur
570 1166 711 1218 illam
743 1163 1061 1218 solventium
1094 1165 1353 1217 rationem
1386 1170 1408 1198 ε
1440 1164 1613 1216 minus
1639 1161 1911 1217 efﬁcacem
1943 1178 2041 1231 pu-

450 1264 531 1310 tes
564 1272 577 1307 :
608 1270 725 1324 qua}
755 1254 879 1325 quia
920 1254 1305 1323 praescientiam
1345 1267 1449 1307 non
1485 1266 1604 1307 esse
1650 1251 1842 1306 futuris
1882 1254 2040 1308 rebus

450 1360 670 1401 causam
716 1346 1053 1401 necessitatis
1103 1344 1395 1411 existimat,
1437 1344 1566 1398 nihil
1608 1344 1854 1413 impediri
1900 1360 2038 1412 prte-

451 1437 676 1493 scientia
702 1437 910 1493 arbitrii
940 1438 1237 1492 libertatem
1271 1444 1437 1505 putat.
1461 1436 1596 1490 Num
1621 1438 1761 1491 enim
1790 1445 1843 1490 tu
1872 1437 2040 1490 aliun-

448 1531 518 1586 de
564 1539 940 1600 argumentum
987 1529 1281 1583 futurorum
1327 1527 1661 1582 necessitatis
1703 1528 1892 1591 trahis,
1936 1526 2036 1581 nisi

447 1621 590 1690 quod
607 1635 667 1675 ea
684 1619 764 1689 (ὅ)
778 1635 894 1689 quae
915 1620 1289 1685 prmsciuntur,
1310 1634 1415 1672 non
1429 1620 1645 1673 evenire
1660 1633 1762 1671 non
1780 1618 2039 1687 possunt?

446 1711 502 1767 Si
534 1711 694 1779 igitur
724 1710 984 1779 praenotio
1007 1711 1206 1764 nullam
1240 1709 1427 1763 futuris
1457 1710 1616 1764 rebus
1642 1710 1821 1777 adjicit
1851 1724 2037 1764 neces-

2156 510 2260 564 Sed
2294 510 2313 547 ι
2340 512 2426 579 qui
2452 510 2566 564 ﬁeri
2601 517 2791 578 potest,
2822 521 2880 563 ut
2903 524 2963 563 ea
2995 524 3098 563 non
3130 508 3463 578 proveniant,
3497 524 3617 576 quae
3653 507 3737 562 [ιιι

2155 611 2270 656 tura
2300 618 2419 656 esse
2452 601 2831 672 providentur?
2862 602 3026 668 Quasi
3065 617 3193 656 vero
3225 615 3320 655 nos
3347 617 3431 667 ea,
3464 616 3585 670 quae
3615 617 3737 668 pro.

2154 694 2385 748 videntia
2414 694 2590 748 futura
2619 710 2741 749 esse
2782 694 3085 762 praenoscit,
3119 710 3223 747 non
3254 703 3509 748 eventura
3540 696 3735 747 creda-

2149 801 2267 839 mus
2296 799 2396 839 :ac
2434 801 2537 839 non
2567 785 2694 843 illud
2725 784 2839 857 (9.5)
2882 785 3057 854 potius
3086 786 3430 847 arbitremur,
3463 785 3587 838 licet
3613 799 3738 839 eve-

2151 877 2315 941 niant,
2338 875 2469 930 nihil
2489 886 2685 941 tamen,
2706 884 2762 929 ut
2782 875 3076 939 evenirent,
3096 876 3178 929 sui
3200 886 3382 929 natura
3402 874 3739 929 ηεεαοεςῑιειιίε
3790 876 3797 883 ’

2150 964 2403 1021 habuisse
2430 983 2443 1019 :
2466 966 2609 1035 quod
2653 966 2777 1021 binc
2824 965 2977 1020 facile
3006 965 3306 1036 perpendas
3343 966 3542 1021 licebit.
3580 965 3737 1018 Plura

2146 1056 2343 1113 etenim
2387 1057 2514 1111 dum
2552 1058 2704 1124 liunt,
2748 1057 2987 1127 subjecta
3028 1058 3196 1111 oculis
3236 1058 3505 1112 intuemur
3536 1075 3550 1111 :
3583 1068 3639 1110 ut
3676 1072 3736 1110 ea

2146 1168 2264 1220 qua:
2290 1152 2342 1204 in
2367 1160 2392 1198 ε
2420 1151 2691 1220 quadrigis
2719 1149 3058 1205 moderandis
3082 1159 3240 1219 atque
3261 1150 3538 1206 ﬂectendis
3563 1150 3738 1204 facere

2146 1253 2456 1313 spectantur
2502 1245 2703 1314 aurigze
2733 1259 2748 1302 :
2785 1253 2944 1313 atque
2984 1243 3050 1297 ad
3094 1243 3234 1298 hunc
3265 1244 3482 1297 modum
3515 1252 3734 1296 caetera.

2146 1337 2280 1390 Num
2312 1338 2471 1407 igitur
2496 1336 2783 1405 quidquam
2814 1336 3023 1390 illorum
3055 1336 3125 1389 ita
3154 1337 3267 1391 ﬁeri
3296 1335 3591 1390 necessitas
3622 1336 3736 1404 (50)

2146 1428 2252 1481 ulla
2297 1426 2602 1496 compellit?
2634 1426 2874 1482 Minime.
2906 1425 3124 1480 Frustra
3155 1426 3295 1481 enim
3324 1436 3468 1481 esset
3496 1429 3630 1481 artis
3661 1427 3737 1479 el-

2146 1520 2336 1583 fectus,
2360 1522 2405 1573 si
2440 1518 2617 1572 omnia
2651 1528 2835 1573 coacta
2866 1530 3231 1575 moverentur.
3258 1519 3388 1586 Qua:
3417 1519 3581 1588 igitur
3611 1534 3733 1573 cum

2149 1609 2508 1675 liunt,’careut
2550 1609 2811 1664 εχὶειεηάἰ
2842 1610 3180 1675 necessitate,
3212 1610 3395 1664 eadem
3422 1612 3733 1680 priusquam

2150 1703 2296 1770 ﬁant,
2331 1701 2447 1757 sine
2495 1703 2815 1756 necessitate
2844 1700 3014 1755 lutura
3050 1711 3193 1756 sunt.
3224 1702 3399 1769 Quare
3437 1712 3563 1756 sunt
3594 1700 3735 1771 qua:e

444 1802 681 1865 sitatem,
704 1798 846 1869 quod
878 1807 932 1853 tu
955 1801 1115 1853 etiam
1141 1798 1292 1868 paulo
1323 1807 1449 1853 ante
1476 1799 1742 1864 fatebare;
1774 1798 1900 1868 quid
1929 1808 2031 1865 est,
2070 1814 2113 1872 Β
2145 1794 2264 1847 dum
2292 1804 2574 1860 eventura,
2602 1809 2827 1864 quorum
2852 1794 3025 1847 exitus
3047 1796 3114 1848 ab
3141 1794 3286 1848 omni
3319 1796 3645 1849 necessitate
3667 1798 3734 1849 sit

446 1893 588 1964 quod
638 1893 925 1947 voluntarii
969 1892 1145 1947 exitus
1191 1906 1371 1947 rerum
1414 1893 1480 1945 ad
1531 1903 1733 1946 certum
1776 1901 2035 1960 cogantur

443 1984 739 2041 eventum?
770 1982 981 2038 Etenim
1014 1982 1294 2053 positionis
1342 1983 1535 2052 gratia,
1580 1990 1636 2035 ut
1679 1983 1804 2051 quid
1848 1997 2035 2037 conse-

444 2087 640 2149 quatur
684 2078 953 2141 advertas,
996 2084 1291 2131 statuamus
1338 2075 1535 2128 nullam
1584 2088 1703 2128 esse
1745 2073 2033 2140 praescien-

446 2171 595 2224 tiam.
620 2167 751 2223 Num
777 2167 956 2238 igitur,
974 2179 1233 2237 quantum
1256 2166 1321 2220 ad
1343 2166 1444 2220 hoc
1468 2165 1675 2231 attinet,
1696 2165 1807 2235 (l0)
1830 2181 1948 2234 quae
1968 2181 2029 2221 ex

443 2259 668 2317 arbitrio
689 2258 964 2323 eveniunt,
989 2258 1055 2312 ad
1080 2258 1454 2313 necessitatem
1479 2258 1773 2325 coguntur?
1796 2257 2032 2312 Minime.

443 2352 753 2405 Statuamus
791 2350 982 2404 iterum
1014 2363 1153 2414 esse,
1198 2348 1293 2403 sed
1336 2348 1469 2403 nihil
1513 2348 1674 2403 rebus
1705 2350 2035 2403 necessitatis

444 2443 744 2514 injungere,
777 2442 1032 2505 manebit,
1068 2448 1125 2495 ut
1152 2442 1365 2510 opinor,
1406 2441 1592 2494 eadem
1625 2440 1910 2493 voluntatis
1950 2439 2034 2494 in-

444 2543 593 2605 tegra
639 2542 799 2603 atque
843 2532 1088 2587 absoluta
1134 2531 1376 2587 libertas.
1418 2530 1525 2587 Sed
1565 2532 1921 2600 praescientia,
1951 2532 2035 2586 in~

444 2627 620 2698 quies,
656 2627 866 2681 tametsi
913 2626 1102 2681 futuris
1138 2624 1423 2680 eveniendi
1461 2624 1755 2678 necessitas
1792 2640 1897 2678 non
1931 2633 2033 2690 est,

445 2719 653 2789 signum
686 2728 864 2772 tamen
901 2726 1003 2782 est,
1038 2716 1340 2771 necessario
1374 2730 1437 2771 ea
1473 2729 1593 2769 esse
1632 2723 1877 2769 ventura.
1925 2714 2036 2770 Hoc

444 2811 605 2881 igitur
654 2809 835 2879 modo,
871 2809 1032 2865 etiam
1075 2810 1119 2862 si
1166 2807 1516 2877 praecognitio
1548 2807 1662 2875 (15)
1688 2823 1793 2861 non
1825 2806 2033 2873 fuisset,

446 2899 781 2956 necessarios
823 2900 1118 2954 futurorum
1160 2900 1337 2953 exitus
1375 2912 1494 2952 esse
1532 2906 1823 2951 constaret.
1867 2898 2037 2953 Omne

443 2992 641 3048 etenim
674 2992 905 3061 signum,
939 2999 1142 3045 tantum
1174 2990 1298 3059 quid
1341 2988 1430 3053 sit,
1463 2990 1717 3053 ostendit,
1761 3004 1867 3043 non
1906 3004 2037 3044 vero

443 3083 609 3139 efﬁcit
654 3083 799 3154 quod
844 3081 1108 3151 designat.
1150 3079 1327 3148 Quare
1366 3077 1841 3133 demonstrandum
1889 3080 2037 3148 prius

2137 1894 2435 1948 absolutus.
2484 1895 2646 1965 336
2685 1893 2815 1949 Nam
2848 1894 2975 1949 illud
3016 1895 3231 1963 quidem
3266 1895 3470 1949 nullum
3501 1897 3735 1953 arbitror

2138 2001 2258 2041 esse
2286 1986 2575 2053 dicturum,
2600 1985 2742 2055 quod
2777 2001 2895 2055 qua!
2926 2001 3067 2041 nunc
3118 1988 3267 2047 liunt.
3301 1988 3614 2057 priusquam
3645 1990 3737 2043 ﬁe-

2136 2088 2279 2143 rent,
2314 2089 2573 2133 eventura
2602 2092 2705 2131 non
2739 2076 2954 2131 fuerint.
2986 2077 3109 2131 llaec
3146 2078 3305 2145 igitur
3332 2079 3492 2132 etiam
3526 2094 3736 2147 prmco.

2135 2169 2278 2237 gnita
2304 2168 2499 2222 liberos
2527 2167 2725 2222 habent
2748 2177 2990 2221 eventus.
3020 2168 3151 2222 Nam
3178 2168 3562 2223 sicutscientia
3591 2184 3728 2238 pra:-

2136 2262 2368 2314 sentium
2406 2274 2584 2313 rerum
2616 2258 2750 2313 nihil
2785 2258 2866 2311 bis
2903 2273 3024 2327 qua:
3066 2257 3220 2325 ﬁunt,
3270 2260 3338 2311 ita
3396 2260 3736 2326 prtescientia

2138 2352 2434 2404 futurorum
2470 2348 2601 2401 nihil
2629 2348 2711 2402 bis
2739 2364 2857 2416 qua:
2884 2341 3105 2402 ventura
3130 2349 3208 2417 (5)
3239 2356 3363 2401 ειιηι
3393 2350 3737 2403 necessitatis

2139 2440 2165 2478 ιι
2197 2444 2471 2510 importat.
2504 2440 2608 2496 Sed
2642 2440 2766 2506 hoc,
2796 2440 2994 2509 inquis,
3029 2442 3199 2508 ipsum
3231 2440 3528 2502 dubitatur,
3552 2456 3619 2494 an
3649 2457 3734 2495 ea.

2142 2549 2260 2587 rum
2288 2548 2467 2588 rerum
2506 2546 2625 2600 qua!
2662 2533 2999 2587 necessarios
3028 2530 3205 2585 exitus
3238 2547 3339 2586 non
3373 2530 3594 2595 habent,
3632 2532 3733 2587 ulla

2140 2623 2308 2690 possit
2345 2637 2464 2678 esse
2503 2624 2782 2692 prrenotio.
2837 2624 2852 2658 ί
2882 2622 3175 2676 Dissonare
3206 2624 3404 2677 etenim
3440 2623 3734 2676 videntur:

2142 2727 2425 2786 putasque,
2464 2718 2508 2770 s‘i
2554 2716 2965 2784 prmvideantur,
3005 2716 3261 2784 consequi
3311 2717 3688 2771 necessitatem
3721 2737 3734 2770 :

2140 2810 2184 2863 si
2211 2811 2500 2863 necessitas
2524 2808 2686 2874 desit,
2715 2807 2939 2862 minime
2970 2808 3228 2875 praesciri,
3254 2806 3492 2877 nihilque
3514 2808 3735 2864 scientia

2140 2900 2529 2969 Comprehendi
2559 2916 2714 2969 posse
2745 2900 2847 2953 nisi
2876 2909 3104 2953 certum.
3140 2899 3293 2966 Quod
3323 2899 3367 2952 si
3399 2916 3518 2969 qua:
3547 2900 3738 2957 incerti

2138 3004 2263 3047 sunt
2296 2993 2411 3064 (l0)
2442 2993 2636 3055 exitus,
2670 3006 2730 3046 ea
2761 2991 2912 3061 quasi
2942 3002 3087 3045 certa
3126 2990 3490 3058 providentur,
3522 2992 3738 3058 opinio-

2142 3086 2222 3138 nis
2248 3084 2299 3138 id
2321 3100 2440 3139 esse
2466 3083 2479 3133 i
2513 3083 2821 3152 caliginem,
2850 3097 2955 3136 non
2980 3082 3216 3135 scientiae
3236 3084 3539 3135 veritatem.
3565 3082 3740 3135 Aliter

442 3182 550 3239 est,
576 3174 713 3228 nihil
746 3187 852 3228 non
876 3188 938 3226 ex
973 3170 1294 3226 necessitate
1321 3169 1647 3237 contingere,
1671 3181 1730 3222 ut
1750 3172 2037 3237 prtcnotioc
2067 3184 2111 3245 ρ
2143 3174 2285 3229 enim
2315 3189 2378 3228 ac
2417 3188 2538 3229 sese
2567 3190 2653 3229 res
2686 3174 2939 3238 habeant,
2968 3177 2998 3218 ιι
3031 3173 3298 3241 arbitrari,
3335 3175 3403 3227 ab
3433 3173 3741 3243 integritate

443 3280 568 3321 nem
611 3265 821 3334 signum
852 3276 973 3318 esse
1004 3261 1164 3330 hujus
1207 3260 1543 3314 necessitatis
1579 3269 1852 3328 appareat.
1885 3261 2033 3315 Alio-

441 3356 573 3427 quin
603 3354 648 3410 si
684 3357 798 3409 barc
827 3353 969 3409 nulla
1000 3362 1105 3417 εει,
1150 3366 1249 3406 nec
1290 3350 1375 3404 illa
1418 3350 1631 3419 quidem
1671 3349 1787 3421 ejus
1838 3352 1916 3405 rei
1960 3352 2030 3405 si-

440 3460 607 3515 gnum
641 3445 837 3514 poterit
862 3457 1004 3509 esse,
1037 3456 1156 3509 qua:
1187 3441 1300 3511 (i0)
1333 3455 1436 3495 non
1467 3448 1569 3495 est.
1601 3440 1717 3494 iam
1752 3456 1880 3494 vero
1913 3457 2033 3510 pro-

445 3536 715 3591 bationem
766 3534 919 3589 ﬁrma
964 3532 1172 3587 ratione
1214 3533 1496 3585 subnixam
1539 3540 1773 3595 constat,
1822 3547 1927 3586 non
1972 3549 2039 3587 ex

446 3626 612 3685 λίπητε
682 3640 861 3696 neque
903 3625 1082 3693 petitis
1118 3624 1456 3679 extrinsecus
1484 3624 1835 3693 argumentis,
1862 3626 1955 3680 sed
1982 3642 2045 3681 ex

2142 3267 2386 3320 scientiae
2420 3266 2596 3321 credis
2632 3282 2752 3322 esse
2784 3264 3079 3323 diver’sum.
3106 3269 3126 3300 ³
3156 3267 3320 3339 Cujus
3349 3270 3549 3324 erroris
3572 3284 3742 3325 causa

2145 3367 2250 3423 est,
2282 3357 2422 3425 quod
2451 3358 2628 3413 omnia
2661 3373 2779 3428 qum
2807 3359 3031 3429 quisque
3064 3360 3230 3423 novit,
3256 3375 3323 3414 ex
3354 3360 3591 3426 ipsorum
3625 3369 3745 3413 tan.

2150 3458 2260 3501 tum
2290 3449 2341 3503 vi
2363 3458 2522 3517 atque
2549 3459 2739 3503 natura
2764 3451 3012 3519 cogitosci
3036 3451 3305 3505 existimat
3326 3467 3446 3520 qua:
3468 3452 3746 3516 sciuntur,

2150 3541 2289 3608 quod
2331 3548 2499 3595 totum
2531 3550 2716 3595 contra
2761 3550 2862 3596 est.
2905 3541 3076 3597 Omne
3108 3540 3125 3581 1
3159 3542 3298 3596 enim
3324 3544 3439 3613 (l5)
3469 3542 3615 3612 quod
3645 3557 3747 3597 co-

2153 3635 2450 3702 gnoscitur,
2497 3650 2604 3688 non
2654 3635 2957 3708 secundum
2996 3636 3080 3691 sui
3125 3637 3253 3700 vim,
3299 3637 3392 3690 sed
3438 3636 3749 3711 secundum

1818 3763 2394 3826 INTERPRETATIU.

518 3912 540 3981 ξ
574 3900 941 3981 Qbsqurilatis.
2230 3909 2252 3981 ξι
2288 3910 2473 3981 Infert.

510 3971 541 4010 ’δ
2234 3980 2245 4017 ί
2288 3971 2545 4053 Pugnare.

516 4052 539 4080 ε
576 4041 874 4109 Explicare.

511 4111 538 4148 ά
573 4110 906 4181 Explicuero.

516 4192 540 4289 ς
572 4183 701 4306 gnte
734 4181 961 4306 hibetur
989 4196 1142 4253 prosa
1172 4182 1205 4237 5
1234 4181 1391 4251 hujus
1420 4183 1538 4247 lib.,
1573 4194 1681 4237 not.
1712 4184 1761 4237 5.

627 4268 773 4306 nomo
816 4268 868 4305 ο.

519 4253 539 4289 ί
577 4253 868 4319 Quomodo.

517 4332 542 4370 ι
571 4322 840 4378 Curribus.

2230 4052 2245 4099 Ι
2289 4052 2681 4110 Obscuritalem.

2223 4121 2247 4158 ¹ί
2280 4122 2311 4175 J
2322 4124 2545 4177 udicare.

2232 4191 2245 4228 ¹
2286 4193 2437 4272 Quod
2466 4196 2801 4272 cognoscitur,
2834 4197 2889 4249 id
2916 4212 3019 4272 non
3057 4198 3128 4250 ad
3168 4199 3374 4272 modum
3403 4202 3627 4272 cogniti,
3664 4206 3755 4259 sed

2152 4267 2218 4318 ad
2248 4265 2450 4317 modum
2477 4267 2645 4334 potius
2666 4268 3009 4337 coynoscentis
3037 4271 3376 4338 cognoscitur.

1976 4440 2204 4497 NOTAE.

446 4570 657 4644 Marcus
685 4569 891 4644 Tullius
918 4568 1252 4644 Cicero._qut_
1282 4585 1403 4625 ntnc
1443 4580 1625 4632 negata
1660 4572 1836 4627 divina
1868 4575 2039 4642 provi-
2077 4578 2120 4633 ι)
2152 4584 2303 4642 pacto
2331 4590 2346 4629 :
2375 4574 2440 4638 si,
2474 4588 2641 4643 posua
2678 4581 2906 4629 numau‘a
2936 4574 3197 4643 libertate,
3234 4579 3564 4644 providentia
3605 4581 3757 4637 divi‘

446 4640 649 4704 dentia,
684 4640 807 4694 inde
834 4656 961 4693 γυνθ
985 4642 1215 4694 ειτὼτιὶιτι
1241 4641 1470 4695 humana
1503 4645 1764 4705 libertate,
1793 4640 1913 4695 dum
1933 4647 2041 4699 vult

446 4712 674 4765 homines
704 4713 869 4779 facere
897 4712 1101 4773 liberos,
1151 4712 1323 4780 inquit
1364 4714 1422 4766 Β.
1463 4717 1596 4781 Aug.
1628 4730 1658 4764 v
1689 4712 1754 4767 de
1779 4714 1895 4767 Civ.
1927 4716 2040 4778 Dei,

444 4783 567 4850 c.9.
597 4783 813 4837 eosdem
847 4784 971 4851 facit
998 4781 1292 4855 sacrilegos.
1318 4785 1703 4852 Argumentum
1728 4785 1884 4838 Tullii
1911 4786 2040 4839 illud

444 4864 528 4908 est
558 4869 664 4922 quo
691 4868 851 4925 supra
879 4869 1006 4906 usus
1034 4863 1117 4907 est
1148 4853 1380 4925 Boetius,
1414 4855 1552 4921 quod
1588 4856 1837 4909 nimirum
1869 4861 2038 4925 posita

452 4925 686 4979 humana
712 4924 981 4986 libertate,
1017 4924 1462 4988 quemadmodum
1491 4928 1819 4992 experientia
1851 4928 2040 4990 proba-

447 5006 533 5050 tur
565 4994 1195 5067 ponenda,_providentia
1228 4994 1404 5047 divina
1438 5007 1666 5067 nequeat
1687 5012 1808 5050 esse
1839 4998 2036 5067 (qualis

444 5074 549 5128 est,
576 5075 667 5117 aut
695 5065 883 5129 nulla),
910 5065 1149 5125 evidens,
1174 5080 1299 5119 vera
1327 5075 1379 5118 et
1405 5078 1549 5119 certa
1573 5066 1817 5121 scientia.

518 5138 535 5169 ⁸
570 5135 730 5206 Cujus
754 5136 987 5204 caliginis
1009 5133 1207 5206 Cottam]
1232 5136 1294 5189 ll.
1316 5136 1658 5203 l’bilostiphia
1681 5138 1773 5201 ait,
1804 5137 1919 5191 ideo
1945 5153 2034 5193 ve-

446 5219 588 5262 teres
631 5206 1064 5271 recentioresque
1096 5221 1198 5259 non
1242 5223 1399 5270 posse
1428 5207 1717 5262 conetliare
1750 5209 2035 5273 providen-

446 5282 573 5331 tiam
598 5277 830 5331 divinam
854 5290 973 5330 cum
996 5276 1223 5330 humana
1246 5278 1510 5339 libertate,
1536 5277 1657 5345 quia
1682 5294 1863 5331 eorum
1885 5295 2037 5333 mens

449 5350 710 5402 inﬁrmior
745 5358 824 5400 est
862 5362 1022 5415 quam
1065 5356 1122 5400 ιιι
1165 5348 1333 5413 ροεείι
1376 5349 1609 5402 divinam
1650 5350 2032 5412 praenotionem

450 5419 767 5487 percipere:
799 5419 938 5471 unde
979 5418 1399 5486 prtccipitatione
1436 5427 1490 5472 et
1537 5420 1847 5485 praejudicio
1894 5419 2038 5487 judi-

446 5505 598 5551 cans,
631 5498 787 5558 negat
820 5489 1051 5542 divinam
1083 5490 1493 5555 providentiam.
1524 5489 1666 5558 quod
1700 5490 1885 5543 eadem
1921 5490 2037 5556 pbi-

452 5559 693 5623 lesnpbia
713 5559 1039 5625 promittitse
1054 5558 1562 5619 demnnstraturam.
1582 5569 1857 5626 postquam
1881 5576 2035 5624 argu-

448 5630 666 5693 mentis,
689 5629 879 5699 quibus
900 5638 1054 5683 antea
1081 5630 1293 5684 Boetius
1318 5631 1650 5693 movebatur,
1670 5629 2029 5699 responderit.

523 5701 544 5731 ²
586 5698 773 5770 Quer
822 5700 987 5770 enim,
1035 5699 1163 5770 etc.]
1223 5702 1304 5753 ΙΙΙ.
1367 5700 1701 5770 Philosophia
1751 5698 2036 5770 rcSpondet

448 5769 777 5839 argumentis
814 5769 1004 5839 quibus
1042 5768 1204 5838 supra
1236 5786 1360 5826 usus
1392 5778 1473 5825 est
1508 5769 1747 5834 Boetius,-
1787 5768 1886 5823 hoc
1904 5769 2035 5832 fere

2149 4662 2210 4698 na
2262 4648 2418 4712 possit
2451 4660 2568 4698 esse
2600 4660 2703 4697 non
2739 4648 2896 4699 modo
2928 4648 3166 4711 evidens,
3201 4665 3381 4701 vi-rum
3412 4651 3572 4702 eziani
3618 4668 3754 4706 vera

2152 4725 2203 4768 et
2234 4727 2378 4769 certa
2418 4716 2716 4768 futurorum
2750 4717 2994 4778 scicntia,
3027 4731 3172 4770 certe
3200 4719 3372 4770 divina
3404 4722 3758 4786 providentia

2145 4798 2290 4840 recte
2317 4786 2690 4839 conciliabitur
2733 4800 2853 4838 eum
2903 4789 3131 4841 humana
3164 4789 3404 4842 libertate
3431 4808 3442 4841 :
3468 4792 3757 4855 siqnzdutn

2146 4858 2398 4924 praedicta
2450 4858 2627 4910 omnia
2679 4868 2987 4922 argumenta
3030 4861 3295 4913 contraria
3346 4862 3443 4914 hac
3481 4867 3761 4928 promisi-

2148 4929 2290 4981 tione
2313 4928 2675 4989 centinetitur,
2711 4929 2849 4980 sicut
2884 4930 3177 4982 attendenti
3210 4930 3425 4996 patebit.
3458 4934 3625 4994 Λι-μιί
3662 4953 3761 4991 res

2146 4999 2211 5050 ita
2239 5016 2295 5051 se
2325 4998 2513 5069 habet;
2540 5012 2657 5051 cum
2686 4998 2998 5069 enimpnotio
3021 5003 3357 5065 prmsentium
3384 5012 3436 5054 et
3464 5012 3758 5069 prmnntin

2146 5067 2782 5139 corumdeml‘uturorum
2805 5067 2913 5119 sint
2940 5069 3075 5121 idem
3105 5070 3370 5139 cogitandi
3400 5067 3613 5137 modiis,
3645 5092 3762 5131 nec

2145 5138 2522 5213 dill‘erantnisi
2558 5148 2818 5213 tempore,
2847 5139 2930 5213 cui
2964 5139 3102 5193 Deus
3127 5138 3230 5213 non
3263 5142 3461 5213 subest,
3489 5157 3761 5213 propter-

2145 5226 2206 5261 ea
2233 5218 2290 5262 ut
2313 5210 2457 5261 notio
2492 5212 2854 5273 prmsentium,
2880 5210 2957 5262 sic
2984 5212 3243 5278 prmnutio
3269 5211 3565 5266 futurorum
3599 5210 3761 5269 libo.-

2146 5288 2530 5362 rortnnmpotest
2560 5294 2681 5358 esse
2711 5279 2954 5343 evidens,
2988 5296 3110 5334 vera
3140 5292 3194 5335 et
3225 5295 3388 5347 Certa,
3420 5286 3758 5362 nullamque

2146 5348 2453 5418 ipsisallert
2476 5348 2871 5418 necessitatem.

2213 5418 2235 5449 ³
2260 5417 2416 5487 Cujus
2443 5420 2627 5471 erroris
2650 5415 2846 5487 cauam]
2869 5418 2951 5471 IV.
2980 5419 3314 5489 Philosophia
3340 5421 3576 5475 ostendit
3602 5438 3754 5487 βψω.

2141 5488 2267 5542 dicti
2312 5490 2509 5542 erroris
2534 5504 2747 5544 causam
2790 5490 2839 5541 in
2869 5504 2933 5543 eo
2962 5490 3184 5553 versari,
3217 5496 3353 5554 quod
3385 5507 3503 5545 cum
3535 5494 3608 5543 ad
3644 5510 3754 5547 co-

2141 5558 2503 5622 gnoscendum
2555 5560 2855 5612 necessaria
2885 5561 2965 5630 sit
3004 5576 3132 5630 cum,
3170 5576 3320 5612 mens
3370 5575 3751 5630 Cognoscens,

2143 5640 2251 5683 tum
2298 5634 2516 5682 materia
2561 5629 2952 5697 eogtmsccnda,
2999 5629 3231 5696 praedicti
3271 5632 3621 5697 providentix
3660 5629 3758 5689 di-

2141 5700 2277 5771 viute
2320 5699 2611 5758 adversarii
2653 5700 3036 5767 praenotionem
3075 5698 3308 5753 diiinam
3349 5702 3617 5771 accipiam
3655 5722 3760 5760 se-

2140 5770 2369 5825 cundum
2412 5783 2653 5825 naturam
2693 5772 2926 5823 materia:
2966 5771 3367 5839 cognoscendm,
3396 5770 3515 5828 cum
3550 5783 3756 5831 tamen
