4010 6372
303 354 404 410 ω

1232 353 1321 409 DE
1359 350 1876 411 CONSOLATIONE
1917 350 2386 407 PHILOSOPHUS
2425 350 2551 407 LIB.
2598 350 2658 405 V.

3486 346 3588 403 850

303 472 746 543 cognoscentium
796 469 974 539 potius
1030 469 1506 540 comprehenditur
1564 468 1887 525 facultatem.
1922 471 1970 530 Α
2000 466 2126 533 scit,
2156 480 2254 521 nec
2284 465 2491 521 ratione
2529 473 2703 529 utens,
2742 476 2840 518 nec
2880 462 3279 534 imaginatione,
3321 474 3422 517 nec
3458 475 3585 517 sen-

303 563 436 619 Nam
462 570 521 617 ut
550 562 651 617 hoc
680 560 829 616 b'revi
853 561 1053 627 liqueat
1077 562 1347 629 exemplo,
1372 562 1617 615 eamdem
1648 560 1891 629 corporis

302 655 679 712 rotunditatem
710 653 865 708 aliter
890 653 1059 717 visus,
1087 652 1240 706 aliter
1263 661 1433 706 tactus
1460 652 1699 721 agnoscit
1723 659 1770 704 ⁸.
1797 651 1890 705 ille

301 749 511 803 eminus
550 762 794 812 manens,
836 754 1006 800 totum
1049 745 1205 799 simul
1232 746 1389 816 jactis
1420 746 1580 798 radiis
1607 745 1841 798 intuetur
1873 762 1885 795 :

303 843 391 898 hic
411 856 542 896 vero
566 842 843 895 conterens
863 839 977 893 orbi
1004 849 1163 908 atque
1188 838 1525 907 conjuncms,
1552 837 1692 891 circa
1716 837 1887 905 ipsum

304 946 486 989 motus
518 934 799 998 ambitum,
827 932 939 1003 (‘20)
971 932 1350 985 rotunditatem
1388 931 1623 999 partibus
1645 944 1891 997 compre-

298 1025 509 1079 hendit.
535 1025 712 1092 Ipsum
743 1038 955 1092 quoque
983 1022 1253 1077 hominem
1282 1024 1298 1053 ¹
1324 1021 1481 1076 aliter
1502 1036 1712 1087 sensus,
1736 1021 1890 1075 aliter

296 1114 633 1179 imaginatio,
664 1112 819 1167 aliter
844 1114 1000 1175 ratio,
1025 1112 1182 1166 aliter
1213 1112 1561 1180 intelligentia
1589 1120 1888 1166 contuetur.

294 1206 500 1259 Sensus
523 1205 665 1259 enim
691 1204 911 1274 ﬁguram
941 1205 992 1258 in
1020 1204 1256 1273 subjecta
1281 1207 1496 1259 materia
1524 1207 1884 1258 constitutam.

295 1293 611 1362 Iinaginatio
642 1310 773 1349 vero
814 1296 982 1351 solam
1014 1294 1132 1349 sine
1161 1296 1381 1349 materia
1408 1294 1612 1362 judicat
1641 1294 1885 1363 figuram.

296 1384 457 1437 ltatio
507 1400 637 1440 vero
691 1384 829 1438 hanc
881 1400 1095 1454 quoque
1139 1386 1497 1450 transcendit,
1549 1384 1889 1452 speciemque

294 1475 493 1543 ipsam,
526 1492 645 1545 quae
673 1476 1033 1544 singularibus
1064 1478 1225 1539 inest,
1260 1474 1545 1528 universali
1572 1475 1729 1544 337
1761 1488 1887 1527 con-

292 1566 625 1621 sideratione
680 1566 980 1635 perpendit.
1032 1566 1056 1604 δ
1102 1566 1472 1634 lntclligeutiaa
1520 1580 1649 1618 vero
1692 1564 1890 1618 celsior

291 1660 483 1714 oculus
531 1662 734 1715 existit.
821 1660 1178 1729 Snpergressa
1238 1674 1469 1723 namque
1526 1659 1888 1713 universitatis

293 1751 575 1817 ambitum,
611 1751 779 1820 ipsam
804 1752 946 1805 illam
970 1751 1263 1819 simplicem
1289 1752 1512 1804 formam
1539 1766 1666 1819 pura
1691 1750 1887 1803 mentis

292 1847 407 1900 acie
448 1856 756 1900 contuetur.
796 1845 853 1899 In
882 1859 988 1913 quo
1017 1843 1146 1897 illud
1178 1844 1409 1897 maxime
1436 1842 1881 1897 considerandum
1919 1832 1963 1891 Β

296 1950 379 1992 est
415 1957 427 1991 ε
458 1938 604 2009 quod
634 1938 882 2005 superior
920 1935 1407 2005 comprehendendi
1441 1934 1521 1989 vis
1548 1935 1889 2004 amplectitur

291 2030 636 2094 inferiorem;
682 2028 761 2097 (ὅ)
810 2027 1033 2083 inferior
1076 2042 1205 2082 vero
1248 2027 1315 2081 ad
1359 2028 1690 2095 superiorem
1737 2027 1884 2081 nullo

288 2122 456 2178 modo
503 2120 801 2189 consurgit.
842 2118 1025 2186 Neque
1071 2119 1212 2173 enim
1260 2131 1450 2171 sensus
1492 2117 1687 2187 aliquid
1733 2126 1881 2170 extra

287 2213 577 2268 materiam
618 2210 784 2277 valet,
827 2211 913 2265 vel
962 2210 1286 2265 universales
1330 2210 1539 2277 species
1577 2209 1884 2279 imaginatio

286 2313 599 2372 contuetur,
650 2302 735 2357 vel
781 2306 921 2356 ratio
964 2303 1106 2371 capit
1144 2301 1440 2371 simplicem
1477 2301 1703 2355 formam
1737 2317 1751 2355 :
1786 2303 1879 2356 sed

289 2397 646 2467 intelligentia
675 2396 827 2466 quasi
854 2394 1082 2462 desuper
1102 2403 1371 2464 Spectans,
1399 2403 1656 2462 concepta
1687 2392 1879 2456 forma,

284 2505 410 2560 quae
440 2489 669 2544 subsunt
709 2487 871 2542 etiam
917 2496 1107 2541 cuncta
1150 2485 1439 2555 dijudicat;
1479 2490 1572 2540 sed
1611 2500 1679 2539 eo
1723 2486 1884 2538 modo

287 2596 397 2651 quo
427 2580 653 2634 formam
686 2579 879 2647 ipsam,
915 2593 1036 2648 qua:
1067 2577 1197 2631 nulli
1228 2576 1316 2631 alii
1353 2588 1473 2631 nota
1505 2592 1624 2631 esse
1650 2585 1881 2646 poterat,

286 2672 405 2744 [10)
446 2672 877 2741 comprehendit.
920 2671 1050 2725 Nam
1102 2681 1158 2725 ct
1202 2671 1423 2724 rationis
1462 2671 1791 2736 universum,
1832 2680 1887 2725 et

285 2764 687 2836 imaginationis
725 2764 974 2834 figuram,
998 2773 1054 2818 et
1082 2762 1360 2818 materiale
1397 2764 1650 2817 sensibile
1682 2777 1881 2831 cogno-

1997 558 2170 623 sibus,
2200 558 2293 613 sed
2328 557 2422 612 illo
2461 558 2566 611 ictu
2605 556 2799 611 mentis
2848 555 3167 620 formaliter,
3198 563 3256 609 ut
3284 554 3356 610 ita
3387 552 3586 621 dicam,

1997 659 2192 706 cuncta
2244 651 2598 719 prOSpicieos.
2634 650 2791 705 Ratio
2818 665 3031 721 quoque
3068 664 3189 704 cum
3216 648 3345 719 quid
3374 648 3589 704 univer—

1994 744 2108 798 sale
2146 745 2381 811 respicit,
2419 759 2516 798 nec
2556 742 2956 811 imaginatione,
2997 757 3095 797 nec
3124 741 3374 797 sensibus
3404 750 3584 806 utens,

1997 836 2358 904 imaginabilia
2400 836 2484 889 vel
2529 835 2802 889 sensibilia
2844 836 2958 904 (15)
2998 833 3423 901 comprehendit.
3463 833 3588 887 llzcc

1995 938 2078 982 est
2096 928 2239 983 enim
2266 943 2383 998 quae
2410 926 2780 995 conceptionis
2800 942 2911 981 suae
2933 926 3232 981 universale
3261 925 3333 981 ita
3355 923 3583 980 definit:

1996 1020 2157 1074 homo
2187 1031 2270 1076 est
2299 1022 2499 1076 animal
2533 1021 2684 1090 bipes
2710 1020 2989 1076 rationale.
3013 1020 3141 1088 Qua:
3169 1034 3288 1073 cum
3310 1017 3588 1073 universa-

1995 1110 2062 1165 lis
2090 1111 2238 1165 notio
2278 1111 2370 1179 sit,
2403 1120 2512 1166 tum
2547 1111 2966 1181 imaginabilem,
3009 1110 3431 1180 sensibilemque
3467 1122 3587 1164 esse

1993 1218 2109 1258 rem
2142 1206 2318 1260 nullus
2348 1206 2577 1275 ignorat,
2614 1205 2754 1276 quod
2787 1204 2878 1259 illa
2922 1220 3026 1259 non
3060 1203 3463 1274 imaginatione,
3493 1204 3579 1257 vel

1992 1307 2178 1361 sensu,
2204 1296 2297 1350 sed
2322 1296 2569 1351 rationali
2596 1298 2947 1366 conceptione
2973 1296 3297 1350 considerat.
3325 1294 3584 1365 Imagina-

1994 1385 2070 1439 tio
2100 1402 2310 1456 quoque
2338 1390 2550 1443 tametsi
2580 1403 2643 1442 ex
2674 1387 2925 1442 sensibus
2951 1386 3180 1451 visendi,
3214 1385 3584 1453 formandiqne

1994 1482 2189 1550 figuras
2215 1483 2330 1551 (20)
2362 1483 2591 1551 sumpsit
2629 1482 2932 1545 exordium,
2962 1495 3123 1535 sensu
3156 1490 3332 1534 tamen
3363 1480 3584 1533 absente

1992 1572 2268 1625 sensibilia
2295 1588 2521 1642 quaeque
2551 1574 2852 1639 collustrat,
2890 1588 2993 1627 non
3024 1572 3287 1635 sensibili,
3323 1572 3416 1627 sed
3447 1572 3583 1626 ima-

1991 1664 2196 1733 ginaria
2249 1666 2459 1720 ratione
2495 1666 2795 1735 judicandi.
2830 1666 3067 1721 Videsne
3106 1665 3292 1738 igitur,
3321 1673 3381 1719 ut
3411 1665 3464 1719 in
3493 1680 3582 1720 co-

1993 1757 2300 1826 gnoscendo
2329 1767 2541 1821 cuncta,
2575 1773 2669 1813 sua
2703 1760 2881 1828 potius
2910 1758 3181 1821 facultate,
3210 1774 3367 1829 quam
3397 1772 3583 1813 eorum

1990 1862 2109 1914 quin
2131 1859 2546 1916 cognoscuntur,
2576 1851 2827 1903 utantur?
2856 1851 3019 1920 338
3040 1852 3059 1881 ²
3084 1849 3266 1918 Neque
3297 1849 3351 1903 id
3384 1859 3406 1888 ε
3439 1849 3583 1919 inju-

1991 1938 2069 1993 ria
2096 1956 2110 1994 :
2137 1954 2258 1993 nam
2285 1955 2404 1995 cum
2429 1956 2587 1995 omne
2603 1940 2865 2011 judicium
2885 1941 3174 2010 judicantis
3196 1949 3345 1995 actus
3365 1941 3581 2008 existat,

1992 2045 2212 2085 necesse
2241 2041 2321 2085 est
2351 2041 2407 2085 ut
2436 2047 2585 2086 suam
2621 2032 2847 2101 quisque
2886 2047 3102 2099 operam
3145 2046 3251 2085 non
3290 2044 3353 2084 ex
3385 2030 3580 2094 aliena,

1990 2120 2081 2175 sed
2108 2136 2172 2175 ex
2199 2120 2411 2191 propria
2440 2131 2703 2191 potestate
2732 2120 2992 2189 perficiat.

2446 2212 2611 2283 339
2649 2211 2940 2267 METRUM
2972 2215 2989 2234 ·
3022 2210 3113 2265 iv.

1986 2306 2375 2360 Alter-usurpo.
2390 2300 3303 2371 —Quanquam,inquitPliilosOpliia,
3314 2299 3473 2355 Stoici
3483 2300 3576 2353 eai-

2058 2376 2391 2440 stimaverint,
2417 2374 3087 2438 mentemItuntanam,niliil
3114 2372 3211 2423 nisi
3235 2372 3577 2437 acorporibus

2060 2447 2413 2513 informatum,
2432 2449 2711 2514 percipere;
2727 2448 2835 2497 lucc
2858 2456 3023 2497 tanien
3036 2444 3096 2497 ab
3113 2442 3376 2511 eﬂicaciori
3391 2443 3577 2509 princi-

2062 2521 2145 2585 pio
2168 2517 2441 2594 informata
2454 2528 2499 2594 et
2512 2516 2906 2594 insensiliasine
2924 2516 3203 2594 ministerio
3221 2527 3510 2594 corporum,
3532 2520 3579 2566 et

2059 2586 2290 2651 iensilio,
2305 2586 2814 2655 famulantibusipsis
2828 2586 3120 2656 corporibus
3142 2626 3155 2648 ,
3185 2585 3416 2654 percipit.

2137 2674 2415 2741 QnOodam
2446 2675 2688 2731 Porticus
2712 2674 2887 2727 attulit

2134 2766 2407 2821 Obscuros
2435 2766 2661 2821 nimium
2687 2779 2867 2832 senes,

1634 2900 2215 2958 lNTERPRETATIO.

358 3032 387 3060 ι
418 3020 617 3086 Corpus
658 3020 936 3074 rotundum
972 3020 1083 3074 visu
1125 3018 1324 3085 absens,
1357 3026 1495 3072 tactu
1539 3034 1763 3089 prtesens
1799 3036 1883 3072 so-
1914 3019 1959 3081 C
1992 3030 2138 3073 ortas
2190 3036 2255 3073 ea:
2301 3020 2602 3088 corporibus
2642 3020 2974 3075 exterioribus
3014 3019 3239 3091 iinprsmi
3266 3019 3529 3091 trientibus
3556 3034 3603 3073 ει

285 3096 552 3147 luinmodo
583 3092 880 3162 percipitur.

359 3162 389 3201 δ
421 3160 769 3233 intelligentia
799 3160 1071 3215 sublimior
1098 3169 1172 3216 est
1200 3161 1541 3233 cognoscendi
1566 3162 1761 3215 modiis.

368 3244 393 3272 ε
428 3232 714 3287 Immerito.

364 3302 605 3358 Porticus
631 3302 976 3359 Atheniensis
1007 3302 1252 3371 produxit
1291 3302 1411 3356 olim
1445 3301 1776 3368 philosophos
1801 3302 1883 3355 in-

284 3375 567 3441 doctiores,
592 3375 681 3445 qui
725 3374 1096 3427 existimabant'
1110 3390 1287 3427 sensus
1324 3373 1653 3438 nationesque
1682 3389 1880 3439 omnes,

1992 3091 2421 3160 quemadmodum
2470 3104 2652 3144 veteres
2688 3093 2915 3145 solebant
2954 3089 3149 3145 calamo
3196 3089 3356 3144 veloci
3399 3091 3576 3157 impri-

1994 3179 2129 3214 tnrrc
2158 3164 2352 3215 litteras
2374 3164 2427 3215 in
2447 3163 2625 3215 charta
2660 3162 2919 3232 a’quabili,
2951 3162 3204 3231 nullisque
3225 3171 3375 3213 antea
3398 3160 3577 3213 chara-

1994 3233 2210 3286 cteribus
2238 3234 2499 3298 insiqnita.
2550 3237 2613 3285 At
2655 3235 2699 3286 si
2722 3248 2863 3286 mens
2891 3243 3068 3286 nostra
3097 3233 3226 3285 nihil
3250 3233 3429 3285 evolvit
3453 3247 3573 3297 pro.

1993 3306 2106 3374 pria
2134 3322 2226 3356 sua
2253 3304 2577 3373 cogitatione,
2603 3304 2690 3356 sed
2723 3303 2940 3356 obnoxia
2963 3302 3378 3372 iinpressionibns
3400 3318 3577 3374 corpo-

1996 3372 2111 3427 rum
2140 3378 2203 3428 ab
2231 3372 2509 3429 Itis'solum
2543 3378 2756 3445 patitur,
2803 3384 2849 3427 et
2886 3378 3038 3446 refert
3082 3375 3327 3445 imagines
3374 3372 3577 3427 inutiles

1809 3510 2039 3566 NOTAE.

283 3625 621 3697 accipienda,
637 3626 706 3678 sit
736 3625 1029 3678 secundum
1060 3632 1301 3679 naturam
1332 3628 1524 3681 mentis
1554 3640 1887 3696 cognoscen-

284 3701 362 3754 tis
388 3716 403 3751 :
430 3698 569 3751 sicut
600 3696 939 3761 Philosophia
965 3697 1152 3766 probat
1179 3700 1405 3766 primum
1439 3698 1676 3767 pluribus
1699 3713 1882 3753 exem-

282 3771 418 3843 plis,
452 3767 645 3822 deinde
670 3769 897 3821 ratione.

365 3862 381 3891 ³
413 3858 576 3912 Aliter
605 3873 804 3919 sensus,
836 3856 968 3929 etc.]
1000 3856 1236 3911 Primum
1269 3859 1483 3925 quidem
1517 3859 1758 3924 exempla
1784 3860 1881 3912 ista

283 3938 416 3987 sunt
440 3943 632 3983 sensus
661 3930 862 3995 speciat
885 3944 957 3992 m,
991 3943 1179 3981 sensus
1205 3931 1523 3997 genera:im,
1555 3930 1880 3995 imaginatio,

283 4001 452 4065 ratio,
474 4009 526 4053 et
556 4000 927 4060 intelligentia,
960 4015 1077 4068 quas
1117 4001 1186 4052 ita
1217 4001 1382 4066 accipi
1411 4000 1605 4054 debent
1636 4016 1701 4053 ex
1733 4011 1883 4067 parte

283 4072 462 4137 ip-ius
490 4071 885 4137 cognoscentis,
919 4079 973 4121 ut
1004 4071 1248 4136 quamvis
1277 4072 1383 4123 sint
1408 4071 1475 4124 de
1503 4071 1690 4123 eadem
1720 4082 1885 4124 mate-

282 4143 371 4197 ria
399 4140 665 4209 subjecta,
693 4155 749 4194 v.
781 4155 835 4208 g.
866 4140 932 4195 de
962 4142 1152 4193 eodem
1184 4155 1411 4207 corpore
1450 4141 1699 4205 rotundo,
1731 4142 1882 4196 dilic-

283 4223 431 4267 rant.
470 4213 729 4264 1\imiinm
770 4226 920 4264 mens
965 4210 1217 4277 humana,
1252 4228 1369 4278 qua:
1409 4228 1514 4266 non
1547 4212 1646 4265 nisi
1676 4213 1743 4265 ab
1773 4213 1879 4267 alio

280 4282 571 4337 informari
610 4291 801 4350 potest,
831 4282 1040 4335 duobus
1066 4284 1359 4350 generatim
1392 4284 1567 4336 modis
1597 4283 1878 4336 informata

280 4353 589 4423 cognOSt-it,
631 4354 879 4405 nimirum
908 4368 935 4405 a
970 4352 1099 4417 Deo,
1130 4352 1282 4421 cujus
1330 4356 1438 4420 ipsa
1482 4363 1562 4407 cst
1600 4352 1875 4419 effectum;

281 4435 338 4478 et
367 4422 397 4478 a
424 4438 677 4489 corpore,
701 4423 852 4491 cujus
877 4422 1062 4477 eadem
1095 4433 1176 4476 cst
1208 4432 1394 4477 torma.
1419 4425 1567 4478 Mens
1590 4426 1818 4477 humana
1848 4441 1876 4479 a

280 4495 399 4549 Deo
428 4494 712 4565 inlormata
747 4509 932 4548 rursus
963 4493 1246 4560 dupliciter
1287 4494 1486 4549 dicitur
1526 4510 1875 4565 cognoscere,

1988 3629 2247 3697 probatur
2290 3628 2569 3695 exemplis,
2615 3627 2831 3680 modum
2879 3625 3232 3696 cognoscendi
3276 3626 3444 3694 accipi
3488 3640 3579 3681 se-

1993 3702 2229 3752 cundum
2261 3709 2506 3752 naturam
2532 3698 2924 3765 cognoscentis.

2063 3772 2084 3801 ³
2117 3769 2298 3835 Neque
2326 3772 2377 3822 id
2408 3769 2644 3837 injuria.]
2691 3770 2891 3822 Deinde
2936 3766 3164 3835 idipsnm
3204 3766 3458 3833 probatur
3494 3782 3578 3820 ra-

1993 3839 2138 3894 tione
2164 3857 2174 3891 :
2205 3854 2325 3893 nam
2356 3840 2544 3892 modii:
2578 3840 2672 3900 rei,
2704 3849 2763 3891 ut
2786 3847 2907 3907 pote
2933 3839 3019 3906 qui
3049 3853 3151 3890 non
3180 3837 3521 3907 distinguitur
3549 3853 3578 3891 a

1994 3924 2050 3963 re
2079 3910 2403 3975 inodilicata,
2429 3909 2595 3975 accipi
2623 3906 2981 3976 debetpotios
3011 3906 3303 3962 secundum
3336 3918 3579 3962 naturam

1994 3982 2070 4033 rei
2125 3980 2474 4044 modificatw,
2521 3995 2678 4049 quam
2728 3982 3019 4033 secundum
3069 3979 3579 4049 naturamqalterius

1994 4052 2153 4104 etiam
2176 4047 2550 4104 modiﬁcantis.
2578 4050 2734 4119 Atqui
2761 4051 2907 4102 notio
2929 4065 3034 4102 non
3058 4062 3210 4103 secus
3238 4060 3300 4119 ac
3318 4047 3577 4116 judicium

1994 4133 2076 4175 est
2116 4125 2303 4175 modus
2345 4122 2513 4190 ipsius
2553 4116 2751 4176 mentis
2788 4120 3161 4191 cognoscentis
3188 4126 3241 4173 et
3264 4116 3582 4187 judicantis.

1990 4194 2053 4246 Et
2083 4203 2231 4247 certe
2576 4214 2579 4221 ·

2059 4278 2076 4297 ⁶
2098 4273 2249 4341 Quod
2275 4283 2495 4327 vocatur
2548 4272 2904 4344 Glyconicuut.
2938 4271 3165 4344 Carmen
3224 4279 3481 4344 constans
3512 4283 3577 4325 ex

1989 4361 2097 4400 uno
2125 4360 2321 4413 genere
2351 4342 2629 4408 versuum,
2660 4358 2885 4413 quorum
2927 4342 3157 4413 quilibet
3200 4342 3577 4413 trimeter_su:-

1986 4410 2287 4482 pitisitiium
2326 4415 2623 4475 snondnum
2676 4410 2731 4468 et
2780 4415 2915 4468 duos
2944 4411 3185 4481 dactylos
3214 4412 3394 4464 habet.
3449 4410 3589 4465 Dico

1985 4488 2220 4556 smpiiis:
2254 4486 2413 4540 modo
2464 4491 2606 4540 enim
2640 4486 2779 4539 idem
2821 4487 2889 4538 sit
2928 4492 3184 4537 numerus
3221 4484 3577 4556 syllabarum,

281 4580 484 4631 nempe
518 4564 685 4639 prima
718 4553 1108 4639 etcontinuata
1141 4568 1434 4639 attentione
1466 4584 1477 4617 :
1510 4553 1675 4639 prima
1707 4553 1879 4621 aue";
1914 4580 1959 4639 ι)
1987 4553 2238 4639 praedicta
2263 4559 2470 4639 illarum
2502 4559 2767 4627 quantitas
2796 4553 3422 4639 aliquandonegligitur.

282 4647 360 4689 tiu
397 4646 625 4688 vocatur
654 4635 989 4703 intelligentia
1020 4651 1039 4688 :
1063 4636 1371 4690 continuata
1402 4651 1531 4690 vero
1560 4636 1756 4690 dicitur
1786 4656 1875 4690 ra-

282 4709 379 4770 tio,
410 4716 470 4758 ut
498 4707 631 4757 ratio
667 4706 979 4775 niliilialiud
1025 4706 1095 4759 sit
1132 4723 1289 4771 quam
1324 4710 1503 4760 innata
1544 4707 1689 4760 notio
1720 4710 1878 4775 paulo

283 4778 503 4848 longius
529 4775 742 4848 diffusa.
776 4774 925 4830 Mens
954 4786 1130 4830 autem
1159 4775 1386 4830 humana
1420 4780 1487 4831 ab
1514 4779 1629 4846 ipso
1655 4774 1879 4847 corpore

282 4846 575 4918 informata
621 4846 830 4899 duobus
871 4847 1073 4913 pariter
1108 4848 1283 4901 mods
1314 4863 1639 4916 cognoscere
1682 4846 1875 4918 potest.

279 4914 472 4971 Primo
511 4927 775 4985 quatenus
813 4933 965 4972 mens
1006 4920 1122 4983 ipso
1159 4914 1416 4973 duntaxat
1452 4914 1696 4983 cerebro,
1726 4922 1881 4987 cujus

279 4998 370 5043 est
406 4988 601 5052 forma,
635 5003 883 5041 movente
926 4988 1153 5056 percipit
1190 5006 1202 5042 :
1247 5003 1301 5042 ut
1346 5006 1465 5045 cum
1504 5006 1597 5057 per
1633 5007 1878 5046 somnum

278 5071 442 5113 mens
472 5060 740 5112 venatoris
763 5060 926 5114 silvas
952 5071 1007 5112 et
1033 5060 1195 5113 lustra
1225 5065 1439 5129 Cogitat;
1472 5062 1630 5128 idque
1660 5073 1880 5115 vocatur

278 5131 611 5201 l'maginatt'o.
647 5129 895 5201 Secundo
936 5141 1197 5201 quatenus
1235 5135 1423 5192 eadem
1458 5148 1609 5185 incus
1646 5136 1713 5185 ab
1753 5134 1883 5200 ipsis

280 5200 454 5253 etiam
487 5200 610 5253 aliis
651 5200 970 5269 corporibus
1013 5219 1132 5255 cum
1180 5201 1545 5269 interioribtts,
1579 5212 1687 5255 tuin
1719 5208 1879 5258 etiant

277 5272 650 5340 exterioribus
680 5282 943 5325 commota
972 5274 1228 5340 percipit:
1253 5277 1392 5340 quod
1420 5283 1639 5327 voCatnr
1664 5292 1837 5328 sensus
1864 5293 1880 5327 :

279 5339 378 5392 hic
407 5356 588 5394 iiu'em
620 5342 701 5394 vel
742 5349 827 5396 est
864 5339 1189 5408 ἱειιὼὼηὶιῑ
1221 5339 1387 5398 fames
1415 5353 1467 5398 et
1499 5346 1646 5407 sitis;
1684 5346 1767 5401 vel
1801 5355 1883 5399 est

278 5411 550 5471 exterior.
590 5428 777 5480 nempe
808 5414 974 5478 visus,
1005 5416 1235 5474 auditos.
1265 5417 1541 5480 odoratus,
1580 5427 1787 5482 gustus,
1826 5429 1879 5471 et

280 5490 488 5554 taenis.
513 5486 683 5548 Atque
716 5483 767 5536 hi
796 5498 983 5538 omnes
1011 5488 1365 5554 cognoscendi
1391 5488 1533 5540 modi
1566 5488 1634 5540 ita
1662 5490 1797 5541 inter
1820 5504 1878 5541 se

281 5550 668 5625 disponuntur,
682 5564 738 5625 ut
767 5570 871 5618 quo
901 5570 928 5611 a
963 5550 1300 5623 paucioribus
1321 5561 1495 5609 causis
1520 5560 1771 5625 pendent,
1789 5575 1874 5621 eo,

282 5632 348 5700 ut
387 5634 510 5690 pote
532 5624 613 5700 ad
638 5624 894 5700 divinam
920 5628 1232 5700 sapientiam
1277 5630 1493 5696 proiiios
1522 5624 1874 5696 accedentes,

279 5695 401 5768 sint
429 5695 776 5768 perfectiores
807 5713 821 5750 :
853 5696 929 5749 sic
964 5695 1148 5767 gustus
1184 5708 1353 5755 tactu.
1380 5695 1652 5754 odoratus
1689 5713 1875 5768 gustu,

281 5763 506 5839 auditus
533 5766 777 5839 odoratu,
803 5769 947 5823 visus
972 5763 1169 5835 auditu,
1199 5769 1501 5839 imaginatio
1532 5763 1714 5835 sensu,
1744 5773 1877 5824 ratio

282 5834 693 5902 imaginatione,
724 5840 1069 5908 intelligentia
1105 5834 1413 5897 ratione—est
1453 5844 1670 5905 periei-ti
1700 5861 1737 5894 -r
1764 5862 1774 5895 :
1801 5860 1875 5897 sc

2057 4640 2110 4694 l.
2150 4636 2425 4707 Porticus.]
2449 4637 2707 4691 Nimirum
2733 4634 3071 4689 Atheniensis.
3102 4633 3381 4707 Erateniin
3406 4631 3578 4688 Athe-

1988 4710 2069 4764 nis
2094 4708 2336 4779 qurdam
2368 4704 2625 4775 porticus,
2657 4708 2708 4760 in
2738 4722 2893 4779 quam
2940 4705 3180 4759 nonnulli
3212 4705 3277 4779 ad
3305 4704 3578 4779 disseren-

1985 4776 2121 4834 dum'
2141 4779 2207 4834 de
2249 4794 2565 4848 quacunque
2617 4778 2839 4832 materia
2867 4778 3158 4830 convenire
3185 4776 3432 4848 solebant
3457 4792 3469 4827 :
3496 4778 3585 4828 sic

1986 4867 2114 4904 suus
2159 4847 2406 4912 Cadoini,
2454 4849 2791 4915 Bajocarum,
2842 4858 3265 4914 cmterarumqne
3311 4847 3577 4899 minorum

1989 4922 2198 4975 urbium
2232 4922 2399 4984 locus,
2422 4921 2474 4973 in
2503 4936 2660 4988 quem
2695 4920 2874 4988 plures
2900 4919 3246 4973 dicendarum
3281 4916 3577 4971 audienda-

1989 5006 2212 5061 rimiqne
2243 5006 2421 5044 rerum
2464 5007 2720 5043 novarnni
2766 5004 2929 5044 causa
2960 4991 3578 5061 convenireconsueve-

1988 5059 2303 5117 rimo—Zeno
2326 5072 2501 5115 autem
2534 5062 2670 5115 inter
2692 5075 2906 5114 veteres
2957 5061 3311 5127 l’liilosoplios
3337 5059 3579 5112 celeber-

1991 5137 2177 5190 rimus.
2205 5144 2393 5186 nactus
2442 5134 2577 5186 hanc
2612 5133 2972 5194 occasionem,
3007 5132 3093 5185 hic
3125 5131 3357 5184 instituit
3386 5130 3577 5183 docere.

1990 5204 2415 5272 Philosophiam,
2450 5205 2696 5268 illiusque
2723 5202 2971 5272 discipuli
3017 5201 3085 5254 ab
3116 5202 3217 5253 isto
3248 5202 3363 5255 loco
3403 5202 3577 5272 vocati

1988 5283 2114 5327 sunt
2137 5270 2302 5328 Stoici
2333 5292 2345 5325 :
2372 5276 2502 5328 στοά
2531 5275 2674 5327 enim
2706 5271 2907 5327 Grmcis
2930 5283 3013 5325 est
3046 5276 3295 5341 porticus.
3330 5272 3433 5323 llos
3463 5270 3580 5322 Plu.

1989 5345 2233 5413 losophia
2277 5361 2417 5398 nunc
2448 5356 2602 5397 vocat
2649 5360 2790 5396 senes
2838 5345 3074 5396 obscuros
3100 5357 3119 5395 :
3146 5359 3288 5395 senes
3337 5343 3578 5410 quidem.

1989 5418 2130 5486 quod
2162 5416 2413 5469 virtutem
2443 5414 2759 5483 prmsertim,
2796 5414 2850 5466 in
2882 5429 2981 5486 qua
3026 5427 3129 5466 una
3157 5415 3316 5464 vitam
3355 5415 3575 5486 beatam

1991 5484 2195 5541 versari
2225 5487 2641 5550 arbitrabantur,
2672 5486 2915 5537 colerent
2944 5484 3109 5536 instar
3138 5484 3569 5550 sapientissimo-

1990 5574 2106 5614 rum
2168 5572 2354 5612 senum
2390 5576 2401 5610 :
2436 5559 2672 5609 obscuros
2725 5571 2882 5619 vero,
2935 5555 3073 5621 quod
3123 5553 3207 5607 hic
3254 5560 3576 5616 erraverint;

1990 5645 2145 5685 error
2173 5632 2315 5683 enim
2338 5644 2400 5681 cx
2431 5628 2759 5683 obscuritate
2801 5625 3056 5678 nascitur.
3088 5623 3221 5689 Quia
3258 5639 3385 5677 vero
3417 5625 3576 5677 iidem

1989 5702 2151 5756 Stoici
2179 5701 2491 5762 dialecticm,
2527 5699 2680 5764 cujus
2715 5698 2966 5765 princeps
3004 5711 3187 5748 eorum
3221 5694 3368 5749 Zeno
3412 5698 3573 5749 l'ertuv

1992 5788 2111 5828 esse
2150 5773 2422 5835 inventor,
2462 5772 2729 5838 prmcipue
2760 5768 3067 5827 studebant,
3092 5768 3290 5819 ἰιιεξὶτριι
3336 5769 3597 5821 ΡΙιὶΙοεο..

1988 5844 2113 5907 pliia
2166 5859 2303 5896 nunc
2345 5843 2587 5908 exposito
2638 5842 2849 5895 illorum
2881 5851 3084 5901 errore,
3119 5841 3334 5892 eosdem
3381 5842 3572 5899 retotai

2152 6067 2254 6126 δε

2215 6156 2240 6168 Α
