4010 6372
312 312 416 369 853

310 423 383 478 εδ
455 418 611 477 Veris
639 417 770 472 falsa
792 410 1059 485 redarguit
1074 411 1110 483 η

450 512 612 583 342
643 512 765 565 llrec
792 518 877 564 est
903 506 1143 563 efﬁciens
1170 503 1339 575 magis

448 616 634 684 Longe
662 627 819 667 causa
851 610 1139 679 potentior,

450 706 621 773 Quam
653 720 770 773 qua:
792 702 1028 755 materiae
1060 697 1221 752 modo

452 796 749 864 impressas
776 792 975 862 patitur
1002 801 1173 845 notas.

292 880 381 945 ’50
454 886 719 943 Praecedit
750 894 927 938 tamen
957 882 1231 945 excitans,

449 982 535 1038 Ac
563 980 703 1033 vires
732 976 897 1030 animi
920 989 1173 1037 movens,

456 1072 588 1126 Vivo
611 1071 661 1124 in
685 1084 909 1136 corpore
937 1065 1131 1135 passio.

452 1160 586 1216 Cum
608 1159 693 1213 vel
723 1158 815 1211 lux
837 1157 1024 1211 oculos
1049 1154 1167 1208 terit
1184 1194 1198 1217 ,

455 1251 556 1306 Vel
585 1265 685 1303 vox
718 1248 939 1301 auribus
968 1246 1215 1313 instrepit
1243 1262 1254 1296 :
1328 1260 1333 1263 ·

308 1343 381 1401 35
451 1343 588 1398 Tum
620 1340 815 1395 mentis
839 1339 993 1407 vigor
1022 1336 1259 1400 excitus,

454 1442 600 1508 Quas
626 1439 768 1492 intus
799 1436 1009 1506 Species
1036 1440 1216 1497 tenet,

450 1539 533 1593 Ad
562 1546 741 1591 motus
762 1533 966 1588 similes
989 1546 1189 1586 vocans
1207 1573 1223 1597 ,

453 1640 607 1696 Notis
628 1637 864 1707 applicat
884 1633 1081 1689 exteris
1095 1677 1113 1702 ,

453 1743 866 1807 lntrorsumquc
894 1732 1189 1791 reconditis

310 1839 381 1895 ω
455 1836 667 1893 Formis
692 1834 885 1890 miscet
906 1830 1187 1899 imagines.

845 1958 1006 2032 343
1038 1955 1257 2013 rnosa
1290 1954 1354 2008 v.

309 2106 700 2160 Ancuusmnn.
722 2126 792 2138 --
815 2096 962 2150 Sicut
985 2108 1123 2162 ergo,
1154 2090 1319 2156 inquit
1348 2085 1703 2157 PhilosOpItia,
1735 2103 1899 2162 neque

382 2190 447 2229 ex
478 2170 819 2224 imbecillitate
850 2160 1057 2225 sensus,
1076 2162 1409 2230 imaginatio;
1439 2175 1595 2228 neque
1625 2174 1689 2211 ea:
1728 2160 1890 2230 imbe-

380 2244 598 2297 cillitate
622 2229 1543 2309 imaginationisratiocinatioineque
1571 2246 1633 2282 ea:
1662 2229 1890 2309 imbecil-

380 2313 525 2368 litate
544 2300 972 2369 ratiocinationis,
992 2302 1327 2373 intelligentia
1356 2300 1580 2354 humana
1605 2315 1624 2353 :
1648 2302 1723 2354 sic
1742 2316 1900 2364 neque

1220 300 1311 357 DE
1340 292 1853 357 CONSOLATIONE
1893 283 2365 347 PillLOSOPlllE
2395 283 2521 339 LIB.
2565 282 2628 335 γ.

1918 404 1969 460 Α

1925 1799 1974 1859 Β

3475 280 3582 333 854

2065 414 2128 451 ex
2144 394 2486 449 imbecillitate
2514 388 2864 458 intelligentia:
2885 389 3141 454 humanae,
3184 389 3354 445 divina
3379 390 3579 461 futuro-

2064 484 2180 520 rum
2201 466 2474 520 liberorum
2502 462 2749 532 praznatio
2778 461 3013 531 neganda
3048 470 3148 516 est.

2067 557 2221 627 Quod
2275 558 2321 612 si
2367 557 2418 610 in
2473 556 2786 625 corporibus
2828 556 3147 619 sentiendis.
3184 558 3435 626 quamvis
3462 558 3583 613 altl-

1995 654 2143 709 ciant‘
2169 662 2195 690 ι
2235 652 2588 705 instrumenta
2631 663 2882 703 sensuum
2930 647 2962 685 ’δ
3004 647 3303 706 iorinseeus
3352 650 3581 719 objecta:

1995 741 2302 811 qualitates,
2338 738 2609 808 animique
2639 740 2846 808 agentis
2868 739 3103 809 vigorem
3131 738 3312 810 passio
3335 742 3580 811 corporis

1998 832 2302 899 antecedat,
2327 846 2447 901 qua:
2465 832 2526 885 in
2564 846 2623 886 se
2651 839 2828 887 actum
2860 832 3060 887 mentis
3108 842 3387 903 provocet,
3429 834 3580 889 exci-

2000 933 2183 994 tetque
2211 924 2426 978 interim
2458 922 2796 991 quiescentes
2838 924 3161 979 intrinsecus
3190 924 3389 979 fortnas
3414 940 3427 979 :
3452 926 3496 981 si
3524 929 3579 980 in

1998 1015 2315 1079 sentiendis,
2341 1014 2581 1083 inquam,
2600 1012 2678 1084 (5)
2700 1014 3014 1083 corporibus
3044 1016 3061 1045 ¹
3093 1014 3303 1069 animus
3329 1030 3434 1070 non
3460 1030 3580 1087 pas-

2000 1109 2155 1163 sione
2186 1107 2489 1176 insignitur,
2522 1105 2616 1160 sed
2648 1120 2714 1160 ex
2740 1118 2835 1159 sua
2862 1106 2913 1159 vi
2938 1104 3233 1174 subjectam
3262 1110 3472 1176 corpori
3486 1108 3580 1176 yju-

2000 1200 2143 1256 dicat
2165 1201 2492 1269 passionem,
2525 1207 2725 1266 quanto
2751 1197 2920 1266 magis
2948 1211 3011 1251 ea
3033 1212 3152 1266 qua:
3187 1208 3209 1235 ο
3236 1199 3444 1253 cunctis
3466 1214 3580 1253 cor-

2002 1307 2197 1362 porum
2239 1288 2609 1344 aﬂ‘cctionibus
2661 1287 2903 1343 absoluta
2942 1296 3086 1350 sunt,
3134 1287 3186 1340 in
3225 1287 3582 1343 discernenda

2002 1399 2110 1438 non
2156 1383 2366 1451 objecta
2413 1381 2746 1436 extrinsecus
2786 1390 3103 1449 sequuntur,
3140 1379 3236 1435 sed
3264 1391 3441 1436 actum
3469 1397 3584 1438 sum

2001 1475 2199 1530 mentis
2228 1473 2560 1542 expediunt?
2585 1468 2613 1509 ά
2643 1472 2752 1525 ilac
2793 1472 2968 1539 itaque
3013 1472 3223 1527 ratione
3256 1471 3583 1542 multiplices

2001 1567 2335 1638 cognitiones
2361 1565 2588 1620 diversis
2616 1580 2679 1619 ac
2698 1562 3071 1619 dili'erentibus
3099 1578 3313 1619 cessere
3334 1564 3585 1621 substan-

2002 1659 2114 1713 tiis.
2141 1658 2256 1731 (10)
2296 1660 2318 1690 ³
2355 1656 2557 1713 Sensus
2583 1658 2729 1712 enim
2754 1658 2901 1712 solus
2930 1658 3139 1712 cunctis
3171 1658 3293 1713 aliis
3316 1660 3583 1729 cognitio-

2002 1751 2159 1806 nibus
2204 1750 2515 1816 destitutus,
2553 1749 2917 1804 immobilibus
2967 1750 3331 1806 animantibus
3375 1752 3581 1808 cessit:

2001 1841 2191 1913 quales
2210 1850 2335 1896 sunt
2358 1841 2581 1896 concha:
2610 1840 2792 1903 maris,
2815 1854 3042 1911 quicque
3069 1840 3171 1894 alia
3199 1843 3345 1896 saxis
3374 1841 3584 1898 bteren-

2002 1937 2075 1990 tia
2089 1935 2421 1989 nutriuntur.
2440 1933 2754 2003 lmaginatio
2776 1948 2903 1989 vero
2929 1934 3216 1989 mobilibus
3238 1934 3451 1998 belluis.
3475 1935 3586 2006 qui-

2001 2025 2101 2080 bus
2124 2026 2233 2094 jam
2264 2025 2445 2080 inesse
2471 2024 2732 2094 fugiendi,
2774 2025 3128 2095 appetendive
3156 2025 3351 2096 aliquis
3375 2027 3585 2083 videtur

1999 2116 2245 2171 affectus.
2279 2115 2435 2169 Ratio
2481 2129 2610 2170 vero
2640 2114 2856 2169 humani
2889 2123 3091 2170 tantum
3126 2118 3343 2186 generis
3369 2126 3474 2187 est,
3507 2118 3587 2173 si-

1998 2210 2108 2265 cuti
2141 2208 2497 2279 intelligentia
2533 2208 2646 2263 sola
2671 2208 2835 2263 divini
2863 2226 2875 2260 :
2903 2223 3009 2277 quo
3034 2208 3092 2261 lit
3123 2218 3178 2261 ut
3210 2208 3325 2281 (l5)
3350 2224 3415 2264 ea
3445 2210 3585 2264 noti-

2007 2302 2081 2358 tia
2113 2304 2324 2359 emteris
2354 2310 2594 2373 praestet,
2626 2317 2747 2373 qua:
2772 2311 2795 2339 °
2819 2310 3009 2371 suapte
3035 2310 3224 2357 natura
3277 2317 3383 2358 nou
3421 2302 3589 2359 modo

1650 2421 2232 2499 INTERPRETATIO.

309 2519 538 2574 excitans
562 2531 974 2585 commovensqne
994 2532 1125 2569 tnres
1140 2514 1319 2568 mentis
1341 2529 1358 2566 :
1382 2522 1438 2566 ut
1454 2528 1568 2585 cum
1593 2511 1763 2585 lumen
1787 2528 1897 2585 vcr-

310 2592 449 2644 bemt
478 2590 674 2651 oculos,
705 2600 792 2642 aut
838 2582 936 2640 uox
962 2588 1162 2640 insonat
1191 2586 1398 2637 auribus
1427 2600 1444 2636 :
1469 2584 1652 2634 deinde
1694 2584 1767 2636 vis
1802 2582 1895 2636 illa

308 2672 447 2713 ment
470 2680 494 2714 s
514 2671 786 2723 commota,
809 2661 1073 2725 conferens
1093 2657 1281 2722 species
1307 2654 1403 2707 sibi
1432 2654 1611 2725 insitas
1625 2667 1738 2704 cum
1759 2654 1895 2720 ejus-

310 2733 450 2783 modi
497 2732 749 2798 motibus,
791 2729 905 2784 sive
943 2727 1223 2797 Speciebus
1271 2724 1592 2787 adventitiis;
1628 2724 1892 2793 conjunqit

315 2814 582 2856 utras-aue.

380 2882 409 2910 ι
442 2873 673 2943 Organa.

2075 2514 2104 2553 δ
2135 2514 2487 2569 Extrinsecus.

2075 2596 2098 2655 ξ
2126 2586 2169 2639 Α
2200 2601 2473 2655 corporum
2498 2585 2798 2639 commercio
2829 2583 2988 2637 libera
3011 2594 3152 2638 sunt.

2071 2652 2098 2691 ἀ
2133 2656 2247 2709 Hoc
2271 2652 2421 2710 modo
2449 2655 2660 2709 diversis
2674 2656 2821 2709 rebus
2844 2657 3043 2710 diversa
3061 2658 3233 2709 insunt
3249 2657 3593 2727 cognoscendi

2036 2742 2206 2780 enera.

2000 2743 2206 2849 θεῗωὲί
2238 2811 2386 2869 suam
2416 2795 2679 2869 prapriam
2715 2802 2761 2849 et
2786 2797 2982 2855 caneris
3012 2796 3391 2860 monitionibus
3413 2796 3591 2869 “(15¢-

1998 2876 2133 2921 ctam
2157 2868 2421 2921 materiam
2447 2866 2682 2936 percipit.

1840 2978 2071 3036 ΝΟΤᾹΞ.

379 3079 476 3156 26.
521 3077 738 3156 Hicce“
761 3076 1203 3156 eﬂiciens_ma_gis,
1225 3072 1365 3156 etc].
1404 3073 1490 3129 111.
1550 3072 1893 3156 Philosophia
1923 3092 1969 3155 ρ
1999 3076 2233 3156 deliniri,
2273 3076 2412 3130 sicut
2441 3093 2469 3131 a
2608 3077 2743 3146 Aug.
2776 3065 3040 3156 delinitur
3073 3094 3100 3156 :_
3127 3074 3311 3129 Passio
3354 3080 3582 3156 corporis

310 3151 548 3206 declarat
585 3150 709 3217 quid
753 3150 843 3217 sit,
868 3148 1226 3202 sentiendum.
1280 3146 1516 3199 Primum
1550 3146 1763 3213 quidem
1793 3146 1895 3199 nisi

311 3236 470 3276 mens
504 3223 728 3272 humana
759 3218 1135 3272 iul'ormaretur
1160 3233 1187 3269 a
1218 3217 1452 3285 Deo,qui
1482 3231 1586 3268 nou
1616 3218 1787 3270 minus
1817 3224 1899 3269 est

310 3291 431 3359 ejus
476 3300 771 3358 praeceptor
822 3304 977 3356 quam
1028 3288 1294 3350 conditor,
1330 3286 1535 3359 eadem
1591 3301 1742 3359 mens
1796 3302 1900 3359 non

310 3358 498 3430 posset
526 3376 875 3429 cognoscere,
900 3375 1072 3426 neque
1100 3358 1414 3430 generatim,
1469 3372 1642 3430 neque
1663 3358 1901 3425 singula-

311 3428 432 3493 tim;
468 3447 571 3483 non
606 3428 795 3498 posset
844 3430 1081 3489 dividere
1104 3471 1117 3489 ,
1144 3428 1386 3493 delinire,
1419 3436 1512 3481 aut
1552 3429 1604 3481 in
1656 3430 1899 3481 ordinem

308 3504 593 3571 redigere;
625 3500 821 3571 nullam
877 3500 1037 3553 etiam
1090 3499 1311 3551 haberet
1352 3514 1590 3571 normam
1620 3498 1895 3571 veritatis:

312 3569 749 3639 quandoquidem
801 3570 913 3623 hate
966 3570 1139 3622 omnia
1173 3578 1295 3622 sunt
1324 3579 1437 3639 aut
1484 3569 1722 3636 ingenita
1752 3570 1899 3621 notio

310 3640 409 3695 Dei
454 3638 679 3711 quiest,
724 3651 814 3694 aut
855 3640 1067 3709 quidam
1095 3638 1357 3705 ejusmodi
1407 3640 1639 3693 nationis
1667 3639 1896 3711 modus:

356 3721 599 3779 ropterea
631 3711 735 3764 lucc
756 3723 827 3763 est
845 3711 1055 3779 efﬁciens
1076 3711 1240 3778 magis
1271 3711 1417 3778 longe
1440 3726 1594 3761 causa
1626 3710 1898 3775 potentior.

356 3727 599 3779 ropterea
631 3727 735 3764 Ita’c
756 3727 827 3763 est
845 3727 1055 3779 emciens
1076 3727 1240 3778 magis
1271 3727 1417 3778 tange
1440 3727 1594 3761 causa
1626 3727 1896 3775 patentior.

312 3727 517 3836 Bcinde
546 3782 730 3835 eadem
765 3797 937 3844 mens,
970 3788 1027 3832 ut
1054 3790 1173 3849 pote
1193 3794 1311 3847 quae
1338 3790 1420 3831 est
1443 3780 1683 3847 corporis
1708 3782 1896 3842 forma,

310 3852 433 3920 ipso
475 3867 702 3919 corpore
751 3860 1021 3905 commoto
1079 3851 1238 3903 etiam
1293 3850 1520 3902 allieitur
1576 3849 1899 3902 sentiendo:

312 3938 511 3977 sensus
537 3924 703 3985 enim,
727 3922 954 3977 docente
982 3922 1039 3976 S.
1064 3921 1360 3989 Augustino
1403 3921 1437 3971 l.
1469 3920 1536 3973 de
1558 3920 1749 3984 Quant.
1784 3934 1899 3982 ιω..

310 4008 366 4048 c.
397 3994 488 4056 25,
518 4002 601 4047 est
627 3995 796 4061 passio
819 3997 1045 4056 corporis
1080 4008 1168 4061 per
1215 3991 1434 4058 seipsam
1462 4007 1561 4043 non
1603 3990 1764 4042 latens
1791 3991 1905 4041 ani-

312 4078 491 4116 mam:
523 4064 719 4117 idcirco
750 4063 987 4130 prwccdit
1022 4065 1248 4115 excitans
1296 4063 1404 4113 vivo
1446 4062 1502 4113 in
1542 4075 1752 4130 corpore
1780 4076 1902 4130 pas-

311 4136 394 4187 sio
419 4150 438 4186 :
465 4135 554 4187 tibi
584 4135 893 4187 obscrvabis
917 4132 1053 4185 hanc
1084 4147 1289 4197 vocem,
1318 4134 1508 4201 passio,
1544 4145 1805 4201 nonesse
1831 4133 1900 4183 ita

312 4204 694 4264 Latinam,sed
729 4205 990 4272 aptiorem
1016 4204 1211 4255 nullam
1247 4200 1367 4256 esse
1396 4203 1461 4253 ad
1500 4200 1902 4272 signiﬁcandam

312 4276 458 4327 hanc
515 4273 875 4341 Philosophire
925 4274 1321 4338 cogitationem.
1377 4272 1466 4325 Sic
1515 4274 1605 4325 lux
1659 4271 1787 4324 nihil
1820 4281 1904 4324 est

315 4344 463 4397 aliud
497 4359 656 4411 quam
696 4355 871 4397 motus
900 4344 1037 4396 oculi
1062 4361 1088 4394 a
1134 4344 1247 4395 sole
1276 4353 1366 4394 aut
1398 4342 1575 4411 aliquo
1605 4343 1709 4394 alio
1742 4341 1902 4395 simili

311 4428 544 4478 corpore
561 4416 844 4471 commoti:
874 4422 1140 4467 eonnnoto
1168 4414 1323 4465 oculo
1356 4426 1551 4466 nervus
1581 4414 1703 4465 hinc
1728 4412 1792 4463 ad
1816 4427 1905 4466 ce-

312 4484 533 4538 rebrum
563 4500 729 4552 usque
764 4485 1049 4551 productus
1090 4494 1364 4544 movetur;
1402 4484 1545 4536 unde
1584 4492 1904 4552 moveturet

312 4555 621 4617 cerebrum,
648 4551 752 4619 quo
784 4564 928 4607 moto
971 4556 1083 4621 ipsa
1131 4569 1282 4607 mens
1338 4555 1561 4607 cerebro
1607 4551 1901 4620 prsescrtim

310 4626 606 4692 COnjuucta
638 4627 703 4676 ita
744 4636 1129 4688 conuuovetur,
1162 4635 1219 4677 ut
1244 4639 1346 4677 non
1381 4623 1538 4677 modo
1565 4624 1777 4686 sentiat,
1807 4624 1902 4676 sed

309 4694 479 4749 etiam
508 4697 703 4748 videat.
737 4695 994 4747 Sicctiam
1023 4710 1117 4746 vos:
1143 4703 1446 4747 commovet
1495 4711 1660 4746 aures.
1688 4693 1903 4747 Postre-

308 4781 409 4818 mo
440 4780 591 4818 meus
619 4768 903 4819 contere-ns
963 4766 1098 4816 hanc
1144 4765 1315 4817 ideam
1364 4766 1731 4827 adventitiam,
1780 4778 1901 4816 cum

310 4835 484 4904 priori
519 4836 631 4887 idea
689 4838 889 4899 innata,
921 4844 1062 4889 tanta
1092 4834 1336 4888 libertate
1380 4834 1603 4903 judicat,
1650 4846 1701 4886 ut
1736 4835 1903 4900 possit

311 4921 427 4959 non
482 4907 641 4959 modo
684 4907 908 4973 jungere
956 4917 1344 4958 consentaneas
1373 4945 1388 4967 ,
1436 4915 1490 4959 et
1534 4906 1903 4957 dissentaneas

311 4990 606 5042 separare,
648 4992 835 5030 verum
880 4976 1040 5030 etiam
1084 4991 1295 5031 onmem
1343 4978 1705 5029 assensionem
1742 4974 1903 5027 susti-

312 5061 471 5100 nere.

395 5116 669 5187 {Animus
720 5133 819 5169 non
868 5118 1104 5187 passione
1152 5115 1468 5186 itt.signilur.j
1514 5115 1626 5167 Tali
1678 5115 1902 5179 scilicet,

314 5185 463 5254 quali
494 5203 687 5254 corpus
714 5202 832 5239 cum
858 5185 1035 5239 animo
1061 5185 1401 5253 conjunctum
1430 5187 1728 5252 insignitttr,
1758 5186 1905 5238 vide-

314 5258 453 5326 licet
484 5256 673 5326 ﬁgura,
716 5261 918 5326 quiete,
959 5268 1013 5311 et
1051 5269 1220 5319 motu,
1251 5256 1443 5324 quibus
1471 5258 1679 5309 etiamsi
1711 5272 1904 5323 corpus

315 5325 607 5391 afﬁciatur,
641 5325 745 5380 non
783 5338 1065 5397 [trapterea
1107 5343 1257 5381 mens
1283 5327 1530 5379 alticitur.
1564 5327 1669 5381 Sed
1701 5327 1751 5379 id
1798 5342 1904 5380 non

314 5400 523 5459 obstat,
570 5400 695 5465 quin
747 5414 900 5452 meus
945 5401 1225 5452 sentiendo
1274 5398 1484 5451 dicatur
1516 5400 1642 5464 pati,
1690 5407 1907 5451 auctore

315 5467 442 5536 ipso
474 5467 794 5531 Aristotele;
826 5474 1091 5535 quatenus
1116 5468 1363 5522 videlicet
1394 5484 1495 5520 non
1522 5471 1643 5521 latet
1666 5476 1904 5532 mentem,

318 5553 510 5605 corpus
543 5541 647 5605 pati
667 5555 685 5591 :
715 5540 856 5592 sicut
885 5540 1043 5595 docet
1073 5539 1130 5593 S.
1164 5543 1387 5605 August.

394 5611 415 5639 ³
456 5608 694 5681 δεηδυε.]
723 5611 890 5664 Aliter
916 5611 1130 5681 quidem
1156 5610 1458 5681 judicamus
1486 5606 1553 5681 de
1580 5623 1773 5671 sensu;
1806 5607 1906 5681 ali-

318 5688 406 5731 ter
435 5689 622 5733 noster
645 5679 831 5734 auctor
857 5698 869 5734 :
903 5682 996 5734 sed
1026 5679 1126 5735 hoc
1157 5680 1287 5735 nihil
1318 5679 1441 5731 facit
1470 5679 1533 5731 ad
1569 5696 1803 5747 ρι’ςῐιεοηδ
1829 5680 1909 5731 in-

318 5750 591 5807 uitatum.
627 5751 803 5807 Primo
842 5752 981 5807 enim
1029 5752 1183 5807 nobis
1231 5765 1419 5806 sensus
1462 5750 1669 5805 videtur
1714 5752 1908 5806 debere

2002 3163 2090 3217 per
2131 3149 2351 3215 seipsam
2382 3164 2483 3200 non
2512 3149 2673 3200 latens
2701 3148 2924 3200 animam
2949 3164 2968 3200 :
2998 3147 3137 3201 unde
3184 3162 3376 3201 sensus
3416 3147 3592 3218 accipi

2006 3226 2182 3286 potest
2211 3218 2519 3283 dupliciter,
2552 3218 2805 3272 nimirum
2836 3218 3176 3283 inadquate,
3217 3226 3274 3270 ut
3304 3218 3593 3285 loquuntur

2004 3287 2343 3358 philosotihi,
2375 3298 2638 3356 quatenus
2684 3297 2765 3342 est
2806 3290 2976 3359 passio
3009 3289 3275 3359 corporis:
3308 3304 3411 3356 quo
3435 3290 3595 3343 modo

2003 3374 2194 3413 sensus
2224 3360 2491 3423 reperitur
2533 3360 2586 3412 in
2640 3358 2822 3412 bestiis
2852 3360 3049 3424 etiam;
3103 3366 3158 3412 et
3202 3358 3489 3425 adthuate,
3536 3372 3595 3413 ut

2007 3430 2160 3482 aiunt
2186 3429 2345 3483 iidem
2377 3428 2713 3498 philosophi;
2740 3439 3008 3497 quatenus
3042 3437 3125 3482 est
3157 3430 3328 3499 passio
3363 3431 3595 3497 corporis

2004 3516 2094 3569 per
2123 3501 2341 3569 seipsam
2382 3517 2484 3553 nan
2532 3500 2697 3553 latens
2728 3501 2995 3553 animam:
3025 3513 3130 3568 qua
3171 3500 3379 3554 ratione
3406 3514 3599 3555 sensus

2005 3571 2170 3623 solius
2202 3570 2435 3624 hominis
2462 3582 2542 3624 eSt
2570 3588 2582 3623 :
2610 3572 2805 3638 quippe
2827 3572 2915 3637 qui
2945 3570 3094 3624 solus
3124 3580 3336 3623 constat
3376 3586 3441 3624 ex
3469 3585 3595 3625 cor-

2005 3655 2137 3709 pore
2168 3652 2221 3694 et
2250 3651 2448 3695 mente.
2489 3640 2738 3695 Secundo
2783 3650 2965 3695 noster
2994 3650 3182 3694 auctor
3214 3642 3361 3706 ponit
3390 3657 3597 3695 sensum

2004 3711 2164 3764 etiam
2196 3712 2412 3779 proprie
2441 3711 2637 3764 dictum
2667 3712 2718 3763 in
2747 3710 2955 3773 bestiis,
2989 3724 3109 3764 eum
3144 3710 3243 3762 hoc
3275 3722 3448 3764 tamen
3479 3713 3595 3766 dis-

2006 3780 2257 3841 crimine.
2300 3790 2357 3832 ut
2399 3782 2450 3833 in
2492 3780 2715 3834 conchis
2744 3781 2815 3833 sit
2843 3795 3018 3833 sensus
3047 3780 3161 3832 sine
3190 3782 3597 3848 imaginatione:

2007 3850 2059 3903 in
2092 3850 2279 3903 bestiis
2309 3850 2599 3905 mobilibus
2622 3849 2782 3903 etiam
2810 3850 3107 3919 imaginatio
3134 3850 3250 3903 sine
3274 3851 3502 3915 ratione;
3523 3852 3595 3905 si-

2006 3931 2094 3973 cut
2120 3921 2189 3991 Ain
2236 3921 2447 3974 homine
2489 3936 2689 3984 sensus,
2724 3922 3044 3991 imaginatia,
3075 3928 3131 3991 et,
3148 3920 3302 3982 ratio,
3349 3920 3442 3973 sed
3474 3922 3595 3976 sine

2005 3988 2363 4059 intelligentia,
2396 4005 2558 4059 quam
2602 3991 2731 4044 dicit
2770 3988 2930 4043 diuini
2960 3990 3180 4060 generis.
3227 3991 3317 4054 At,
3354 3992 3595 4057 inquam,

2008 4062 2049 4113 si
2078 4077 2255 4113 sensus
2282 4070 2363 4114 est
2393 4062 2444 4115 in
2467 4060 2709 4124 conchis,
2740 4075 2837 4115 cur
2858 4072 2964 4114 non
2990 4063 3043 4114 in
3074 4060 3260 4114 iisdem
3296 4060 3453 4114 l'uerit
3474 4061 3596 4115 ima-

2006 4132 2197 4202 ginatio
2218 4132 2243 4184 ἰ)
2270 4147 2389 4186 cum
2418 4148 2597 4185 sensus
2627 4141 2680 4185 et
2722 4131 3023 4199 intaginatio
3055 4141 3168 4184 non‘
3192 4130 3461 4195 differant,
3492 4134 3601 4187 nisi

2007 4201 2149 4270 quod
2180 4218 2356 4255 sensus
2384 4217 2481 4257 suo
2511 4202 2735 4270 quilibet
2786 4217 3009 4271 organo.
3058 4203 3356 4270 imaginatio
3392 4215 3596 4272 organo

2007 4274 2301 4337 communi,
2328 4273 2575 4327 videlicet
2619 4272 2845 4327 cerebro
2892 4272 3235 4338 perﬁciatur:
3266 4271 3407 4341 quod
3438 4271 3593 4329 cere-

2009 4342 2160 4396 brum
2202 4344 2362 4397 etiam
2393 4344 2446 4397 in
2477 4342 2700 4396 conchis
2728 4345 2983 4397 occurrit.
3014 4343 3068 4396 Si
3106 4343 3406 4413 imaginatio
3437 4343 3597 4398 luerit

2010 4415 2061 4465 in
2088 4414 2206 4465 aliis
2238 4412 2442 4477 bestiis,
2482 4429 2534 4467 v.
2567 4429 2619 4482 g.
2650 4415 2703 4466 in
2728 4414 2908 4481 vulpe,
2940 4428 3037 4467 cur
3066 4428 3169 4467 non
3214 4412 3271 4466 in
3321 4413 3405 4467 his
3433 4413 3598 4469 fuerit

2008 4484 2183 4536 ratio?
2211 4484 2645 4553 quandoquidem
2676 4484 2744 4537 ab
2771 4485 2853 4538 his
2884 4484 3109 4551 plurima
3134 4488 3287 4548 liunt,
3312 4484 3377 4537 ad
3409 4501 3526 4552 qua:
3548 4486 3595 4539 si

2010 4555 2310 4607 necessaria
2357 4555 2515 4609 fuerit
2551 4554 2795 4624 qu:cdam
2833 4554 3088 4624 cognitio,
3136 4564 3188 4609 et
3214 4569 3300 4607 am
3339 4554 3426 4609 illa
3476 4572 3597 4623 qua:

2007 4640 2184 4678 sensus
2215 4634 2438 4679 vocatur
2483 4633 2536 4678 et
2579 4626 2898 4694 imaginatio,
2936 4634 3082 4677 certe
3112 4626 3247 4678 ratio
3293 4629 3594 4680 necessaria

2008 4694 2134 4758 erit,
2179 4698 2280 4748 hoc
2310 4705 2393 4750 est
2437 4710 2754 4764 progressus
2782 4696 3159 4765 cognoscentis
3188 4710 3215 4747 a
3247 4697 3391 4750 notis
3422 4696 3487 4749 ad
3520 4697 3599 4765 ig-

2009 4774 2154 4818 nota.
2190 4765 2246 4820 Si
2272 4765 2500 4834 denique
2524 4767 2654 4818 ratio
2682 4765 2836 4819 fuerit
2858 4764 2910 4818 in
2943 4765 3176 4830 homine,
3204 4776 3260 4820 ut
3280 4782 3465 4821 revera
3489 4764 3594 4831 est,

2008 4850 2104 4888 cur
2134 4850 2243 4889 non
2279 4837 2328 4888 in
2358 4839 2548 4891 eodem
2587 4836 2748 4890 fuerit
2768 4835 3146 4905 intelligentia?
3175 4852 3295 4890 cum
3327 4839 3457 4890 ratio
3489 4852 3596 4890 non

2011 4906 2081 4959 sit
2126 4906 2244 4961 sine
2288 4907 2511 4973 judicio,
2539 4922 2636 4959 nec
2657 4907 2916 4973 judicimn
2943 4907 3059 4959 sine
3093 4908 3449 4976 intelligentia.
3483 4906 3599 4962 Nisi

2015 4986 2189 5047 tamen
2216 4978 2484 5031 nominata
2523 4977 2870 5046 intelligentia
2903 4976 3244 5047 Philosophia
3270 4979 3496 5033 voluerit
3518 4979 3598 5031 in-

2013 5046 2177 5115 telligi
2209 5051 2482 5102 notionem
2515 5061 2542 5099 a
2576 5048 2721 5100 nullo
2750 5056 3022 5116 acceptam
3051 5058 3103 5102 et
3125 5046 3404 5101 ’inlinitam
3432 5065 3445 5100 :
3482 5047 3597 5103 hinc

2012 5116 2154 5169 enim
2186 5116 2531 5186 intelligentia
2560 5118 2724 5170 solius
2762 5118 2854 5172 Dei
2882 5131 2981 5171 eSt.
3014 5118 3195 5173 Tertio
3227 5119 3339 5171 haec
3370 5133 3435 5170 co
3463 5118 3599 5171 libe-

2011 5188 2125 5240 rius
2154 5190 2476 5254 notavimus,
2503 5187 2643 5255 quod
2675 5187 2740 5241 ad
2775 5198 3093 5256 praesentem
3119 5187 3480 5253 Philosophia:
3508 5188 3596 5242 de-

2014 5260 2459 5312 monstrationem
2495 5257 2630 5313 nihil
2662 5258 2891 5320 faciunt;
2924 5259 3036 5312 sive
3078 5259 3220 5311 enim
3255 5258 3442 5311 bestiae
3473 5273 3599 5326 pro-

2016 5328 2131 5395 prie
2159 5329 2392 5382 sentiant
2425 5330 2537 5383 sive
2580 5344 2716 5393 non;
2751 5328 2911 5384 modo
2935 5344 3071 5383 unus
3103 5328 3264 5382 homo
3296 5328 3511 5392 sentiat,
3544 5330 3596 5382 id

2011 5398 2140 5451 satis
2162 5399 2263 5451 erit
2286 5402 2347 5451 ad
2367 5399 2899 5455 animadvertendum
2924 5399 3214 5453 discrimen
3245 5400 3596 5467 ordinemque

2013 5467 2413 5536 praedictorum.
2459 5471 2719 5524 Similiter
2757 5470 2999 5538 quamvis
3046 5471 3206 5524 homo
3246 5469 3599 5538 intelligentia

2012 5540 2298 5607 at‘tieiatur,
2326 5540 2670 5609 intelligentia
2699 5548 2876 5594 tamen
2900 5539 3101 5603 divina,
3132 5548 3192 5594 ut
3218 5550 3341 5609 pote
3367 5540 3597 5607 inlinita,

2014 5609 2419 5679 intelligentiam
2446 5613 2734 5666 humanam
2763 5612 2833 5665 ita
2864 5619 3100 5678 supcrat,
3148 5619 3205 5665 ut
3241 5625 3360 5679 qua:
3400 5611 3595 5664 intelli-

2013 5680 2190 5753 gentia
2224 5681 2454 5735 humana
2484 5682 2601 5751 capi
2622 5696 2752 5753 non
2786 5689 3031 5750 p058unt,
3083 5681 3197 5737 hac
3246 5681 3625 5753 itttclligentik

2014 5752 2188 5807 divina
2218 5762 2363 5810 recte
2394 5751 2940 5822 comprehendantur.

2066 5958 2097 5987 ᾗ
