4010 6372
477 262 573 319 I55

1686 264 1800 339 AN.
1842 261 2047 318 MANL.
2088 260 2243 320 sev.
2284 262 2510 320 nomn

3641 262 3742 315 856

472 381 882 452 proprium,sed
904 391 1213 437 caeterarum
1235 394 1447 451 quoque
1476 379 1784 436 notitiarum
1808 379 2050 449 subjecta
2083 378 2130 437 Α
2159 378 2595 449 imaginationem
2638 390 2964 448 sensumque
3014 375 3205 432 rationi
3244 365 3441 431 cedere
3492 383 3745 445 oportere

474 483 767 554 cognoscit.
798 479 961 553 34ιᾶ1
988 482 1004 513 ⁸
1034 481 1170 551 Quid
1211 484 1389 553 igitur,
1418 484 1463 539 si
1502 478 1897 538 ratiocinationi
1926 496 2052 538 sen-

472 600 563 639 sus
593 584 1009 654 imaginatioque
1039 591 1065 621 ι
1090 582 1446 653 refragantur,
1471 584 1603 638 nihil
1625 599 1745 638 esse
1776 583 1908 638 illud
1932 584 2053 637 uni-

470 688 677 742 versale
698 687 962 751 dicentes,
993 685 1135 757 quod
1167 702 1289 742 sese
1311 687 1505 751 intueri
1531 688 1667 742 ratio
1695 688 1880 757 putet?
1909 688 2048 755 quod

472 789 614 845 enim
638 788 913 857 sensibile,
930 788 1015 843 vel
1042 786 1384 858 iinaginabile
1400 796 1503 854 est,
1529 786 1579 843 id
1603 789 1909 845 universum
1931 805 2051 845 esse

468 895 573 934 non
605 894 802 951 posse:
831 887 925 935 aut
951 879 1114 951 igitur
1145 879 1369 933 rationis
1400 894 1583 935 verum
1618 893 1741 936 esse
1766 880 2049 949 judicium,

468 996 568 1036 nec
612 980 900 1051 quidquam
948 994 1070 1036 esse
1107 980 1410 1036 sensibile:
1439 988 1533 1034 aut
1569 978 1648 1049 (5)
1671 981 1922 1050 quoniam
1948 980 2049 1035 sibi

467 1082 655 1131 notum
683 1073 755 1127 sit
784 1073 936 1144 plura
966 1070 1242 1140 sensibus,
1280 1080 1335 1126 et
1364 1070 1727 1142 imaginationi
1775 1085 1897 1126 esse
1924 1072 2050 1125 sub-

467 1166 629 1236 jecta,
660 1165 875 1223 inanem
910 1165 1315 1235 conceptionem
1343 1179 1464 1219 esse
1490 1165 1735 1229 rationis,
1763 1179 1885 1237 qua:
1907 1165 2047 1234 quod

468 1257 722 1314 sensibile
751 1257 844 1323 sit,
873 1271 938 1312 ac
962 1257 1253 1328 singulare,
1288 1258 1440 1327 quasi
1468 1256 1717 1327 quiddam
1746 1256 2051 1313 universale

466 1359 796 1415 consideret.
824 1357 907 1413 Ad
952 1357 1089 1425 haec,
1133 1356 1179 1413 si
1220 1358 1360 1413 ratio
1389 1366 1579 1411 contra
1614 1356 1960 1425 reSpondeat,
1990 1371 2051 1411 se

466 1453 687 1525 quidem
720 1460 773 1507 et
812 1450 954 1522 quod
985 1450 1236 1507 sensibile
1265 1460 1319 1506 et
1346 1450 1488 1521 quod
1528 1450 1865 1518 imaginabile
1894 1452 1965 1504 sit
1996 1451 2049 1503 in

466 1542 840 1600 universitatis
868 1543 1075 1597 ratione
1096 1543 1441 1612 conspicere;
1474 1541 1559 1596 illa
1588 1557 1715 1596 vero
1740 1544 1805 1595 ad
1835 1542 2047 1595 univer-

466 1636 641 1692 sitatis
667 1634 1027 1705 cognitionem
1053 1633 1164 1706 (ill)
1182 1634 1424 1704 aspirare
1453 1649 1557 1689 non
1586 1647 1774 1704 posse:
1798 1634 2047 1704 quoniam

460 1754 651 1805 eorum
682 1738 830 1794 notio
856 1738 1166 1808 corporales
1196 1737 1393 1809 liguras
1417 1750 1521 1793 non
1546 1737 1717 1805 possit
1740 1737 2003 1793 excedere
2029 1755 2043 1791 :
2080 1753 2124 1813 Β

456 1840 532 1896 de
559 1856 739 1896 rerum
763 1854 894 1896 vero
925 1838 1250 1909 cognitione,
1278 1836 1503 1893 ﬁrmiori
1536 1838 1733 1908 potius,
1762 1836 2048 1908 perfectio-

454 1933 618 2002 rique
660 1930 868 2001 judicio
905 1944 1027 1986 esse
1058 1929 1413 1985 credendum.
1456 1930 1513 1985 in
1544 1929 1846 2000 huiusmodi
1887 1928 2048 2000 igitur

454 2023 582 2090 lite,
612 2038 735 2091 nos,
765 2022 958 2093 quibus
984 2030 1092 2077 tam
1122 2022 1495 2087 ratiocinandi,
1532 2037 1690 2092 quam
1723 2021 2044 2091 imaginandi

458 2117 645 2182 etiam,
694 2115 1070 2183 sentiendique
1105 2113 1190 2170 vis
1216 2115 1375 2181 inest,
1420 2129 1598 2169 nonne
1625 2112 1787 2187 345
1816 2114 2041 2169 rationis

464 2217 640 2287 potius
660 2231 877 2271 causam
909 2215 1291 2283 probaremus?
1310 2215 1494 2271 Simile
1516 2223 1621 2283 est,
1647 2216 1788 2285 quod
1813 2216 2039 2271 humana

465 2310 607 2365 ratio
633 2309 869 2364 divinam
909 2309 1315 2378 intelligentiam
1343 2308 1540 2375 futura,
1565 2309 1666 2362 nisi
1690 2318 1747 2363 ut
1776 2309 1888 2379 ipsa
1919 2324 2043 2379 cog-

466 2402 658 2470 noscit,
690 2416 799 2458 non
826 2410 976 2471 putat
1003 2401 1218 2457 intueri.
1249 2402 1381 2457 Nam
1426 2402 1494 2455 ita
1544 2400 1788 2469 disseris,
1837 2402 1881 2457 si
1923 2417 2042 2473 quas

467 2502 641 2549 certos
669 2508 734 2548 ac
758 2491 1096 2548 necessarios
1127 2492 1325 2550 habere
1351 2507 1457 2548 non
1485 2493 1765 2549 videantur
1796 2503 2040 2561 eventus,

467 2599 530 2638 ea
555 2593 705 2640 certo
734 2594 994 2640 eventura
1027 2583 1267 2654 prtesciri
1309 2594 1598 2654 nequeunt.
1641 2584 1841 2640 Harum
1890 2586 2050 2656 igitur

468 2674 546 2748 {5)
573 2691 755 2731 rerum
773 2674 915 2730 nulla
941 2684 1027 2731 est
1055 2674 1411 2744 prtescientia,
1441 2690 1597 2743 quam
1620 2676 1667 2731 si
1696 2675 1857 2732 etiam
1884 2677 1937 2731 in
1966 2677 2051 2731 his

468 2782 589 2825 esse
616 2767 920 2832 credamus,
945 2767 1077 2825 nihil
1107 2768 1239 2836 erit,
1278 2767 1420 2839 quod
1470 2781 1576 2822 non
1621 2782 1687 2823 ex
1729 2768 2051 2825 necessitate

468 2861 777 2931 proveniat.
819 2860 876 2916 Si
922 2860 1099 2930 igitur,
1154 2861 1229 2916 uti
1274 2860 1499 2916 rationis
1531 2863 1817 2931 participes
1843 2877 2049 2927 sumus,

467 2968 534 3021 ua
563 2951 758 3009 divina:
784 2951 1042 3022 iudicium
1086 2952 1280 3007 mentis
1326 2951 1523 3007 habere
1569 2964 1868 3021 possemus,
1913 2954 2049 3014 sicut
2077 2952 2124 3015 C

2151 473 2534 543 judicavimus,
2563 473 2642 528 sic
2666 470 2859 527 divinae
2897 485 3017 526 sese
3064 468 3229 525 menti
3258 467 3549 523 humanam
3594 481 3742 522 sum-

2158 568 2372 623 mittere
2434 566 2694 621 rationem
2757 566 3116 634 justissimum
3186 576 3559 617 censeremus.
3630 559 3743 629 (ιο)

2154 661 2177 692 ’
2217 660 2395 725 Quare
2445 659 2496 713 in
2539 658 2683 712 illius
2724 672 2947 711 summa:
2992 655 3356 724 intelligentiae
3384 666 3671 716 cacumen,
3696 652 3741 706 si

2155 766 2462 822 possumus,
2491 751 2789 820 erigamur;
2822 750 2930 803 illic
2950 748 3091 803 enim
3135 749 3272 801 ratio
3315 745 3555 809 videbit,
3592 743 3742 813 quod

2152 845 2207 898 in
2237 857 2297 897 se
2320 857 2426 897 non
2459 851 2635 910 potest
2658 840 2876 897 intueri.
2908 839 2964 895 ια
2994 848 3171 894 autem
3193 845 3297 903 est,
3322 851 3563 908 quonam
3582 834 3743 889 modo

2153 933 2312 989 etiam
2340 948 2461 1003 quae
2483 941 2660 989 certos
2681 931 2859 988 exitus
2880 946 2989 987 non
3017 930 3238 994 habent,
3259 938 3410 983 certa
3451 935 3635 983 tamen
3664 927 3740 980 vi-

2152 1021 2298 1086 deat,
2349 1036 2413 1077 ae
2455 1019 2674 1076 deﬁnita
2708 1020 2998 1090 pranotio;
3031 1033 3205 1087 neque
3233 1017 3284 1072 id
3311 1017 3380 1071 sit
3407 1016 3616 1085 Opinio,
3648 1013 3741 1069 sed

2151 1125 2378 1167 summa:
2406 1110 2585 1180 potius
2626 1108 2865 1165 scientia
2906 1107 3072 1165 trullis
3102 1106 3344 1163 terminis
3373 1105 3581 1160 inclusa
3613 1104 3739 1159 sim-

2153 1205 2382 1275 plicitas.

2629 1334 2793 1406 353
2818 1333 3108 1390 METRUM
3140 1337 3156 1357 -
3189 1332 3247 1387 v.

2153 1452 2519 1505 Ancunnruu
2556 1461 2627 1501 ex
2656 1447 2949 1513 Crannone,
2992 1460 3011 1500 ι
3051 1461 3117 1500 ns:
3148 1444 3395 1499 Lemnus.
3415 1473 3489 1483 —
3510 1442 3736 1505 Natura,

2223 1523 2388 1589 inquit
2432 1517 2793 1589 PhilosOpltia,
2846 1527 3057 1571 steteras
3099 1514 3629 1589 aninrantes__abjecit
3672 1516 3735 1589 ad

2222 1582 2444 1659 pastum,
2477 1582 2940 1659 solum'ltontinemi
2970 1586 3265 1659 ere.rit,_ad
3322 1582 3539 1652 (telique
3593 1582 3737 1659 quasi

2224 1654 2563 1732 cognationis,
2603 1668 2651 1712 et
2696 1658 2943 1712 domicilii
2982 1656 3187 1725 pristini
3233 1665 3561 1726 conspectum
3602 1654 3736 1708 exci-

2224 1732 2367 1785 tavit.

2293 1838 2463 1907 Quam
2494 1837 2660 1893 variis
2682 1846 2853 1893 terras
2882 1836 3133 1892 animalia
3163 1843 3442 1906 permeant
3479 1834 3704 1905 ﬁguris!

2294 1932 2532 2003 Namque
2555 1931 2656 1985 alia
2680 1938 2904 1986 extento
2929 1938 3052 1986 sunt
3070 1942 3320 1998 corpore,
3353 1928 3737 1996 pulveremque

3424 2025 3668 2081 verrunt,

3424 2025 3668 2081 verrunt,

2294 2115 2723 2184 Continuumque
2767 2110 2984 2167 trahunt
3008 2110 3059 2164 vi
3082 2107 3317 2181 pectoris
3356 2014 3582 2163 iu[citata
3624 2104 3745 2161 θυι-ο

3518 2213 3664 2253 cum.

3518 2213 3664 2253 cum.

2297 2300 2433 2357 Sunt
2485 2296 2681 2369 quibus
2722 2295 2928 2351 alarum
2967 2292 3156 2349 levitas
3203 2305 3335 2362 vaga
3381 2198 3738 2361 verberaque

3429 2383 3669 2454 [ventos,

2154 2489 2187 2545 Β
2292 2484 2453 2559 347
2489 2484 2556 2540 Et
2585 2480 2789 2553 liquido
2812 2478 2953 2551 longi
2982 2479 3152 2549 Spatia
3189 2478 3409 2535 atheris
3434 2486 3620 2534 enatet
3647 2490 3739 2531 vo-

3521 2568 3671 2633 lato;

3521 2568 3671 2633 law;

2299 2672 2424 2728 lisse
2469 2640 2733 2738 pressisse
2779 2664 2898 2719 solo
2940 2663 3161 2734 vestigia
3204 2568 3590 2731 gressibustgue
3616 2671 3743 2727 gau-

3538 2751 3673 2805 dent

3538 2751 3673 2805 dent

2301 2855 2396 2912 Vel
2424 2850 2625 2908 virides
2654 2862 2874 2917 campos
2898 2846 3287 2910 transmittere,
3317 2842 3410 2899 vel
3429 2750 3618 2897 subire
3648 2840 3745 2896 sil-

3523 2936 3675 3009 [νος.

1812 3061 2385 3123 INTERPRETATIO.

539 3190 564 3218 ⁸
594 3178 956 3234 Adversentur.

540 3252 709 3319 Quam
738 3251 950 3303 diversis
976 3249 1155 3320 ﬁguris
1183 3248 1412 3316 prtedittc
1439 3248 1724 3320 animantes
1748 3261 2053 3320 percurrunt

468 3332 630 3376 terras
655 3337 675 3376 :
698 3321 823 3374 alite
843 3320 977 3373 enim
1010 3319 1191 3372 habent
1230 3319 1677 3390 corpuslongum,
1700 3336 1817 3389 qua:
1846 3338 2055 3390 serpen-

470 3404 542 3447 tes
565 3394 745 3445 virtute
764 3391 846 3444 sui
873 3392 1089 3461 pectoris
1118 3396 1319 3443 verrunt
1346 3388 1601 3456 pulverem
1634 3400 1680 3443 et
1714 3388 1910 3444 ducunt
1932 3388 2056 3445 sul-

471 3479 585 3515 cum
614 3462 965 3516 continuatum
990 3477 1011 3513 ε
1040 3461 1159 3513 alia:
1185 3469 1420 3514 errantes
1441 3461 1623 3532 pennis
1656 3461 1847 3517 levibus
1871 3478 2057 3533 percu-

2159 3180 2289 3230 tiunt
2314 3178 2508 3234 rentes,
2539 3176 2586 3221 et
2615 3168 2766 3237 longo
2787 3166 2958 3217 volatu
2982 3173 3242 3237 transeunt
3268 3177 3459 3227 magna
3477 3162 3747 3237 intervalla

2158 3248 2290 3300 aeris
2324 3241 2502 3310 liquidi
2527 3253 2547 3293 :
2574 3235 3150 3310 aliw'gestiunt‘gradiri
3169 3246 3480 3310 perterruit}
3503 3250 3523 3287 :
3547 3237 3653 3287 sire
3674 3235 3750 3310 In:

2160 3304 2398 3388 passibus
2429 3316 2690 3388 transeant
2721 3304 2868 3388 agros
2896 3305 3113 3367 virides;
3138 3304 3242 3357 sire
3267 3305 3352 3374 ing
3384 3306 3631 3388 adimitur
3663 3304 3752 3388 sit:

2160 3374 2272 3442 ἶνας.
2306 3384 2434 3449 Qut:
2462 3380 2783 3435 animantes.
2815 3377 2939 3449 licet
2979 3392 3171 3449 omnes,
3212 3385 3266 3427 ut
3291 3377 3479 3437 cernis,
3507 3374 3754 3441 differant

2160 3447 2387 3512 inter’se
2431 3451 2666 3522 pluribus
2705 3447 2893 3511 modis,
2947 3449 2998 3499 in
3038 3448 3140 3500 hoc
3181 3454 3359 3500 tamen
3395 3449 3748 3511 conveniunt,

1992 3576 2221 3636 NOTAE.

551 3674 585 3743 'A
605 3670 748 3743 Quid
761 3670 923 3743 igitur
943 3671 990 3725 si
1006 3670 1404 3738 ratiocinationi,
1434 3669 1564 3742 etc]
1591 3672 1810 3727 Accedit
1838 3673 2049 3730 tandem

473 3741 818 3815 Philosophia
863 3742 929 3795 ad
976 3757 1117 3815 eam,
1152 3754 1369 3810 propter
1414 3741 1571 3811 quam
1626 3743 1781 3811 longa
1831 3745 2056 3800 fuerunt

471 3812 754 3881 praeludia,
774 3814 1253 3882 comparationem,
1276 3827 1432 3880 quam
1456 3815 1801 3883 proportionis
1824 3828 2015 3869 vocant
2037 3833 2054 3872 :

472 3884 621 3953 quasi
650 3883 832 3938 dicat:
862 3896 918 3936 ut
965 3899 1024 3938 se
1075 3883 1236 3937 habet
1273 3898 1466 3938 sensus
1516 3883 1743 3938 collatus
1788 3900 1909 3940 cum
1957 3901 2050 3939 sna

468 3955 708 4024 subjecta
738 3956 957 4009 materia
1006 3956 1070 4007 ad
1115 3954 1572 4022 imaginationem,
1631 3955 1881 4009 collatam
1930 3973 2052 4011 cum

470 4040 565 4079 sua
596 4029 814 4081 materia
843 4043 855 4077 ε
887 4034 977 4078 aut
1010 4033 1066 4078 ut
1091 4041 1148 4079 se
1178 4024 1338 4079 habet
1366 4024 1674 4091 imaginatio
1710 4027 1903 4080 collata
1933 4042 2053 4082 cum

471 4110 565 4148 sua
598 4096 822 4149 materia
851 4096 917 4148 ad
946 4095 1203 4150 rationem
1233 4095 1477 4149 collatam
1507 4111 1626 4149 cuin
1659 4111 1755 4150 sua
1795 4100 2052 4151 materia:

472 4169 543 4219 ita
592 4180 651 4219 se
693 4167 854 4221 habet
896 4168 1031 4220 ratio
1061 4166 1251 4220 collata
1292 4181 1411 4219 cum
1465 4181 1558 4220 sua
1611 4167 1830 4220 materia
1881 4168 1947 4221 ad
1980 4173 2057 4223 iti-

473 4237 816 4305 telligentiam
868 4238 1117 4291 collatam
1153 4250 1273 4288 cum
1319 4252 1411 4289 sua
1446 4238 1707 4290 materia:
1742 4239 1882 4291 sicut
1930 4255 2059 4307 ergo

473 4323 538 4361 ex
574 4308 937 4362 imbecillitate
978 4321 1171 4362 sensus
1202 4322 1305 4359 non
1333 4317 1416 4362 est
1445 4308 1682 4375 neganda
1728 4307 2055 4377 imaginatio.

2155 3663 2371 3737 plurimi
2395 3670 2509 3737 tam
2534 3666 2780 3737 oratores
2802 3649 2958 3722 q'uam
2982 3664 3160 3737 poetae
3184 3673 3196 3708 :
3222 3654 3471 3710 audivisti
3493 3654 3752 3721 Tullium,

2156 3726 2280 3792 audi
2312 3732 2559 3789 Ovidium
2591 3728 2627 3782 Ι.
2661 3744 2675 3782 l
2708 3726 2948 3790 Illetam.,
2979 3726 3089 3781 fab.
3118 3726 3176 3779 2.

2282 3828 2539 3883 Pronaque
2562 3834 2668 3869 cum
2692 3827 2920 3883 spectent
2944 3818 3166 3883 aninialia
3189 3823 3369 3883 caetera
3394 3823 3606 3880 terram,

2283 3889 2350 3937 Os
2373 3880 2552 3935 homini
2575 3880 2785 3931 sublime
2810 3882 2947 3930 dedit
2966 3880 3243 3939 calumque
3269 3880 3445 3929 videre

2284 3950 2437 3998 tussit.
2462 3955 2515 3995 et
2538 3955 2733 3995 erectos
2751 3943 2807 3991 ad
2831 3944 2994 3991 sidera
3024 3941 3201 3991 tollere
3226 3942 3405 3990 vultus.

2161 4036 2259 4091 llic
2289 4044 2466 4088 tamen
2497 4030 2929 4097 distinguendum
2953 4029 3163 4081 videtur
3192 4028 3336 4082 inter
3366 4029 3531 4080 situm
3562 4042 3755 4092 corpo-

2160 4108 2259 4167 ris,
2293 4104 2563 4171 situmque
2592 4102 2765 4154 vultus
2796 4113 2901 4153 tam
2945 4099 3198 4171 hominis,
3240 4113 3399 4166 quam
3429 4109 3756 4152 czetcrorum

2162 4169 2511 4230 animalium:
2548 4186 2669 4225 nam
2704 4179 2918 4226 erectus
2950 4169 3128 4233 homo,
3160 4178 3352 4223 caetera
3387 4184 3516 4222 vero
3543 4173 3759 4223 anima-

2166 4249 2232 4301 lia
2268 4259 2434 4314 prona
2461 4252 2588 4297 sunt
2612 4256 2839 4314 corpore
2864 4258 2881 4294 :
2913 4242 3091 4293 vultus
3119 4248 3295 4294 autem
3322 4240 3571 4314 adeoque
3603 4256 3761 4314 aspe-

2165 4309 2285 4372 ctus
2316 4327 2422 4368 tam
2451 4309 2884 4381 hominis,‘qnam
2907 4322 3224 4365 cmteroruni
3248 4309 3563 4381 animalium
3591 4326 3607 4363 :
3638 4310 3761 4379 (sal-

473 4387 570 4454 ους
602 4394 670 4454 est
714 4379 1081 4454 imbecillitate
1107 4377 1525 4454 imaginationis
1555 4393 1659 4454 non
1689 4389 1786 4454 est
1806 4381 2058 4454 neganda
2089 4387 2144 4448 ι)
2170 4397 2277 4441 tem
2308 4385 2354 4440 si
2382 4384 2678 4452 excipiatur
2705 4377 2866 4454 piscis
2910 4382 3021 4438 ille.
3054 4381 3146 4447 qni
3181 4377 3567 4454 οὐρανοσκόπος
3597 4377 3761 4454 voca-

472 4449 811 4503 ratiocinatio
833 4492 848 4514 ,
893 4450 971 4503 sic
1009 4464 1075 4504 ex
1107 4447 1474 4504 imbecillitate
1516 4450 1943 4505 ratiocinationis
1972 4462 2066 4506 aut

473 4520 840 4586 intelligentiae
870 4519 1117 4573 humana:
1149 4534 1252 4572 non
1285 4527 1365 4573 est
1397 4518 1637 4589 neganda
1660 4519 1841 4575 divina
1865 4521 2068 4577 futuro-

473 4606 592 4646 rum
624 4590 913 4644 liberorum
943 4590 1287 4657 intelligentia
1321 4589 1437 4644 sive
1463 4591 1747 4657 prmnotio.

544 4663 564 4691 ³
608 4660 779 4726 Quare
802 4662 851 4712 in
872 4662 1012 4734 illius
1038 4676 1250 4734 sumant:
1278 4661 1627 4734 intelligentiae
1652 4661 2062 4734 cacumen,etc.]

478 4732 787 4787 Studeamus
818 4732 1055 4784 accedere
1091 4731 1159 4781 ad
1204 4730 1592 4799 intelligentiam
1638 4731 1864 4784 divinam
1888 4748 1907 4786 :
1936 4730 2060 4786 cuni

477 4802 619 4856 enim
652 4803 750 4853 hac
776 4802 1127 4868 intelligentia
1160 4802 1335 4853 divina
1370 4801 1609 4869 perfecte
1638 4803 2064 4868 comprehenda-

478 4884 566 4927 tur
594 4873 841 4941 prmdicta
871 4874 1064 4926 divina:
1090 4872 1439 4940 providentiae
1469 4872 1822 4939 humanaeque
1845 4871 2063 4928 liberta-

480 4943 873 5003 tisconcordia,
901 4952 1104 5013 quanto
1123 4942 1341 5009 propius
1373 4942 1438 4995 ad
1460 4942 1707 5013 divinum
1728 4944 2059 5013 intelligendi

480 5014 698 5069 modum
722 5014 1060 5074 accedi-inus,
1085 5022 1230 5067 tanto
1266 5013 1432 5079 magis
1457 5012 1571 5067 huic
1600 5013 1885 5067 cnncorilia
1910 5012 2064 5067 nobis

478 5089 783 5140 innotescet
806 5101 819 5138 :
843 5087 936 5139 sed
968 5085 1033 5138 ad
1059 5084 1222 5137 Deum
1247 5083 1503 5137 accedere
1527 5100 1629 5138 non
1657 5099 1940 5149 DOaSlltHllS
1964 5090 2062 5138 nisi

478 5156 721 5227 diligenti
750 5155 816 5209 ad
856 5156 1027 5224 ipsum
1063 5154 1228 5227 Deum
1263 5153 1417 5227 facta
1460 5154 1793 5227 attentione:
1824 5154 1891 5227 ad
1924 5158 2063 5223 quod

477 5222 599 5297 ipsa
616 5232 778 5281 etiam
805 5222 972 5281 nostri
991 5224 1233 5293 corporis
1255 5222 1426 5292 ﬁgura
1451 5238 1550 5278 nos
1587 5224 1796 5277 videtur
1822 5222 2026 5280 hortari
2050 5242 2064 5279 :

481 5299 745 5366 siquidem

549 5362 569 5393 ⁵
605 5368 754 5436 Quod
781 5379 1002 5422 vocatur
1026 5362 1431 5419 Arcliilocltiunt.
1462 5362 1691 5436 Carmen
1724 5374 1979 5436 constans
2006 5382 2067 5419 rx

487 5456 591 5495 ano
622 5434 817 5508 genere
848 5452 1123 5501 versuum,
1172 5450 1400 5508 quorum
1453 5435 1679 5508 quilibet
1729 5434 2071 5508 lieptameter

480 5505 660 5575 habet,
694 5512 920 5577 primum
952 5517 1181 5579 quatuor
1211 5505 1417 5575 primos
1442 5519 1631 5560 versus
1651 5506 1849 5560 heroici
1870 5506 2064 5577 pedes;

478 5582 673 5637 deinde
705 5592 812 5635 tres
841 5580 1129 5633 trochteos.

552 5654 604 5706 l.
649 5653 813 5717 Quam
840 5652 1017 5713 variis,
1048 5645 1180 5720 etc.]
1212 5645 1698 5720 llomincmsolum
1731 5656 1933 5720 erecto,
1959 5663 2059 5701 ctr-

484 5734 593 5777 tara
626 5737 754 5775 vero
798 5722 1051 5774 animalia
1094 5717 1266 5801 prono
1314 5719 1463 5771 vultu
1508 5717 1759 5775 incedere
1806 5719 2059 5774 dixerunt

2171 4470 2278 4518 tur.
2307 4453 2449 4526 quod
2486 4451 2680 4526 oculos
2711 4452 2763 4526 in
2807 4466 3038 4521 superna
3070 4451 3313 4526 corporis
3332 4459 3496 4526 parte
3530 4451 3677 4526 habe
3701 4466 3761 4526 is,

2167 4519 2370 4584 caelum
2416 4525 2577 4579 veluti
2625 4524 2823 4577 invitus
2860 4519 3090 4591 spectet)
3116 4537 3224 4575 non
3264 4521 3537 4582 sublimis,
3565 4523 3668 4574 sed
3701 4522 3761 4575 ad

2171 4598 2507 4654 horizontem
2541 4594 2676 4663 plus,
2708 4593 2886 4647 minits
2926 4602 3010 4646 est
3059 4595 3293 4646 directus
3321 4608 3333 4643 :
3369 4591 3513 4663 unde
3546 4591 3763 4645 diversa

2171 4672 2222 4723 in
2249 4666 2501 4720 omnibus
2527 4660 2846 4717 animalibus
2871 4674 2957 4717 εει
2986 4663 3192 4717 cerebri
3223 4660 3545 4716 constitutio
3571 4681 3586 4715 :
3622 4664 3762 4733 quod

2168 4740 2460 4794 discrimen
2504 4735 2711 4789 videtur
2757 4732 2847 4786 hic
2894 4733 3169 4787 observari
3200 4773 3211 4785 .
3249 4748 3353 4785 non
3384 4733 3531 4785 enim
3566 4732 3765 4788 dicitur

2170 4808 2369 4865 bestias
2392 4820 2608 4865 terram,
2634 4804 2903 4857 hominem
2932 4818 3060 4858 vero
3079 4803 3275 4856 emittm
3306 4804 3588 4856 conversis
3611 4807 3767 4856 decir-

2173 4896 2291 4935 sum
2318 4890 2594 4932 sursutnve
2625 4875 2795 4928 Oculis
2825 4873 3008 4927 videre
3032 4890 3047 4928 :
3074 4873 3168 4928 sed
3197 4883 3398 4927 tantum
3426 4883 3631 4927 caueri
3654 4876 3766 4926 aui-

2175 4950 2332 5004 inalia
2367 4963 2555 5016 prono,
2588 4945 2863 5000 hominem
2920 4959 3051 4998 vero
3102 4954 3266 5016 recto
3292 4952 3439 5016 stare
3471 4958 3763 5016 corpore:

2174 5021 2313 5089 quod
2347 5013 2565 5082 s'ttllicit,
2597 5031 2654 5069 υι
2682 5016 3087 5089 mensliumana
3116 5014 3370 5089 peculian
3402 5013 3483 5089 sui
3519 5014 3766 5082 corporis

2178 5083 2341 5159 figura
2370 5091 2633 5142 excitetur
2654 5087 2719 5140 ad
2745 5085 3082 5159 cogitandum
3116 5084 3302 5138 Deum.
3333 5083 3535 5159 Bestia:
3558 5095 3764 5159 autem,

2176 5154 2299 5227 quae
2335 5158 2421 5212 hic
2480 5166 2853 5220 numerantur,
2884 5166 3011 5209 sunt
3038 5156 3060 5209 i
3094 5164 3399 5223 serpentes,
3427 5154 3465 5207 2
3492 5154 3764 5216 volucres,

2176 5232 2209 5283 5
2243 5230 2478 5296 pedites;
2510 5245 2628 5296 qum
2675 5228 2760 5281 vel
2805 5241 3026 5293 campos
3082 5233 3423 5296 percurrunt,
3463 5226 3563 5296 vel
3609 5227 3765 5279 silvas

2178 5295 2589 5368 ingrediuntur:
2624 5298 2691 5352 de
2718 5298 2912 5367 quibus
2957 5297 3092 5349 nihil
3137 5295 3379 5350 occurrit
3406 5295 3766 5349 adnotatione

2175 5370 2416 5434 dignum.

2246 5441 2301 5494 5.
2342 5439 2563 5509 Liquida
2605 5438 2741 5505 longi
2783 5437 2988 5491 tat/teris
3013 5432 3235 5509 colona]
3262 5434 3550 5509 Conius'o
3575 5436 3763 5509 verbo-

2172 5525 2291 5563 rum
2310 5550 2324 5570 .
2356 5507 2475 5578 qua:
2516 5509 2880 5576 grammaticis
2912 5515 3132 5560 vocatur
3158 5508 3430 5578 hyperbole
3458 5522 3478 5560 :
3505 5507 3761 5574 siquidem

2171 5580 2343 5633 :ether
2370 5576 2605 5647 liquidus
2647 5589 2703 5633 et
2745 5580 2956 5631 volatus
3002 5578 3193 5643 longus
3238 5576 3343 5630 dici
3386 5576 3642 5633 deberet.
3683 5579 3766 5632 Sic

2173 5649 2362 5720 Virgil.
2380 5667 2395 5706 :
2414 5650 2562 5706 Ibant
2587 5650 2787 5720 obscuri
2816 5648 2929 5720 sola
2949 5649 3039 5701 sub
3063 5658 3204 5699 nocte
3228 5664 3246 5700 :
3271 5647 3593 5714 Sceleralam
3612 5650 3765 5702 intar-

2173 5719 2289 5775 serit
2316 5722 2561 5775 hastam:
2593 5719 2729 5773 Dare
2757 5719 3003 5773 classibus
3034 5726 3253 5773 austros.
