4010 6372
293 384 399 438 857

438 497 567 563 Quae
594 494 754 548 variis
782 492 962 548 videas
985 492 1110 547 licet
1130 494 1305 546 omnia
1325 492 1633 561 discrepare
1662 492 1868 556 formis,
1897 493 1951 550 A

437 588 606 641 l’rona
630 595 807 641 tamen
840 584 1001 642 facies
1028 584 1246 641 hebetes
1269 587 1409 640 valet
1438 585 1721 654 ingravare
1747 600 1871 640 sen-

1656 676 1797 750 [sus.

299 768 361 822 t0
442 767 609 825 Unica
658 781 788 838 gens
820 767 1096 822 hominum
1124 766 1325 822 celsum
1356 766 1497 822 levat
1524 766 1682 820 altius
1711 780 1872 820 cacu-

1604 855 1797 928 ["wn.

439 952 612 1022 Atque
638 950 774 1008 levis
800 958 951 1008 recto
979 958 1087 1007 stat
1110 964 1360 1021 corpore,
1398 948 1729 1019 despicitque
1764 957 1866 1003 ter-

1656 1041 1794 1112 [ras.

437 1134 582 1205 lite,
630 1134 731 1190 nisi
773 1143 1019 1191 terrenus
1063 1134 1205 1189 male
1232 1132 1465 1204 desipis,
1510 1132 1765 1188 admonet
1807 1132 1869 1187 li-

1601 1226 1795 1299 lauru.

429 1316 529 1383 Qui
561 1325 707 1372 recto
727 1317 924 1373 cmlnm
948 1318 1093 1372 vultu
1122 1318 1576 1387 petis.eserisque
1608 1319 1865 1385 frontem,

433 1406 488 1461 In
536 1408 767 1463 sublime
804 1408 945 1463 feras
987 1408 1223 1464 animum
1263 1424 1496 1480 quoque,
1541 1424 1610 1465 ne
1650 1420 1865 1479 gravata

1582 1515 1793 1569 pessum

1675 1515 1693 1555 ε

282 1592 353 1647 15
428 1590 653 1646 Inferior
680 1591 820 1646 sidat
850 1608 1001 1647 mens
1029 1608 1255 1663 corpore
1281 1594 1475 1649 celsius
1496 1500 1693 1653 liii:

804 1687 967 1759 353
1008 1688 1222 1743 causa
1257 1688 1343 1743 vt.

278 1778 1099 1853 Attenuatum—Pliilosopliia
1137 1783 1344 1835 tandem
1370 1783 1655 1848 concludit,
1686 1788 1858 1853 cogni-

1207 376 1292 431 DE
1328 375 1850 433 CONSOLATIONE
1890 376 2360 435 PHILOSOPHUS
2399 381 2526 437 LIB.
2565 381 2631 437 Υ.

3450 379 3557 435 858

2048 508 2155 547 esse
2176 502 2333 547 totam
2361 496 2535 560 simul,
2564 506 2620 549 ut
2642 497 2772 551 sicut
2802 494 2939 549 notio
2961 495 3308 560 prementium,
3331 494 3405 547 sic
3424 508 3557 561 prte-

2053 563 2193 615 notio
2223 566 2394 619 divina
2431 568 2722 636 futurorum
2753 568 3031 621 liberorum
3062 563 3281 619 libertati
3319 565 3557 617 humana

2046 649 2149 685 non
2172 644 2367 688 ηοσεαι.

2049 764 2313 831 Quoniam
2367 766 2546 833 igitur,
2579 767 2655 821 nti
2706 769 2861 837 paulo
2886 776 3013 839 ante
3056 774 3411 823 monstratum
3441 773 3551 829 est.

1974 870 2132 910 omne
2151 856 2288 926 quod
2312 857 2498 918 scitur,
2531 872 2634 911 non
2654 873 2720 912 ex
2748 873 2863 922 sua,
2888 859 2981 914 sed
3004 875 3067 914 ex
3089 856 3552 927 comprehenden-

1976 947 2105 999 tium
2135 956 2321 1000 natura
2338 948 2695 1017 cognoscitur,
2712 947 3015 1002 intueamur
3038 963 3179 1003 nunc
3200 956 3455 1015 quantum
3473 945 3554 1000 las

1974 1048 2057 1093 est
2083 1047 2133 1104 ⁸,
2166 1039 2287 1107 quis
2316 1040 2386 1092 sit
2412 1040 2608 1093 divina:
2646 1040 2960 1093 substantia:
3001 1049 3194 1104 status,
3226 1047 3284 1093 ut
3307 1052 3551 1105 quamam

1972 1128 2132 1183 etiam
2162 1130 2384 1184 scientia
2412 1130 2528 1199 ejus
2557 1130 2659 1196 sit,
2689 1130 2957 1200 possimus
2986 1144 3299 1200 agnoscere.
3334 1131 3351 1162 ¹
3384 1129 3551 1182 Deum

1972 1218 2052 1290 (5)
2084 1221 2242 1289 igitur
2267 1231 2529 1276 :eternum
2553 1238 2693 1289 esse,
2722 1234 3032 1276 cunctorum
3065 1223 3271 1277 ratione
3298 1220 3327 1260 ὶι
3354 1221 3552 1289 degen-

1975 1314 2103 1366 tium
2130 1327 2417 1369 commune
2444 1314 2699 1383 judicium
2744 1324 2846 1369 est.
2889 1315 3023 1381 Quid
3054 1315 3124 1369 sit
3155 1315 3314 1383 igitur
3336 1312 3551 1367 mterni-

1973 1411 2075 1467 tas,
2101 1404 2524 1461 consideremus.
2555 1416 2575 1443 ε
2604 1406 2725 1461 llaic
2746 1407 2888 1459 enim
2916 1416 3155 1461 naturam
3182 1404 3334 1458 nobis
3353 1405 3551 1473 pariter

1972 1494 2227 1559 divinam,
2252 1495 2636 1565 scientiamque
2659 1496 2990 1564 patefecerit.
3021 1498 3042 1529 ³
3073 1495 3368 1551 Ᾰέιεηιίιιιε
3391 1492 3551 1563 igitur

1971 1597 2071 1652 est,
2100 1583 2128 1622 ἀ
2157 1587 2571 1643 interminabilis
2605 1590 2731 1643 vita:
2759 1598 2870 1643 tota
2900 1589 3055 1643 simul
3085 1598 3140 1642 et
3168 1588 3399 1658 perlecta
3424 1598 3549 1653 pos-

1968 1679 2157 1733 sessio.
2178 1678 2328 1745 Quod
2356 1695 2417 1734 ex
2448 1690 2469 1717 ο
2493 1680 2775 1734 collatione
2807 1680 3177 1746 temporalium
3199 1677 3398 1731 clarius
3430 1673 3446 1713 ί
3482 1674 3556 1728 lie

1970 1781 2113 1837 quet.
2132 1770 2263 1824 Nam
2277 1770 2533 1840 quidquid
2562 1770 2695 1823 vivit
2722 1769 2773 1823 in
2804 1768 2917 1839 (10)
2949 1781 3207 1838 tempore,
3232 1766 3285 1821 id
3313 1778 3547 1835 praesens

353 1859 541 1905 tionem
565 1851 792 1904 divinam
818 1851 980 1905 instar
1002 1851 1098 1904 Dei
1128 1854 1477 1922 cognoscentis
1503 1851 1768 1921 wternam,
1792 1856 1862 1909 ita
1896 1852 1938 1909 Β
1967 1876 1996 1914 a
2029 1863 2379 1929 prmtcritisin
2419 1862 2592 1915 futura
2627 1860 2893 1932 procedit:
2929 1862 3165 1929 nihilque
3200 1869 3284 1915 est
3318 1859 3370 1913 in
3403 1867 3534 1912 teme

1630 2008 2199 2066 lNTEllPRETATlO.

270 2146 413 2214 quod
463 2147 619 2215 {acies
662 2146 895 2207 illarum,
946 2144 1193 2215 inclinata
1230 2141 1296 2196 ad
1342 2151 1564 2215 terram,
1597 2144 1853 2215 deprimat

270 2213 583 2271 earumdem
606 2233 779 2270 sensus
808 2217 1032 2269 obtusos.
1067 2214 1196 2269 Sola
1224 2230 1344 2281 gms
1395 2213 1659 2265 hominum
1706 2214 1853 2281 erigit

270 2285 428 2339 altius
458 2296 611 2351 caput
636 2301 790 2340 suum
816 2286 1054 2348 sublime,
1084 2286 1297 2349 levisque
1322 2294 1419 2336 stat
1438 2300 1647 2351 corpore
1667 2293 1851 2349 erecto,

270 2367 322 2409 et
349 2358 618 2410 contemnit
645 2366 829 2411 terras.
881 2354 1001 2409 Herc
1028 2356 1193 2423 ﬁgura
1230 2364 1278 2407 te
1306 2364 1491 2414 monet,
1521 2355 1619 2405 nisi
1645 2355 1855 2408 obrutus

2029 2153 2055 2183 ι
2097 2145 2460 2213 Philosophis.

2030 2213 2055 2252 δ
2106 2216 2411 2269 licentium.

2033 2295 2056 2323 ο
2098 2284 2411 2339 diurnitate
2432 2287 2634 2355 cognita
2652 2326 2667 2348 ,
2694 2286 2869 2339 dicina
2898 2301 3013 2340 eum
3028 2296 3210 2339 natura
3228 2325 3243 2352 ,
3268 2286 3541 2341 tumeliam

1968 2356 2185 2410 scientia
2208 2366 2546 2422 cognoscatur
2574 2372 2772 2411 necesse
2801 2365 2892 2410 est.

269 2437 411 2480 terra
437 2429 589 2480 stulte
611 2426 821 2487 deliras,
852 2438 904 2479 ut
936 2428 1023 2494 qui
1054 2425 1215 2477 tendis
1240 2424 1309 2478 ad
1334 2426 1509 2477 caelum
1532 2426 1672 2477 vultu
1692 2435 1851 2485 recto,
2030 2424 2057 2463 ά
2099 2424 2349 2490 Inﬁnitte.

268 2504 321 2549 et
348 2497 500 2567 erigis
521 2502 763 2564 frontem,
794 2506 847 2549 tu
870 2496 1087 2550 extollas
1117 2497 1270 2549 etiam
1301 2502 1513 2567 mentem
1542 2503 1683 2567 tuam
1707 2496 1758 2567 in
1780 2495 1852 2547 al-
2033 2506 2057 2567 ξ
2098 2494 2512 2567 ςοηιραταιίοιιε.

270 2562 497 2631 ιυηι,ἰιε
522 2562 663 2622 mens
690 2583 933 2638 oppressa
979 2570 1143 2633 iaceat
1186 2567 1421 2619 deorsum
1482 2564 1696 2633 inferior
1736 2564 1850 2635 ipso
2030 2562 2051 2603 ί
2094 2564 2265 2621 Patet.

269 2651 484 2705 corpore
509 2640 663 2691 altius
688 2647 870 2693 erecto.

1799 2816 2025 2873 ΝΟΤΑΞ.

344 2953 397 3008 9.
446 2950 622 3006 Prona
650 2949 805 3019 [acies
823 2948 1019 3005 hebetes
1039 2950 1168 3022 valet
1186 2951 1453 3022 ingravare
1470 2948 1696 3022 sensus.]
1719 2951 1852 3005 Sen-

1960 2951 2331 3018 designandam
2376 2967 2493 3019 ergo
2542 2952 3003 3005 immntabilitatrm
3050 2962 3099 3007 et
3144 2954 3536 3023 lndeﬁcientiam

268 3040 365 3082 sus
395 3025 539 3079 enim
571 3036 677 3075 non
706 3023 885 3090 vigent
914 3022 1015 3076 nisi
1043 3020 1317 3089 spiritibus
1353 3036 1382 3074 a
1413 3024 1577 3077 corde
1607 3020 1851 3077 adﬁcere-
1880 3021 1928 3085 C
1957 3023 2253 3075 miernitatis
2289 3023 2502 3076 Boetius
2533 3039 2653 3076 usus
2678 3031 2751 3076 est
2780 3025 2980 3075 nomine
3009 3020 3357 3089 possessionis.

270 3095 451 3159 brum,
480 3103 535 3145 et
561 3107 588 3144 a
612 3092 837 3144 cerebro
887 3107 982 3159 per
1020 3107 1215 3147 nervos
1248 3091 1312 3144 ad
1346 3092 1578 3157 reliquas
1608 3092 1852 3160 corporis

269 3178 453 3232 partes
502 3163 711 3215 dillusis
745 3178 758 3215 :
794 3162 846 3216 hi
899 3172 1078 3217 autem
1128 3162 1349 3229 spiritus
1393 3164 1569 3219 minus
1600 3164 1766 3219 libere
1798 3163 1849 3217 in

268 3249 521 3304 pronum,
558 3247 716 3296 quam
750 3234 801 3304 in
833 3243 1072 3304 erectum
1103 3240 1264 3301 caput
1292 3249 1321 3285 a
1350 3234 1514 3287 corde
1543 3236 1813 3287 dilllunnt.

346 3306 434 3358 l2.
473 3304 724 3373 Admonet
744 3301 961 3373 [ὄρηται]
984 3305 1039 3357 Si
1061 3316 1289 3369 corpora
1312 3306 1605 3370 generatim
1630 3312 1853 3373 possunt

266 3390 396 3429 esse
422 3372 667 3443 quaedam
700 3372 958 3427 mentium
988 3374 1254 3441 exempla,
1288 3382 1346 3426 ut
1383 3384 1530 3428 certe
1561 3372 1707 3437 sunt,
1731 3390 1854 3428 cor-

263 3461 371 3513 pus
394 3447 683 3496 humanum
722 3445 1049 3511 praecipuum
1080 3445 1347 3511 quoddam
1376 3460 1494 3497 esse
1520 3445 1682 3499 debet
1704 3460 1852 3499 men-

265 3518 340 3568 tis
373 3513 639 3569 consortis
666 3515 997 3580 exemplum,
1050 3526 1108 3567 ut
1155 3515 1605 3581 quemadmodum
1655 3530 1851 3581 corpus

262 3583 590 3647 hninauum,
619 3584 785 3637 veluti
818 3585 1040 3638 servatis
1065 3599 1350 3652 corporum
1394 3586 1588 3640 levium
1622 3585 1847 3651 legibus,

255 3656 333 3709 ad
367 3655 563 3709 caelum
594 3662 739 3708 recta
770 3656 963 3719 tendit,
1010 3659 1080 3709 ita
1127 3670 1279 3709 utens
1323 3656 1554 3710 humana
1583 3658 1648 3709 ad
1685 3656 1851 3711 Deum

254 3726 552 3793 cogitando
580 3724 818 3791 aSpiret:
851 3726 947 3779 sed
979 3734 1062 3780 est
1090 3727 1188 3779 alia
1218 3725 1354 3779 ratio
1381 3744 1393 3777 :
1429 3728 1678 3780 nimirum

340 3798 433 3851 14.
478 3793 563 3848 Ne
583 3803 795 3866 orat-uta
826 3812 1049 3863 pessum,
1074 3794 1205 3866 etc.]
1228 3796 1305 3851 Ne
1334 3812 1486 3849 mens
1514 3796 1739 3849 humana
1770 3794 1853 3849 vi-

256 3876 351 3920 cta
380 3864 873 3934 perturbationibus
904 3867 1041 3931 ejus,
1064 3864 1229 3934 'cujiis
1272 3867 1489 3918 domina
1522 3881 1639 3919 esse
1670 3866 1849 3929 debet,

254 3936 511 4005 corporis
539 3936 628 3988 liat
646 3935 988 4004 mancipium.
1011 3936 1139 3989 Nam
1166 3936 1231 3989 ad
1261 3935 1488 4003 Philipp.
1507 3951 1560 3989 Ill
1579 3952 1593 3992 :
1614 3937 1777 4006 gloria
1800 3937 1851 3988 in

254 4008 566 4077 confusione
591 4006 841 4072 ipsorum,
863 4008 950 4072 qui
982 4016 1179 4060 terrena
1205 4007 1433 4066 sapiunt.

336 4098 353 4129 ⁸
397 4094 560 4149 Deum
599 4104 847 4167 a’ternum
891 4112 997 4149 esse
1017 4112 1279 4149 commune
1299 4097 1554 4167 judicium
1578 4094 1696 4167 est];
1719 4096 1849 4151 Nam

253 4176 544 4223 setern.tas
570 4168 713 4220 clare
740 4178 794 4220 et
820 4166 1071 4221 distincte
1100 4166 1483 4236 comprehensa
1515 4166 1853 4236 cognoscitur

255 4240 314 4293 in
334 4240 482 4291 clara
501 4236 854 4305 distinctaque
888 4236 980 4291 Dei
1013 4238 1230 4291 notione
1248 4279 1262 4295 .
1286 4253 1443 4306 quam
1469 4253 1657 4291 omnes
1682 4238 1848 4296 ltotni-

254 4322 364 4363 nes
394 4306 648 4360 divinitus
680 4307 892 4360 insitam
926 4306 1122 4361 habent
1150 4325 1163 4359 :
1199 4324 1302 4361 non
1352 4322 1509 4362 secus
1528 4323 1591 4362 ac
1620 4320 1728 4362 tres
1756 4324 1850 4361 an-

253 4380 376 4447 gnli
408 4389 805 4453 cognoscuntur
833 4379 1237 4453 _compreh_en.di
1289 4378 1337 4430 in
1390 4380 1505 4453 idea
1559 4379 1840 4453 trianguli:
1878 4392 1926 4453 υ

253 4445 435 4516 quare
451 4448 588 4519 sicut
612 4462 818 4519 omnes
833 4445 1078 4519 homines
1097 4449 1331 4519 judicam
1346 4488 1361 4510 ,
1381 4445 1847 4519 triangnlmncon-

253 4531 413 4574 stare
446 4518 619 4572 tribus
645 4516 883 4588 angulis:
908 4517 986 4572 sic
1024 4533 1214 4573 omnes
1231 4518 1494 4588 judicant,
1527 4516 1690 4573 Deum
1728 4533 1849 4573 esse

254 4600 559 4646 aeternum.

334 4684 357 4714 ⁸
400 4680 690 4735 Λῑιεηιίιαι
723 4691 797 4736 est
818 4681 1207 4736 interminabilis
1233 4682 1348 4736 vitat
1386 4690 1490 4734 tota
1506 4684 1549 4735 si
1562 4685 1657 4735 rul
1676 4694 1721 4736 et
1740 4700 1854 4751 per-

254 4754 403 4823 fecta
430 4752 724 4823 pos~essio.]
757 4754 877 4806 lliec
905 4753 1219 4807 mternitatis
1245 4754 1486 4806 definitio
1506 4769 1535 4805 a
1564 4754 1618 4806 S.
1648 4754 1850 4808 Thoma

253 4834 315 4878 et
349 4834 567 4877 ca-teris
611 4824 900 4891 'l’heologis
928 4823 1264 4877 admittitur:
1310 4839 1475 4892 quare
1506 4826 1851 4892 particulatim

252 4893 827 4961 videturexponenda.

340 4983 547 5037 Dicitur
590 4984 651 5037 1ο
705 4983 992 5053 possessio:
1041 4984 1162 5053 quia
1215 4984 1490 5037 :rternitas
1521 4993 1602 5037 est
1640 4987 1851 5053 propria

256 5054 367 5109 Dei
388 5054 670 5124 perfectio.
694 5053 953 5106 Nimirum
976 5056 1225 5122 possessio
1244 5068 1273 5107 a
1296 5055 1611 5123 corporibus
1631 5056 1694 5108 ad
1712 5071 1853 5110 men-

254 5137 349 5179 tes
377 5123 727 5178 transfertur:
756 5127 1006 5189 possessio
1029 5136 1205 5176 autem
1230 5140 1513 5191 Corporum
1542 5127 1591 5178 in
1618 5124 1715 5178 hoc
1736 5141 1852 5180 vero

256 5203 445 5259 satur,
473 5195 613 5265 qttod
645 5196 851 5265 illorum
885 5194 952 5247 ita
980 5195 1185 5265 domini
1206 5210 1408 5260 sumus,
1438 5206 1495 5247 ut
1517 5194 1567 5248 in
1598 5197 1660 5249 iis
1683 5207 1735 5248 et
1762 5212 1849 5264 pe-

255 5268 395 5316 dem
449 5264 647 5331 pauere
675 5276 728 5318 et
755 5264 936 5318 sedem
970 5264 1132 5331 ligcre
1168 5277 1320 5333 potes
1351 5269 1515 5318 simus
1551 5282 1564 5319 :
1598 5267 1881 5336 possidere-

253 5336 471 5403 quippe
501 5338 714 5389 videtur
746 5336 850 5388 dici
878 5340 1026 5403 quasi
1051 5346 1244 5400 potens,
1276 5336 1355 5389 vel
1387 5338 1538 5405 potis,
1574 5339 1655 5389 vel
1689 5340 1846 5390 etiam

252 5421 365 5476 pos
395 5406 613 5461 sedere:
648 5422 767 5458 cum
802 5422 892 5471 pos
919 5421 1013 5468 pro
1043 5408 1174 5475 patis
1204 5406 1285 5459 vel
1321 5418 1503 5473 patens
1536 5408 1850 5461 remanSerit

256 5481 321 5529 in
360 5491 570 5544 compos
608 5485 662 5529 et
682 5477 865 5540 impos.
899 5478 1255 5541 Quamobrem
1286 5478 1535 5545 possessio
1566 5480 1616 5529 in
1650 5480 1845 5531 menti-

256 5546 375 5599 bus
424 5558 625 5614 optime
672 5549 951 5606 vocabitur
996 5546 1266 5599 individua
1320 5550 1513 5599 mentis
1561 5548 1843 5616 perleCtio:

259 5620 551 5670 aeternitas
566 5626 743 5670 autem
772 5626 854 5671 est
877 5616 1145 5669 individua
1180 5616 1270 5669 Dei
1304 5618 1590 5683 perlectio:
1616 5620 1846 5686 quamlu-

256 5689 487 5755 quidem
521 5703 607 5742 res
641 5702 853 5741 summe
882 5686 1114 5757 perlecta
1145 5687 1365 5755 cogitari
1394 5701 1497 5741 non
1546 5698 1718 5754 potest
1746 5691 1845 5743 nisi

257 5768 500 5812 aeterna.
528 5758 759 5813 Sanctus
784 5758 1079 5823 'l'homas,l
1116 5772 1236 5824 p.q.
1271 5760 1357 5818 10.
1388 5773 1437 5810 a.
1471 5758 1490 5811 1
1526 5761 1589 5809 ad
1620 5759 1681 5813 6:
1704 5758 1844 5813 Illud

250 5828 407 5884 “ad
433 5830 751 5894 oossidetur,
778 5828 968 5899 inquit,
1005 5828 1214 5895 ﬁrmiter
1238 5838 1281 5879 ct
1319 5830 1482 5896 quietc
1514 5827 1847 5881 lmbctnr."nd

2031 3092 2233 3146 Dicitur
2264 3092 2322 3145 ‘2“
2346 3094 2495 3145 citat:
2526 3103 2581 3145 ut
2612 3095 2753 3145 enim
2776 3094 3049 3146 aeternitas
3074 3092 3288 3161 quidam
3319 3103 3401 3148 est
3427 3111 3537 3149 mo-

1955 3164 2076 3226 dus,
2107 3163 2494 3228 sicmternitas,
2515 3163 2737 3231 alicujus
2771 3162 2873 3217 dici
2898 3162 3057 3216 debet
3083 3165 3381 3218 :eternitas:
3416 3167 3536 3219 nul-

1958 3237 2059 3288 lius
2088 3244 2266 3288 autem
2302 3233 2492 3288 melius
2521 3234 2795 3285 aiternitas
2824 3233 2927 3285 dici
2962 3242 3136 3300 potest
3182 3250 3341 3300 quam
3380 3238 3493 3289 niue
3514 3275 3535 3302 ,

1956 3307 2155 3373 quippe
2186 3320 2289 3367 qua
2320 3320 2423 3355 non
2455 3306 2627 3356 solum
2658 3303 2895 3355 animata
2922 3317 3149 3366 corpora
3175 3306 3242 3357 ah
3281 3305 3537 3359 inanima-

1959 3387 2047 3437 ns,
2066 3374 2158 3428 sed
2185 3384 2344 3427 etiam
2364 3382 2570 3427 mentes
2585 3390 2611 3425 a
2627 3375 2941 3440 corporibus
2957 3414 2970 3434 ,
2987 3374 3093 3425 imo
3113 3382 3165 3432 et
3184 3376 3375 3427 ahaliis
3389 3391 3537 3429 nien-

1957 3450 2097 3499 tilms
2117 3444 2389 3498 dill'ernnt.
2424 3442 2537 3496 Vita
2553 3455 2728 3497 autem
2752 3445 2904 3509 cujus
2931 3442 3202 3509 teterryitas
3233 3447 3392 3497 veluti
3423 3461 3537 3498 mo-

1956 3517 2056 3568 dus
2078 3524 2181 3595 est,
2206 3515 2331 3567 nihil
2353 3516 2504 3596 aliud
2527 3528 2646 3567 esse
2668 3514 2895 3595 videtur,
2912 3520 3075 3597 quant
3093 3514 3370 3594 cogitatio;
3393 3517 3534 3583 quod

1954 3587 2223 3638 aeternitas
2245 3600 2348 3637 non
2368 3586 2531 3651 possit
2552 3599 2669 3638 esse
2701 3586 2797 3636 nisi
2828 3585 3045 3651 mentis“,
3079 3585 3231 3652 Cujus
3251 3588 3428 3637 vivi-re
3450 3595 3533 3639 est

1954 3658 2208 3724 cogitare.
2245 3656 2375 3707 llmc
2401 3656 2717 3709 Aristoteles
2748 3656 2781 3706 l.
2813 3668 2883 3705 xu
2906 3655 3220 3724 metamur.
3241 3655 3293 3717 '7,
3323 3654 3533 3720 Mentis,

1957 3722 2145 3793 inquit,
2176 3725 2413 3791 cogitatio
2453 3726 2553 3776 rita
2575 3734 2668 3787 est,
2713 3723 2852 3776 unde
2897 3722 3239 3791 PliilosOphus
3260 3724 3347 3776 ille
3376 3726 3529 3790 ibid.,

1955 3796 2031 3848 ait
2062 3798 2118 3848 S.
2149 3794 2374 3858 Thom.,
2422 3809 2434 3845 I
2474 3808 2559 3857 p.,
2593 3809 2647 3854 (ι.
2686 3795 2771 3853 18,
2801 3808 2850 3843 a.
2883 3794 2947 3855 5,
2979 3803 3176 3845 ostenso
3221 3798 3354 3859 quod
3400 3795 3535 3848 Deus

1952 3865 2016 3917 sit
2045 3863 2639 3934 intelligens,concludit
2667 3863 2806 3934 quod
2836 3863 3017 3934 habeat
3042 3864 3192 3913 vitam
3224 3863 3533 3929 perfectissio

1954 3950 2089 3985 mam
2130 3941 2174 3983 et
2213 3932 2598 4001 sempiternam,
2638 3934 2758 4001 quia
2792 3932 3076 3983 intellectus
3104 3934 3216 4001 ejus
3262 3946 3336 3985 est
3364 3936 3532 4003 perfo-

1953 4005 2206 4057 ctissimus
2223 4013 2269 4055 et
2290 4018 2481 4067 semper
2507 4004 2556 4053 in
2578 4014 2711 4055 actu.

2025 4074 2228 4127 Dicitur
2244 4072 2299 4125 5⁸
2326 4082 2432 4125 tota
2452 4073 2635 4125 simul:
2673 4070 2795 4139 quia
2814 4073 2915 4123 vita
2934 4072 3020 4123 illa
3038 4112 3051 4133 ,
3078 4084 3230 4140 cujus
3256 4073 3531 4127 mternitas

1953 4144 2151 4198 dicitur
2172 4144 2383 4205 modus,
2400 4142 2528 4196 nihil
2559 4142 2915 4196 successionis
2941 4143 3124 4195 habet:
3148 4146 3198 4195 in
3230 4157 3335 4209 quo
3355 4142 3533 4197 dill'ert

1953 4231 1981 4267 a
2015 4226 2255 4283 tempore
2280 4256 2295 4276 ,
2337 4216 2476 4282 quod
2518 4214 2708 4267 dicitur
2739 4214 3057 4266 diuturnitas
3086 4213 3185 4283 rei,
3218 4228 3335 4280 qua:
3366 4224 3422 4266 ut
3452 4216 3532 4267 in-

1952 4282 2232 4352 empit’sic
2262 4285 2469 4337 desinet
2510 4298 2663 4345 esse,
2713 4283 3010 4349 cujnsinodi
3043 4292 3125 4335 est
3155 4282 3323 4334 {urina
3366 4286 3527 4350 equi:

1953 4355 2267 4409 diﬂerentite
2288 4355 2429 4407 enim
2460 4354 2731 4419 temporis,
2752 4354 2999 4406 nimirum
3026 4366 3279 4417 prmsens,
3309 4365 3530 4421 przrter-

1952 4432 2080 4479 itum
2106 4467 2119 4485 ,
2150 4435 2205 4478 et
2236 4428 2466 4476 lutnrum
2499 4440 2767 4493 nunquam
2796 4432 2920 4477 sunt
2948 4424 3139 4485 simul,
3168 4422 3261 4476 sed
3293 4422 3394 4476 sibi
3436 4425 3521 4478 in-

1955 4497 2123 4550 vicem
2163 4496 2469 4548 succedunt.

2030 4568 2228 4620 Ilicitur
2254 4567 2307 4618 s"
2336 4564 2721 4616 interminabilis
2755 4578 2775 4617 :
2822 4562 2941 4631 quia
2973 4562 3243 4617 teternitas
3272 4562 3414 4615 illius
3444 4571 3529 4617 cst

1957 4637 2099 4703 vitae,
2129 4652 2246 4705 qua:
2261 4649 2433 4702 neque
2452 4636 2710 4702 principio
2728 4648 2898 4702 neque
2918 4634 3022 4705 line
3036 4635 3315 4705 circumsci
3333 4634 3524 4690 ibitur;

1960 4710 2010 4761 in
2042 4703 2336 4775 quodetiam
2367 4706 2547 4759 dillert
2570 4706 2636 4755 ab
2665 4719 2802 4765 :evo,
2832 4704 2971 4771 quod
2994 4704 3189 4758 dicitur
3208 4703 3527 4759 diuturnitas

1959 4778 2055 4836 rei,
2080 4794 2199 4845 qua:
2222 4775 2401 4829 habuit
2418 4777 2629 4845 quidem
2657 4776 2991 4845 principium,
3015 4775 3107 4827 sed
3144 4790 3413 4843 nunquam
3432 4776 3528 4826 ha-

1964 4844 2131 4901 bitura
2178 4857 2258 4900 est
2308 4844 2499 4908 liuent;
2530 4844 2825 4912 cuiusmodi
2866 4854 2948 4897 est
2988 4859 3137 4898 tuens
3167 4861 3313 4897 mea:
3351 4861 3523 4899 :evutn

1960 4920 2155 4987 quippe
2186 4918 2312 4970 illud
2345 4918 2531 4969 Saltem
2564 4931 2668 4965 ιιιιο
2699 4914 2924 4968 termino
2953 4915 3429 4979 circumscribitur,
3450 4918 3527 4969 vi-

1957 4986 2147 5042 deliret
2167 4987 2446 5055 principio,
2479 5001 2540 5038 ex
2572 5001 2674 5054 quo
2692 4986 2925 5052 inempt.

2030 5058 2228 5112 Dicitur
2253 5056 2308 5110 5⁸
2342 5060 2593 5123 perfecta:
2624 5058 2746 5125 quia
2786 5072 2904 5108 cuin
2935 5056 3204 5110 mternitas
3230 5056 3295 5108 sit
3328 5054 3523 5109 mentis

1955 5130 2196 5197 adeoque
2218 5128 2338 5179 vita:
2364 5130 2610 5190 perlecta:
2640 5130 2844 5188 modus,
2875 5127 2987 5197 ha-c
3008 5127 3167 5179 etiam
3184 5126 3412 5193 perlecta
3428 5128 3522 5184 sit,

1958 5196 2172 5252 ltt‘CCSSC
2200 5200 2664 5264 est,quamohr.-m
2689 5198 2799 5250 hmc
2832 5196 3024 5248 nullam
3047 5211 3337 5262 agnoscere
3362 5196 3524 5248 debet

1959 5270 2037 5322 sui
2062 5284 2273 5322 causam
2297 5286 2308 5319 ι
2334 5270 2383 5319 in
2409 5284 2513 5335 quo
2535 5269 2805 5319 mternitas
2825 5265 3027 5320 ditl'eret
3054 5269 3227 5318 adhuc
3249 5282 3278 5318 a
3301 5265 3518 5330 ininido,

1956 5345 1997 5393 si
2032 5341 2114 5392 hie
2143 5351 2197 5391 nt
2226 5338 2507 5391 somniavit
2529 5338 2867 5397 Aristoteles,
2896 5352 2959 5389 ex
2984 5349 3187 5390 :cteruo
3208 5336 3522 5391 esstittsset.

2026 5414 2097 5462 hx
2131 5410 2211 5463 his
2240 5424 2398 5475 porro
2424 5410 2701 5470 oninihns,
2736 5409 2785 5459 in
2816 5408 3005 5475 quibus
3036 5409 3170 5460 ratio
3201 5408 3516 5459 mternitatis

1954 5482 2154 5533 versari
2183 5480 2368 5533 dicitur
2408 5495 2435 5531 a
2470 5478 2833 5544 PhiluSOphia,
2868 5492 3027 5528 unum
3056 5488 3139 5529 est
3161 5477 3301 5545 quod
3330 5481 3518 5527 eadem

1953 5551 2292 5616 Philosole
2328 5556 2620 5617 prseserttin
2651 5550 2903 5615 explicat,
2937 5561 3124 5614 nempe
3152 5547 3292 5617 quod
3322 5546 3391 5598 sit
3414 5554 3521 5597 lata

1952 5623 2134 5685 simul,
2159 5623 2335 5688 aitque
2355 5631 2573 5673 ca‘teras
2599 5619 2969 5671 diuturnitates
2994 5617 3237 5671 videlicet
3258 5627 3522 5688 :uvutu,et

1955 5702 2192 5758 tempus,
2226 5686 2362 5745 hanc
2390 5692 2706 5744 :ctermtatis
2737 5690 3131 5758 proprietatem,
3192 5686 3363 5758 quoad
3397 5701 3519 5753 pos'

1951 5756 2098 5827 sunt,
2129 5763 2356 5823 imitari;
2390 5774 2463 5824 ut,
2492 5764 2536 5814 si
2575 5775 2678 5813 non
2713 5766 2934 5826 possunt
2966 5756 3185 5826 habere,
3219 5756 3406 5813 saltem
3434 5761 3523 5811 Ita-

1960 5832 2072 5886 θεῖε
2092 5834 2355 5886 rideantur
2386 5840 2665 5884 inritantem
2692 5831 2832 5883 istam
2860 5839 3201 5898 pleuriticus.
