4010 6372
491 404 592 457 839

1710 390 1822 446 ΑΝ.
1865 385 2073 445 MANL.
2114 384 2265 441 SEY.
2307 382 2537 441 ΒΟΕΤΙῙ

3656 376 3753 432 86‘)

490 528 617 583 pore
642 511 1007 575 constitutum,
1039 507 1181 578 quod
1214 515 1381 563 totum
1412 505 1535 560 vitae
1566 516 1676 557 suae
1705 501 1934 570 spatium
1961 513 2060 567 pa-
2089 501 2141 558 Α
2169 494 2395 565 erisque
2418 494 2709 549 momenti:
2739 492 3148 564 qum,quoniam
3172 492 3439 549 manentis
3460 490 3604 546 illius
3627 495 3754 558 pras-

488 608 617 658 riter
647 604 810 668 possit
832 600 1099 670 amplecti.
1126 598 1233 654 Sed
1260 597 1551 652 crastinum
1579 593 1795 663 quidem
1827 590 2064 645 nondum

488 697 871 765 apprehendit:
903 696 1211 749 hesternum
1251 707 1380 747 vero
1402 690 1565 761 3&9
1586 689 1696 757 jam
1730 686 1980 755 perdidit.
2009 685 2067 737 In

472 790 747 842 'hodierna
789 803 1002 857 quoque
1032 787 1137 839 vita
1186 800 1294 839 non
1325 784 1553 851 amplius
1586 780 1783 843 vivitis,
1823 792 1980 846 quam
2013 776 2066 829 in

489 885 581 935 illo
614 882 795 935 mobili
846 891 870 917 α
903 879 1315 946 transitorioque
1360 883 1653 930 momento.
1704 870 1857 936 Quod
1909 868 2069 938 igitur

488 976 748 1041 temporis
796 973 991 1041 patitur
1036 971 1419 1032 conditionem,
1457 968 1580 1020 licet
1607 964 1738 1019 illud
1772 1003 1785 1025 ,
1822 964 1959 1015 sicut
2001 960 2069 1013 de

490 1066 688 1119 tmtndo
715 1064 921 1118 censuit
958 1061 1297 1123 Aristoteles,
1344 1058 1372 1097 b
1418 1073 1517 1112 nec
1567 1056 1789 1124 cmperit
1836 1068 2067 1121 unquam

487 1174 627 1221 esse,
676 1173 774 1211 nec
818 1157 1048 1219 desinat,
1078 1156 1292 1223 vitaque
1318 1152 1434 1220 ejus
1456 1166 1575 1205 cum
1607 1147 1863 1217 temporis
1892 1145 2070 1200 inﬁni-

489 1259 597 1300 tate
628 1248 877 1301 tendatur
900 1288 915 1311 ,
951 1246 1029 1314 (Ei)
1059 1244 1294 1298 nondum
1327 1251 1504 1295 tamen
1538 1240 1641 1293 tale
1666 1248 1780 1302 est,
1814 1245 1873 1290 ut
1913 1245 2071 1289 :eter-

490 1354 616 1391 num
641 1354 759 1392 esse
780 1337 903 1405 jure
920 1336 1194 1391 credatur.
1230 1333 1344 1387 Non
1374 1333 1514 1386 enim
1539 1340 1707 1385 totum
1737 1330 1923 1397 simul,
1949 1329 2070 1382 inﬁ—

489 1431 617 1483 nitze
667 1430 789 1483 licet
836 1430 960 1481 vita:
991 1427 1227 1495 Spatium
1266 1423 1700 1493 comprehendit,
1732 1431 1890 1491 atque
1920 1435 2069 1475 eom-

490 1520 771 1586 pleetitur:
803 1520 895 1572 sed
922 1519 1102 1572 futura
1127 1518 1365 1571 nondum
1394 1523 1659 1569 transacta
1696 1514 1806 1582 jam
1839 1528 1941 1567 non
1976 1514 2070 1566 ha-

488 1608 770 1675 bet.Quod
802 1610 960 1679 igitur
989 1607 1398 1663 interminabilis
1426 1606 1548 1659 vita:
1572 1606 1955 1674 plenitudinem
1989 1614 2069 1659 to-

490 1708 597 1752 tam
629 1702 829 1769 pariter
878 1696 1317 1767 comprehendit,
1368 1710 1433 1750 ac
1464 1696 1732 1763 possidet,
1763 1696 1848 1749 cui
1896 1710 2071 1765 neque

489 1790 653 1845 futuri
678 1791 967 1860 quidquam
996 1790 1153 1854 absit,
1180 1803 1277 1843 nec
1290 1787 1550 1857 pratteriti
1573 1786 1807 1852 ﬁnxerit,
1831 1785 1883 1839 id
1909 1795 2069 1840 aeter-

487 1896 617 1936 num
638 1896 758 1936 esse
779 1882 901 1950 jure
928 1879 1275 1951 perhibetur:
1310 1878 1471 1948 idque
1494 1876 1607 1949 (10)
1640 1891 1861 1931 necesse
1888 1885 1991 1944 est,
2017 1887 2072 1931 et
2104 1919 2150 1978 Β

487 1973 572 2028 sui
593 1988 810 2041 compos
837 1987 1073 2041 prtcsens
1102 1971 1204 2025 sibi
1231 1984 1448 2039 semper
1473 1970 1748 2039 assistere,
1770 1976 1824 2022 et
1846 1967 2073 2023 inﬁnita-

486 2072 599 2119 tem
626 2066 837 2121 mobilis
864 2066 1128 2134 temporis
1170 2063 1372 2118 habere
1401 2072 1744 2133 praesentem.
1781 2060 1933 2116 Unde
1964 2076 2069 2115 non

487 2165 633 2214 recte
661 2155 897 2225 quidam,
929 2157 1019 2224 qui
1046 2170 1167 2209 cum
1209 2154 1429 2208 audiunt
1452 2154 1623 2207 visum
1654 2152 1885 2218 Platoni,
1918 2168 2071 2207 mun-

487 2248 617 2302 dum
645 2248 783 2301 hunc
805 2263 903 2303 nec
931 2247 1182 2301 habuisse
1205 2248 1414 2300 initium
1443 2248 1718 2314 temporis,
1743 2261 1843 2301 nec
1868 2246 2071 2301 habitu-

488 2355 607 2395 rum
638 2355 759 2394 esse
804 2340 1072 2394 derectum
1095 2379 1110 2401 ,
1159 2338 1261 2392 hoc
1290 2338 1448 2392 modo
1496 2338 1761 2392 conditori
1796 2340 2070 2394 conditum

488 2431 749 2485 mundum
780 2430 894 2484 ﬁeri
917 2440 1246 2484 comternum
1262 2438 1471 2498 putant.
1499 2430 1657 2483 Aliud
1689 2440 1773 2484 est
1805 2431 1948 2484 enim
1975 2447 2072 2497 per

489 2521 940 2576 interminabilem
982 2521 1106 2575 duci
1131 2519 1320 2583 vitam,
1351 2520 1491 2590 quod
1522 2522 1720 2575 mundo
1762 2522 1877 2591 (15)
1920 2522 2072 2577 Plato

490 2613 701 2667 tribuit:
734 2612 875 2666 aliud
900 2611 1310 2666 interminabilis
1336 2613 1459 2665 vita:
1482 2620 1647 2665 totam
1691 2616 1891 2680 pariter
1930 2629 2071 2668 eom-

488 2704 701 2775 plexam
750 2718 870 2759 esse
913 2703 1455 2772 priesentiam,‘quod
1485 2704 1681 2757 divina:
1727 2705 1922 2758 mentis
1948 2720 2071 2773 pro-

488 2798 665 2865 prium
688 2810 806 2850 esse
834 2794 1173 2850 manifestum
1205 2803 1309 2848 est.
1334 2795 1516 2863 Neque
1542 2793 1685 2847 enim
1717 2794 1858 2848 Dens
1883 2796 2071 2850 condi-

488 2888 561 2942 tis
583 2888 744 2942 rebus
770 2888 1037 2953 antiquior
1070 2886 1241 2941 vidcri
1265 2886 1427 2940 debet
1456 2890 1713 2957 temporis
1750 2888 2067 2957 quantitate,

487 2976 583 3033 sed
613 2976 877 3046 simplicis
917 2976 1094 3046 potius
1122 2977 1447 3045 proprietate
1478 2988 1705 3033 natum.
1742 2979 1894 3032 lluoe
1921 2981 2067 3034 enim

488 3070 610 3124 vitae
639 3069 927 3124 immobilis
961 3071 1369 3137 praesentarium
1396 3081 1417 3107 α
1450 3079 1647 3125 statum
1667 3115 1682 3139 ,
1719 3072 1954 3127 inﬁnitus
1982 3073 2070 3128 ille

488 3161 866 3230 temporalium
916 3176 1096 3215 rerum
1145 3170 1323 3215 motus
1372 3162 1641 3228 imitatur;
1688 3178 1918 3234 eumque
1945 3181 2067 3221 eum

489 3252 743 3321 elﬁngere
770 3252 904 3321 (‘20),
933 3261 1090 3321 atque
1119 3267 1333 3321 aequare
1376 3268 1482 3307 non
1508 3254 1694 3322 possit,
1726 3270 1792 3309 ex
1824 3256 2069 3311 immobi-

487 3344 640 3398 litate
660 3343 842 3398 deficit
865 3345 915 3395 in
945 3353 1147 3397 motum
1167 3383 1183 3409 ,
1211 3358 1275 3397 ex
1296 3343 1643 3411 simplicitate
1665 3346 1961 3417 prtesentia:
1981 3348 2070 3403 de-

489 3436 685 3491 crescit
715 3436 767 3488 in
808 3434 1073 3488 inﬁnitam
1106 3435 1267 3488 futuri
1296 3450 1360 3490 ac
1403 3438 1661 3506 prieteriti
1686 3440 2067 3508 quantitatem;

491 3538 569 3591 et,
597 3543 717 3581 cum
742 3536 907 3581 totam
934 3528 1131 3596 pariter
1155 3527 1275 3581 vita:
1297 3542 1407 3581 sum
1430 3529 1815 3597 plenitudinem
1842 3541 2072 3600 nequeat

492 3619 795 3689 possidere,
827 3619 926 3673 hoc
952 3620 1089 3687 ipso,
1106 3620 1246 3689 quod
1275 3619 1454 3689 aliquo
1477 3622 1637 3675 modo
1660 3639 1930 3692 nunquam
1950 3638 2070 3678 esse

493 3712 708 3775 desinit,
736 3710 883 3775 illttd,
916 3710 1057 3781 quod
1083 3712 1306 3779 implere
1333 3721 1495 3780 atque
1522 3714 1822 3781 exprimere
1849 3730 1953 3768 non
1985 3730 2072 3783 po-

494 3815 617 3869 teat,
666 3804 1006 3871 aliquatenus
1056 3804 1265 3857 videtur
1315 3804 1595 3869 temulari,
1647 3804 1875 3873 alligans
1904 3821 1963 3860 se
2004 3808 2070 3860 ad

494 3896 913 3965 qualemcunque
937 3894 1099 3965 350
1133 3896 1473 3965 praesentiam
1502 3894 1660 3963 hujus
1703 3896 1880 3967 exigui
1920 3898 2072 3952 volu-

2170 589 2358 642 sentiae
2383 588 2670 657 quamdam
2691 596 2863 657 gestat
2884 586 3190 656 imaginem,
3209 586 3616 657 quibuscunque
3635 598 3754 636 coo-

2171 678 2377 747 tigerit,
2404 677 2454 731 id
2483 687 2720 746 praestat,
2754 688 2954 732 utesse
2979 677 3280 741 videantur,
3331 675 3597 745 Quoniam
3630 686 3754 726 vero

2171 783 2389 823 manere
2421 783 2527 823 non
2558 770 2750 838 potuit,
2786 769 3051 823 inﬁnitum
3080 767 3336 836 temporis
3362 768 3464 820 iter
3483 766 3713 833 arripuit
3740 782 3752 815 :

2170 871 2341 925 eoque
2374 857 2535 912 modo
2567 860 2763 911 factum
2789 866 2893 924 est,
2912 869 2969 912 ut
2992 858 3331 912 continuaret
3356 855 3536 911 eundo
3564 854 3755 919 vitam,

2174 946 2253 1015 (5)
2285 945 2438 1014 cujus
2467 946 2849 1013 plenitudinem
2879 948 3162 1017 complecti
3190 962 3297 1002 non
3330 946 3499 1000 valuit
3540 959 3755 1011 perma-

2171 1039 2369 1093 nendo.
2408 1038 2588 1107 Itaque
2620 1039 2666 1093 si
2696 1038 2855 1107 digna
2885 1039 3047 1093 rebus
3076 1039 3294 1093 nomina
3321 1039 3553 1091 velimus
3580 1038 3758 1103 impoa

2171 1143 2323 1194 nere,
2346 1128 2623 1184 Platonem
2652 1139 2967 1199 sequentes,
3014 1130 3181 1185 Deum
3209 1130 3426 1199 quidem
3453 1138 3753 1192 teternum,

2172 1220 2433 1276 mundttm
2467 1236 2599 1277 vero
2644 1222 2887 1276 dicamus
2915 1236 3035 1277 esse
3068 1230 3409 1292 perpetuum.
3444 1222 3461 1251 ¹
3489 1220 3758 1286 Quoniam

2173 1311 2333 1381 igitur
2358 1325 2519 1367 omne
2539 1311 2797 1381 judicium
2825 1311 3118 1366 secundum
3144 1308 3173 1348 ἀ
3205 1312 3291 1367 sui
3314 1319 3566 1365 naturam
3593 1354 3610 1377 ,
3640 1325 3758 1376 qua

2173 1402 2273 1457 sibi
2286 1402 2524 1473 subjecta
2547 1411 2693 1470 sunt,
2719 1402 3130 1473 comprehendit
3148 1412 3263 1469 ;est
3287 1412 3467 1456 autem
3498 1402 3612 1455 Deo
3625 1415 3759 1455 sem-

2173 1503 2535 1562 perteternus,
2558 1508 2620 1548 ac
2641 1495 3024 1563 przesentarius
3051 1503 3253 1549 status:
3287 1494 3515 1549 scientia
3542 1506 3758 1561 quoque

2171 1585 2321 1654 ejus,
2350 1600 2566 1641 omnem
2594 1585 2713 1657 (10)
2758 1586 3020 1654 temporis
3042 1598 3392 1655 supergressa
3433 1582 3756 1647 motionem,

2172 1682 2225 1735 in
2246 1695 2358 1735 suae
2384 1680 2921 1750 manetsimplicitate
2942 1680 3264 1749 praesentia,
3280 1678 3597 1747 inﬁnitaque
3625 1692 3759 1744 pra:-

2174 1772 2317 1827 teriti
2346 1787 2407 1827 ac
2434 1773 2598 1828 futuri
2626 1773 2802 1842 spatia
2830 1771 3219 1841 complectens,
3250 1768 3629 1838 omnia,quasi
3648 1767 3758 1836 jam

2173 1875 2445 1936 gerantur,
2476 1868 2528 1921 in
2571 1882 2664 1920 sua
2689 1865 2917 1935 simplici
2940 1864 3245 1934 cognitione
3281 1861 3617 1917 considerat.
3658 1860 3760 1912 lla-

2174 1973 2280 2028 que
2304 1958 2350 2011 si
2378 1958 2716 2025 praesentiam
2741 1970 2974 2027 pensare
2996 1955 3162 2021 velis,
3193 1968 3296 2022 qua
3327 1961 3524 2007 cuncta
3570 1951 3761 2019 digno-

2172 2048 2296 2112 scit,
2341 2062 2445 2102 non
2473 2062 2594 2102 esse
2622 2047 3017 2116 praescientiam
3046 2044 3199 2114 quasi
3230 2043 3420 2111 futuri,
3454 2041 3552 2097 sed
3584 2040 3761 2095 scien-

2173 2141 2301 2193 tiam
2344 2154 2613 2209 nunquam
2656 2137 2955 2193 deﬁcientis
2984 2135 3259 2191 instantize
3290 2135 3493 2190 rectius
3523 2133 3759 2187 aestimao

2175 2233 2276 2286 bis.
2308 2231 2460 2287 Unde
2489 2247 2592 2285 non
2616 2230 2966 2300 prmvidcntia
2995 2227 3136 2297 (l5),
3166 2227 3260 2283 sed
3292 2225 3644 2281 Providentia
3669 2239 3764 2291 po-

2176 2325 2279 2380 tius
2306 2324 2521 2386 dieitur,
2574 2324 2716 2393 quod
2748 2337 2910 2392 porro
2936 2322 3004 2375 ab
3034 2320 3195 2375 rebus
3221 2318 3420 2373 inﬁmis
3445 2317 3759 2379 constituta,

2172 2418 2323 2484 quasi
2350 2416 2418 2469 ab
2442 2411 2659 2472 excelso
2682 2430 2861 2471 rerum
2887 2414 3166 2469 cacumine
3197 2423 3393 2467 cuncta
3438 2408 3757 2481 prospiciat.

2173 2515 2307 2582 Quid
2337 2516 2496 2586 igitur
2522 2515 2785 2586 postulas,
2813 2522 2876 2568 ut
2910 2512 3213 2568 necessaria
3256 2508 3404 2572 ﬁant,
3433 2522 3556 2576 qua:
3579 2505 3761 2560 divino

2173 2607 2372 2661 lumine
2398 2610 2708 2673 lustrenlur,
2738 2622 2858 2662 cum
2890 2622 2956 2661 ne
2987 2605 3235 2659 homines
3257 2603 3472 2673 quidem
3506 2614 3759 2656 necessa-

2172 2700 2253 2754 ria
2282 2700 2476 2755 faciant
2502 2715 2650 2767 esse,
2681 2714 2802 2769 qua:
2827 2699 3081 2754 videant?
3116 2698 3254 2752 Nut‘n
3281 2697 3425 2751 enim
3456 2710 3582 2765 qua:
3626 2708 3762 2763 pra:-

2170 2796 2341 2848 sentia
2377 2796 2589 2859 cernis,
2637 2795 2872 2864 aliquam
2904 2795 2984 2849 eis
3018 2794 3401 2849 necessitatem
3445 2802 3571 2845 tuus
3610 2790 3760 2843 addit

2170 2889 2429 2944 intuitus?
2460 2888 2698 2944 Minime.
2733 2889 2896 2958 Atqui
2927 2888 3067 2958 (20),
3096 2886 3141 2941 si
3174 2894 3259 2941 est
3293 2886 3461 2939 divini
3510 2883 3766 2938 humani-

2172 2997 2275 3049 quc
2318 2982 2600 3050 prmsentis
2630 2980 2791 3050 digna
2832 2989 2855 3016 ι
2888 2979 3137 3043 collatio,
3169 2978 3246 3032 ttti
3278 2991 3374 3031 vos
3423 2987 3610 3029 vestro
3660 2976 3765 3027 hoc

2172 3073 2497 3143 temporario
2536 3072 2788 3141 prtesenti
2831 3071 3075 3139 quaedam
3104 3068 3331 3132 videtis,
3360 3068 3431 3121 ita
3461 3066 3551 3121 ille
3579 3064 3760 3119 omnia

2170 3180 2269 3220 suo
2304 3166 2475 3219 cernit
2513 3173 2724 3219 aeterno
2752 3160 2795 3217 ι.
2828 3162 3005 3229 Quare
3030 3161 3144 3215 haec
3164 3160 3341 3214 divina
3371 3158 3639 3228 praenotio
3668 3170 3764 3211 na.

2177 3277 2349 3320 turam
2389 3280 2590 3332 rerum,
2631 3263 3120 3335 proprietatemque
3148 3276 3254 3314 non
3302 3267 3497 3322 mutat,
3528 3256 3763 3325 taliaque

2174 3357 2314 3425 apud
2334 3370 2395 3411 se
2416 3357 2705 3425 praesentia
2724 3361 2952 3423 spectat,
2980 3351 3159 3420 qualia
3183 3350 3235 3403 in
3263 3357 3505 3416 tempore
3526 3346 3656 3399 olim
3679 3344 3764 3398 fu-

2175 3462 2288 3504 tura
2315 3450 2657 3519 provenient:
2685 3462 2782 3503 nec
2798 3446 3187 3515 rerumjndicia
3209 3442 3518 3507 confundit,
3545 3456 3766 3510 unoque

2173 3556 2285 3595 sum
2309 3542 2504 3596 mentis
2531 3540 2723 3594 intuitu
2756 3548 2780 3586 κ
2810 3549 2917 3593 tam
2951 3536 3257 3592 necessarie
3280 3535 3419 3604 (Ξὸ),
3446 3550 3608 3604 quam
3653 3549 3765 3586 non

2176 3634 2506 3699 necessarie,
2530 3642 2755 3686 ventura
2773 3629 3059 3698 dignoscit.
3084 3627 3251 3682 Sicuti
3288 3640 3385 3680 vos
3412 3641 3531 3680 cum
3561 3625 3767 3693 pariter

2174 3723 2449 3777 ambulare
2498 3723 2551 3777 in
2583 3732 2728 3775 terra
2758 3720 3030 3774 hominem
3062 3729 3117 3773 et
3142 3717 3274 3772 oriri
3319 3717 3373 3770 in
3419 3716 3556 3771 caelo
3584 3715 3766 3769 solem

2174 3812 2392 3877 videtis,
2426 3825 2731 3881 quanquam
2772 3808 2929 3864 simul
2962 3819 3250 3876 utrumque
3271 3814 3652 3876 conspectum,
3680 3814 3769 3857 ta-

2176 3921 2299 3960 men
2324 3902 2351 3942 ιι
2376 3905 2711 3971 discernitis,
2739 3914 2794 3959 et
2832 3903 2937 3959 hoc
2965 3900 2980 3939 ί
3010 3900 3403 3967 voluntarium,
3436 3898 3450 3949 i
3485 3897 3616 3953 illud
3642 3911 3769 3952 esse

1842 4072 2413 4136 INTERPRETATIO.

559 4177 587 4204 ι
628 4165 824 4221 Fluxa.

557 4238 587 4277 δ
627 4238 741 4293 Lib.
776 4255 787 4291 t
823 4238 885 4290 de
914 4237 1070 4293 Caelo.

562 4321 585 4348 ε
629 4311 727 4374 Qui
756 4310 825 4362 sit
847 4320 986 4363 totus
1014 4309 1193 4363 simul.

558 4382 585 4417 ιι
626 4382 810 4435 Mentis
846 4382 1146 4447 judicantis.

560 4465 584 4489 ⁸
626 4452 971 4517 Comparatio.

562 4522 581 4560 ί
625 4522 788 4576 Deus.

2253 4184 2278 4223 κ
2322 4174 2390 4229 Et
2420 4192 2478 4229 ea
2503 4190 2616 4246 qua!
2656 4172 2941 4227 necessario
2963 4213 2979 4240 ,
3011 4180 3060 4227 et
3091 4187 3150 4227 ea
3192 4186 3306 4242 qua:
3348 4186 3451 4224 non
3480 4170 3769 4223 necessario

2179 4258 2387 4300 ventura
2416 4261 2555 4308 sunt,
2587 4256 2859 4313 cognoscit.

2248 4315 2273 4353 ιι
2317 4317 2514 4369 l’onitis
2546 4317 2835 4369 discrimen.

2254 4386 2267 4424 ί
2318 4386 2588 4440 Hominem
2615 4384 2897 4439 ambulare.

2248 4460 2263 4507 ι
2314 4458 2486 4512 δυ.“εηι
2516 4458 2659 4511 oriri.
2874 4474 2877 4475 '

2014 4661 2247 4717 NOTAE.

561 4795 578 4825 ¹
626 4794 890 4865 Quantam
921 4791 1097 4858 igitur,
1124 4792 1251 4863 etc.]
1282 4793 1360 4848 Ex
1395 4794 1666 4864 prtedictis
1708 4795 2056 4865 Philosophia
2087 4800 2140 4861 D
2165 4797 2510 4852 necessitatem
2534 4806 2647 4849 tuus
2667 4794 2813 4848 addit
2832 4793 3085 4848 intuitus:
3114 4791 3363 4847 similiter
3384 4794 3427 4847 si
3455 4792 3595 4847 Deus
3620 4793 3773 4859 igna-

492 4866 567 4919 sic
609 4865 763 4918 nobis
810 4862 1419 4936 videtur_argumentari.
1448 4866 1579 4919 Cant
1618 4862 1962 4936 judicandum
1994 4869 2063 4922 sit

494 4939 557 4989 de
597 4936 811 5008 notione
836 4932 1127 4986 secundum
1158 4946 1395 5008 naturam
1439 4932 1634 4991 mentis
1655 4938 2060 5008 cognoscentis;

495 5020 722 5073 cumque
769 5004 910 5057 Deus
952 5018 1277 5071 cognoscens
1316 5007 1488 5059 futura
1534 5008 1699 5061 libera
1716 5004 1747 5073 ξ
1778 5009 1845 5063 de
1875 5009 2065 5077 quibus

496 5091 636 5129 nunc
663 5078 855 5143 agitur,
892 5087 1077 5127 natura
1109 5090 1205 5129 sua
1236 5078 1303 5130 sit
1332 5086 1585 5141 aeternus,
1619 5082 1719 5132 hoc
1745 5091 1829 5133 est
1855 5096 2067 5147 semper

494 5159 734 5214 cogitans
760 5161 1077 5214 semperque
1103 5151 1287 5200 vivens
1318 5149 1433 5203 sine
1462 5150 1566 5203 ulla
1598 5148 1897 5203 dill‘ercntia
1928 5166 2064 5214 prte-

496 5219 684 5275 sentis,
718 5217 993 5282 pneteriti,
1023 5229 1076 5269 et
1121 5216 1310 5281 futuri;
1347 5222 1545 5273 idcirco
1575 5223 1720 5273 notio
1751 5221 1841 5273 Dei
1868 5222 1940 5273 ita
1978 5236 2068 5273 co-

496 5290 649 5353 gitari
672 5289 833 5341 debet
853 5296 1052 5339 acterna
1078 5288 1189 5340 sive
1213 5298 1316 5340 tota
1335 5290 1506 5353 simul,
1534 5298 1591 5343 ut
1613 5291 1802 5344 eodem
1833 5291 1988 5343 modo
2011 5305 2070 5344 se

498 5358 697 5412 habeat
723 5361 860 5430 circa
896 5357 1073 5430 futura
1098 5358 1565 5427 libera,quomodo
1588 5364 1725 5415 circa
1750 5362 2069 5430 przesentia:

496 5445 602 5497 qtto
635 5430 691 5481 [it
715 5435 773 5481 ut
812 5429 898 5483 illa
924 5427 1015 5482 Dei
1059 5430 1204 5482 notio
1230 5445 1329 5481 non
1365 5434 1681 5496 pra’scienlia
1703 5427 1868 5501 quasi}
1890 5432 2073 5499 futuri,

499 5502 591 5551 sed
618 5501 825 5553 scirntia
856 5515 1114 5568 nunquam
1150 5500 1426 5562 deficientis
1458 5500 1913 5555 instantiw’rcctius
1948 5511 2078 5553 wstt-

498 5580 699 5623 metnr:
729 5570 865 5623 unde
907 5587 1007 5622 non
1037 5570 1364 5634 prmvidentia
1390 5614 1404 5635 ,
1436 5574 1524 5623 sed
1557 5573 1873 5638 providentia
1908 5572 2079 5637 potius

501 5642 713 5705 dicitur,
736 5642 871 5710 quod
892 5657 1043 5709 porro
1070 5639 1133 5691 ab
1153 5641 1302 5691 rebus
1324 5641 1511 5707 infimis
1531 5643 1823 5707 constituta,
1853 5643 1997 5706 quasi
2014 5642 2075 5694 ab

502 5713 696 5765 excelso
728 5727 895 5764 rerum
924 5711 1182 5762 cacumine
1203 5721 1383 5763 cuncta
1423 5713 1718 5780 prospiciat.
1746 5714 1900 5781 Atqui
1932 5713 2077 5764 notio

507 5782 793 5834 liberorum
826 5782 1188 5848 praisentium,
1217 5782 1414 5834 nullant
1454 5782 1556 5835 illis
1600 5782 1821 5851 imponit
1849 5783 2076 5836 necessi-

507 5859 700 5907 tatem:
734 5865 837 5907 nou
889 5852 1021 5906 enim
1068 5867 1179 5919 quia
1218 5854 1485 5919 prtrsentia
1514 5854 1705 5921 cernis,
1753 5852 1974 5919 aliquam
2008 5856 2076 5908 ris

2168 4884 2260 4923 rus
2305 4867 2599 4919 iuturorum
2633 4866 2723 4918 illa
2752 4882 2855 4918 non
2883 4874 3236 4933 cognosceret
3268 4865 3370 4918 nisi
3404 4864 3525 4916 dum
3557 4868 3773 4917 adulat

2172 4940 2479 5007 praesentia,
2514 4939 2661 4990 notio
2690 4937 2803 4989 ha-c
2836 4936 2930 5007 Dei
2974 4935 3172 5007 nullam
3205 4934 3547 5007 illisialTerret
3581 4951 3775 5007 neces-

2171 5005 2383 5061 sitatem
2405 5026 2416 5060 :
2440 5017 2689 5076 essetque
2715 5006 2856 5060 idem
2876 5005 3164 5058 discrimen
3189 5006 3329 5073 quod
3357 5019 3495 5057 nunc
3519 5006 3773 5057 animad‘

2174 5081 2450 5139 vertimus,
2478 5080 2806 5132 interortum
2831 5076 2962 5129 solis
2992 5084 3046 5129 ct
3066 5092 3236 5128 nteant
3266 5076 3587 5129 loeutionent
3618 5076 3770 5143 quod

2174 5149 2266 5203 ille
2299 5152 2620 5211 necessario,
2652 5148 2764 5201 lucc
2798 5148 2966 5200 libere
2996 5150 3103 5197 tiat.
3134 5145 3494 5212 Quamobrem
3523 5144 3673 5198 sicut
3702 5161 3771 5198 ex

2176 5220 2395 5273 netionc
2420 5222 2785 5286 praesentium,
2805 5218 2881 5271 sic
2902 5232 2968 5271 cx
2994 5217 3328 5283 praenotione
3352 5217 3528 5268 divina
3556 5216 3773 5269 futuro

2176 5306 2290 5343 runt
2324 5291 2634 5353 liberorum,
2668 5306 2771 5341 non
2805 5298 2982 5357 potest
3013 5288 3196 5339 inlcrri
3230 5286 3342 5339 hinc
3372 5302 3489 5339 esse
3517 5300 3769 5339 necessa-

2178 5363 2253 5412 ria
2281 5359 2381 5413 nisi
2412 5360 2501 5411 sub
2527 5362 2812 5413 conditione
2839 5374 2856 5411 :
2887 5361 3027 5411 sicut
3049 5358 3209 5410 etiam
3242 5359 3386 5411 notio
3415 5358 3772 5423 praesentium

2179 5431 2328 5499 (licet
2359 5430 2409 5482 in
2445 5429 2659 5484 homine
2690 5440 2815 5483 tunc
2845 5429 3011 5482 libere
3036 5440 3246 5495 agente.
3274 5430 3435 5481 illaesa
3476 5435 3772 5479 remaneat

2180 5509 2421 5567 potestas
2467 5502 2528 5553 ad
2589 5500 2923 5567 utrumlibet)
2954 5509 3035 5551 est
3061 5499 3304 5559 evidens,
3350 5512 3496 5560 vera,
3533 5507 3590 5550 et
3618 5508 3773 5550 certa

2179 5570 2515 5629 scientia,sic
2542 5573 2704 5625 etiam
2736 5570 2999 5638 prmnntio
3030 5570 3205 5621 divina
3232 5571 3523 5622 futurorum
3547 5568 3773 5637 (quant-

2181 5644 2261 5694 vis
2285 5642 2333 5694 in
2366 5642 2576 5694 homine
2605 5643 2729 5693 olim
2758 5651 2945 5694 acturo
2974 5640 3288 5693 intemerata
3322 5648 3634 5708 perseveret
3668 5654 3771 5705 po-

2182 5720 2343 5765 testas
2365 5714 2429 5763 ad
2453 5713 2783 5776 utrumlibet)
2808 5722 2889 5764 est
2911 5710 3150 5771 evidens,
3174 5725 3319 5774 vera,
3345 5718 3399 5762 ct
3423 5718 3566 5763 certa
3581 5710 3772 5762 scien-

2183 5783 2461 5851 ti.t.Atqtte
2490 5782 2539 5835 id
2559 5797 2623 5835 co
2646 5783 2843 5850 potius,
2874 5780 3017 5850 quod
3047 5781 3289 5846 quamvis
3320 5796 3432 5833 mea
3468 5780 3668 5851 locutio
3700 5780 3771 5851 sit

2181 5869 2339 5910 causa
2379 5850 2652 5921 potionis,
2686 5869 2785 5921 qua
2828 5867 2968 5907 nunc
2996 5851 3271 5919 cognoscis
3304 5867 3387 5906 tne
3418 5850 3590 5917 loqui;
3620 5850 3788 5904 nulla.
