4010 6372
254 361 349 416 861

1162 362 1248 417 DE
1284 360 1798 419 CONSOLATIONE
1839 357 2309 420 PIIILOSOPHIE
2340 365 2470 421 LIB.
2514 366 2585 422 ν.

3417 370 3521 427 86!

254 474 612 530 necessarium
631 474 989 544 judicatis.lta
1008 474 1169 545 igitur
1186 484 1377 529 cuncta
1408 476 1711 545 despiciens
1743 472 1827 528 di-
1854 473 1902 530 A
1929 474 2145 541 quidem
2158 475 2227 531 de
2247 492 2422 532 rerum
2441 481 2769 538 necessitate
2797 482 3109 539 descendit:
3143 482 3271 539 illud
3302 499 3432 541 vero
3452 489 3520 542 ds

254 565 405 618 vinus
428 565 683 630 intuitus,
712 566 1029 635 qualitatem
1085 580 1266 621 rerum
1294 566 1514 620 minime
1552 564 1829 636 perturbat

254 661 390 725 apud
420 673 477 713 se
505 660 719 729 quidem
766 660 1128 728 praesentium,
1162 660 1227 714 ad
1255 662 1619 715 conditionem
1668 662 1827 732 351

254 764 382 804 vero
413 753 668 818 temporis
710 750 1029 805 futurarum.
1081 752 1199 818 Quo
1226 751 1325 817 fit,
1372 763 1432 806 nt
1482 752 1583 806 hoc
1626 766 1730 804 non
1761 752 1831 804 sit

254 842 454 910 opinio,
496 844 591 897 sed
623 851 649 879 ιι
679 846 900 897 veritate
929 844 1101 909 potius
1130 844 1251 898 nixa
1300 845 1557 930 cogpitio,
1588 860 1708 898 cum
1737 860 1831 899 ex-

256 936 504 989 stiturum
538 935 663 1004 quid
695 951 815 990 esse
843 938 1159 1005 cognoscit,
1194 937 1335 1006 quod
1375 938 1515 991 idem
1560 939 1828 992 cxistemli

255 1026 575 1081 necessitate
620 1042 804 1082 carere
843 1044 949 1081 non
997 1029 1227 1084 nesciat.
1281 1028 1378 1083 llic
1405 1030 1450 1084 si
1488 1030 1657 1093 dicas,
1684 1030 1828 1098 quod

254 1128 569 1172 eventurum
599 1118 738 1172 Deus
761 1119 935 1186 videt,
969 1120 1021 1174 id
1058 1136 1164 1174 non
1210 1122 1434 1175 evenire
1480 1137 1587 1177 non
1636 1137 1827 1191 posse:

253 1210 395 1277 quod
426 1217 603 1263 autem
631 1224 735 1263 non
759 1219 936 1278 potest
956 1225 1060 1264 non
1092 1212 1308 1266 evenire
1332 1211 1434 1281 (5),
1465 1212 1515 1266 id
1547 1228 1610 1265 ex
1639 1227 1829 1267 ncces-

253 1300 413 1353 sitatc
433 1302 766 1370 contingere,
814 1316 1004 1370 meque
1031 1301 1097 1354 ad
1130 1301 1229 1355 hoc
1275 1316 1469 1356 nomen
1498 1302 1833 1357 necessitatis

253 1389 551 1460 astringas:
581 1391 807 1446 Fatebor
829 1407 941 1446 rem
969 1392 1183 1461 quidem
1213 1390 1241 1429 δ
1269 1392 1615 1447 solidissima:
1641 1394 1835 1446 verita-

251 1479 344 1544 tis,
374 1482 469 1534 sed
496 1482 581 1535 cui
606 1482 693 1535 vix
723 1482 916 1551 aliquis
944 1483 1044 1537 nisi
1074 1482 1236 1536 divini
1262 1483 1565 1551 speculator
1590 1498 1831 1539 accesse-

251 1565 345 1617 rit.
375 1564 975 1636 Respondebonamque
997 1567 1136 1621 idem
1171 1566 1437 1635 futurum,
1462 1583 1580 1622 cum
1606 1568 1673 1622 ad
1700 1568 1834 1622 divi-

251 1670 377 1709 nam
420 1656 693 1710 nctionem
723 1644 974 1725 refertur,
1020 1658 1424 1713 necessarium:
1458 1674 1578 1712 cum
1620 1674 1751 1714 vero
1779 1658 1835 1713 in

248 1761 349 1801 sua
371 1757 559 1802 natura
590 1750 963 1819 perpenditur,
988 1750 1214 1805 liberum
1248 1765 1469 1820 prorsus
1496 1761 1660 1818 atque
1686 1752 1837 1806 abso-

1935 576 2200 634 potestate
2229 569 2561 628 facientium.
2588 573 2617 611 ¹λ
2644 577 2801 631 Haud
2833 579 2993 648 igitur
3021 580 3215 650 injuria
3243 580 3475 637 diximus
3500 626 3515 647 ,

1934 654 2070 723 haec,
2101 659 2146 715 si
2176 661 2243 714 ad
2268 662 2501 717 divinam
2544 668 2785 721 notitiam
2816 669 3146 737 referantur,
3176 673 3516 736 necessaria;

1934 748 1978 801 si
1995 764 2099 817 ,pcr
2130 765 2189 804 se
2214 752 2657 820 considerentur,
2687 760 3021 815 necessitatis
3041 774 3161 815 esse
3178 761 3403 815 nexibus
3425 762 3521 814 ab-

1933 838 2126 893 soluta.
2162 839 2326 894 Sicuti
2352 856 2512 897 omne
2538 846 2680 912 quod
2712 848 2960 901 sensibus
2990 859 3155 918 patet.
3186 851 3231 905 si
3262 851 3327 904 ad
3351 853 3517 906 ratio-

1935 941 2057 979 nem
2088 929 2322 995 referas,
2354 934 2655 988 universale
2676 946 2785 988 est:
2815 940 2859 990 si
2887 938 2950 991 ad
2974 940 3206 1007 scipsum
3235 941 3518 1009 rcSpictas,

1935 1018 2225 1089 singulare.
2265 1022 2372 1076 Sed
2404 1023 2451 1077 si
2482 1024 2643 1094 352
2687 1026 2738 1078 in
2772 1043 2887 1080 mea
2908 1068 2925 1092 ,
2956 1029 3163 1097 inquies
3189 1072 3203 1095 ,
3257 1040 3520 1099 potestate

1937 1113 2097 1167 situm
2127 1125 2210 1168 est
2251 1126 2461 1171 mutare
2488 1120 2844 1187 prepositum,
2882 1120 2895 1158 ί
2933 1125 3201 1178 evacuabo
3226 1125 3519 1179 Providen-

1935 1207 2084 1270 tiam,
2117 1222 2257 1273 cum,
2291 1223 2412 1276 qua:
2433 1210 2521 1264 illa
2564 1213 2882 1278 praenoscit,
2911 1213 3049 1269 forte
3075 1226 3371 1271 mutavere.
3416 1214 3521 1270 Re.

1935 1297 2233 1365 spondcbo,
2269 1297 2606 1368 Propositum
2636 1313 2687 1356 te
2712 1303 2929 1372 quidem
2961 1312 3109 1357 tuum
3139 1319 3300 1373 posse
3353 1304 3520 1359 defle-

1936 1401 2101 1457 ctere,
2128 1391 2244 1458 sed,
2268 1395 2519 1461 quoniam
2542 1404 2595 1449 et
2619 1394 2670 1448 id
2700 1405 2751 1448 te
2777 1410 2959 1466 posse,
2975 1408 3028 1450 ct
3052 1412 3118 1451 an
3139 1397 3322 1464 facias,
3346 1412 3519 1467 quove

1936 1495 2240 1548 convertas,
2273 1500 2512 1554 praesens
2544 1488 2899 1543 Providentiae
2929 1491 3414 1556 veritasintuetur,
3438 1490 3520 1545 di-

1937 1572 2115 1627 vinam
2130 1583 2181 1630 te
2194 1575 2271 1645 (5)
2292 1577 2679 1644 prmscientiam
2695 1593 2799 1633 non
2818 1595 2976 1649 posse
2997 1581 3193 1646 vitare;
3216 1583 3369 1635 sicuti
3385 1596 3519 1650 pra:-

1939 1666 2109 1720 sentis
2137 1667 2279 1720 oculi
2312 1666 2545 1736 effugere
2570 1684 2675 1722 non
2695 1672 2869 1738 possis
2893 1672 3137 1726 intuitum
3160 1713 3175 1737 ,
3205 1672 3445 1741 quamvis
3469 1682 3520 1726 te

1941 1754 1994 1807 in
2021 1755 2199 1810 varias
2228 1758 2469 1813 actiones
2500 1757 2666 1813 libera
2692 1759 2972 1815 voluntate
2995 1762 3348 1815 converteris.
3377 1762 3519 1828 Quid

252 1838 424 1892 lutum
472 1840 663 1893 videri.
719 1841 846 1894 Dum
874 1850 1001 1896 sunt
1043 1842 1245 1897 ctenim
1298 1842 1681 1907 necessitates;
1718 1843 1831 1913 (10)
1864 1842 1914 1903 B
1940 1842 2102 1913 igitur
2125 1884 2143 1911 ,
2194 1846 2436 1913 inquies?
2475 1848 2550 1902 Ex
2583 1863 2773 1903 meane
2800 1849 3152 1917 dispositione
3179 1849 3402 1904 scicntia
3432 1850 3519 1904 di~

246 1931 481 2000 simplex
508 1946 633 1997 una,
656 1932 822 1986 veluti
847 1934 988 1999 quod
1014 1948 1238 1991 necesse
1266 1943 1351 1989 est
1372 1950 1561 1989 omnes
1584 1934 1833 1990 homines

248 2036 375 2076 esse
395 2022 684 2085 mortales;
714 2023 882 2076 altera
904 2024 1259 2088 conditionis,
1290 2034 1349 2079 ut
1382 2027 1425 2079 si
1458 2027 1688 2095 aliquem
1718 2042 1833 2081 am-

248 2112 443 2168 bulare
474 2115 647 2178 scias,
673 2128 798 2169 eum
825 2116 1101 2171 ambulare
1130 2132 1351 2172 necesse
1380 2127 1485 2172 est.
1511 2118 1663 2184 Quod
1688 2119 1830 2173 enim

245 2206 473 2275 quisque
496 2206 659 2270 novit,
675 2206 727 2260 id
748 2222 870 2262 esse
889 2206 1047 2261 aliter
1071 2222 1136 2261 ac
1159 2219 1341 2262 notum
1363 2218 1467 2273 est,
1496 2210 1700 2279 nequit.
1725 2209 1832 2264 Sed

244 2297 365 2350 hazc
384 2296 620 2350 conditio
644 2299 862 2351 minimc
883 2312 1064 2353 secum
1089 2300 1232 2353 illam
1260 2300 1558 2368 simplicem
1588 2311 1611 2338 ε
1644 2300 1826 2354 trahit.

244 2387 397 2441 Hanc
422 2387 563 2442 enim
590 2389 965 2442 necessitatem
991 2403 1095 2443 non
1126 2390 1339 2458 propria
1365 2390 1491 2444 facit
1509 2391 1828 2455 natura,sed

203 2466 570 2533 fconditionis
595 2479 843 2549 adiectio.
867 2479 1021 2533 Nulla
1043 2479 1187 2534 enim
1216 2482 1511 2536 necessitas
1537 2482 1659 2552 (15)
1689 2482 1831 2551 cogit

246 2569 499 2624 incedere
536 2570 832 2624 voluntarie
862 2568 892 2606 ά
922 2570 1252 2639 gradientem
1275 2611 1289 2636 ,
1317 2571 1561 2641 quamvis
1596 2588 1720 2625 eum
1753 2582 1832 2626 ta-

245 2676 394 2727 men,
422 2676 541 2715 cum
575 2671 598 2699 ε
629 2662 866 2732 graditur
888 2702 904 2727 ,
938 2662 1187 2716 incedere
1215 2664 1574 2717 necessarium
1602 2664 1692 2717 sit.
1728 2664 1832 2718 Eo-

244 2753 372 2808 dem
412 2756 574 2824 igitur
613 2756 789 2818 modo,
813 2755 857 2807 si
878 2754 1001 2823 quid
1032 2754 1365 2823 providentia
1398 2744 1828 2823 przesensvidct,

244 2845 299 2900 id
316 2860 437 2901 esse
460 2860 682 2900 necesse
708 2855 810 2909 est,
835 2844 1042 2899 tametsi
1070 2845 1272 2899 nullam
1297 2855 1498 2900 naturae
1527 2846 1717 2899 habeat
1736 2861 1829 2900 nc-

243 2937 572 2993 cessitatem.
630 2938 791 3005 Atqui
824 2937 965 2991 Deus
1008 2952 1069 2991 ea
1102 2936 1309 3004 futura,
1355 2953 1476 3007 qua:
1523 2954 1590 2991 ex
1628 2938 1832 2992 arbitrii

242 3032 493 3086 libertate
518 3030 862 3099 proveniunt,
881 3034 1161 3098 praesentia
1183 3040 1482 3085 contuetur.
1509 3031 1629 3084 Haec
1648 3030 1828 3099 igitur,

244 3124 312 3178 ad
338 3125 588 3178 intuitum
618 3125 782 3177 relata
814 3123 1072 3185 divinum,
1104 3123 1409 3177 necessaria
1438 3122 1569 3176 fiunt
1596 3120 1710 3191 (Q0)
1739 3137 1833 3190 per

1937 1936 2060 1990 vina
2092 1938 2401 2003 mutabitur,
2429 1946 2490 1991 ut
2510 1952 2630 1992 cum
2655 1954 2754 2009 ego
2785 1955 2925 1993 nunc
2952 1939 3072 2002 hoc.
3106 1955 3248 1993 nunc
3279 1939 3408 1993 illud
3431 1955 3519 1994 ve~

1937 2026 2028 2080 lim
2049 2065 2065 2092 ,
2109 2027 2197 2081 illa
2225 2043 2437 2098 quoque
2485 2030 2742 2082 noscendi
2768 2030 2917 2084 vices
2943 2029 3209 2083 alternare
3238 2028 3517 2083 videatur?

1935 2115 2171 2172 Minime.
2209 2120 2381 2172 Omne
2421 2133 2652 2188 namque
2697 2118 2930 2173 futurum
2972 2119 3185 2173 divinus
3232 2119 3516 2187 praecurrit

1936 2208 2179 2274 intuitus,
2229 2218 2283 2264 et
2312 2209 2426 2279 (l0)
2459 2208 2527 2262 ad
2559 2210 2894 2277 praesentiam
2929 2209 3162 2278 promite
3188 2209 3514 2278 cognitionis

1934 2309 2214 2371 retorquet
2262 2316 2325 2356 ac
2374 2309 2611 2357 revocat.
2662 2301 2773 2356 Nec
2802 2302 3067 2368 alternat,
3106 2311 3164 2356 ut
3201 2302 3513 2365 existimas,

1935 2406 2082 2446 nunc
2108 2391 2232 2457 hoc,
2255 2406 2395 2446 nunc
2416 2391 2547 2446 illud
2579 2392 2949 2461 praenoscendi
2971 2391 3145 2457 vices;
3170 2391 3264 2445 sed
3284 2405 3388 2447 uno
3411 2391 3516 2447 ictu

1936 2483 2261 2538 mutationes
2292 2496 2409 2537 tuas
2437 2498 2660 2538 manens
2690 2486 2952 2553 praevenit
3000 2492 3162 2552 atque
3205 2481 3515 2551 complecti-

1934 2584 2042 2630 tur.
2086 2575 2255 2642 Quam
2278 2576 2772 2645 comprehendendi
2814 2577 2991 2630 omnia
3020 2576 3333 2644 visendique
3382 2590 3516 2642 pra:-

1932 2669 2181 2735 sentiam,
2206 2683 2313 2721 non
2342 2683 2407 2722 ex
2435 2668 2728 2722 futurarum
2755 2667 2769 2718 i
2810 2678 3069 2737 proventu
3100 2683 3301 2731 rerum,
3333 2666 3426 2721 sed
3448 2681 3515 2721 ex

1936 2760 2147 2829 propria
2182 2760 2325 2814 Deus
2355 2760 2697 2828 simplicitate
2728 2760 2953 2813 sortitus
2990 2766 3094 2813 est.
3131 2759 3211 2812 Ex
3236 2772 3341 2826 quo
3384 2756 3517 2812 illud

1934 2865 2145 2921 quoque
2170 2850 2481 2915 resolvitur,
2510 2851 2653 2920 quod
2681 2852 2798 2921 (l5)
2827 2850 2986 2919 paulo
3014 2859 3138 2904 ante
3166 2849 3411 2918 posuisti,
3438 2849 3516 2902 in~

1934 2945 2151 3014 dignum
2181 2960 2351 3011 esseg
2373 2946 2418 3000 si
2446 2944 2686 3000 scientia:
2735 2944 2829 2999 Dei
2879 2957 3095 2997 causam
3125 2941 3302 2996 futura
3332 2949 3517 2996 nostra

1936 3045 2193 3106 prmstare
2221 3037 2489 3092 dicantur.
2513 3036 2639 3091 Hinc
2669 3036 2811 3091 enim
2840 3035 3081 3090 scientia:
3122 3034 3201 3089 vis
3232 3042 3517 3102 praesenta-

1935 3130 2015 3184 ria
2048 3132 2264 3184 notione
2290 3140 2480 3185 cuncta
2509 3129 2895 3197 complectens,
2927 3128 3089 3181 rebus
3121 3125 3369 3181 omnibus
3399 3141 3517 3180 mo-

244 3215 607 3272 conditionem
635 3215 830 3269 divina:
862 3216 1116 3270 notionis:
1153 3231 1244 3284 per
1257 3230 1315 3269 se
1328 3230 1454 3269 vero
1474 3216 1831 3279 considerata,
1860 3206 1906 3268 C
1939 3227 2062 3280 dum
2090 3226 2203 3293 ipsa
2229 3224 2525 3289 consuluit,
2558 3222 2689 3277 ηίιιίι
2710 3236 2842 3276 vero
2866 3218 3251 3290 posterioribus
3278 3216 3305 3256 ις
3336 3217 3516 3272 δευρί,

243 3308 313 3360 ab
335 3306 578 3360 absoluta
595 3316 795 3359 natura:
825 3303 844 3342 ί
877 3306 1245 3359 suaelibertate
1270 3306 1662 3361 nondesinuut.
1680 3304 1834 3359 Fient

243 3400 407 3469 igitur
424 3400 604 3470 procul
634 3398 794 3451 dubio
810 3408 1020 3461 cuncta,
1045 3414 1163 3466 qua:
1189 3400 1362 3452 futura
1387 3398 1526 3453 Deus
1554 3412 1674 3453 esse
1692 3413 1832 3468 prte-

246 3492 455 3556 noscit,
487 3490 583 3545 sed
616 3505 801 3543 eorum
832 3490 1076 3557 quaedam
1105 3490 1171 3544 de
1219 3490 1387 3543 libero
1424 3490 1837 3558 proficiscuntur

243 3582 475 3636 arbitrio
518 3597 679 3649 :quze
710 3582 953 3650 quamvis
982 3580 1267 3645 eveniant,
1328 3582 1615 3635 existendo
1657 3591 1832 3635 tamen

243 3674 519 3744 propriam
564 3684 807 3726 naturam
862 3687 968 3725 non
1020 3673 1308 3734 amittunt;
1357 3689 1479 3742 qum
1528 3674 1833 3742 priusquam

245 3768 462 3829 tierent,
493 3765 653 3819 etiam
687 3782 791 3819 non
819 3766 1034 3820 evenire
1076 3766 1393 3835 potuissent.
1425 3766 1558 3833 Quid
1591 3767 1703 3837 (9.5)
1734 3767 1832 3833 igi-

244 3866 331 3911 tur
362 3857 531 3911 refert
561 3873 663 3910 non
696 3872 815 3911 esse
852 3859 1186 3923 necessaria,
1230 3872 1350 3910 cum
1377 3866 1594 3924 propter
1635 3857 1832 3910 divina:

240 3948 483 4003 scientia:
511 3948 874 4002 conditionem
930 3948 1101 4000 modis
1150 3948 1439 4012 omnibus,
1497 3947 1831 4001 necessitatis

242 4039 452 4105 instar,
488 4040 774 4093 eveniant?
815 4039 927 4093 lloc
957 4038 1190 4103 scilicet,
1227 4040 1366 4107 quod
1398 4054 1458 4091 ea
1510 4053 1628 4105 qua;
1674 4039 1833 4108 paulo

241 4140 371 4185 ante
398 4130 673 4198 proposui,
706 4131 787 4182 sol
817 4130 996 4183 oriens
1016 4173 1031 4196 ,
1064 4140 1116 4182 et
1149 4139 1172 4175 ις
1200 4129 1452 4198 gradiens
1482 4126 1666 4193 homo,
1709 4143 1831 4197 qua:

241 4222 370 4277 dum
397 4222 548 4287 fiunt,
584 4236 692 4274 non
720 4222 831 4274 fieri
862 4236 965 4273 non
996 4229 1246 4288 possunt:
1267 4235 1450 4273 corum
1471 4229 1825 4274 tamenunum

237 4313 394 4382 prius
414 4327 625 4381 quoque
655 4326 810 4380 quam
845 4310 1016 4375 fieret,
1048 4326 1272 4365 necesse
1300 4319 1418 4364 erat
1449 4311 1717 4365 existere:
1751 4312 1827 4363 al-

238 4410 417 4456 terum
464 4418 594 4455 vero
626 4403 862 4455 minimc.
895 4402 968 4455 Ita
1001 4402 1161 4455 etiam
1206 4417 1324 4470 qua:
1362 4402 1643 4470 prmsenlia
1686 4403 1825 4456 Dens

236 4495 437 4563 habet,
471 4495 584 4565 (30)
632 4497 796 4550 dubio
833 4496 1017 4564 procul
1064 4498 1338 4550 existunt:
1370 4496 1465 4550 sed
1502 4512 1683 4551 eorum
1722 4498 1822 4554 hoc

1938 3318 2067 3381 Qua:
2089 3332 2210 3370 cum
2236 3316 2306 3369 ita
2330 3315 2457 3379 sint,
2488 3321 2667 3366 manet
2690 3312 3004 3365 intemerata
3042 3307 3358 3363 mortalibus
3383 3306 3516 3361 arbi-

1940 3410 2028 3465 trii
2057 3409 2300 3463 libertas.
2331 3406 2441 3461 Nec
2465 3406 2658 3473 iniqua:
2690 3404 2858 3472 leges,
2891 3401 3083 3456 solutis
3108 3401 3254 3453 omni
3283 3400 3517 3453 necessi~

1938 3512 2051 3557 tate
2079 3501 2464 3563 voluntatibus,
2490 3497 2707 3567 prtemia
2733 3509 3027 3566 pinnasque
3055 3492 3170 3561 (20)
3194 3502 3518 3562 proponunt.

1938 3595 2112 3649 Manet
2134 3594 2297 3648 etiam
2323 3601 2591 3660 spectator
2632 3587 2863 3655 desuper
2898 3594 3213 3641 cunctorum
3262 3584 3520 3653 praescius

1939 3683 2101 3750 Deus,
2121 3682 2448 3750 visionisquc
2470 3679 2587 3748 eius
2608 3691 2846 3747 praesens
2872 3689 3086 3742 semper
3107 3673 3381 3727 :eternitas
3398 3688 3519 3727 cum

1939 3782 2247 3827 nostrorum
2276 3779 2495 3824 actuum
2525 3770 2697 3822 ftitura
2726 3765 2983 3834 qualitate
3025 3764 3297 3818 concurrit
3320 3804 3335 3828 ,
3369 3763 3519 3818 bonis

1938 3864 2184 3931 praemia,
2208 3861 2367 3914 malis
2388 3860 2644 3929 supplicia
2674 3858 3015 3927 dispensans.
3038 3856 3147 3911 Nec
3173 3857 3366 3910 frustra
3397 3864 3519 3909 sunt

1938 3956 1991 4010 in
2025 3957 2131 4011 Deo
2159 3955 2344 4025 posita:
2373 3967 2496 4023 spes
2526 3966 2851 4021 precesque;
2885 3966 3001 4019 quae
3026 3964 3146 4004 cum
3178 3957 3341 4002 recta:
3372 3957 3518 4013 sunt,

1938 4045 2242 4101 inefficaces
2269 4059 2389 4098 csse
2416 4058 2523 4097 non
2550 4052 2793 4111 possunt.
2826 4040 3161 4095 Aversamini
3191 4039 3350 4107 igitur
3371 4039 3518 4107 vitia,

1937 4137 2099 4192 colite
2116 4138 2360 4201 virtutes,
2386 4134 2451 4188 ad
2473 4142 2649 4188 rectas
2676 4146 2797 4201 spes
2822 4132 2934 4202 (9.5)
2960 4133 3197 4185 animum
3219 4129 3518 4193 sublevate,

1941 4228 2169 4282 humiles
2198 4240 2386 4296 preces
2416 4226 2468 4279 in
2499 4223 2712 4279 excelsa
2758 4224 3041 4292 porrigite.
3076 4223 3092 4253 ⁸
3135 4222 3325 4291 Magna
3364 4218 3519 4274 vobis

1938 4320 2103 4384 cst,si
2132 4317 2476 4373 dissimulare
2502 4331 2608 4369 non
2639 4315 2822 4379 vultis,
2854 4312 3147 4367 necessitas
3173 4311 3370 4366 indicta
3400 4325 3518 4380 pro-

1933 4412 2136 4478 bitatis,
2184 4426 2305 4467 cum
2343 4421 2469 4465 ante
2512 4410 2701 4465 oculos
2749 4406 3118 4478 agitisjudicis
3159 4414 3348 4461 cuncta
3403 4418 3517 4461 cer-

1932 4500 2177 4557 ncnﬂsl.

1591 4588 2171 4647 INTEHPRETATIO.

310 4694 339 4720 ι
378 4682 527 4736 Certa
549 4683 779 4735 scientia.

305 4752 335 4791 δ
383 4753 505 4806 Rem
531 4755 729 4818 quidem
759 4768 865 4805 esse
889 4751 1220 4809 verissimam.
1261 4750 1349 4802 sed
1380 4752 1422 4802 ei
1460 4750 1625 4804 solum
1654 4755 1810 4805 menti

200 4820 495 4893 ‘pervinm,
525 4841 638 4893 quia
664 4824 812 4874 rebus
841 4822 1021 4873 divinis
1050 4824 1454 4888 contemplandis
1484 4832 1686 4875 assueta
1719 4834 1813 4877 est.

312 4904 336 4931 ε
380 4895 777 4947 Necessitatem.

307 4962 337 4999 ά
382 4964 756 5016 Amlulantcm.

305 5043 332 5070 ⁸
375 5034 632 5087 Ambulat.

309 5103 332 5143 ί
378 5104 432 5158 N
438 5122 503 5157 οη
533 5106 799 5174 privamur
828 5103 1060 5156 absoluta
1086 5103 1314 5156 libertate
1342 5118 1450 5156 sure
1464 5113 1677 5158 natura’.

2006 4695 2031 4732 Β
2072 4684 2369 4737 Αηιίηιιαηδ.

1999 4752 2026 4792 ιι
2068 4755 2190 4807 Non
2221 4755 2494 4807 immerito.

1924 4886 1927 4891 κ
2010 4824 2027 4862 ί
2077 4826 2369 4877 Dcstruam.

2004 4896 2020 4946 l
2068 4895 2288 4949 Et-cnltt.

2005 4968 2027 5035 εί
2071 4966 2245 5035 Ile/ert
2272 4974 2554 5035 acceptum.

2007 5034 2024 5074 ι
2070 5034 2187 5090 Dei.

1764 5172 1989 5228 ΝΟΤᾸΞ.

230 5280 417 5322 tamen
442 5282 549 5332 res,
565 5267 676 5321 sive
699 5282 955 5335 praesens,
986 5268 1097 5318 sive
1126 5265 1299 5319 futura
1330 5275 1413 5320 est
1441 5280 1600 5319 causa
1629 5264 1821 5316 divittm

225 5358 333 5393 seu
371 5338 632 5396 tt0tionis.
666 5355 758 5390 seu
808 5338 1179 5405 praenotionis:
1216 5352 1335 5388 nant
1365 5336 1823 5406 compreftcndendi

217 5410 411 5462 omnia
450 5409 740 5476 visendique
772 5409 1114 5475 prwseutiam,
1144 5424 1244 5459 non
1275 5422 1336 5458 et:
1367 5411 1657 5475 futurarum
1700 5422 1817 5470 pro-

222 5492 383 5533 ventu
411 5494 608 5542 rerum,
639 5481 726 5533 sed
748 5494 809 5530 ea:
840 5480 1048 5547 propria
1079 5476 1217 5529 Dens
1248 5478 1573 5544 simplicitate
1604 5477 1815 5529 sortitus

217 5562 342 5605 est:
376 5560 435 5603 ut
470 5563 612 5602 nunc
641 5550 855 5601 dicitur.

303 5622 321 5651 ¹
367 5619 563 5690 Magna
598 5618 736 5671 vobis
763 5631 834 5671 est
879 5628 1147 5672 necessitas
1165 5619 1357 5671 indicta
1379 5613 1816 5690 probitatis,_ctc.|

217 5692 386 5754 Nam,
424 5687 479 5743 ut
512 5690 747 5759 loquitur
794 5690 850 5743 S.
886 5690 1110 5742 Basilius
1143 5691 1193 5741 in
1228 5689 1413 5756 lli-gul.
1461 5687 1812 5759 brevioribus,

216 5777 481 5835 s'espons.
511 5758 597 5827 2,7
622 5759 767 5815 Mens
798 5762 930 5815 iners
953 5776 1015 5814 ex
1037 5777 1092 5814 eo
1123 5761 1331 5829 cﬂict‘tur
1354 5775 1502 5829 seque
1523 5760 1668 5827 justo
1699 5758 1815 5823 plus

1635 5854 1873 5865 W

1927 5261 2065 5315 dedit
2093 5258 2269 5312 otiosa:
2293 5258 2557 5312 securitati
2577 5296 2591 5319 ,
2620 5256 2758 5326 quod
2798 5256 2958 5309 Deum
2990 5258 3168 5310 adesse
3198 5273 3298 5311 non
3328 5257 3511 5319 credit,

1924 5334 2010 5399 qui
2032 5340 2284 5384 scrutetur
2311 5329 2468 5382 corda
2494 5338 2539 5381 et
2564 5343 2728 5381 renes.
2762 5326 2821 5379 Si
2843 5331 2974 5379 enim
2999 5330 3091 5379 hoc
3119 5329 3513 5399 crederet_pror-

1925 5396 2014 5455 sus
2043 5401 2177 5453 illud
2208 5403 2420 5471 facere',
2451 5400 2589 5467 quod
2624 5398 2816 5449 dictum
2848 5407 2955 5451 est:
2986 5396 3310 5471 providebam
3335 5396 3514 5471 Domi-

1924 5489 2047 5525 num
2091 5473 2143 5523 in
2187 5468 2462 5538 eouspccm
2490 5485 2601 5521 meo
2642 5483 2867 5533 semper,
2900 5468 3142 5536 quoniam
3168 5484 3199 5518 a
3225 5468 3415 5519 dextris
3440 5475 3512 5520 est

1927 5543 2049 5594 milii
2080 5558 2140 5593 ne
2164 5557 2571 5595 commovear....
2599 5539 2721 5603 Quis
2750 5546 2824 5588 est
2861 5540 3024 5596 enim,
3061 5538 3232 5603 inquit
3262 5552 3508 5604 rcspons.

1922 5616 2013 5677 ‘29,
2037 5614 2248 5666 alterius
2292 5611 2529 5680 potestati
2554 5609 2833 5679 subjectus,
2863 5608 2951 5677 qui
2980 5608 3031 5659 in
3056 5610 3218 5660 oculis
3262 5607 3513 5680 principis

1922 5685 2000 5736 sui
2048 5683 2246 5752 aliquid
2276 5679 2496 5739 ausurus
2544 5681 2608 5737 sit
2652 5694 2875 5749 unquam
2914 5694 3088 5734 eorum
3117 5692 3233 5749 qua
3271 5679 3371 5749 ipsi
3410 5694 3508 5733 nou

1922 5754 2121 5821 placent
2140 5758 2164 5809 ?
