4010 6372
499 319 604 373 807

759 317 868 371 ΔΝ.
913 313 1120 369 ιιΑΝῐη
1163 309 1311 364 SEV.
1357 309 1663 366 RUETIUS.
1714 308 1776 362 IN
1817 307 1943 362 LIB.
1984 307 2073 363 DE
2112 308 2395 364 CONSOL.
2441 309 2614 364 PUlL.
2658 304 3050 362 VARIANTES
3088 303 3487 360 LECTIONES.

573 432 698 493 257,
731 429 786 494 5,
813 439 982 480 tamen
1003 437 1118 479 ante
1149 425 1259 476 ltac.
1297 423 1436 477 Vict.
1468 421 1757 483 secundus,
1790 431 1956 474 tamen
1980 423 2073 474 lia-
2098 425 2154 503 Ἀ
2213 495 2223 503 ⁸
2255 425 2407 503 lhid.,
2438 427 2524 486 15,
2553 426 2614 478 ab
2643 425 2924 495 assignata.
2954 425 3111 496 ch.,
3137 443 3168 478 a
3193 426 3402 498 signati,
3429 424 3572 480 forte
3597 426 3659 478 ab
3687 441 3763 480 as-

503 514 732 630 “eiiiitsl.”
759 567 813 631 9,
841 567 1008 620 locum
1033 564 1337 631 facinorum.
1374 563 1504 632 Reg.
1536 572 1588 617 et
1618 561 1752 615 Vict.
1787 561 2073 627 secundus,

504 642 616 694 loco
644 639 930 706 facinorum
955 652 972 689 :
1007 637 1162 703 longe
1184 635 1396 706 tnelius.
1432 636 1539 706 Risi
1568 633 1783 706 legas-in
1815 632 2002 706 locum.

573 700 699 771 258,
727 709 780 768 8,
824 700 1148 775 prwiiiittere.
1184 701 1418 773 Uterque
1444 705 1547 757 'l‘h.
1579 712 1635 756 et
1677 700 1811 756 Vict.
1854 703 2077 770 primus,

505 777 890 847 prtt'termittere
911 792 930 830 :
963 778 1119 847 male.

577 849 735 929 lhid.,
764 847 850 910 12,
881 845 1167 899 revertaris.
1194 842 1326 912 Reg.
1364 853 1418 898 et
1465 843 1604 898 Vict.
1635 841 1922 904 secundus,
1945 857 2082 895 reve-

504 920 665 971 Itaris.

573 987 701 1050 259,
731 987 789 1048 2,
819 985 1180 1040 conscendant.
1212 982 1353 1037 Vict.
1387 983 1674 1045 secundus,
1713 982 2080 1034 conscendunt.

573 1058 804 1139 26.4.16,
821 1072 972 1126 quem
993 1071 1107 1110 vero
1128 1053 1369 1120 eﬁ'ecisse.
1395 1055 1548 1122 Roga,
1568 1069 1714 1122 quem
1737 1069 1870 1116 vera,
1896 1053 2080 1120 inquit,

504 1125 785 1259 οπὲδὲἱῗὲ,
817 1193 872 1248 id
899 1211 1116 1265 quoque.
1147 1192 1253 1247 Th.
1296 1202 1540 1262 uterque,
1578 1201 1819 1260 uterque.
1851 1190 1990 1246 Vict.
2029 1199 2086 1244 et

506 1266 661 1329 Roga,
693 1267 822 1319 illud
845 1283 1062 1332 quoque.

582 1337 735 1397 lhid.,
767 1340 822 1398 9,
853 1331 1062 1391 certum.
1118 1333 1506 1400 Adipiscuntur.
1558 1332 1712 1400 Reg.,
1743 1340 1959 1396 certum,
1998 1331 2080 1383 in-

505 1423 681 1475 quam,
703 1407 1083 1466 adipiscuntur.

580 1476 739 1556 lhid.,
766 1475 855 1538 27,
893 1475 1122 1546 ambigit.
1155 1475 1258 1529 Th.
1293 1473 1494 1544 primus
1525 1481 1578 1525 et
1610 1471 1748 1525 Vict.
1793 1471 2084 1535 secundus,

677 1565 692 1594 l
737 1584 750 1597 ο

506 1545 784 1676 “litigi”,
815 1615 1105 1682 prtecurris.
1138 1613 1374 1681 Uterque
1401 1611 1524 1673 Th.,
1559 1611 1837 1678 percnrris.

581 1684 736 1748 lhid.,
775 1687 859 1749 19,
892 1685 1126 1737 incessui.
1161 1683 1298 1736 Vict.
1322 1682 1606 1744 secundus,
1642 1684 1861 1736 incessu.

2180 495 2366 564 signati
2394 512 2412 548 :
2443 505 2604 548 recte.

2256 566 2412 629 lhid.,
2457 566 2760 620 discesserit.
2799 564 2902 619 Th.
2936 574 3178 634 uterque,
3226 564 3365 620 Vict.
3417 565 3688 620 secundus
3713 575 3766 620 et

2183 633 2351 698 Flur.,
2379 638 2666 689 decesserit.

2258 706 2410 767 lhid.,
2436 709 2524 770 16,
2551 705 2712 760 divini
2733 707 2920 772 operis.
2955 706 3086 776 Reg.
3119 716 3171 761 et
3207 706 3344 761 Vict.
3377 707 3610 776 primus,
3644 706 3766 760 divi-

2183 791 2262 828 mc
2281 792 2466 829 ουδ’-α’.

2495 847 2686 917 tingere
2708 848 2963 916 flammas.
2995 845 3234 916 Uterque
3263 847 3364 901 Th.
3397 857 3451 901 et
3486 848 3648 916 Reg.,
3671 848 3767 900 tin-

2185 931 2337 986 guere
2365 918 2618 984 flammas.

2257 987 2382 1050 505,
2440 989 2491 1052 7,

2184 1067 2392 1125 queunt.

2408 1129 2611 1210 5,.qui?
2635 1129 2820 1198 inquit.
2847 1126 2950 1182 Th.
2981 1127 3183 1196 primus
3203 1136 3256 1181 ct
3277 1127 3415 1183 Vict.
3448 1129 3678 1198 primus,
3709 1129 3768 1184 Et

2185 1211 2272 1263 qut
2291 1211 2314 1249 1’
2338 1213 2521 1263 inquit.

2258 1216 2894 1340 gilgilqigiocon/irmandw
2906 1267 3192 1340 sapientitc.
3219 1266 3456 1334 Uterque
3483 1269 3614 1335 Th.,
3637 1270 3762 1340 Reg.

2188 1344 2244 1391 et
2262 1337 2408 1408 Vict.
2443 1340 2728 1403 secundus,
2760 1337 3149 1408 conformanda;
3171 1341 3456 1406 sapientiae.

2260 1407 2435 1481 lhid.,
2467 1409 2557 1475 21,
2607 1407 3075 1478 qnidquidautem.
3110 1407 3214 1462 Th.
3270 1419 3491 1480 uterque
3521 1418 3577 1464 et
3615 1409 3764 1481 Reg.,

2188 1477 2435 1546 quidquid
2462 1491 2550 1531 aut
2579 1496 2596 1533 :
2631 1477 2784 1533 bene.

2260 1549 2383 1620 506,
2408 1549 2463 1616 2,
2489 1551 2588 1602 nisi
2615 1559 2704 1602 'aut
2733 1563 2948 1618 exercet,
2976 1561 3065 1606 aut
3089 1550 3317 1620 corrigit,
3347 1552 3514 1620 punit.
3550 1551 3642 1605 Sic
3665 1566 3767 1604 om-

2192 1633 2288 1670 nes
2317 1619 2478 1692 libri:
2514 1620 2776 1692 Platiudes
2823 1639 3056 1692 quoque.
3102 1619 3358 1674 Victurini
3407 1633 3560 1682 Vero,
3612 1625 3765 1674 verbo

2191 1687 2476 1764 auctiores,
2497 1691 2636 1764 _nisi_
2659 1699 2748 1743 aut
2787 1687 3000 1758 eaiercet,
3031 1703 3120 1746 aut
3152 1693 3378 1764 corrigit,
3426 1702 3515 1744 aut
3546 1692 3765 1757 damnat,

2550 989 2736 1041 durare
2783 995 2988 1053 queant.
3046 984 3191 1042 Vict.
3243 986 3536 1050 secundus,
3587 989 3768 1042 durare

581 1753 1293 1850 lhid.-,A2'2,hscel:estkizfidem
1333 1753 1540 1806 viribus.
1572 1751 1708 1806 Vict.
1741 1749 2006 1806 secundus
2032 1758 2088 1804 et
2118 1790 2168 1850 Β
2196 1760 2389 1850 puniti:
2417 1749 2512 1850 sed
2537 1762 2695 1850 t'nalc.

509 1824 681 1889 Flor.,
706 1824 923 1885 scelesti,
951 1824 1157 1876 viribus.

581 1895 708 1960 267,
741 1895 796 1957 5,
829 1895 1182 1962 deﬂectuntur.
1215 1891 1360 1944 Vict.
1399 1890 1688 1955 secundus,
1719 1891 2015 1956 deflectunt.

579 1963 738 2025 lhid.,
775 1964 861 2025 15,
891 1965 968 2015 sui
993 1972 1202 2015 natura.
1235 1962 1371 2016 Vict.
1403 1963 1690 2023 secundus,
1712 1979 1809 2014 sua
1848 1974 2052 2014 natura.

512 2033 707 2157 E268,
741 2035 795 2100 4,
823 2034 1051 2088 minime.
1078 2033 1191 2087 Est.
1213 2031 1316 2086 Th.
1344 2033 1568 2102 primus,
1597 2032 1825 2096 minime,
1861 2034 2088 2100 inquam.

564 2115 630 2157 st.

581 2176 708 2240 272,
739 2173 832 2240 19,
860 2173 1044 2241 inficit.
1078 2173 1215 2228 Vict.
1249 2171 1536 2235 secundus,
1578 2172 1774 2241 infecit.

583 2245 714 2311 275,
754 2247 808 2307 5,
857 2246 1128 2298 insidiator
1173 2245 1400 2297 occultis.
1455 2242 1691 2312 Uterque
1739 2241 1843 2295 Th.
1875 2241 2005 2310 Reg.
2039 2249 2096 2294 et

515 2322 745 2382 uterque
771 2313 937 2371 Vict..
971 2315 1242 2367 insidiator
1267 2313 1515 2366 occultus.

588 2375 747 2450 lhid.,
784 2386 839 2448 7,
871 2384 933 2437 ab
959 2385 1156 2438 avibus.
1191 2383 1424 2451 Uterque
1461 2382 1588 2447 Th.,
1627 2375 1770 2436 Vici.
1803 2380 2006 2450 primus
2036 2390 2091 2436 et

515 2454 676 2510 Rea"
707 2455 901 2509 avibus.

565 2469 676 2512 επ..
707 2455 901 2509 avibus.

587 2471 596 2492 ι

587 2471 1049 2591 stitentis
1076 2522 1261 2576 ulcere.
1291 2521 1426 2586 Non,
1459 2522 1708 2586 vulnere;
1745 2522 1823 2577 sic
1849 2523 2095 2592 exigente

517 2603 714 2658 metro,
742 2603 793 2648 et
822 2593 1174 2658 adstipulante
1197 2608 1299 2646 non
1332 2608 1437 2644 uno
1463 2592 1668 2646 codice.

589 2665 714 2730 279,
769 2664 855 2722 12,
887 2665 1030 2724 t'elle,
1074 2678 1242 2730 posse,
1285 2663 1544 2731 perficere.
1577 2663 1688 2718 ttae
1726 2661 2090 2731 distinctione,

519 2734 693 2802 inquit
721 2734 978 2791 Vallinus.
1007 2734 1334 2788 restituimus
1361 2733 1558 2786 locum.

590 2801 718 2869 28l,
751 2805 834 2870 12,
862 2805 1050 2872 liquere
1075 2819 1200 2856 esse.
1237 2802 1336 2857 Th.
1372 2804 1598 2872 primus,
1625 2810 1682 2857 et
1716 2801 1872 2872 Reg.,
1905 2802 2097 2870 liquere

517 2874 778 2929 respondi.
1815 2891 1865 2926 ο

631 2946 717 3006 82,
739 2945 796 3011 2,
819 2945 998 2997 saltem
1020 2959 1123 2996 non
1150 2943 1435 2999 audienda.
1467 2942 1707 3014 Uterque
1729 2942 1834 2997 Th.
1867 2950 1922 2996 et
1959 2941 2097 2997 Vict.

520 3023 768 3080 uterque,
797 3014 975 3067 saltem
1002 3014 1280 3066 audienda.

592 3083 717 3150 285,
745 3086 802 3149 2,
833 3085 1050 3152 faciunt.
1091 3084 1225 3137 Vict.
1257 3084 1544 3146 secundus,
1577 3092 1634 3137 et
1652 3083 1813 3152 Reg.,
1849 3083 2061 3152 faciant.

518 3231 622 3278 ων.

595 3294 753 3360 lhid.,
805 3293 890 3358 ll,
939 3294 1035 3346 hac
1084 3294 1261 3364 igitur.
1302 3293 1407 3349 Th.
1447 3294 1654 3363 primus
1695 3301 1751 3348 et
1796 3293 1954 3363 Reg.,
1986 3293 2102 3346 hinc

519 3365 695 3418 iaitur.

539 3382 752 3557 g'iiiiitlg,
794 3433 888 3500 25,
920 3449 1030 3488 esse
1057 3433 1302 3490 dicerent.
1335 3433 1571 3504 Uterque
1599 3434 1765 3500 Vict.,
1796 3450 1902 3488 esse
1939 3432 2102 3488 duce-

539 3514 632 3557 ἐπι
664 3519 680 3555 ἔ
742 3519 864 3557 ene.

520 3514 632 3557 rent
664 3519 680 3555 :
707 3514 864 3558 bene.

594 3573 752 3636 lhid.,
786 3575 878 3639 27,
924 3573 1062 3627 Nam
1090 3576 1156 3638 si,
1201 3573 1300 3634 uti,
1333 3585 1439 3628 etc.
1484 3572 1806 3641 Corruptum
1836 3582 1994 3627 antea
2023 3574 2103 3628 lo-

521 3658 668 3706 cum,
697 3644 865 3712 inquit
895 3644 1161 3710 Vallinus,
1199 3644 1248 3696 in
1280 3644 1528 3697 omnibus
1552 3645 1848 3711 impressis,
1871 3646 2103 3712 juvanti-

522 3715 621 3768 bus
649 3723 841 3782 parum
896 3715 1128 3785 antiquis
1175 3712 1350 3780 libris,
1397 3713 1474 3768 sic
1506 3717 1720 3770 tandem
1769 3716 2101 3769 restituitnus

518 3799 632 3839 sute
663 3785 971 3851 integritati.

588 3854 716 3927 286,
772 3858 822 3919 t,
852 3857 986 3927 apri.
1039 3854 1153 3927 Sic,
1204 3855 1331 3912 licet
1358 3865 1656 3927 repugnent
1685 3855 1844 3910 etiam
1883 3864 2100 3927 rveteres

518 3923 662 3995 libri,
695 3925 974 3994 scripsisse
1000 3926 1209 3980 videtur
1231 3931 1405 3995 potius
1424 3923 1669 3990 Boetius,
1697 3941 1855 3994 quam
1881 3926 2100 3979 immani

519 3993 610 4048 illa
643 3993 855 4066 licentia
893 4009 1039 4062 usus,
1073 3997 1118 4066 si
1150 3993 1457 4063 retinueris,
1484 4013 1630 4066 aper,
1661 3993 1822 4066 quam
1853 4011 1959 4050 non
2005 3997 2100 4049 ad-

520 4068 738 4118 mittunt
767 4065 1219 4135 hendecasyllabi.

588 4136 714 4198 295,
746 4137 832 4198 15,
864 4136 1103 4188 delibare.
1131 4137 1351 4196 Omnes.
1383 4138 1680 4192 deliberare.

586 4205 714 4268 294,
741 4205 1005 4277 4,digerit
1032 4207 1084 4258 in
1107 4217 1322 4262 motum.
1352 4208 1454 4262 Th.
1485 4208 1773 4267 secundus,
1796 4207 1982 4277 digerit
2003 4208 2098 4260 im-

521 4286 733 4346 motum.
761 4275 864 4328 Th.
883 4275 1112 4343 primus,
1143 4287 1198 4330 et
1227 4279 1384 4346 Reg.,
1415 4281 1468 4330 in
1505 4289 1648 4331 motu
1674 4294 1692 4330 :
1715 4275 1880 4331 recte.

589 4345 717 4411 296,
743 4346 797 4418 5,
827 4347 998 4413 puncti
1028 4347 1270 4401 medium.
1299 4345 1401 4400 Th.
1443 4360 1689 4418 uterque,
1714 4347 1844 4418 Reg.
1875 4359 2098 4418 uterque

521 4413 659 4469 Vict.
687 4424 739 4468 et
759 4416 926 4478 Flor.,
957 4427 1200 4483 punctum
1228 4420 1472 4473 medium.

591 4486 745 4550 lhid.,
778 4487 1279 4558 9,7pro/iciscantttr.
1326 4489 1466 4543 Vict.
1509 4498 1734 4558 uterque
1769 4495 1824 4541 et
1871 4499 2097 4558 uterque

519 4555 649 4618 Th.,
682 4555 1056 4624 proﬁciscatur.

593 4627 749 4691 lhid.,
770 4627 855 4687 10,
873 4628 1011 4692 ipsas
1037 4643 1232 4695 quoque
1256 4628 1617 4684 immutabiles.
1638 4628 1780 4683 Vict.
1805 4631 2094 4697 secundus,

520 4696 696 4766 ipsam
721 4713 918 4766 quoque
938 4698 1325 4752 immutabilem.

592 4765 746 4828 lhid.,
801 4767 887 4841 19,
935 4784 1025 4819 suo
1069 4785 1395 4837 quentquam.
1444 4769 1548 4824 Th.
1581 4777 1823 4838 uterque,
1877 4769 2008 4841 Reg.
2042 4781 2095 4826 et

519 4836 658 4907 Vict.
693 4839 976 4897 secundus,
1011 4854 1103 4891 suo
1132 4856 1384 4907 quoquam
1409 4855 1426 4892 :
1451 4841 1605 4894 bene.

586 4906 714 4968 297,
741 4909 796 4966 5,
829 4912 1099 4960 censuerit.
1131 4906 1268 4964 Vict.
1303 4912 1590 4976 secundus,
1635 4921 1958 4966 censuerunt.

560 4977 744 5058 ,1ὺίοη
780 4977 864 5042 15,
913 4980 1138 5048 respicit.
1183 4979 1321 5035 Vict.
1354 4984 1622 5036 secundus
1650 4993 1705 5038 et
1737 4985 1892 5052 Roga,
1925 4998 2095 5050 respe-

517 5057 612 5101 ant.

586 5119 714 5240 238,
745 5119 802 5185 2,
834 5119 1078 5188 gerenda.
1119 5118 1220 5174 Th.
1265 5130 1490 5190 uterque
1520 5131 1575 5176 et
1605 5121 1746 5177 Vict.
1781 5124 1982 5191 primus
2011 5139 2093 5176 re-

586 5206 612 5240 n
651 5207 698 5240 a.

517 5205 698 5257 genua.

588 5259 744 5331 lhid.,
769 5259 824 5322 5,
855 5260 1039 5331 agitari
1067 5263 1207 5317 sinit.
1227 5261 1285 5316 ln
1311 5261 1558 5316 omnibus
1579 5263 1732 5317 deest
1750 5264 1868 5316 sinit
1887 5280 1906 5316 :
1929 5264 2091 5318 male.

587 5329 744 5404 lhid.,
767 5331 857 5396 22,
888 5329 1247 5385 conscientiam
1269 5342 1517 5396 spectans.
1559 5333 1791 5402 Uterque
1814 5336 1918 5389 Th.
1957 5336 2088 5404 Reg.

513 5407 571 5454 et
592 5400 737 5472 Vict.
763 5413 1003 5472 uterque,
1035 5404 1396 5455 conscientiam
1420 5400 1733 5472 exspectans.

584 5469 712 5538 299,
746 5473 798 5540 1,
844 5469 958 5526 acta
983 5473 1221 5540 felicitas.
1253 5472 1391 5527 Vict.
1423 5469 1712 5537 secundus,
1740 5487 1892 5528 aucta
1923 5474 2090 5545 felici-

514 5548 613 5594 tas.

584 5610 743 5678 lhid.,
780 5612 836 5675 2,
864 5621 917 5665 ut
938 5614 1181 5669 exercitii.
1211 5612 1312 5668 Th.
1335 5613 1558 5678 primus,
1587 5623 1641 5668 ut
1663 5617 1985 5670 exercitium.

587 5681 746 5745 lhid.,
863 5686 1046 5757 quique
1073 5686 1388 5757 dissentiant.
1434 5685 1560 5746 Th.,
1593 5694 1815 5754 uterque
1861 5687 1992 5757 Reg.
2037 5695 2092 5744 et

517 5759 739 5824 uterque
773 5753 931 5822 Viel.,
962 5756 1171 5826 quisque
1191 5755 1490 5811 dissentiant
1511 5774 1528 5810 .’
1558 5757 1715 5810 male.

2265 1828 2392 1895 5H,
2445 1830 2501 1902 bi,
2543 1830 2662 1902 hoc,
2688 1832 2844 1900 igitur
2871 1834 3100 1902 fortuito.
3133 1832 3236 1885 Th.
3268 1841 3516 1901 uterque,
3549 1831 3686 1902 Reg.
3718 1840 3769 1886 et

2194 1907 2422 1974 uterque
2447 1901 2612 1974 Vict.,
2634 1901 2738 1974 ltoc
2767 1901 2926 1974 igitur
2965 1906 3200 1974 fortuitu.

2194 2039 2214 2092 ι
2267 1969 2424 2036 lhid.,
2458 1971 2512 2038 7,
2545 1987 2601 2024 eo
2623 1973 2744 2028 loci.
2767 1969 2927 2044 Reg.,
2950 1969 3006 2030 eo
3035 1977 3168 2029 loco.
3191 1971 3295 2026 Th.
3320 1973 3609 2036 secundus,
3639 1973 3691 2025 in
3715 1989 3770 2026 eo

2217 2055 2326 2092 oco.

2217 2055 2326 2094 0C0.

2265 2109 2422 2185 lhid.,
2455 2111 2542 2185 11,
2574 2131 2675 2184 qua
2715 2115 2805 2169 ille
2827 2116 3014 2170 obruit.
3064 2114 3200 2185 Reg.
3227 2122 3282 2168 et
3311 2111 3451 2167 Vict.
3483 2112 3768 2177 secundus,

2193 2183 2327 2249 quod
2349 2181 2437 2236 ille
2467 2181 2656 2239 obruit.

2266 2251 2391 2324 516,
2421 2251 2474 2315 5,
2502 2256 2821 2308 conveniant.
2852 2256 2952 2312 Th.
2980 2254 3268 2317 secundus,
3294 2255 3428 2324 Reg.
3455 2263 3511 2307 et
3533 2252 3675 2307 Vict.
3696 2267 3773 2307 se-

2195 2322 2420 2387 cundus,
2444 2327 2758 2379 convenient.

2268 2392 2393 2457 519,
2441 2394 2491 2454 5,
2542 2397 2776 2461 quodque
2821 2395 3096 2451 discernat.
3129 2394 3301 2452 Ambo
3341 2403 3446 2448 tam
3473 2394 3575 2448 Th.
3623 2409 3772 2464 quam

2198 2460 2362 2524 Vict.,
2383 2460 2607 2533 quidque
2635 2460 2910 2522 discernat.

2269 2533 2393 2597 520,
2435 2534 2489 2596 2,
2539 2535 2721 2604 quibus
2749 2538 2878 2590 inest
2905 2539 3056 2591 ratio.
3103 2537 3336 2604 Uterque
3371 2533 3502 2589 Th..
3535 2533 3675 2604 Reg.
3724 2543 3775 2590 et

2198 2601 2335 2656 Viet.
2369 2601 2612 2674 uterque,
2646 2608 2820 2674 quibus
2847 2608 2898 2660 in
2920 2609 3045 2674 ipsis
3073 2609 3200 2660 inest
3229 2601 3384 2659 ratio.

2271 2675 2428 2737 lhid.,
2460 2678 2512 2737 9,
2549 2678 2861 2730 ceciderunt.
2883 2677 3116 2743 Uterque
3145 2678 3271 2743 Th.,
3301 2679 3435 2746 Reg.
3459 2685 3518 2730 et
3543 2675 3776 2732 Vict.”-

2199 2746 2426 2808 cundus,
2451 2747 2746 2800 ceciderint.
2772 2749 2942 2812 Flor.,
2963 2749 3205 2802 cecidere.

2272 2815 2397 2888 521,
2423 2816 2480 2879 2,
2513 2817 2746 2870 inscitiar.
2773 2818 2900 2888 Reg.
2919 2829 2973 2873 et
3003 2818 3139 2874 Vict.
3163 2817 3450 2880 secundus,
3477 2817 3770 2871 inscientia.

2273 2885 2398 2958 525,
2425 2889 2481 2949 5,
2511 2903 2624 2954 qua:
2651 2891 2772 2952 sint,
2802 2885 2917 2958 qua:
2938 2891 3147 2955 fuerint,
3189 2889 3490 2958 veniamque
3530 2905 3660 2941 uno.
3696 2889 3774 2941 Sic

2201 2957 2360 3010 ambo
2412 2966 2514 3008 tam
2563 2958 2664 3012 Th.
2699 2957 2854 3026 quam
2891 2959 3030 3014 Vict.
3082 2973 3136 3013 et
3185 2958 3330 3012 Flor.
3358 2975 3372 3020 ;
3402 2957 3550 3020 recte
3585 2976 3598 3009 :
3629 2969 3774 3011 nemo

2202 3027 2344 3098 enim
2375 3041 2479 3079 non
2505 3029 2648 3082 videt
2667 3031 3130 3098 transpositionem
3156 3030 3345 3084 factam
3371 3029 3423 3082 iu
3446 3029 3570 3082 aliis
3597 3029 3774 3083 editio-

2205 3097 2359 3151 nibus
2389 3099 2656 3154 onmibus.

595 3153 756 3240 ibid,”
803 3157 1089 3224 Ραίίυηίυτο
1133 3154 1272 3208 “eis
1307 3154 1596 3220 secundusv
1625 3163 1680 3208 ει
1710 3153 1870 3223 Ῑίυεη
1902 3155 2102 3224 Ραίίαη·
2127 3156 2174 3218 C
2436 3167 2484 3232 1,
2517 3170 2560 3240 si
2583 3153 2662 3222 res
2686 3171 2954 3224 aliorsum.
2978 3171 3210 3240 Uterque
3235 3169 3361 3234 Th.,
3393 3167 3531 3240 Reg.
3564 3178 3623 3224 et
3647 3177 3770 3223 uter-

2206 3254 2308 3308 que
2334 3237 2494 3296 Vict..
2520 3239 2563 3291 si
2585 3240 2828 3293 aliorsum
2861 3257 2878 3293 :
2906 3242 3059 3295 bene.

2279 3308 2564 3382 lbid.,_t2,
2612 3322 2661 3364 at
2693 3328 2803 3364 nos.
2836 3311 3066 3382 L‘terque
3094 3312 3196 3366 Th.
3227 3319 3282 3366 et
3315 3309 3452 3365 Vict.
3494 3310 3772 3375 secundus,

2204 3395 2266 3432 ac
2298 3394 2417 3433 non.
2450 3379 2604 3448 Reg.,
2629 3397 2688 3433 ac
2715 3398 2865 3436 nunc.

2277 3449 2401 3514 526,
2446 3448 2534 3516 12,
2579 3461 2727 3519 atque
2754 3469 2858 3505 sese
2891 3469 2992 3508 res.
3038 3451 3173 3523 Reg.
3211 3461 3265 3506 et
3307 3451 3444 3505 Vict.
3490 3449 3770 3514 secundus,

2204 3537 2356 3589 quam
2393 3535 2499 3572 sese
2528 3536 2608 3573 res
2638 3537 2657 3574 :
2686 3523 2841 3576 bene.

2277 3590 2398 3653 527,
2431 3591 2488 3655 2,
2520 3590 2745 3644 humana
2773 3593 3030 3660 Opinione.
3078 3591 3338 3646 Ilumancc
3380 3592 3656 3660 Opinione;
3677 3588 3771 3642 for-

2205 3669 2346 3714 tasse
2378 3662 2616 3712 humana:
2643 3664 2892 3728 opinioni.

2274 3732 2401 3802 528,
2424 3731 2478 3794 2,
2521 3727 2683 3802 speret
2712 3735 3004 3802 quisquam.
3038 3733 3270 3802 Uterque
3295 3733 3423 3798 Th.,
3453 3732 3614 3802 Reg.,
3641 3727 3765 3783 Vict.

2201 3801 2470 3873 secundus
2500 3797 2556 3854 et
2579 3797 2750 3866 FlorI,
2767 3797 2932 3871 speret
2964 3797 3195 3873 quisque.

2277 3872 2402 3936 551,
2429 3873 2482 3932 5,
2511 3883 2562 3923 at
2591 3875 2634 3925 si
2660 3875 2838 3927 nescit.
2861 3874 2962 3927 Th.
2992 3872 3278 3934 secundus,
3310 3882 3396 3925 aut
3423 3873 3468 3925 si
3495 3872 3670 3925 nescit.

2274 3940 2506 4013 555,10,
2530 3943 2740 3996 arbitrio
2764 3946 3014 3996 eveniunt.
3043 3943 3274 4013 Uterque
3289 3943 3388 3998 Th.
3416 3944 3551 4013 Reg.
3574 3953 3627 3996 et
3645 3941 3762 3994 Vict.

2203 4012 2490 4076 secundus,
2516 4014 2727 4066 arbitrio
2752 4016 2976 4067 veniunt.

2275 4081 2399 4148 556,
2421 4085 2486 4205 l9,
2508 4099 2622 4152 qua:
2651 4085 2852 4137 incerti.
2887 4086 2990 4138 Th.
3024 4084 3313 4148 secundus,
3355 4085 3540 4154 quibus
3563 4081 3762 4136 incerti:

2278 4169 2307 4205 n
2331 4167 2416 4205 ma
2439 4169 2486 4205 e.

2203 4166 2307 4206 non
2331 4166 2486 4208 male.

2275 4223 2434 4295 lhid.,
2471 4223 2557 4286 10,
2590 4225 2845 4292 Opinionis
2885 4235 3081 4278 constat
3107 4226 3179 4279 id.
3227 4224 3462 4295 Uterque
3490 4224 3615 4288 Th.,
3644 4222 3758 4290 Reg.

2201 4301 2258 4347 et
2285 4294 2423 4346 Vict.
2453 4296 2739 4356 secundus,
2764 4297 3015 4364 opinionis
3034 4298 3106 4350 id.

2275 4364 2399 4423 337,
2437 4365 2517 4426 10,
2546 4363 2946 4434 inmginattonis.
2989 4367 3124 4420 Vict.
3157 4365 3450 4424 secundus,
3486 4363 3725 4434 imaginis.

2275 4434 2434 4514 lhid.,
2470 4435 2555 4499 15,
2585 4433 2877 4502 ἱιαίάεῇηἱι.
2901 4437 3002 4489 Th.
3030 4438 3297 4490 secundus
3325 4445 3380 4489 et
3409 4437 3562 4505 ch.,
3596 4437 3662 4485 ita
3687 4433 3763 4483 de-

2241 4508 2384 4556 nit'it.

2241 4508 2384 4556 ηιινὶι.

2201 4505 2237 4648 ξ
2277 4575 2431 4648 lhid.,
2458 4574 2546 4648 18,
2580 4591 2683 4628 non
2714 4575 3101 4648 imaginatione.
3127 4577 3230 4632 Th.
3267 4577 3559 4644 secundus,
3597 4591 3688 4627 non
3717 4573 3762 4624 in

2165 4667 2168 4669 >
2198 4645 2582 4713 imaginatione.

2271 4715 2428 4776 lhid.,
2453 4716 2540 4767 sed
2576 4717 2837 4770 rationali.
2866 4717 2971 4772 Th.
2997 4718 3284 4774 secundus.
3309 4719 3398 4770 sed
3426 4714 3728 4769 rationabili.

2271 4785 2398 4906 ﬁt),
2424 4785 2516 4851 21,
2548 4786 2752 4840 desidit.
2791 4787 3022 4858 Uterque
3040 4789 3142 4842 Th.
3174 4801 3227 4842 et
3261 4789 3403 4842 Vict.
3437 4791 3651 4856 primus.
3683 4785 3762 4835 dc-

2271 4873 2272 4877 “
2294 4874 2306 4906 1
2335 4896 2349 4906 .

2199 4867 2349 4909 cetltl.

2269 4927 2396 4992 5H,
2435 4929 2490 4994 7,
2527 4928 2784 4996 quoddam
2818 4929 3121 4982 universale.
3154 4929 3390 4998 Uterque
3419 4929 3524 4983 Th.
3559 4935 3610 4980 et
3638 4923 3760 4976 Vict.

2200 5000 2425 5065 primus,
2457 4998 2704 5068 quiddam
2728 5000 3034 5052 universale.

2273 5077 2429 5146 lhid.,
2469 5077 2771 5131 consideret.
2819 5077 3048 5146 Uterque
3078 5077 3206 5140 Th.,
3239 5078 3552 5130 considerat.

2271 5156 2395 5221 545,
2421 5159 2474 5219 5,
2497 5158 2638 5209 nulla
2660 5168 2730 5209 est
2752 5158 3090 5225 prtcscientia.
3125 5158 3225 5212 Th.
3253 5161 3544 5221 secundus,
3582 5153 3755 5207 nullam

2200 5241 2306 5278 esse
2328 5229 2716 5292 pra'scientiam.

2271 5307 2426 5389 lhid.,
2471 5309 2525 5374 7,
2573 5307 2757 5360 habere
2783 5323 3066 5378 possemus.
3106 5305 3247 5361 Vict.
3279 5305 3569 5369 secundus,
3597 5301 3754 5354 habere

2199 5393 2468 5446 possimus.

2269 5457 2395 5520 548,
2437 5459 2501 5526 77,
2546 5457 2860 5524 patefecerit.
2899 5455 3134 5526 Uterque
3175 5456 3342 5519 Vict.,
3394 5455 3627 5526 patefacit
3661 5467 3676 5503 :
3709 5454 3752 5499 cl

2196 5535 2420 5594 uterque
2445 5525 2572 5590 Th.,
2603 5529 2861 5596 patefecit.
3050 5525 3073 5554 ³

2271 5607 2396 5669 519,
2426 5605 2514 5670 16,
2557 5609 2900 5674 prtesentiam.
2957 5605 3046 5661 Sic
3089 5605 3395 5660 emendavit
3445 5605 3665 5659 Vallinus
3692 5611 3746 5651 cx

2199 5677 2555 5733 consensione
2577 5676 2810 5745 omnium
2839 5686 3078 5730 veterum
3101 5677 3369 5730 codicum.

2273 5757 2397 5821 550,
2421 5755 2510 5823 21,
2555 5756 2856 5825 necessaria,
2887 5772 3040 5825 quam
3077 5772 3180 5811 non
3217 5755 3501 5811 necessaria
3551 5753 3748 5819 Uterque
