4010 6372
306 293 399 349 869

697 283 1031 340 APPENDK
1070 284 1162 338 AD
1202 285 1326 338 LIB.
1370 284 1455 339 DE
1492 284 1774 341 CONSOL.
1819 285 2083 340 PHILOS.
2130 286 2338 341 νΑιιιΑ
2378 287 2645 344 MONUM.
2690 288 3124 344 LITTERABIA.

3428 283 3540 340 870

300 405 417 463 Ἧι..
439 401 565 469 Reg.
592 406 647 451 et
672 396 809 452 Vict.
836 398 1125 463 secundus,
1157 398 1437 453 necessarie
1461 414 1612 466 quam
1635 414 1739 450 non
1772 416 1858 451 ne-
1888 406 1936 462 Α
1964 398 2121 469 Reg.,
2155 402 2381 454 divinam
2400 412 2447 455 te
2470 403 2815 466 praesentiam.

300 486 608 603 caggi'f-tl,
654 538 873 609 aliquem
924 538 1209 593 ambulare.
1240 537 1342 593 Th.
1377 538 1600 609 primus,
1636 538 1855 608 aliquem

297 610 534 664 hominem
558 608 837 662 ambulare.

364 680 511 740 lbid.,
537 677 621 741 15,
642 679 923 732 voluntarie
942 678 1275 745 gradientem.
1299 678 1535 749 Uterque
1556 678 1682 744 Th.,
1716 680 1852 747 Reg.

297 757 351 805 et
374 748 502 800 Vim.
524 750 809 811 secundus,
839 750 1097 801 voluntate
1122 751 1455 818 gradientem.

360 818 512 881 lhid.,
535 833 648 869 eum
678 828 864 870 tamen.
896 818 1037 872 Vict.
1064 822 1263 887 primus
1283 830 1336 873 ct
1358 821 1513 885 Reg.,
1545 836 1658 872 eum
1686 830 1812 872 tum.

361 888 512 958 lhid.,
539 887 627 953 9-4,
660 903 773 954 quae
796 888 1223 958 priussUterque
1244 889 1372 950 Th..
1403 907 1504 956 qua
1531 891 1692 958 prius.

361 957 909 1033 l_hid.,_‘27,_p_roposui.
939 956 1043 1011 'l‘h.
1076 960 1301 1033 primus,
1325 962 1476 1033 posui

356 1028 480 1093 552,
504 1030 557 1093 5,
589 1029 815 1081 divinam
854 1038 901 1082 te
942 1028 1333 1094 prtcscienlitmt‘
1359 1029 1467 1093 τυ.
1500 1028 1773 1085 secundus
1800 1037 1857 1084 ει

2034 472 2189 531 ΙῡὶιΙ..
2224 474 2278 535 8,
2330 489 2463 525 nunc
2504 474 2637 525 illud
2678 475 2847 528 velim.
2892 472 3130 542 Uterque
3158 470 3261 526 Th.
3302 479 3357 527 et
3397 472 3538 529 Vict.

1963 543 2248 601 secundus.
2283 558 2416 593 nunc
2443 542 2587 595 aliud
2607 545 2775 597 velim.

2038 610 2191 673 iliid.,
2218 611 2304 673 16,
2334 613 2553 665 scientia:
2580 614 2672 665 vis.
2703 614 2805 665 Th.
2843 614 3129 667 secundus.
3166 614 3376 667 scientia
3408 614 3538 680 ejus.

2038 680 2193 755 ibid.,
2238 693 2421 755 cuncta
2442 684 2801 750 complectens.
2828 684 2986 753 Reg.,
3016 694 3198 737 cuncta
3225 686 3540 755 prospiciens

1962 751 2041 803 vel
2078 752 2437 821 complectens.

2038 821 2195 894 !l_»id.,
2230 822 2589 887 posterioribus
2630 822 2793 876 debet.
2826 823 2928 878 Th.
2956 824 3242 891 secundus,
3274 823 3415 877 dedit
3444 839 3541 894 po-

1961 891 2282 944 sterioribus.

2033 960 2190 1031 ibid"
2215 962 2305 1025 :23,
2334 971 2482 1013 recta:
2506 972 2643 1016 sunt.
2667 963 2768 1016 Th.
2792 965 3018 1030 primus,
3041 976 3254 1031 recepta:
3274 971 3415 1018 sunt.

2030 1030 2188 1096 ihid.,
2213 1032 2303 1097 26,
2328 1033 2541 1085 indicta.
2576 1034 2690 1087 Vim
2725 1036 3023 1092 awtmh's.
3052 1030 3237 1089 indita.

1440 1248 2406 1359 APPENDIX

337 1444 512 1556 AD
550 1440 1047 1557 LIBROS
1087 1428 1265 1553 DE
1325 1439 2400 1555 CONSOLATIONE
2456 1432 3483 1556 PHILOSOPHI/E.

1006 1719 1349 1795 VARIA
1425 1722 1661 1795 ΜοΝ
1669 1725 1828 1795 UM
1842 1724 2119 1795 ENTA
2174 1722 2842 1797 LITTERARIA

400 1871 586 1948 QUAS
634 1872 891 1935 LIBRIS
946 1871 1052 1932 DF.
1098 1871 1708 1932 CONSOLATIONE
1766 1873 1846 1932 IN
1903 1873 2313 1933 GLAREANI
2362 1875 2743 1937 EDITIONE
2794 1872 3399 1939 PRJEFIGUNTUR.

1744 2000 2077 2011 ——_

343 2102 649 2161 JOANNES
698 2100 1140 2157 MURMELLIUS
1181 2098 1786 2155 RUR/EMUNDENSIS
1889 2103 1935 2161 B
1964 2118 2141 2171 meque
2160 2103 2234 2171 (ut
2267 2103 2419 2170 facis)
2464 2119 2599 2157 ama.
2645 2104 2915 2156 Alcmaria:
2945 2104 3089 2155 tertio
3136 2069 3294 2156 nonas
3327 2104 3542 2174 Aprilis,

278 2210 543 2253 IODOLPHO
587 2209 780 2249 LANGIO
818 2208 1260 2247 IONASTERIBNSIS
1304 2208 1565 2246 εεοιεδδίε
1598 2209 1855 2249 (ΞΑΝΟΝΙΕ)

954 2299 999 2337 8.
1043 2300 1093 2337 Ρ.
1129 2301 1175 2337 ι).

342 2375 571 2430 Tandem
616 2392 753 2428 meas
792 2376 849 2428 in
901 2374 1066 2428 Boetii
1117 2376 1344 2429 Severini
1391 2376 1453 2430 de
1507 2376 1858 2446 Philosophia:

274 2466 667 2530 Consolatione,
696 2482 810 2519 cum
854 2466 1031 2533 primis
1064 2469 1376 2533 fructuosum
1406 2483 1536 2533 opus
1570 2470 1857 2521 enarratio-

272 2576 378 2625 nes,
405 2559 686 2626 liodolphe
708 2558 891 2627 Langi,
918 2558 992 2610 vir
1012 2558 1234 2610 omnium
1261 2558 1409 2627 (quos
1436 2559 1573 2625 novi)
1598 2559 1862 2612 humanis-

272 2652 410 2717 sime,
443 2651 803 2713 disertissime,
835 2649 1162 2718 pientissime,
1188 2649 1533 2701 studiosorum
1560 2650 1675 2701 usui
1702 2650 1753 2701 in
1776 2650 1861 2701 lu-

272 2757 374 2793 cem
397 2750 607 2805 emitto,
664 2748 849 2807 tuoque
883 2738 1164 2791 clarissimo
1190 2738 1385 2790 nomini
1408 2740 1521 2791 dico
1550 2754 1567 2791 :
1598 2756 1697 2792 non
1726 2740 1861 2808 quod

272 2830 316 2882 ei
343 2830 463 2883 meis
485 2829 647 2898 nugis
688 2828 883 2897 aliquid
930 2826 1214 2897 splendoris
1252 2829 1489 2881 accedere
1523 2845 1667 2897 posse
1704 2832 1865 2898 confi-

272 2920 407 2987 dam,
453 2925 545 2974 sed
598 2930 653 2972 ut
697 2920 1018 2972 auctoritatis
1067 2928 1167 2971 tua:
1214 2920 1645 2988 prcestantissimte
1687 2924 1861 2987 tutela,

271 3012 413 3076 quasi
439 3011 628 3080 Ajacis
658 3010 833 3078 clypeo
864 3010 1088 3072 munitw,
1124 3009 1215 3061 sub
1247 3010 1509 3063 hominum
1551 3012 1718 3064 vultus
1747 3029 1867 3080 pro-

271 3103 419 3156 deant
442 3104 683 3167 tutiores,
736 3117 825 3153 nec
864 3100 1290 3170 vituperationum
1334 3103 1534 3171 linguas
1559 3113 1666 3156 cote
1695 3105 1866 3157 livoris

272 3195 346 3258 (at
396 3194 673 3263 eleganter
718 3193 789 3244 ait
836 3192 1071 3261 quidam)
1126 3193 1429 3245 naturaliter
1458 3196 1799 3257 acuminatas,
1822 3207 1868 3248 et

268 3284 506 3352 aspidum
550 3299 733 3335 morsu
767 3283 1085 3335 nocentiores
1135 3284 1489 3352 reformident.
1551 3284 1744 3355 Dignus
1794 3296 1867 3339 est

269 3378 497 3444 profecto
521 3374 766 3437 Boetius,
789 3382 843 3426 ut
864 3376 1078 3442 ingenue
1103 3389 1272 3427 verum
1301 3377 1486 3445 fatear,
1516 3378 1602 3447 qui
1625 3396 1700 3431 me
1724 3380 1871 3448 longe

1958 2208 2095 2244 anno
2117 2208 2148 2243 α
2178 2192 2367 2244 Christi
2390 2192 2676 2246 Salvatoris
2712 2204 2826 2245 ortu
2853 2192 3009 2247 ίὺη.

2170 2281 2471 2337 JOANNES
2506 2282 2866 2339 CAESARILTS
2900 2282 3334 2338 JULIACENSIS

2216 2389 2266 2426 IN
2297 2388 2508 2435 ουΑυΑιι
2536 2391 2603 2427 ΔΙ)
2635 2389 2978 2429 ιιυιιιιειιιυΜ
3010 2389 3287 2427 EPISTULA.

2036 2466 2185 2532 Quod
2213 2467 2391 2520 scribis
2421 2476 2468 2519 te
2498 2469 2860 2521 commentaria
2889 2484 3071 2537 parare
3092 2469 3145 2520 in
3172 2469 3393 2537 quinque
3414 2466 3543 2520 Boe-

1961 2558 2019 2609 tii
2061 2544 2215 2611 libros
2254 2560 2316 2611 de
2345 2557 2701 2612 Consolatione
2736 2558 3102 2628 philosophice,
3155 2558 3283 2611 nihil
3314 2575 3432 2611 sane
3460 2559 3546 2627 ju~

1962 2647 2181 2701 eundius
2207 2650 2384 2703 audire
2402 2650 2579 2717 potui:
2617 2651 2752 2718 quod
2777 2650 2828 2702 id
2852 2660 2984 2703 certe
3004 2652 3091 2701 diu
3113 2652 3218 2716 iam
3237 2662 3547 2719 optaveram,

1964 2746 2019 2788 ut
2045 2736 2277 2789 videlicet
2300 2738 2361 2789 ab
2385 2738 2555 2805 aliquo
2583 2740 2731 2791 docto
2757 2740 2982 2805 homine,
3026 2750 3071 2792 et
3103 2742 3154 2792 ii’t
3196 2742 3338 2793 bonis
3367 2740 3547 2792 litteris

1964 2828 2059 2880 rite
2104 2828 2336 2881 instituto
2367 2828 2593 2895 (qualem
2623 2842 2669 2882 te
2696 2839 2742 2881 et
2765 2829 2947 2897 judico
2995 2845 3045 2882 et
3094 2824 3226 2882 ce'rto
3264 2830 3389 2899 scio)
3424 2829 3549 2881 talia

1967 2918 2237 2971 ederentur
2270 2921 2655 2983 commentaria,
2696 2936 2810 2989 qua:
2848 2920 3004 2989 digna
3039 2937 3146 2973 esse
3190 2934 3386 2990 possent
3410 2930 3549 2973 tanto

1966 3020 2196 3076 auctore,
2221 3028 2282 3065 ac
2312 3022 2468 3066 tanta!
2488 3014 2638 3066 etiam
2674 3014 2747 3066 rei
2780 3014 3064 3066 conec‘nire.

2147 3121 2485 3178 NICOLAUS
2524 3121 2855 3178 CRESCIUS
2887 3123 3360 3180 FL’ORENTINUS

2043 3233 2316 3273 NONACIIUS
2372 3232 2789 3281 CISTERCIENSIS,
2857 3233 3086 3270 ANTONIO
3143 3234 3473 3272 LANFIREDINO

2367 3301 2701 3341 FLORENTINO
2749 3303 2851 3340 (ΣΙὶί
2900 3304 3161 3341 ILLL'S'I‘IU.

2048 3380 2216 3433 Multa
2244 3382 2447 3449 quidem
2474 3390 2610 3448 sunt,
2636 3381 2824 3432 Antoni
2853 3379 3182 3448 Lanfredine,
3226 3388 3273 3433 et
3299 3382 3349 3431 in
3380 3381 3553 3451 philo-

268 3467 531 3519 meliorem
563 3466 855 3533 aliquando
887 3474 1329 3519 commentatorem
1359 3468 1622 3521 sortiatur.
1682 3467 1865 3522 Verum
1894 3474 1938 3536 α
1970 3474 2152 3540 sophia
2173 3482 2220 3525 et
2253 3474 2304 3525 in
2341 3472 2614 3542 theologia,
2650 3487 2762 3523 tum
2787 3472 2995 3529 obscure
3035 3472 3191 3534 dicta,
3221 3481 3328 3523 tam
3377 3472 3446 3523 ad
3472 3488 3555 3523 co.

270 3568 467 3611 tantum
490 3560 643 3611 abest
690 3566 742 3609 ut
764 3558 815 3610 in
844 3557 937 3610 hac
965 3560 1444 3611 commentariorum
1472 3560 1690 3613 editione
1728 3570 1866 3614 tanto

266 3646 507 3719 scriptori
535 3650 871 3718 satisfactum
902 3659 1091 3717 putem,
1124 3659 1179 3703 ut
1218 3651 1294 3704 vel
1320 3652 1413 3703 hoc
1439 3655 1590 3706 modo
1618 3654 1867 3707 doctiores

265 3743 331 3794 ad
366 3744 625 3812 juvanda
676 3743 1022 3794 studiosorum
1066 3743 1240 3795 studia
1287 3745 1632 3812 maximopere
1667 3748 1869 3816 cupiam

265 3833 504 3888 excitari.
541 3832 721 3907 Porro
750 3833 812 3886 de
837 3831 1078 3885 hactenus
1107 3834 1257 3885 editis
1306 3835 1357 3887 in
1403 3836 1631 3888 eumdem
1662 3852 1870 3889 enarra-

266 3926 489 3979 tionibus
516 3925 660 3977 nihil
687 3925 864 3977 attinet
895 3925 1064 3977 dicere
1088 3938 1107 3976 :
1132 3940 1243 3993 qute
1269 3926 1309 3977 si
1343 3925 1601 3993 placerent
1652 3927 1870 3979 homini-

265 4014 357 4067 bus
393 4016 651 4079 eruditis,
681 4030 807 4067 sane
834 4030 988 4084 quam
1028 4015 1188 4068 libens
1211 4017 1289 4085 (ut
1320 4017 1407 4085 qui
1438 4017 1718 4071 trivialibus
1747 4020 1869 4071 olim

264 4108 495 4174 quotidie
547 4105 983 4176 prtzlectionibus,
1040 4114 1086 4159 et
1139 4107 1326 4159 schola:
1374 4109 1699 4163 moderandas
1734 4112 1870 4164 curis

263 4212 419 4267 supra
444 4199 669 4251 modum
696 4198 998 4267 distringor)
1025 4198 1121 4251 hoc
1149 4198 1449 4251 lucubrandi
1479 4201 1675 4265 labore,
1702 4212 1749 4254 ct
1775 4202 1869 4255 lto-

262 4289 458 4341 minum
472 4288 695 4360 judicia
719 4288 965 4340 subeundi
1004 4289 1231 4353 periculo
1258 4291 1671 4355 supersedissem.
1711 4292 1872 4347 Crete-

262 4396 376 4432 rum
390 4382 638 4433 candido
663 4379 836 4433 lectori
852 4396 1056 4449 operam
1077 4394 1240 4433 meam
1261 4382 1528 4450 probatum
1550 4385 1616 4437 iri
1644 4400 1736 4437 con
1743 4386 1869 4452 lida,

259 4488 359 4524 non
395 4474 461 4525 ob
491 4472 599 4525 hoc
642 4472 827 4536 solum,
856 4472 993 4542 quod
1016 4473 1240 4526 obscuris
1270 4473 1429 4527 lucem
1477 4477 1760 4544 intulerint,
1792 4496 1874 4532 ve-

254 4566 376 4617 rum
403 4566 573 4617 etiam
618 4565 739 4633 quia
771 4563 960 4617 Crwcis
996 4580 1111 4633 qua:
1138 4565 1576 4633 desiderabantur,
1630 4570 1742 4621 loco
1782 4587 1874 4624 suo

258 4658 506 4726 repositis
540 4657 685 4726 (qua:
713 4652 940 4707 Joannes
966 4652 1219 4708 Cassarius
1255 4657 1518 4724 utriusque
1562 4656 1753 4729 linguw
1781 4661 1877 4713 do-

258 4750 555 4811 ctissimus,
590 4758 635 4801 et
652 4746 987 4816 philosOphia:
1006 4748 1364 4815 medicinceque
1377 4753 1635 4818 professor
1647 4755 1877 4822 egregius

1967 3562 2310 3630 gnoscendum
2338 3562 2583 3630 di/ﬁcilia.
2610 3559 2728 3614 Illae
2758 3572 2924 3614 tamen
2966 3562 3216 3627 imprimis
3252 3562 3464 3614 celebres
3493 3563 3556 3614 de

1971 3656 2096 3721 fato,
2120 3654 2181 3706 de
2211 3654 2351 3706 beata
2380 3655 2499 3717 vita,
2525 3653 2586 3705 de
2607 3653 2780 3706 divina
2804 3654 3139 3720 prcrnotione,
3183 3664 3332 3721 atque
3373 3651 3557 3705 Provi-

1969 3743 2142 3795 dentia
2190 3743 2521 3811 quwstiones,
2571 3742 2781 3809 ancipiti
2812 3740 3071 3794 intellectu
3116 3742 3389 3810 legentium
3440 3743 3552 3809 ple-

1967 3848 2148 3900 rosque
2176 3833 2229 3884 in
2272 3833 2570 3885 deteriorem
2609 3846 2813 3884 sensum
2844 3840 3157 3883 transversos
3186 3840 3383 3898 agunt.
3430 3832 3558 3894 Qua

1968 3938 2263 3992 quanquam
2292 3932 2406 3975 sunt
2433 3940 2463 3975 a
2487 3921 2749 3975 nonnullis
2772 3922 2843 3974 ita
2878 3931 3114 3974 accurate
3157 3922 3441 3986 disputata,
3472 3932 3556 3973 at-

1970 4029 2068 4082 que
2094 4015 2297 4082 copiose
2328 4012 2603 4074 illustrata,
2634 4020 2689 4063 ut
2716 4012 2888 4064 nullus
2923 4011 3153 4064 videatur
3186 4011 3390 4063 relictus
3411 4011 3560 4063 dubi-

1974 4105 2116 4157 tandi
2161 4105 2321 4168 locus,
2373 4106 2435 4157 iis
2475 4116 2641 4155 tamen
2675 4103 2739 4154 de
2793 4102 2939 4155 rebus
2981 4103 3291 4165 accuratius,
3334 4102 3561 4171 gravius,

1973 4195 2197 4247 lucidius
2222 4210 2366 4248 nemo
2397 4210 2550 4263 quam
2603 4192 2879 4248 Severinus
2931 4192 3138 4246 Boetius
3191 4193 3452 4257 disseruit,
3486 4193 3562 4245 vir

1976 4287 2075 4357 (me
2110 4288 2312 4356 quidem
2342 4286 2543 4358 judice)
2585 4287 2815 4339 omnium
2856 4302 2965 4338 suae
3010 4286 3177 4338 (etatis
3212 4285 3558 4338 doctissimus.

1979 4381 2080 4445 Qui
2106 4396 2221 4432 cum
2250 4380 2301 4431 in
2333 4378 2608 4446 multiplici
2630 4378 3023 4447 disciplinarum
3054 4392 3232 4446 genere
3268 4392 3368 4427 non
3398 4392 3565 4442 pauca

1975 4473 2254 4539 scripserit,
2278 4471 2435 4524 voluit
2458 4474 2611 4523 etiam
2640 4480 2747 4522 tum
2777 4471 2830 4522 in
2863 4470 2957 4522 hoc
2988 4470 3137 4531 libro,
3169 4484 3317 4537 quem
3342 4471 3405 4520 de
3446 4468 3564 4536 phi-

1977 4564 2224 4633 losophice
2250 4564 2627 4629 Consolatione,
2662 4574 2770 4617 tum
2794 4564 2845 4616 in
2881 4563 2943 4615 iis
2990 4578 3115 4631 quos
3142 4563 3204 4614 de
3234 4560 3487 4613 Trinitate
3513 4570 3564 4613 et

1979 4661 2042 4712 de
2070 4658 2281 4711 Duabus
2312 4657 2529 4711 Naturis
2577 4656 2766 4711 Christi
2823 4656 3102 4722 inscripsit,
3158 4654 3287 4706 bono
3338 4654 3565 4721 periculo

1982 4751 2221 4819 experiri,
2270 4758 2516 4817 quantum
2571 4750 2624 4801 in
2652 4748 2810 4801 sacris
2858 4746 3408 4815 Litterisprofecisset.
3460 4744 3567 4797 Sed

254 4857 317 4893 ex
346 4839 545 4905 Italia,
596 4836 823 4891 Joannes
860 4837 1175 4891 xEdicollius
1203 4840 1452 4892 bonarum
1494 4842 1682 4895 artium
1715 4846 1876 4914 niagi-
1905 4841 1957 4899 D
1980 4852 2090 4895 erat
2119 4841 2201 4894 hic
2223 4842 2349 4895 liber
2390 4845 2517 4895 adeo
2557 4842 2862 4894 swculorum
2892 4840 3092 4891 incuria
3105 4842 3219 4910 jam
3238 4840 3565 4906 deprauatus,

254 4946 379 4994 ster,
408 4933 639 4984 dubium
672 4931 938 4983 litteratior
967 4946 1033 4981 an
1064 4930 1356 4997 humanior,
1396 4930 1673 4985 Daventria
1717 4952 1873 5004 supe-

252 5026 383 5078 riori
412 5025 487 5077 ad
519 5039 608 5076 me
629 5040 764 5076 anno
786 5022 1057 5091 dederunt)
1089 5024 1302 5077 mendas
1342 5026 1740 5093 complusculos,
1765 5038 1871 5083 lunt

252 5133 279 5169 e
304 5136 468 5187 prosa
500 5118 766 5181 aratione,
801 5127 907 5169 tum
931 5134 957 5170 e
993 5118 1220 5170 versibus
1254 5121 1567 5173 sustulerint.
1604 5123 1720 5186 Qua
1758 5125 1870 5191 qui-

250 5207 367 5260 dem
403 5210 459 5260 in
496 5224 558 5259 re
594 5217 681 5257 tua
700 5207 959 5275 quondam
985 5223 1085 5260 non
1115 5225 1298 5277 parum
1328 5226 1406 5261 me
1426 5213 1564 5281 juvit
1594 5213 1869 5278 industria,

249 5300 651 5371 multijagaque
678 5298 892 5350 eruditio
911 5314 930 5350 :
960 5315 1113 5363 super
1140 5303 1289 5370 cujus
1333 5303 1669 5371 amplissimis
1698 5306 1871 5359 laudi-

248 5388 341 5440 bus
364 5388 449 5457 (id
479 5389 635 5455 quod
664 5386 920 5441 Salustius
947 5390 1009 5440 de
1030 5386 1335 5456 Carthagine
1372 5392 1469 5459 ait)
1512 5393 1664 5447 silere
1696 5398 1873 5449 melius

247 5490 373 5547 puto
408 5494 582 5546 quam
618 5494 792 5545 parum
822 5480 1005 5543 dicere,
1044 5481 1285 5548 quoniam
1310 5482 1416 5533 alio
1448 5500 1723 5550 properare
1742 5496 1872 5538 tent-

244 5588 345 5641 pus
381 5581 597 5625 monet.
628 5568 858 5623 l’rtvmisi
895 5582 1063 5623 autem
1088 5572 1321 5639 quantam
1361 5576 1566 5639 nostris,
1595 5592 1707 5645 qua:
1752 5579 1871 5630 dili-

247 5686 373 5737 gens
409 5670 589 5723 lector
621 5666 755 5721 haud
780 5684 1033 5739 quaquam
1080 5665 1457 5737 aspernabitur,
1506 5684 1675 5739 spero.
1721 5670 1871 5739 Vale,

1983 4944 2037 4986 stt
2068 4934 2242 4987 nullus
2278 4935 2359 4987 sui
2390 4934 2614 4986 auctoris
2653 4934 2809 4996 nitor,
2863 4933 3138 5000 nullusque
3197 4946 3354 4998 prope
3396 4930 3565 4980 cultus

1980 5033 2359 5094 agnosceretur.
2390 5025 2491 5090 Qui
2514 5041 2628 5077 eum
2658 5025 3003 5092 superioribus
3025 5023 3176 5075 annis
3198 5021 3568 5075 restitutionem

1979 5120 2059 5174 sui
2087 5128 2334 5189 posceret,
2380 5120 2544 5171 multo
2596 5120 2828 5187 pluribus
2883 5119 3173 5172 vulneribus
3215 5116 3427 5182 affectus
3471 5124 3563 5166 est.

1983 5211 2220 5276 Namque
2242 5210 2471 5275 mutilus,
2497 5212 2741 5275 inversus,
2786 5219 2835 5262 et
2864 5228 2895 5262 a
2931 5226 2985 5262 se
3032 5210 3312 5277 plurimum
3346 5214 3571 5257 mutatus

1983 5302 2172 5372 prodiit
2201 5303 2264 5354 ab
2286 5301 2669 5369 iinpressoribus
2696 5303 2749 5353 in
2777 5316 2956 5352 manus
2978 5299 3262 5362 hominum,
3294 5312 3406 5348 cum
3432 5311 3570 5347 com-

1984 5395 2247 5447 mentariis
2279 5395 2367 5464 qui
2397 5395 2529 5463 [also
2576 5394 2690 5446 divo
2722 5391 2929 5445 Thema:
2952 5391 3193 5459 Aquinati
3222 5390 3568 5442 ascribuntur.

1985 5485 2217 5553 Rogatus
2238 5486 2407 5553 itaque
2453 5494 2508 5538 ut
2543 5487 2675 5536 hunc
2703 5484 2874 5551 ipsum
2902 5480 3065 5535 Boetii
3097 5481 3283 5533 librum
3334 5480 3571 5532 emenda-

1982 5596 2109 5643 rem,
2134 5595 2194 5631 ac
2223 5578 2451 5647 pristina:
2476 5576 2752 5645 integritati
2780 5575 2950 5643 quoad
2998 5590 3192 5642 possem
3232 5575 3567 5627 restituerem.

1987 5670 2053 5726 1d
2082 5687 2139 5727 eo
2168 5672 2403 5726 libentius
2442 5672 2559 5739 feci,
2606 5670 2744 5737 quod
2789 5670 3001 5723 materia
3029 5672 3090 5723 de
3116 5684 3216 5739 qua
3238 5667 3481 5738 agebatur
3512 5681 3569 5718 ia
