4010 6372
464 326 554 380 8η
1103 321 1442 377 ΑΡΡΕΝΟΙΧ
1482 321 1570 374 Al)
1613 319 1854 376 LIBROS
1895 319 1983 374 DE
2021 319 2059 372 C

2160 319 2535 375 SOLATIONE
2576 311 3069 374 PHILOSOPlll£.
3627 310 3713 364 επ

462 462 692 536 profecto
717 467 792 513 est
809 472 923 526 qua
945 456 1238 525 religiosum
1264 456 1427 509 virum
1452 456 1669 510 maxime
1689 457 1881 510 deceat.
1909 453 2046 509 Usus
2075 464 2123 515 Α
2152 456 2398 509 veteribus
2432 457 2620 508 nostris
2646 451 2707 507 ob
2735 451 3064 506 mobilitatem
3100 449 3276 505 sedere
3297 450 3350 501 in
3377 449 3483 515 pila
3509 447 3696 518 fingebs

460 561 538 607 est
563 561 729 603 autem
757 550 811 601 in
839 549 931 599 hoc
955 563 1104 617 apere
1131 545 1336 601 Boetius
1359 563 1418 600 eo
1441 547 1645 601 dicendi
1673 563 1872 616 genere,
1903 547 2039 614 quod

464 657 570 694 non
589 643 756 694 minus
783 651 1018 692 ornatum
1047 655 1199 708 quam
1220 656 1372 710 grave
1391 650 1436 693 et
1465 639 1801 707 philosophiw
1825 641 2044 693 maxime

470 736 913 788 accommodatum
941 735 1189 787 rideatur.
1221 735 1287 786 Et
1313 743 1554 804 pra'terea
1574 737 1936 804 variumeoque
1954 738 2048 806 ju-

463 825 716 888 cundum,
739 825 873 888 quod
893 841 1029 876 nunc
1053 823 1219 876 soluta
1237 825 1466 878 oratione
1482 825 1776 894 gravissime
1795 825 2043 891 disputat,

464 932 602 969 nunc
623 926 778 968 metro
803 916 1079 984 elegantius
1109 903 1261 968 ludit.
1295 913 1362 967 Id
1384 916 1538 984 igitur
1567 931 1697 982 opus
1728 926 1902 967 nostra
1925 931 2049 968 cura

467 1022 530 1060 ac
568 1007 855 1075 diligentia,
901 1007 1248 1074 qualecunque
1268 1015 1365 1069 est,
1407 1005 1748 1067 emendatum,
1792 1004 1882 1057 tibi
1913 1003 2051 1056 Lan-

466 1097 665 1165 fredine
679 1098 755 1148 vir
781 1098 1097 1149 ornatissime
1129 1112 1504 1166 nuncupamus,
1528 1111 1626 1148 non
1658 1111 1717 1146 ea
1746 1095 1965 1156 ratione,
1995 1106 2051 1147 ut

465 1187 743 1240 existimem
773 1188 885 1256 ejus
907 1188 1170 1241 lectionem
1194 1203 1340 1253 posse
1370 1186 1586 1238 multum
1630 1195 1730 1238 tua:
1778 1185 2054 1237 eruditioni

467 1279 710 1348 adjicere,
761 1278 852 1330 sed
898 1286 951 1329 ut
1007 1288 1092 1330 tuo
1137 1277 1421 1345 patrocinio
1467 1277 1521 1329 in
1554 1274 1846 1328 Enchiridii
1876 1287 2055 1345 typum

467 1369 760 1431 astrictum,
787 1369 1042 1422 honestius
1072 1386 1132 1422 ac
1157 1369 1315 1422 tutius
1343 1369 1396 1422 in
1425 1369 1604 1438 vulgus
1634 1369 1790 1422 exiret
1822 1383 1840 1420 :
1861 1377 1914 1419 ut
1940 1368 2058 1420 inde

469 1460 626 1528 facile
656 1460 890 1531 judicari
931 1461 1110 1530 possit,
1142 1470 1388 1529 quantum
1414 1463 1546 1513 inter
1575 1461 1794 1528 priorem
1824 1459 1973 1511 illum
2011 1469 2058 1511 et

474 1549 608 1601 hunc
635 1559 864 1603 nostrum
898 1550 1088 1603 librum
1136 1552 1358 1604 intersit.
1402 1550 1552 1616 Quod
1582 1551 1625 1602 si
1655 1560 1707 1602 tu
1751 1550 2058 1615 probaveris,

469 1642 593 1696 satis
621 1658 654 1694 a
683 1659 760 1696 me
788 1645 1019 1697 omnibus
1052 1644 1246 1711 factum
1279 1659 1384 1695 esse
1398 1642 1660 1708 judicabo.
1705 1640 1846 1695 Vale.

1048 1735 1460 1788 PRrELECTIO

649 1842 823 1880 JACOBI
853 1841 1190 1879 BONONIENSIS
1219 1842 1267 1878 IN
1301 1843 1526 1881 BDETIUM
1557 1842 1875 1882 SEVEBINUM.

543 1919 916 1975 Constitueram
968 1923 1061 1973 viri
1111 1922 1382 1974 clarissimi
1433 1922 1527 1975 hoc
1574 1939 1710 1975 anno
1760 1920 2059 1992 prirfatione

473 2012 746 2073 abstinere,
770 2028 830 2064 ne
861 2028 1060 2077 semper
1097 2013 1151 2064 in
1177 2014 1353 2065 eodem
1392 2015 1600 2082 vestigio
1632 2013 1892 2065 htererem.
1927 2011 2062 2063 Assi-

469 2104 644 2159 duitas
667 2104 820 2169 enim,
848 2105 986 2155 utait
1015 2101 1213 2167 Cicero,
1246 2105 1508 2173 fastidium
1533 2104 1663 2170 parit
1687 2112 1735 2157 et
1755 2104 2055 2155 satietatem.

480 2190 671 2245 Verum
701 2201 755 2245 ut
783 2193 1051 2244 consilium
1075 2204 1359 2260 mutarem,
1412 2194 1598 2259 partim
1643 2210 1730 2246 vos
1759 2193 1909 2245 nimis
1953 2193 2060 2261 ofﬁ-

472 2283 600 2336 ciosi
619 2295 666 2336 et
685 2293 912 2336 amantes
943 2285 1102 2338 nostri
1129 2285 1409 2351 perfecistis
1432 2285 1533 2354 (me
1559 2301 1772 2354 namque
1791 2285 2059 2351 quotannis

474 2385 640 2428 vestro
668 2375 991 2427 ornatissimo
1022 2385 1293 2442 conspectu
1319 2375 1770 2442 honestissimaque
1794 2375 2059 2442 pra'sentia

474 2466 845 2534 condecoratis)
889 2467 1074 2536 partim
1112 2467 1329 2520 illustris
1369 2478 1414 2518 et
1441 2468 1702 2537 magnifici
1730 2476 1937 2519 senatus
1967 2482 2060 2519 no-

473 2559 650 2611 stratis
674 2558 1052 2626 maguiﬁcentia
1080 2573 1140 2609 ac
1166 2557 1466 2621 liberalitas,
1496 2559 1585 2628 qui
1614 2574 1692 2610 me
1713 2559 1942 2627 proxime
1962 2558 2061 2610 im-

475 2649 700 2717 pensiori
742 2647 934 2701 salario
973 2649 1282 2702 censendum
1323 2651 1536 2719 putavit,
1568 2667 1658 2702 nec
1691 2648 2058 2718 noncollegam

471 2739 585 2792 viro
608 2739 947 2792 eruditissimo
977 2740 1443 2810 humanissimoque
1471 2757 1551 2795 me
1575 2741 1880 2811 adjungens,
1903 2738 2059 2793 hone-

472 2827 622 2882 stiori
646 2829 795 2881 titulo
823 2830 1105 2884 exornavit.
1125 2829 1409 2884 Tantorum
1439 2833 1597 2902 igitur
1634 2833 1928 2884 meritorum
1953 2847 2059 2885 me-

473 2933 587 2970 mor
615 2918 880 2987 (quoniam
909 2919 1110 2988 ingrato
1149 2921 1350 2973 homine
1390 2920 1521 2973 nihil
1544 2923 1692 2991 pejus
1735 2933 1868 2974 terra
1898 2930 2054 2988 creat,

473 3017 530 3059 ut
559 3007 630 3059 ait
655 3005 958 3076 Menander)
977 3010 1273 3063 recordatus
1301 3012 1452 3063 etiam
1474 3011 1710 3080 Amyclas
1733 3011 1943 3064 tacendo
1972 3026 2059 3078 pe-

472 3097 641 3161 riisse,
672 3097 907 3167 quodque
932 3113 1076 3152 nemo
1103 3099 1260 3152 silens
1287 3101 1500 3168 placuit,
1522 3111 1573 3153 ut
1591 3101 1750 3169 inquit
1778 3101 2054 3165 Ausonius,

2146 559 2248 615 tur,
2273 559 2317 602 et
2355 563 2508 615 quam
2545 547 2729 600 rotula:
2757 546 3070 598 insistentem
3099 584 3114 608 ,
3153 542 3290 611 quod
3328 540 3441 594 loco
3469 549 3606 592 stare
3642 555 3718 592 ne-

2145 643 2330 710 quiret,
2353 641 2606 706 sapienter
2633 637 2762 691 dixit
2796 645 2844 690 et
2876 636 3043 704 lepide
3070 634 3342 688 Ausonius.
3361 630 3721 698 Formntzergo

2147 733 2191 785 si
2230 741 2276 784 te
2302 731 2577 800 regendum
2607 730 2811 794 dedisti,
2839 728 3059 780 domina:
3084 725 3307 778 moribus
3329 731 3522 791 Oportet
3550 722 3724 773 obtem-

2151 836 2316 888 pcres.
2341 820 2488 872 Alius
2513 818 2842 888 congerendis
2860 817 3063 883 apibus,
3101 814 3524 880 cumulandisque
3552 811 3727 862 divitiis

2151 912 2334 974 inhiat,
2377 921 2605 978 totusque
2649 910 2874 972 incubat,
2899 916 3044 960 ratus
3081 921 3170 976 per
3193 907 3286 957 has
3324 903 3543 956 solidam
3578 900 3726 968 felici.

2152 1011 2322 1066 tatem,
2349 1013 2395 1054 et
2428 1003 2602 1054 omnia
2627 1001 2922 1052 mortalibus
2960 996 3223 1051 commoda
3245 1003 3290 1049 et
3315 992 3620 1063 compendia
3642 993 3728 1044 im.

2154 1094 2368 1162 portari,
2385 1097 2540 1164 justa
2579 1091 2744 1144 illud:
2824 1103 2830 1110 '

2227 1182 2369 1236 Nam
2399 1185 2442 1236 si
2472 1184 2658 1252 aliquis
2689 1197 2837 1234 casus
2862 1181 2991 1233 lecto
3021 1188 3070 1232 te
3097 1177 3278 1247 aﬂixit,
3307 1176 3462 1230 habes
3488 1175 3574 1244 qui

2229 1275 2486 1341 Assideat,
2529 1279 2758 1344 fomenta
2793 1280 2954 1340 paret,
2987 1273 3237 1324 medicum
3266 1279 3408 1340 roget
3436 1279 3492 1322 ut
3519 1279 3566 1321 te

2232 1367 2474 1430 Suscitrt,
2507 1383 2566 1418 ac
2597 1366 2777 1418 reddat
2807 1366 2942 1416 natis
2972 1364 3238 1432 charisque
3260 1361 3580 1431 prOpinquis.

2165 1459 2576 1530 Frequenterque
2599 1457 2729 1511 illud
2758 1457 2905 1511 habet
2932 1459 2983 1509 in
3007 1472 3116 1519 ore,

2236 1553 2447 1607 Scilicet
2478 1565 2683 1604 uxorem
2709 1565 2822 1602 cum
2851 1549 2990 1610 dote,
3032 1548 3285 1616 [idemque
3310 1558 3357 1599 et
3387 1547 3598 1614 amicos,

2241 1647 2305 1698 Et
2327 1660 2483 1714 genus
2505 1653 2551 1695 et
2575 1645 2788 1710 formam
2815 1640 2994 1708 regina
3017 1643 3228 1709 pecunia
3257 1638 3437 1699 donat,

2235 1737 2308 1790 Ac
2343 1738 2461 1788 bene
2482 1744 2797 1786 nummatum
2821 1732 3025 1784 decorat
3057 1730 3284 1784 Suadela
3321 1727 3612 1796 Venusque.

2092 1813 2138 1871 Β
2167 1829 2270 1884 Hic
2305 1830 2455 1882 etiam
2504 1837 2645 1894 putat
2675 1826 2853 1879 coelum
2883 1825 3103 1893 deosque
3150 1837 3278 1876 auro
3315 1822 3536 1884 venales,
3579 1830 3730 1871 motus

2162 1924 2257 1977 hoc
2280 1922 2586 1977 Tertulliani
2610 1921 2855 1973 versiculo
2880 1931 2899 1971 :

2450 2010 2571 2065 Non
2602 2010 2715 2062 licet
2747 2009 2866 2061 deos
2895 2022 3040 2060 nosse
3061 2005 3245 2074 gratis.

2163 2105 2379 2174 Hacque
2408 2103 2637 2155 Petronii
2665 2101 2902 2166 disticho,

2233 2193 2426 2255 ﬂama
2454 2193 2655 2261 loquor,
2687 2192 2885 2256 quidvis
2916 2189 3136 2243 nummis
3165 2187 3501 2257 prementibus
3531 2199 3672 2258 opta,

2305 2284 2369 2338 Et
2394 2285 2569 2345 veniet,
2601 2287 2830 2334 clausum
2862 2281 3083 2347 possidet
3113 2297 3234 2334 arca
3254 2279 3458 2334 Jovem.

2162 2377 2270 2431 Sed
2298 2379 2475 2429 con‘tra
2502 2374 2810 2445 reputando,
2841 2373 2971 2426 nihil
3003 2375 3302 2442 improbius,
3331 2373 3462 2426 nihil
3490 2374 3734 2442 pernicioe

2161 2470 2290 2533 sius,
2321 2468 2550 2537 nihilque
2571 2468 2704 2534 quod
2729 2467 2892 2536 magis
2925 2465 3206 2519 humanum
3235 2483 3391 2535 genus
3423 2475 3569 2518 vexet
3594 2476 3642 2518 et
3667 2466 3733 2518 in-

2159 2564 2365 2630 quieter,
2395 2579 2549 2631 quam
2577 2579 2695 2630 opes
2722 2571 2767 2614 et
2791 2562 3078 2626 pecuniam,
3101 2561 3346 2615 invenies.
3383 2559 3584 2614 Verum
3617 2560 3757 2616 hanc.

2159 2654 2379 2722 primum
2408 2653 2451 2704 si
2481 2662 2675 2705 struere
2697 2651 2885 2720 cupies,
2915 2651 3097 2717 eripies
3119 2649 3344 2703 habenti.
3382 2646 3534 2704 Unde
3557 2653 3734 2720 impro-

2160 2744 2250 2796 bas
2295 2758 2520 2796 crescere
2567 2741 2771 2795 divitias
2817 2742 2947 2796 dixit
2986 2737 3236 2794 Flaccus.
3276 2739 3733 2811 Hieronymusque,

2160 2833 2334 2900 Dives,
2363 2833 2456 2895 ait,
2483 2841 2574 2885 aut
2601 2833 2827 2899 iniquus,
2861 2841 2949 2884 aut
2977 2831 3142 2899 iniqui
3169 2834 3352 2884 haeres.
3387 2828 3567 2884 Noxia
3595 2832 3735 2902 igitur

2159 2934 2232 2978 est
2284 2934 2330 2978 et
2385 2925 2582 2977 inutilis
2633 2923 2870 2989 pecunia,
2921 2923 3128 2992 quando
3172 2923 3736 2991 inhonesta:vetusqus

2157 3017 2361 3070 verbum
2407 3026 2500 3079 est,
2529 3013 2668 3068 Male
2705 3024 2876 3083 parta,
2910 3015 3040 3066 male
3074 3013 3390 3068 dilabuntur.
3435 3005 3736 3067 Perniciosa

2161 3115 2278 3160 sunt
2324 3116 2371 3159 et
2420 3121 2560 3174 opes,
2607 3122 2822 3176 quarum
2869 3105 3022 3176 aperti
3059 3105 3288 3158 Itoniines
3334 3107 3664 3174 evigorantur
3697 3115 3736 3158 et

474 3205 629 3260 cogor
664 3191 997 3261 impellorque
1034 3192 1230 3261 aliquid
1271 3193 1384 3246 novi
1406 3193 1458 3245 in
1481 3195 1749 3260 prtesentia
1768 3193 1903 3246 vobis
1933 3194 2056 3246 reci-
2081 3171 2128 3232 (ἶ
2162 3171 2512 3262 emollescunt,
2545 3171 2707 3251 morbi
2737 3171 2956 3267 glisi'unt
2995 3205 3041 3249 et
3070 3171 3429 3269 (egritudines,
3443 3199 3638 3267 pudor,
3669 3197 3731 3250 le-

477 3294 606 3349 tare,
630 3285 766 3352 Quod
803 3287 917 3351 ipsa
947 3285 1127 3340 saltem
1154 3287 1395 3341 varietate
1424 3303 1576 3340 aures
1610 3296 1799 3341 vestras
1827 3289 2055 3357 permulo

474 3385 583 3430 ceat
611 3386 658 3429 et
689 3377 918 3432 oblectet.

554 3469 689 3532 Quid
744 3469 967 3536 frontem
1019 3470 1386 3525 contraxistis?
1422 3473 1560 3538 quod
1606 3489 1686 3526 me
1723 3473 2058 3525 recitaturum

477 3575 591 3612 sum
620 3560 923 3626 pollicitus?
979 3560 1100 3614 Non
1150 3578 1316 3614 meum
1364 3572 1436 3615 est
1475 3563 1781 3632 exemplum,
1811 3564 1855 3616 si
1880 3563 2055 3616 recito.

481 3648 586 3704 Sed
601 3648 696 3701 hoc
722 3659 906 3703 veteres
919 3649 1144 3720 alioquin
1163 3653 1492 3706 eruditissimi
1511 3653 1827 3722 factitarunt.
1857 3652 2059 3706 Novum

473 3748 647 3792 autem
689 3739 744 3791 id
787 3741 1009 3810 appello,
1061 3743 1198 3808 quod
1243 3755 1359 3796 ante
1388 3761 1464 3796 me
1491 3745 1662 3797 nullus
1688 3746 1753 3798 sit
1782 3745 2058 3799 contexuit.

478 3830 749 3886 Habebunt
769 3832 940 3901 itaque
962 3835 1120 3902 docti,
1153 3851 1264 3903 qua:
1301 3837 1452 3905 facile
1473 3846 1814 3907 cognoscant:
1847 3838 2059 3901 indocti,

475 3940 588 3993 qute
612 3925 905 3978 condiscant
926 3935 972 3979 et
997 3927 1330 3980 admirentur.
1375 3926 1545 3981 Hodie
1569 3929 1724 3998 igitur
1767 3929 1915 3981 verba
1949 3945 2063 3981 sum

476 4019 707 4085 facturus
732 4017 794 4069 de
813 4017 1067 4070 erroribus
1107 4033 1232 4084 pene
1267 4018 1568 4084 innumeris,
1612 4020 1790 4083 quibus
1839 4021 2065 4088 plerique

475 4122 651 4160 omnes
670 4107 943 4174 fallimur:
983 4123 1074 4163 nec
1113 4109 1277 4161 solum
1316 4110 1540 4176 imperiti
1589 4120 1634 4163 et
1665 4112 1887 4177 profani,
1927 4113 2063 4178 quod

474 4195 645 4249 minus
669 4212 803 4266 tegre
829 4197 1089 4265 ferendum
1117 4207 1243 4252 esset
1273 4215 1291 4252 :
1316 4200 1404 4252 sed
1446 4199 1606 4270 (quod
1644 4203 1868 4254 dolorem
1897 4219 2064 4255 meum

476 4287 754 4358 exulcerat)
784 4289 970 4342 eruditi
991 4299 1058 4353 et,
1089 4300 1143 4343 ut
1168 4293 1240 4344 ita
1260 4291 1448 4356 dicam,
1473 4291 1532 4344 Μ
1536 4309 1739 4345 usarum
1755 4295 2062 4347 sacerdotes.

481 4375 730 4431 Caeterum
760 4397 874 4432 cum
897 4383 1095 4435 morbos
1124 4393 1171 4434 et
1198 4384 1368 4437 ulcera
1410 4385 1710 4453 refricuero,
1761 4387 2066 4441 medicinam

476 4469 682 4520 auditor
706 4480 960 4539 exspecta.
1008 4469 1196 4525 Favete
1233 4490 1351 4544 ergo
1394 4491 1586 4542 omnes,
1637 4487 1685 4529 et
1720 4478 1890 4530 adeste
1919 4494 2065 4547 a'quo

477 4559 670 4612 animo.
713 4559 873 4626 Nam,
904 4571 958 4613 ut
981 4563 1050 4614 ait
1077 4563 1440 4633 Hieronymus,
1486 4566 1658 4620 beatus
1680 4578 1754 4621 est
1779 4571 1867 4638 qui
1891 4568 2061 4638 loqui-

477 4655 560 4698 tur
582 4647 634 4699 in
656 4664 805 4701 aures
830 4652 1104 4705 audientis.
1123 4653 1301 4706 Omnis
1320 4659 1609 4709 mortalium
1632 4676 1757 4711 cura
1779 4671 1823 4712 et
1851 4663 2063 4716 intentio

474 4738 544 4789 ad
570 4755 731 4790 unum
751 4742 927 4805 quietis
952 4753 1159 4808 statum,
1186 4747 1381 4800 diverso
1403 4757 1572 4802 tamen
1594 4751 1722 4804 calle
1745 4754 1922 4805 nititur
1942 4771 2063 4822 per-

475 4829 667 4880 venire.
702 4828 805 4880 Hic
831 4831 1002 4899 itaque
1051 4850 1102 4887 se
1149 4845 1305 4888 totum
1355 4839 1574 4903 fortuna:
1605 4844 1905 4906 committit,
1953 4861 2065 4898 eam

475 4919 650 4972 dicens
715 4938 796 4974 res
854 4923 1101 4977 humanas
1148 4943 1238 4992 pro
1271 4929 1479 4983 arbitrio
1529 4935 1728 5000 flectere
1759 4943 1806 4986 et
1844 4951 2060 4990 versare.

479 5007 730 5064 Eamdem
758 5012 984 5065 observat
1012 5025 1055 5066 et
1083 5030 1373 5083 veneratur,
1392 5032 1632 5089 tanquam
1663 5042 1847 5078 nunten
1873 5029 2064 5080 saluta-

473 5115 566 5162 re,
616 5103 894 5155 maximam
931 5108 1366 5175 omnipotensque.
1435 5110 1744 5183 Illecmsque
1789 5119 2068 5185 primulum

475 5192 741 5246 blanditiis
765 5206 810 5247 et
848 5196 1109 5252 lenociniis
1135 5201 1289 5270 hujus
1318 5203 1529 5269 pellacis
1567 5216 1613 5257 et
1643 5210 1917 5276 versipellis
1939 5214 2064 5276 detr,

475 5299 594 5335 cum
616 5287 817 5339 laudent
839 5291 1100 5354 reflantem
1128 5293 1257 5344 videt
1297 5302 1343 5344 et
1365 5295 1650 5357 adversam,
1674 5304 1939 5365 quttritur,
1983 5320 2072 5356 su-

474 5374 655 5438 spirat,
711 5379 985 5445 gemitque,
1029 5378 1300 5448 lubricam,
1357 5383 1753 5452 inconstantem,
1796 5407 1981 5444 circum
2020 5403 2067 5444 et

474 5477 654 5529 vagam
677 5467 968 5531 appellans,
990 5470 1217 5540 nullique
1235 5475 1457 5528 convicio
1485 5493 1620 5540 parci
1636 5493 1713 5528 ns.
1737 5479 1958 5544 Stultus,
1990 5483 2072 5532 in-

474 5559 647 5622 quam,
669 5571 729 5608 ne
750 5559 917 5612 dicant
943 5561 1172 5628 insanus,
1199 5566 1284 5631 qui
1307 5566 1412 5618 vult
1447 5578 1498 5618 ut
1521 5569 1594 5620 nil
1621 5569 1754 5619 intra
1789 5571 1853 5621 sit
1882 5571 2066 5638 oleant,

477 5646 709 5700 nilextra
735 5650 785 5702 in
808 5668 934 5705 nuce
959 5655 1094 5708 duri.
1133 5659 1386 5722 Quoniam
1421 5660 1554 5711 enim
1592 5662 1770 5712 mentis
1811 5664 2069 5728 proposito

476 5733 629 5786 vitam
658 5745 705 5789 e.’
727 5755 864 5805 spem
894 5743 968 5796 illi
995 5747 1197 5800 credere
1235 5758 1304 5801 est
1339 5765 1514 5816 ausus,
1541 5766 1654 5818 qua:
1674 5745 1748 5805 ab.
1763 5752 1985 5820 antiquis
2025 5764 2069 5806 et

2157 3304 2263 3357 ges,
2287 3288 2432 3357 jura,
2468 3297 2654 3354 turres,
2697 3302 2859 3349 arces,
2905 3285 3314 3356 propugnacula,
3342 3294 3390 3338 et
3419 3287 3615 3352 oppida
3639 3302 3738 3338 mu-

2161 3381 2410 3434 nitissima
2447 3389 2824 3448 expugnantur.
2853 3375 3095 3431 Pecunia:
3141 3379 3274 3429 enim
3305 3376 3387 3446 (ut
3431 3378 3506 3429 ait
3547 3376 3738 3444 Cicero)

2160 3489 2334 3527 omnes
2357 3474 2463 3526 vias
2493 3481 2702 3525 norunt.
2734 3470 2986 3539 Diogenes
3022 3470 3109 3522 ille
3133 3457 3355 3536 Cynicus
3385 3469 3520 3521 viam
3548 3468 3739 3520 uirtutis

2163 3565 2291 3618 adeo
2338 3575 2628 3633 angustam,
2675 3563 2931 3630 difﬁcilem
2969 3571 3016 3614 et
3061 3553 3278 3613 art'iuam
3325 3573 3432 3613 esse
3461 3561 3650 3625 aiebat,
3692 3568 3740 3610 ut

2163 3672 2274 3708 eam
2302 3657 2386 3709 vix
2417 3657 2540 3708 nudi
2562 3670 2804 3721 superare
2841 3662 3043 3724 possent
3081 3655 3140 3705 ac
3171 3651 3536 3716 transmittere,
3563 3648 3740 3704 nedum

2165 3748 2386 3818 pondere
2417 3748 2588 3815 aliquo
2609 3747 2838 3816 impediti
2867 3754 2914 3799 et
2941 3761 3068 3798 auro
3108 3744 3450 3809 suffarcinati.
3485 3743 3741 3795 Lucretius

2166 3841 2324 3891 etiam
2344 3839 2587 3905 scriptum
2608 3837 2835 3906 reliquit,
2861 3837 3127 3905 defunctos
3151 3837 3272 3900 vita,
3305 3835 3471 3887 nudos
3495 3843 3542 3887 et
3574 3838 3740 3900 inopes

2167 3933 2368 3998 inferna
2414 3931 2602 3984 subire.
2648 3927 2732 3982 Ex
2775 3944 2876 3994 quo
2920 3930 3179 3982 Ausonius
3229 3932 3388 3996 facete
3423 3942 3742 3998 congressum

2166 4023 2412 4092 Diogenis
2433 4033 2478 4076 et
2505 4022 2663 4076 (Στωιὶ
2692 4024 2832 4088 apud
2861 4023 3054 4092 inferos
3077 4025 3169 4075 hoc
3199 4023 3420 4074 carmine
3451 4022 3616 4076 lusit:

2239 4113 2488 4184 Effigiem,
2521 4130 2610 4168 rex
2648 4113 2837 4180 Crae'se,
2871 4125 3011 4168 tuam
3038 4114 3283 4167 ditissime
3312 4129 3510 4183 regum,

2323 4205 2458 4258 Vidit
2489 4206 2631 4274 apud
2662 4221 2835 4258 manes
2873 4205 3120 4276 Diogenes
3149 4205 3392 4274 Cyniciis.

2239 4295 2496 4361 Constitit,
2522 4305 2674 4366 utque
2701 4296 2899 4367 procul,
2924 4296 3073 4350 solito
3101 4298 3294 4366 majore
3320 4297 3574 4350 cachinno

2312 4384 2620 4452 Concussus,
2654 4387 2823 4442 dixit:
2849 4386 2984 4450 Quid
3016 4388 3106 4439 tibi
3134 4388 3329 4440 divitia:

2242 4475 2294 4529 Ν
2304 4493 2400 4530 unc
2431 4487 2661 4546 prosunt,
2693 4494 2868 4548 regum
2893 4495 2984 4532 rex
3013 4495 3042 4531 o
3071 4478 3342 4543 ditissime,
3381 4496 3501 4534 cum
3525 4496 3598 4535 sis

2317 4569 2464 4624 Sicut
2494 4587 2608 4640 ego,
2631 4572 2771 4623 solus
2799 4587 2876 4623 me
2903 4588 3102 4639 quoque
3131 4574 3442 4641 pauperior?

2247 4661 2386 4715 Nam
2416 4679 2726 4730 quaen-ique
2747 4662 2924 4726 habui,
2959 4679 3150 4715 mecum
3183 4665 3316 4732 fero,
3347 4681 3464 4717 cum
3501 4663 3632 4718 nihil
3653 4666 3748 4733 ipss

2313 4752 2396 4805 Ex
2427 4754 2579 4804 tantis
2609 4763 2794 4812 tecum,
2819 4751 3004 4814 Crtese,
3035 4755 3192 4817 (iras,
3223 4756 3425 4819 opibus.

2173 4844 2322 4896 Alius
2355 4860 2444 4912 per
2471 4844 2660 4913 gradus
2693 4845 3089 4912 magistratuum
3129 4847 3414 4899 discurrere
3461 4846 3745 4899 conterrrlit;

2173 4936 2342 4997 sicque
2371 4936 2437 4987 ad
2465 4935 2682 4987 honores
2733 4935 2948 5002 obrepit,
2997 4947 3050 4988 ut
3097 4949 3266 5003 postea
3294 4938 3521 5007 fmcibus
3552 4938 3748 5004 coiispi-

2174 5044 2318 5085 cuus,
2357 5028 2576 5080 illustris
2605 5044 2664 5079 ac
2693 5029 2994 5080 reverendus
3020 5040 3282 5097 apparent.
3325 5030 3489 5084 Habet
3519 5035 3646 5084 enim
3677 5031 3747 5100 (ut

2173 5120 2245 5169 ait
2278 5115 2477 5185 Cicero)
2511 5120 2710 5186 justam
2752 5121 3125 5172 venerationem
3162 5122 3410 5190 quidquid
3454 5125 3673 5186 excellit,
3708 5133 3748 5174 et

2176 5211 2312 5261 hunc
2338 5211 2563 5262 hiantem
2593 5212 2890 5277 trigemiuus
2913 5212 3125 5281 plausus
3149 5214 3279 5264 tollit
3304 5225 3348 5265 et
3372 5216 3519 5283 inflat
3542 5231 3558 5266 :
3589 5216 3748 5281 sicque

2177 5301 2413 5368 populari
2439 5317 2567 5351 aura
2603 5311 2817 5363 erectus,
2851 5303 3032 5354 caelum
3064 5319 3115 5354 se
3154 5305 3385 5370 scalpere
3417 5313 3574 5368 putat,
3608 5320 3743 5368 quem

2175 5391 2342 5462 gloria
2373 5392 2692 5458 subsequitur
2718 5394 2883 5444 dulcis
2913 5395 3301 5462 magistratuum
3327 5405 3370 5448 et
3401 5397 3628 5449 laborum
3667 5411 3742 5446 ca-

2172 5499 2298 5544 mes,
2330 5485 2727 5554 alimentumque
2757 5487 2996 5554 cujusque
3025 5490 3182 5539 animi
3203 5493 3452 5556 generosi.
3481 5489 3742 5541 Trahimur

2171 5577 2302 5627 enim
2337 5593 2509 5629 omnes
2536 5579 2704 5630 laudis
2743 5582 2932 5644 stutio,
2977 5592 3022 5632 et
3049 5583 3271 5648 Optimus
3300 5584 3509 5650 quisque
3537 5582 3742 5634 maxim

2173 5667 2336 5735 gloria
2363 5673 2642 5739 saginatur.
2672 5669 2956 5724 Pulchrum
2981 5684 3050 5725 est
3078 5674 3237 5742 digito
3266 5675 3557 5737 monstrari,
3588 5686 3636 5727 et
3667 5673 3742 5722 dia

2172 5772 2277 5811 cier
2307 5760 2386 5813 hic
2414 5770 2505 5814 est.
2547 5759 2733 5816 Verum
2759 5764 3000 5828 quoniam
3033 5763 3334 5833 hujusmoa'i
3371 5769 3641 5834 dignitates
3682 5764 3739 5816 si-
