4010 6372
234 341 331 396 875
344 370 345 377 ι

1286 350 1495 409 VARIA
1535 350 1964 410 MONUMENTA
2006 347 2447 409 LITTERARIA.

3406 352 3509 408 δτι

233 467 292 510 ta:
350 464 468 509 sunt
514 457 569 510 in
621 457 833 513 arbitrio
883 466 1113 530 profante
1170 464 1513 520 multitudinis
1538 506 1554 531 ,
1617 466 1810 520 idcirco
1838 468 2167 528 Amomento
2202 468 2442 537 temporis
2467 466 2775 521 dissolvatur
2822 476 2867 521 et
2896 466 3150 521 intereat?
3179 466 3352 534 Quam
3389 484 3507 523 vero

232 549 395 601 minus
424 550 733 617 exoptanda:
775 552 1027 606 videntur.
1063 552 1129 606 Ut
1169 555 1302 609 enim
1334 558 1565 628 prtecipit
1599 557 1812 612 Anneus

230 641 425 695 Seneca
444 658 464 695 :

513 733 684 789 Vitate
708 753 1020 809 quascunque
1046 738 1200 809 vulgo
1224 741 1446 811 placent.

298 828 466 892 Quam
512 844 627 883 vero
670 831 953 902 improbum
1003 834 1088 897 sit,
1133 843 1179 887 et
1219 844 1586 905 praeposterum
1631 837 1813 907 populi

224 936 435 974 examen
480 929 525 975 et
548 923 828 992 judicium,
872 933 927 978 ut
973 923 1080 978 alia
1124 929 1595 995 prcetermittamus,
1640 945 1811 983 nonne

220 1011 369 1069 unico
410 1008 616 1067 Catonis
662 1021 708 1067 et
766 1012 959 1069 Vatinii
1006 1020 1235 1087 exemplo
1276 1017 1441 1071 licebit
1489 1020 1812 1090 agnoscere?

219 1105 346 1158 Cato
366 1107 502 1160 enim
525 1107 613 1162 ille
635 1109 778 1163 vivax
796 1110 969 1182 imago
992 1114 1255 1181 virtutum,
1291 1123 1531 1181 praetura:
1557 1116 1809 1172 candida-

216 1205 320 1264 tus,
350 1198 614 1267 repulsam
649 1216 829 1268 passus
867 1212 959 1255 est.
996 1201 1233 1258 Vatinius
1265 1221 1382 1259 vero
1408 1206 1562 1261 homo
1589 1209 1710 1263 levis
1761 1220 1808 1265 et

215 1304 438 1359 nequam
466 1291 615 1344 illam
658 1303 731 1347 est
764 1303 1042 1359 assecutus,
1087 1305 1320 1366 stupente
1363 1299 1538 1353 eodem
1577 1301 1802 1370 popello,

214 1380 302 1447 qui
322 1380 420 1435 hoc
447 1382 658 1451 fecerat,
692 1394 739 1437 et
780 1385 1093 1441 admirante.
1130 1386 1286 1442 Hunc
1328 1405 1447 1444 vero
1482 1393 1805 1461 splendorem

215 1473 344 1528 livor
382 1477 677 1546 plerumque
719 1480 1006 1533 comitatur.
1053 1480 1216 1545 Nam,
1265 1493 1319 1536 ut
1360 1484 1524 1553 inquit
1553 1484 1804 1540 /Emilius

219 1570 444 1635 Probus.
487 1582 560 1627 est
589 1574 684 1627 hoc
713 1589 981 1629 commune
1008 1576 1188 1631 vitium
1222 1578 1278 1631 in
1308 1581 1507 1649 magnis
1536 1580 1803 1650 liberisque

218 1663 523 1731 civitatibus,
556 1675 613 1718 ut
642 1666 834 1728 invidia
863 1669 1044 1738 gloria:
1074 1669 1138 1723 sit
1166 1686 1351 1735 comes,
1395 1680 1441 1723 et
1470 1669 1686 1724 libenter
1719 1670 1800 1725 his

221 1754 443 1809 homines
461 1756 759 1823 detrahant,
792 1775 919 1829 quos
955 1760 1157 1814 videant
1190 1762 1343 1815 altius
1371 1779 1641 1833 emergere.
1673 1761 1802 1818 Glo-

215 1845 297 1897 ria
329 1862 616 1916 veroquam
649 1850 835 1919 fallax,
869 1867 1019 1920 quam
1050 1852 1214 1921 turpis
1243 1862 1290 1906 et
1313 1854 1480 1908 inanis
1504 1856 1591 1924 sit,
1625 1864 1795 1910 osten-
1829 1842 1879 1903 B

209 1938 284 1993 dit
309 1938 586 2012 Euripides
614 1943 669 1996 in
696 1944 1082 2007 Andromache,
1118 1946 1171 1997 in
1203 1946 1337 2000 hanc
1372 1948 1673 2001 sententiam
1702 1965 1797 2003 ex-

205 2032 439 2088 clamem
465 2052 479 2089 :
516 2035 560 2089 0
587 2036 777 2107 gloria,
803 2038 990 2108 gloria,
1019 2039 1151 2091 nihil
1174 2040 1319 2092 aliud
1348 2056 1398 2093 es
1420 2056 1572 2109 quam
1597 2043 1800 2096 aurium

204 2122 410 2191 inﬂatio
449 2141 653 2197 magna.
703 2126 879 2198 Hujus
930 2144 1045 2181 vero
1085 2130 1267 2201 gloria:
1307 2138 1351 2183 et
1382 2131 1669 2199 splendoris
1714 2149 1799 2185 cu.-

201 2212 310 2281 pidi
338 2214 570 2285 plerique
602 2234 717 2271 cum
745 2216 842 2272 hoc
869 2219 923 2272 in
951 2218 1161 2288 pulvere
1195 2220 1410 2274 viriliter
1435 2221 1794 2287 desudassent,

202 2320 293 2373 pro
338 2322 549 2361 munere
578 2309 783 2363 tandem
821 2310 1081 2375 exsilium,
1130 2328 1403 2378 carcerem,
1450 2322 1539 2368 aut
1583 2323 1796 2368 mortem

202 2394 420 2451 subiere.
461 2397 609 2464 Alius
651 2409 914 2455 stemmate
937 2411 985 2455 et
1022 2402 1283 2458 nobilitate
1320 2404 1592 2475 gloriatur,
1635 2415 1797 2461 tume-

198 2488 417 2557 scitque,
463 2506 579 2545 cum
620 2496 852 2561 fumosus
898 2496 1155 2567 majorum
1206 2512 1415 2551 suorum
1452 2498 1700 2568 imagines
1739 2500 1795 2552 in

198 2580 330 2633 atrio
358 2581 707 2651 conspicatur,
731 2601 948 2654 quarum
991 2588 1161 2641 simile
1189 2588 1321 2642 nihil
1348 2589 1497 2643 habet
1527 2591 1634 2660 ipse
1657 2605 1796 2659 prat-

196 2676 265 2722 ter
291 2670 545 2737 calorem,
598 2685 652 2729 ut
687 2692 799 2730 cum
846 2677 1088 2733 Cicerone
1131 2680 1335 2750 loquar.
1379 2680 1493 2735 Has
1537 2699 1658 2753 ergo
1686 2684 1794 2753 fre-

191 2774 409 2829 quenter
432 2767 645 2834 suspicit
666 2780 714 2823 et
738 2769 1047 2839 admiratur,
1074 2774 1462 2843 prwtenditque,
1489 2776 1701 2843 perinde
1728 2793 1792 2830 ac

188 2870 509 2923 proavorum
545 2860 681 2913 tituli
705 2869 755 2914 et
792 2863 962 2933 elogia
995 2881 1109 2918 eum
1133 2866 1263 2935 forte
1300 2870 1595 2935 degenerem
1619 2869 1791 2921 sordi-

186 2946 422 3017 dumque
443 2960 608 3023 tegere
630 2955 825 3021 possint
856 2965 903 3009 et
925 2957 1215 3014 honestare.
1240 2959 1432 3023 Contra
1462 2976 1581 3014 vero
1603 2962 1784 3027 evenit,

186 3048 243 3091 ut
269 3041 583 3114 plerumque
624 3062 713 3117 per
740 3046 850 3102 haec
878 3063 1207 3106 monumenta
1232 3052 1453 3107 hominis
1482 3054 1786 3123 improbitas

181 3147 243 3184 ac
286 3134 471 3189 vilitas
524 3141 685 3209 magis
735 3144 1000 3214 magisque
1048 3146 1319 3202 elucescat.
1398 3146 1520 3201 Non
1574 3155 1789 3217 possunt

1915 558 2167 614 sollicitus
2205 569 2251 614 et
2282 558 2585 613 miserabilis
2618 560 2685 612 sit
2712 567 2875 613 status
2906 567 3243 629 tyrannorum
3288 562 3508 629 et-prin-

1919 653 2113 724 cipum,
2161 668 2251 707 rex
2278 653 2367 706 ille
2398 652 2658 723 patefecit,
2689 652 2776 720 qui
2823 651 3063 706 diadema
3091 652 3389 723 priusquam
3419 668 3508 705 ca-
3542 690 3545 691 ν

1915 745 2009 813 piti
2034 762 2128 800 suo
2158 754 2459 815 apponeret,
2484 744 2841 811 considerans,
2883 746 2955 797 ait
2979 758 3000 798 :
3025 742 3069 797 0
3098 742 3315 798 nobilem
3340 744 3507 814 magis

1914 851 2066 905 quam
2088 835 2288 905 felicem
2309 851 2559 905 pannum,
2590 851 2738 901 quem
2759 835 2803 887 si
2827 836 2941 904 quis
2969 835 3313 905 introspiciat,
3350 851 3508 905 quam

1914 928 2088 982 multis
2118 928 2359 997 periculis
2402 935 2450 981 et
2481 927 2698 981 miseriis
2728 928 2796 981 sit
2823 927 3063 995 refertus,
3104 943 3168 981 ne
3221 927 3363 981 humi
3391 928 3508 995 qui-

1913 1025 2029 1075 dem
2049 1022 2303 1093 jacentem
2341 1020 2521 1073 tollere
2558 1018 2725 1073 vellet.
2776 1016 2845 1072 Et
2878 1016 3159 1088 Dionysius
3189 1016 3278 1072 ille
3308 1018 3508 1073 Sicilia:

1913 1122 2187 1183 tyrannus,
2218 1114 2311 1183 qui
2356 1121 2521 1168 metus
2563 1122 2609 1166 et
2648 1110 2879 1183 pericula
2909 1128 3082 1182 regum
3112 1111 3507 1181 principumque

1911 1208 2157 1273 expressit
2195 1222 2315 1261 ense
2363 1203 2454 1260 illo
2486 1204 2580 1259 levi
2622 1206 2710 1273 filo
2754 1219 3025 1275 suspenso,
3055 1203 3502 1274 plurimorumque

1913 1312 2004 1365 per
2028 1312 2121 1350 ora
2150 1296 2376 1366 vulgato.
2410 1294 2587 1350 Scatet
2628 1310 2744 1347 vero
2774 1293 3020 1362 exemplis
3050 1294 3334 1348 innumeris
3364 1303 3506 1346 vetu-

1908 1396 2037 1456 stas,
2068 1388 2223 1459 plena
2248 1396 2318 1442 est
2343 1388 2508 1442 nostri
2536 1386 2781 1455 temporis
2811 1396 2958 1454 tetas,
2996 1390 3084 1456 qui
3112 1404 3254 1459 reges
3280 1398 3326 1441 et
3359 1388 3506 1455 prin-

1910 1486 2044 1555 cipes
2070 1485 2369 1554 felicitatem
2393 1484 2689 1538 calamitate
2711 1482 3042 1537 mutaverint.
3081 1480 3507 1554 Infelicissimum

1906 1588 2079 1634 autem
2106 1596 2266 1651 genus
2295 1580 2566 1650 infortunii
2602 1586 2677 1632 est
2704 1577 2861 1647 fuisse
2895 1576 3117 1647 felicem,
3151 1592 3215 1631 ex
3242 1591 3342 1647 quo
3377 1573 3508 1629 dixit

1908 1670 2157 1727 Horatius
2186 1689 2205 1727 :

2282 1787 2427 1858 Fuge
2454 1803 2660 1859 magna,
2687 1786 2803 1841 licet
2825 1787 2918 1840 sub
2941 1802 3167 1858 paupere
3193 1794 3323 1841 tecto

2125 1885 2286 1957 Reges
2313 1894 2362 1939 et
2390 1900 2567 1955 regum
2590 1884 2692 1936 vita
2723 1892 3020 1954 prtevertere
3040 1883 3251 1936 amicos.

1909 2003 2047 2070 Quid
2103 2003 2167 2056 de
2222 2020 2398 2073 regum
2455 2011 2500 2055 et
2551 2001 2843 2071 principum
2898 1998 3237 2070 familiaribus
3284 1996 3503 2068 loquar?

1905 2096 2095 2152 Nonne
2125 2096 2362 2151 Tiberius
2394 2096 2644 2168 Sejanum
2677 2094 2757 2148 illi
2780 2109 2979 2163 semper
3009 2093 3298 2158 proximum
3332 2100 3378 2143 et
3418 2092 3504 2143 in-

1902 2192 2082 2244 timum
2112 2205 2244 2241 unco
2276 2187 2411 2241 trahi
2440 2195 2489 2240 et
2516 2186 2876 2254 excarniﬁcari
2904 2184 3206 2255 imperavit?
3242 2181 3430 2235 Nonne
3458 2188 3505 2233 et

1901 2281 2165 2335 Domitius
2192 2280 2331 2333 Nero
2364 2278 2608 2332 Senecam
2640 2287 3004 2346 praeceptorem
3034 2278 3100 2328 ad
3132 2286 3342 2329 mortem
3368 2290 3505 2327 com-

1904 2372 2075 2442 pulit?
2104 2372 2455 2443 Papinianum
2498 2371 2649 2424 etiam
2695 2371 2783 2424 diu
2830 2370 2964 2423 inter
2995 2370 3191 2422 aulicos
3230 2375 3503 2438 potentem,

1899 2465 2152 2518 Antonius
2183 2462 2407 2515 militum
2437 2460 2629 2533 gladiis
2659 2462 2885 2532 objccit?
2913 2470 3121 2532 propter
3143 2460 3281 2530 quod
3300 2459 3506 2528 elegan-

1900 2565 1975 2609 ter
1996 2557 2126 2610 dixit
2156 2554 2294 2610 idem
2320 2553 2550 2610 Flaccus
2572 2572 2591 2608 :

2192 2668 2368 2723 Dulcis
2392 2669 2673 2739 inexpertis
2695 2668 2899 2723 cultura
2920 2669 3139 2739 potentis
3167 2669 3338 2733 amici,

2184 2759 2446 2827 Expertus
2474 2759 2668 2813 metuit.

1897 2871 2044 2925 Alius
2091 2870 2377 2925 claritatem
2405 2870 2655 2940 Optimum
2687 2870 2953 2942 judicans,
2987 2870 3266 2939 gloriosum
3318 2884 3500 2923 nomen

1898 2978 2188 3034 prOpagare
2219 2964 2535 3033 festinat,oin
2586 2963 2863 3032 primisque
2894 2980 2947 3015 re
2987 2963 3196 3015 militari
3228 2963 3502 3016 clarescere

1895 3058 2067 3127 gestit,
2102 3056 2361 3118 Ciceronis
2397 3073 2587 3111 memor
2626 3059 2697 3110 ita
2728 3057 3037 3110 scribentis:
3073 3055 3315 3109 Miltaris
3346 3058 3503 3111 virtus

1895 3157 2107 3217 praestat
2146 3147 2295 3201 rebus
2324 3148 2575 3201 omnibus.
2614 3146 2741 3201 Ha’c
2782 3163 2964 3200 nomen
3006 3146 3201 3217 populo
3244 3146 3501 3211 Romano,

180 3239 364 3281 omnes
408 3245 519 3284 esse
548 3232 767 3300 patritii,
816 3247 872 3289 ut
914 3236 1077 3305 inquit
1109 3236 1303 3292 Cicero.
1346 3236 1450 3293 Ille
1488 3255 1604 3293 vero
1649 3240 1789 3293 omni
1819 3227 1867 3293 C
1899 3241 2008 3295 htec
2057 3242 2173 3295 huic
2214 3241 2327 3297 urbi
2364 3250 2608 3296 (sternam
2638 3241 2857 3313 gloriam
2889 3242 3106 3311 peperit.
3157 3239 3285 3294 Hcce
3331 3242 3502 3293 orbem

180 3323 635 3379 commendatione
655 3327 841 3398 dignus
866 3340 960 3398 est,
984 3332 1073 3401 qui
1097 3348 1193 3386 sua
1214 3334 1399 3387 virtute
1424 3336 1639 3404 posteris
1660 3352 1788 3407 prat-

1897 3345 2151 3389 terrarum
2182 3350 2362 3405 parere
2390 3335 2511 3388 huic
2536 3335 2751 3404 imperio
2785 3334 2969 3403 coegit,
3003 3334 3270 3401 omniaque
3305 3334 3503 3387 urbana

178 3412 329 3468 luxit.
397 3414 538 3472 Nam
584 3421 628 3475 si
668 3423 907 3481 nobilitas
950 3436 1021 3480 est
1057 3430 1288 3497 quaedam
1328 3431 1441 3484 laus
1482 3432 1681 3485 veniens
1725 3448 1789 3487 ex
1893 3439 2015 3483 sunt
2040 3431 2094 3484 in
2122 3431 2365 3500 praesidio
2395 3440 2442 3483 et
2471 3428 2632 3483 tutela
2659 3428 2858 3483 bellica:
2879 3428 3105 3481 virtutis.
3139 3426 3242 3479 llic
3270 3427 3503 3497 crgoin-

176 3511 389 3566 meritis
424 3526 725 3583 parentum,
774 3536 854 3575 me
892 3522 1097 3579 hercule
1120 3526 1140 3577 .'
1179 3528 1351 3581 aliena
1389 3538 1483 3583 est.
1534 3528 1785 3588 Miserum

174 3615 291 3657 vero
321 3614 428 3668 est,
478 3616 532 3660 ut
564 3610 635 3663 ait
680 3610 792 3678 ille,
834 3615 1058 3671 aliorum
1098 3618 1387 3676 incumbere
1412 3626 1585 3692 famaz.
1635 3622 1784 3679 Unde

170 3700 412 3763 graviter
437 3700 571 3756 dixit
596 3700 805 3760 Boetius
832 3724 846 3758 :

625 3795 762 3862 Quid
784 3814 944 3868 genus
969 3810 1016 3855 et
1045 3818 1260 3872 proavos
1296 3807 1558 3876 strepitis?

520 3926 527 3929 -
621 3887 686 3942 Si
708 3891 994 3959 primordia
1020 3904 1193 3948 nostra

620 3979 990 4052 Auctoremque
1021 3983 1187 4038 Deum
1207 3996 1419 4059 spectes,

618 4070 814 4128 Nullus
840 4075 1058 4146 degener
1087 4090 1272 4146 exstat,

634 4165 710 4219 Ni
738 4166 874 4219 vitiis
894 4172 1073 4238 pejora
1102 4171 1277 4241 fovens

618 4258 901 4332 Proprium
924 4264 1123 4318 deserat
1152 4276 1341 4320 ortum.

225 4349 399 4403 Alius
430 4351 491 4405 in
519 4368 722 4408 summa
750 4358 977 4427 potentia
1019 4372 1273 4411 summum
1316 4357 1505 4412 bonum
1537 4361 1773 4417 collocat.

156 4436 378 4511 Hicque
422 4452 519 4496 aut
558 4461 770 4517 regnare
798 4450 960 4517 cupit,
994 4458 1084 4503 aut
1128 4450 1331 4520 regibus
1371 4451 1671 4508 adhterere:
1702 4470 1783 4509 re—

147 4554 320 4619 gnum
351 4554 426 4593 ex
458 4536 572 4593 Deo
602 4556 731 4610 esse,
776 4543 873 4596 hoc
916 4542 1189 4598 Homerico
1229 4546 1521 4601 admonitus
1550 4564 1566 4601 :
1598 4547 1782 4620 Neque

143 4639 224 4699 tu,
279 4631 518 4700 Polide,
567 4635 689 4688 velis
736 4637 1042 4692 contendere
1096 4654 1213 4691 cum
1259 4656 1396 4711 rege,
1437 4641 1519 4695 cui
1558 4641 1621 4695 ab
1664 4643 1781 4712 ipso

136 4722 297 4792 Jove,
339 4726 531 4797 qualis
556 4743 819 4797 nunquam
848 4730 1019 4796 alteri,
1064 4730 1253 4785 collata
1293 4740 1365 4785 est
1393 4731 1636 4804 dignitas.
1671 4734 1779 4790 Hic

134 4816 312 4888 igitur
362 4831 427 4872 ut
474 4818 695 4874 excellat
738 4830 786 4875 et
833 4822 1067 4891 imperet,
1118 4824 1193 4878 nil
1231 4825 1560 4889 intentatum,
1602 4827 1781 4897 nilque

128 4913 412 4966 inausum
460 4913 721 4982 linquens,
750 4932 839 4984 per
864 4917 945 4986 fas
975 4926 1022 4971 et
1046 4920 1190 4988 nefas
1220 4919 1288 4973 ad
1309 4928 1476 4974 votum
1512 4922 1779 4990 improbus

125 5018 439 5078 properat,
470 5010 608 5063 illud
635 5010 904 5080 Euripidis
933 5030 1185 5085 usurpans
1213 5033 1232 5072 :
1264 5016 1326 5072 Si
1364 5018 1661 5073 violandum
1679 5022 1779 5091 jus

121 5114 222 5168 est,
258 5102 466 5174 gratia
506 5102 709 5173 imperii
748 5105 1064 5173 violandum,
1099 5110 1292 5163 creteris
1335 5110 1485 5164 rebus
1534 5112 1773 5182 pietatem

120 5194 304 5249 colas.
348 5195 537 5264 Reges
566 5196 699 5249 enim
728 5199 952 5266 proximi
991 5210 1111 5255 sunt
1141 5202 1240 5255 diis
1286 5203 1679 5269 imntortalibus,
1713 5213 1777 5259 ut

112 5286 195 5340 ait
230 5286 472 5342 Cresar.
508 5286 684 5342 Cicero
709 5307 909 5361 quoque
951 5294 1148 5365 regium
1182 5310 1364 5350 nomen
1413 5307 1648 5351 sanctum
1673 5315 1772 5367 ap-

110 5384 325 5452 pellat.
364 5382 448 5436 At
467 5398 577 5451 vos,
604 5388 787 5439 terreni
810 5387 1061 5455 homines,
1094 5406 1261 5444 nonne
1291 5392 1630 5447 consideratis
1652 5394 1776 5462 qui-

106 5475 207 5530 bus
233 5474 562 5547 praesidere
581 5477 899 5534 videamini?
920 5479 1065 5535 Num
1093 5483 1136 5534 si
1167 5482 1302 5536 inter
1330 5500 1497 5540 mures
1525 5486 1767 5541 videretis

104 5568 377 5638 aliquem
407 5567 509 5639 jus
535 5569 634 5623 sibi
662 5587 723 5625 ac
748 5582 1047 5642 potestatem
1073 5575 1437 5645 vindicantem,

314 5662 650 5733 Spectatum
680 5665 891 5720 admissi
921 5667 1083 5721 risum
1106 5669 1319 5723 teneatis
1347 5670 1541 5725 amici?

181 5756 260 5813 Si
299 5770 459 5811 vero
497 5771 683 5825 corpus
717 5757 937 5813 hominis
977 5761 1292 5831 pensitetur,
1337 5762 1464 5833 quid
1516 5780 1572 5818 eo
1608 5765 1764 5820 imbe-

94 5848 332 5921 cimus,
399 5848 537 5919 quid
580 5851 842 5921 fragilius,
890 5869 1004 5907 cum
1049 5870 1400 5927 stepenumero
1449 5866 1498 5912 et
1545 5858 1671 5913 hora
1713 5869 1766 5918 et

465 5937 736 6006 ΡΑτιιοι..
771 5940 997 6008 LXIII.

1890 3523 2088 3599 glorias
2116 3533 2167 3579 et
2186 3524 2297 3579 sine
2326 3524 2532 3578 nomine
2558 3523 2723 3576 brutis
2748 3521 3163 3575 annumerandos
3196 3528 3361 3590 putat,
3385 3535 3503 3572 cum

1892 3620 2178 3689 prtesertim
2200 3619 2278 3673 vel
2309 3635 2435 3687 pace
2464 3619 2542 3673 vel
2571 3617 2704 3671 bello
2734 3619 2933 3670 clarum
2962 3616 3075 3684 ﬁeri
3116 3616 3289 3677 liceat,
3332 3622 3385 3665 ut
3428 3612 3503 3665 ait

1890 3710 1999 3764 ille.
2036 3710 2144 3764 Sed
2171 3709 2458 3780 complures
2485 3708 2639 3762 etiam
2660 3708 2742 3763 sui
2770 3707 3011 3777 temporis
3032 3705 3328 3769 clarissimi,
3353 3705 3503 3772 igno-

1894 3804 1959 3857 tis
1991 3812 2156 3856 tamen
2185 3802 2434 3856 mortibus
2461 3802 2745 3870 perierunt,
2778 3801 2949 3853 nullos
2973 3800 3140 3852 sortiti
3170 3813 3337 3852 rerum
3378 3813 3502 3849 sua-

1890 3911 2007 3948 rum
2028 3896 2321 3964 scriptores.
2356 3894 2494 3960 Quid
2521 3893 2659 3964 quod
2696 3893 2892 3961 scripta
2932 3901 2978 3946 et
3018 3898 3344 3943 monumenta
3375 3896 3500 3943 tem-

1892 4005 2020 4059 pore
2050 3988 2312 4043 tabescunt
2343 3997 2389 4042 et
2418 3987 2713 4041 intereunt?
2739 3984 2889 4039 Unde
2918 3982 3048 4037 illud
3076 3992 3149 4037 est
3173 3999 3191 4036 :

1966 4079 2218 4135 Miremur
2239 4080 2448 4151 periisse
2475 4078 2728 4143 homines,
2761 4083 3090 4130 monumenta
3118 4073 3402 4144 fatiscunt:

2042 4173 2186 4229 Mors
2213 4175 2369 4230 etiam
2392 4174 2530 4227 saxis
2558 4169 2945 4241 nominibusque
2968 4169 3122 4224 venit.

1895 4265 2019 4320 Huc
2045 4266 2182 4321 adde
2210 4267 2346 4335 quod
2376 4266 2421 4318 si
2453 4264 2545 4318 toti
2572 4263 2866 4317 moriuntur
2892 4262 3143 4326 homines,
3166 4260 3305 4331 quod
3327 4266 3500 4312 tamen

1893 4376 1926 4413 a
1954 4359 2143 4413 nostris
2172 4358 2414 4413 institutis
2448 4366 2495 4411 et
2525 4356 2721 4425 legibus
2753 4355 2901 4427 longe
2943 4353 3207 4415 abhorret,
3237 4352 3381 4405 nulla
3419 4358 3495 4403 est

1893 4450 2103 4505 claritas
2139 4460 2187 4505 et
2226 4452 2412 4520 gloria,
2445 4466 2560 4503 cum
2597 4449 2640 4502 is
2686 4447 2894 4501 omnino
2934 4462 3035 4499 non
3074 4450 3255 4498 exstet.
3284 4442 3344 4498 Si
3376 4457 3493 4495 vero

1891 4544 2015 4599 bene
2044 4560 2182 4598 mens
2230 4544 2327 4597 sibi
2368 4543 2569 4597 conscia
2596 4543 2743 4609 recti,
2779 4552 2975 4595 terreno
3026 4554 3229 4592 carcere
3267 4536 3491 4602 reclusa,

1813 4612 2077 4691 1)cvelum
2127 4636 2285 4691 libera
2332 4638 2476 4707 petit,
2522 4650 2690 4689 nonne
2733 4650 2879 4688 omne
2926 4634 3185 4705 negotium
3236 4640 3493 4684 terrenum

1810 5956 1825 5996 I

1895 4732 2134 4799 spernet?
2159 4741 2206 4784 et
2234 4731 2358 4784 cazlo
2384 4730 2583 4798 fruens,
2614 4727 2855 4800 gaudebit
2894 4743 3003 4782 sese
3038 4726 3118 4780 his
3159 4732 3449 4794 exemptam
3473 4721 3500 4774 .9

1901 4821 2048 4877 Unde
2075 4822 2210 4876 illud
2240 4833 2311 4877 est
2335 4837 2355 4874 :

2079 4912 2193 4967 Nec
2222 4912 2346 4966 vixit
2371 4914 2526 4978 male,
2550 4911 2635 4982 qui
2657 4911 2876 4965 moriens
2903 4918 3151 4981 natusque
3181 4908 3383 4980 fefellit.

1896 5005 1967 5063 Et
1987 5006 2077 5062 ille
2110 5004 2443 5076 Vergilianus
2474 5005 2567 5069 ait,

2467 5094 2899 5151 ...Pulcherrima
2920 5096 3139 5167 primum

2108 5189 2198 5245 Dii
2226 5205 2491 5259 moresque
2512 5189 2706 5242 dabunt
2736 5188 2908 5245 vestri.

1889 5304 2039 5360 Alius
2065 5304 2256 5377 gaudio
2296 5304 2575 5373 lcetitiaque
2605 5303 2790 5356 bonum
2840 5303 3063 5355 metitur.
3119 5298 3225 5351 Hic
3256 5296 3504 5369 felicissid

1888 5416 2030 5454 mum
2056 5407 2200 5468 putat
2219 5398 2482 5467 voluptate
2509 5396 2768 5466 difﬂuere,
2801 5393 2870 5445 ad
2898 5409 3051 5463 quam
3084 5407 3174 5444 nos
3216 5405 3501 5459 propensos

1888 5500 2079 5546 natura
2117 5489 2366 5559 impellit,
2398 5491 2500 5542 imo
2531 5485 2815 5559 prwcipites
2843 5485 2975 5555 agit.
3028 5482 3179 5547 Quod
3218 5489 3386 5533 autem
3418 5496 3502 5533 se-

1890 5585 2116 5639 cundum
2137 5592 2378 5637 naturam
2398 5592 2493 5646 est,
2522 5591 2577 5634 ut
2598 5581 2669 5634 ait
2695 5578 3012 5641 Aristoteles,
3034 5578 3087 5629 id
3116 5592 3269 5628 suave
3298 5587 3505 5627 contin-

1889 5676 2003 5745 git:
2032 5683 2410 5745 sequunturque
2433 5672 2603 5725 omnia
2626 5669 2872 5725 animalia
2913 5684 3023 5722 eam
3048 5666 3357 5735 voluptatem
3381 5679 3505 5729 aute

1890 5766 2177 5821 secundum
2208 5776 2446 5819 naturam
2468 5774 2563 5818 est.
2598 5761 2699 5816 llic
2729 5777 2851 5831 ergo
2869 5760 3048 5814 asserit
3075 5758 3195 5809 deos
3228 5767 3504 5825 propterea

1890 5876 2001 5918 esse
2022 5858 2374 5933 sempiternos,
2400 5858 2539 5931 quod
2568 5858 2730 5917 securi
2760 5856 3021 5928 voluptate
3040 5851 3237 5926 jugiter
3264 5846 3494 5923 etconti-

2887 5947 2968 6013 28
