4010 6372
518 366 636 421 875

1178 365 1519 426 APPENDIX
1557 367 1647 423 AD
1685 365 1925 421 LIBROS
1961 364 2050 419 DE
2086 360 2599 419 CONSOLATIONE
2638 356 3129 414 PHILOSOPHIZE.

3688 352 3776 410 8⁵16

523 493 697 539 nenter
760 486 1109 556 perfruantur.
1170 484 1353 541 Libens
1406 500 1527 555 ergo
1590 482 1721 537 illud
1792 480 2099 535 Persianum
2128 478 2393 547 Aponam
2418 474 2728 537 discrimine,
2763 481 2818 526 ut
2846 485 2961 523 cum
3002 468 3144 522 Livio
3178 468 3377 537 loquor.
3418 466 3523 520 Alii
3567 468 3705 519 enim
3734 469 3780 521 in

524 588 738 651 usurpat
761 595 780 631 .-

913 670 1193 740 Carpamus
1224 671 1393 724 dulcia
1416 684 1437 723 :
1468 676 1701 722 nostrum
1729 676 1804 720 est

741 760 892 825 Quod
920 764 1062 827 vivis,
1092 764 1218 816 cinis
1247 772 1293 815 et
1322 778 1518 825 manes,
1549 769 1596 813 et
1618 760 1792 828 fabula
1811 759 1925 828 fies.

524 850 774 941 Craterum
801 855 844 906 si
875 854 1101 908 homines
1130 854 1412 923 voluptates
1437 858 1674 907 abeuntes
1704 850 2105 912 considerarent,

523 940 787 1013 solamque
816 947 939 1014 facti
961 946 1311 1014 paenitentiam
1337 961 1619 1017 superesse,
1651 960 1734 997 eas
1760 942 1926 1011 magis
1952 940 2112 993 decli-

522 1045 703 1088 narent
729 1044 879 1105 atque
905 1037 1209 1110 eﬁugareizt,
1250 1054 1405 1107 quam
1445 1045 1613 1090 nauta:
1643 1034 1859 1088 blandas
1904 1031 2110 1087 Sirenes

523 1135 569 1179 et
598 1142 807 1194 asperas
838 1130 1215 1199 symplegadas.
1262 1128 1387 1193 Quis
1418 1129 1551 1180 enim
1578 1142 1681 1179 non
1720 1125 1880 1178 libens
1907 1126 2112 1192 spernat

522 1231 570 1272 et
589 1221 799 1286 abjiciat
822 1223 1084 1276 vilissima:
1114 1224 1560 1294 fragilissimazque
1597 1222 1669 1275 rei
1700 1220 1929 1290 corporis
1961 1217 2115 1271 servi-

524 1313 693 1367 tium?
722 1313 917 1369 Solitus
944 1328 1053 1369 erat
1092 1318 1257 1369 dicere
1296 1316 1618 1369 Antisthenes
1654 1314 1994 1368 Socraticus:
2022 1310 2115 1364 In-

524 1406 743 1457 sanirem
773 1408 941 1475 potius
974 1423 1125 1474 quant
1157 1409 1453 1461 oblectarer.
1488 1406 1700 1459 Dicebat
1746 1407 1896 1459 etiam
1928 1403 2115 1474 Dioge-

525 1512 613 1549 nes
637 1513 653 1549 :
688 1497 747 1550 Si
772 1516 871 1551 non
901 1498 1025 1551 ebrii
1049 1501 1244 1563 essetis,
1282 1499 1489 1552 Socrati
1530 1498 1773 1566 pareretis
1796 1514 1814 1551 :
1837 1507 1883 1551 et
1912 1504 2003 1549 aut
2025 1512 2117 1564 per

527 1604 696 1641 omnes
718 1598 890 1643 tetates
913 1591 1234 1645 continentia:
1248 1590 1542 1655 studeretis,
1559 1598 1648 1642 aut
1662 1590 1937 1655 suspendio
1958 1588 2117 1641 vitam

526 1678 757 1742 ﬁniretis.
785 1679 909 1733 Cato
929 1697 1127 1749 quoque
1148 1683 1198 1732 in
1230 1682 1457 1734 oratione
1480 1682 1703 1749 quadam
1730 1681 1800 1732 ita
1830 1680 2058 1733 homines
2082 1694 2117 1731 a

524 1769 781 1835 voluptate
803 1771 1018 1824 deterret
1040 1788 1057 1825 .'
1082 1772 1141 1823 Si
1165 1789 1266 1839 qua
1287 1788 1375 1841 per
1403 1771 1709 1842 voluptatem
1730 1772 1957 1840 nequiter
1985 1771 2118 1839 fece-

2212 570 2394 623 litteris
2415 576 2463 621 et
2490 565 2698 634 syllabis
2726 565 2826 617 sint
2868 562 3098 628 occupati
3124 576 3141 613 :
3172 556 3251 611 Tu
3288 560 3563 613 sententias
3600 574 3779 626 quam,

2212 673 2265 716 ut
2295 663 2367 715 ait
2414 659 2784 729 Hieronymus.
2827 655 2918 710 Est
2948 656 3035 724 qui
3073 653 3392 706 dialecticam
3429 660 3589 722 petat,
3624 650 3785 720 saphi-

2210 766 2375 812 smata
2400 753 2636 825 quaedam
2666 761 2713 804 et
2753 749 2997 821 gryphas,
3028 748 3383 816 captionesque
3415 744 3710 813 labyrintho
3747 752 3786 795 et

2214 847 2499 902 Menandro
2544 845 2734 898 similes
2783 850 2981 895 tantum
3037 824 3367 908 percurrens,
3416 851 3715 905 semperque
3748 837 3790 887 in

2212 942 2337 1007 veri,
2379 949 2427 992 et
2475 938 2595 1009 falsi
2633 935 2908 1004 quaestione
2946 942 3245 1000 occupatus.
3291 929 3442 995 Quod
3487 933 3611 981 dum
3658 929 3788 997 facit,

2216 1043 2355 1086 tanto
2385 1033 2443 1100 fit
2471 1046 2503 1084 α
2526 1030 2630 1083 veri
2672 1027 2957 1098 cognitione
2995 1024 3257 1087 remotior,
3284 1032 3475 1091 quanto
3508 1021 3791 1075 Simonides

2214 1127 2304 1180 ille
2333 1141 2364 1177 a
2399 1123 2497 1177 Dei
2530 1122 2743 1176 scientia
2771 1120 3131 1188 repellebatur.
3167 1118 3267 1184 Qui
3313 1133 3427 1169 cum
3470 1116 3534 1169 ab
3573 1115 3792 1169 Hierone

2218 1230 2434 1288 tyranno
2457 1224 2720 1285 cogeretur
2746 1212 2927 1265 rimari
2948 1218 2995 1263 et
3024 1224 3267 1274 querere,
3300 1210 3463 1275 qualis
3495 1206 3634 1260 Deus
3654 1215 3792 1272 esset,

2218 1312 2439 1379 primum
2462 1310 2617 1372 diem,
2648 1306 2830 1360 dehinc
2857 1304 3086 1367 biduum,
3120 1311 3296 1369 postea
3327 1312 3523 1369 tempus
3547 1298 3794 1370 duplicari

2221 1402 2527 1472 postulabat.
2568 1399 2715 1465 Quod
2736 1413 2853 1451 cum
2873 1405 3119 1466 tyrannus
3146 1395 3441 1457 miraretur,
3465 1392 3793 1460 philosOphus

2217 1496 2347 1549 illud
2376 1492 2681 1562 respondit:
2719 1491 2926 1558 Quanto
2961 1488 3095 1542 enim
3125 1487 3318 1539 diutius
3346 1486 3640 1553 considero,
3670 1494 3793 1537 tanto

2217 1603 2299 1642 res
2321 1584 2517 1639 videtur
2540 1582 2819 1638 obscurior.
2856 1580 2949 1635 Est
2977 1580 3065 1650 qui
3105 1578 3172 1633 ad
3195 1577 3505 1631 rhetoricam
3544 1578 3792 1645 deﬂectat,

2218 1694 2330 1730 eam
2352 1677 2580 1746 reginam
2600 1690 2772 1729 rerum
2793 1673 3023 1725 omnium
3044 1668 3336 1740 appellans,
3361 1684 3473 1737 qua:
3494 1670 3702 1738 rupicos
3722 1667 3795 1721 ho-

2219 1770 2381 1823 mines
2410 1778 2459 1823 et
2480 1768 2724 1836 agresteis
2750 1774 2799 1820 et
2821 1763 3156 1836 dispalanteis
3186 1763 3239 1815 in
3269 1778 3431 1815 unum
3461 1763 3792 1832 congregavit,

524 1859 654 1923 ritis,
678 1859 910 1928 voluptas
954 1865 1054 1915 cito
1094 1864 1269 1926 abibit,
1303 1864 1529 1934 nequiter
1572 1865 1765 1934 factum
1802 1864 1932 1918 illud
1974 1863 2115 1931 apud
2146 1865 2194 1926 B
2220 1875 2266 1918 et
2297 1864 2364 1916 ad
2385 1863 2546 1916 civilis
2585 1860 2811 1929 obsequii
2848 1857 3055 1929 pellexit
3083 1856 3428 1926 disciplinam,
3452 1864 3500 1908 et
3526 1869 3644 1924 qute
3673 1858 3793 1923 fora,

523 1964 609 2001 vos
634 1966 825 2018 semper
855 1951 1093 2004 manebit.
1124 1952 1271 2005 Alius
1304 1955 1524 2021 formam
1544 1962 1588 2004 et
1611 1953 1905 2021 dignitatem
1937 1970 2117 2021 corpo-

522 2039 596 2091 ris
638 2042 1111 2107 prtestantissimum
1138 2052 1325 2111 putans
1351 2060 1367 2096 :
1400 2043 1546 2106 Htrc,
1578 2044 1761 2113 inquit,
1795 2044 1887 2096 dos
1909 2055 1979 2097 est
2004 2060 2119 2113 qua:

524 2132 762 2185 conciliat
785 2134 1032 2199 homines,
1053 2151 1265 2205 quicque
1293 2138 1411 2188 deos
1444 2134 1609 2187 allicit
1630 2146 1676 2189 et
1700 2135 1896 2199 invitat,
1922 2136 2119 2203 impru-

526 2224 649 2277 dens
690 2234 842 2293 atque
880 2227 1165 2291 immemor,
1200 2228 1321 2301 quid
1368 2226 1673 2297 Hippolyto,
1721 2227 1845 2293 quid
1889 2224 2120 2280 Bellero-

526 2316 727 2387 phouti,
756 2318 879 2386 quid
901 2318 1221 2388 Hyacintho,
1244 2319 1366 2389 quid
1386 2317 1541 2388 Hyla:
1564 2328 1608 2371 et
1638 2319 1755 2372 aliis
1777 2319 1830 2371 id
1851 2334 2009 2387 genus
2028 2335 2119 2371 ac-

527 2411 727 2476 ciderit,
760 2414 942 2482 quibus
984 2414 1173 2483 species
1205 2413 1538 2479 dispendiosa
1570 2414 1667 2483 fuit
1693 2422 1739 2466 et
1766 2414 1961 2466 noxia?
1999 2412 2124 2467 Huc

528 2502 662 2557 adde
687 2503 824 2589 quod
852 2504 1035 2572 forma:
1057 2505 1192 2557 nitor
1212 2505 1424 2574 rapidus
1450 2514 1523 2558 est
1549 2514 1595 2557 et
1618 2507 1781 2571 velox,
1812 2505 2121 2558 vernalium-

528 2610 623 2661 que
645 2597 829 2664 ﬂorum
848 2596 1189 2649 mutabilitate
1212 2596 1463 2667 fugacior.
1494 2595 1641 2651 Unde
1660 2596 1918 2652 Salustius
1943 2598 2123 2665 forma:

528 2686 747 2753 gloriam
775 2688 974 2757 ﬂuxam
1001 2696 1046 2739 et
1068 2688 1304 2757 fragilem
1324 2688 1496 2742 dixit:
1519 2699 1563 2741 et
1588 2688 1937 2757 Calphurnius
1960 2705 1981 2742 :
2102 2672 2119 2688 ³

600 2776 804 2832 Donum
838 2783 1004 2850 forma
1035 2780 1180 2833 breve
1211 2788 1306 2846 est,
1340 2798 1431 2835 nec
1451 2798 1506 2835 se
1527 2782 1615 2835 tibi
1642 2784 1930 2837 commodat
1950 2783 2118 2836 annis.

534 2866 874 2933 Quamobrem
919 2868 1151 2936 Spurina
1200 2872 1288 2925 ille
1335 2871 1622 2927 Hetruscus
1666 2891 1765 2927 non
1816 2874 2123 2929 mediocrem

531 2954 737 3010 laudem
764 2967 837 3012 est
883 2960 1021 3030 apud
1049 2971 1280 3029 posteros
1318 2974 1603 3030 assecutus,
1636 2966 1771 3033 quod
1800 2982 1917 3019 cum
1959 2968 2127 3036 specie

529 3064 625 3101 sua
647 3048 835 3103 illustri
866 3050 1203 3121 complurium
1234 3061 1587 3108 matronarum
1609 3056 1784 3109 oculos
1804 3056 2121 3121 sollicitaret,

531 3138 713 3205 faciem
745 3141 1007 3209 propriam
1034 3143 1210 3196 multis
1251 3144 1533 3198 inhonestis
1572 3146 1862 3199 vulneribus
1893 3163 1953 3198 ac
1977 3148 2125 3217 [tedis

2220 1956 2504 2027 gymnasia,
2538 1953 2786 2025 porticus,
2817 1950 3035 2013 theatra,
3064 1956 3167 2000 tam
3210 1944 3419 1999 Athenis
3447 1960 3605 2015 quam
3637 1946 3797 1997 Rom

2219 2065 2313 2120 pro
2340 2046 2552 2101 arbitrio
2593 2043 2788 2098 domuit
2816 2041 3071 2109 ﬂexitque.
3121 2038 3227 2093 Hic
3270 2047 3438 2091 tamen
3480 2038 3655 2106 seipse
3690 2052 3797 2089 usus

2222 2144 2441 2214 pessimo
2471 2131 2549 2211 (ut
2576 2138 2788 2208 dicitur)
2818 2144 3146 2209 praeceptore,
3177 2134 3320 2187 nulla
3349 2133 3615 2186 observans
3636 2132 3796 2185 rheto-

2221 2239 2350 2291 rices
2378 2236 2633 2290 catholica
2654 2249 2714 2287 ac
2739 2240 3013 2303 prcecepta,
3038 2238 3210 2283 orator
3228 2228 3334 2281 vult
3353 2227 3627 2295 appellari.
3656 2223 3798 2291 Cum.

2222 2346 2321 2400 que
2349 2339 2468 2383 ante
2505 2328 2676 2382 omnia
2702 2327 2891 2397 apertis
2926 2339 2986 2377 ac
3018 2322 3204 2377 lucidis
3244 2321 3532 2374 nominibus
3564 2321 3635 2372 sit
3667 2329 3800 2373 uten-

2232 2422 2376 2485 dum,
2413 2420 2495 2473 hic
2531 2419 2730 2489 majore
2754 2418 2808 2470 in
2838 2415 3019 2469 litteris
3050 2412 3327 2483 jactantia,
3354 2422 3403 2464 et
3432 2413 3724 2484 σοφιστεία,
3753 2410 3799 2463 id

2226 2525 2299 2568 est
2329 2512 2567 2577 elatione,
2609 2526 2760 2578 quam
2796 2524 2971 2579 Opera,
3011 2506 3171 2560 verbis
3212 2506 3323 2575 jam
3372 2504 3573 2572 pridem
3618 2505 3797 2568 desitis,

2230 2605 2484 2668 obsoletis,
2526 2611 2573 2657 et
2611 2602 2812 2670 penitus
2862 2598 3137 2653 reconditis
3185 2596 3432 2659 abutitur,
3474 2596 3799 2648 cacoselarius

2230 2697 2331 2750 dici
2367 2696 2577 2765 cupiens
2614 2703 2660 2747 et
2699 2692 3038 2760 antiquarius,
3065 2698 3343 2743 ostentator
3368 2688 3531 2756 magis
3571 2687 3801 2740 doctrinis

2229 2805 2382 2859 quam
2409 2803 2556 2842 verus
2588 2800 2868 2855 possessor,
2897 2785 2951 2837 in
2977 2798 3127 2851 quem
3157 2782 3387 2835 convenit
3410 2780 3504 2834 illa
3531 2780 3596 2833 de
3617 2788 3803 2833 oratore

2230 2882 2394 2952 faceta
2418 2880 2686 2949 definitio:
2714 2879 2903 2932 Orator
2923 2887 2997 2931 est
3018 2877 3093 2929 vir
3114 2877 3277 2929 malus
3307 2876 3510 2928 dicendi
3535 2872 3799 2944 imperitus.

2234 2974 2422 3028 Orator
2446 2975 2579 3027 enim
2610 2976 2865 3042 perfectus
2902 2970 3071 3024 adhuc
3099 2969 3434 3023 desideratur.
3467 2968 3616 3021 Alius
3646 2976 3721 3038 (ut
3744 2967 3803 3018 ad

2229 3064 2559 3129 mathemata,
2589 3064 2645 3116 id
2672 3074 2763 3127 est,
2794 3062 2863 3114 ad
2890 3060 3095 3113 altiores
3115 3060 3414 3130 disciplinas
3439 3059 3551 3112 vela
3575 3055 3803 3127 dirigam)

2230 3158 2298 3210 ad
2338 3157 2670 3229 astrologiam
2706 3156 2987 3219 contendit,
3032 3153 3179 3206 illum
3221 3152 3459 3219 judicans
3505 3152 3575 3204 ad
3605 3163 3805 3221 unguem

530 3228 851 3283 cicatricibus
869 3231 1191 3301 deformavit,
1226 3243 1282 3287 ut
1302 3250 1473 3288 veram
1493 3237 1653 3289 animi
1685 3238 2121 3305 pulchritudinem
2150 3251 2198 3315 α
2229 3252 2451 3319 θεαικηι,
2485 3228 2737 3319 supraque
2767 3257 2882 3301 uota
2909 3247 3130 3317 felicem,
3172 3246 3257 3314 qui
3283 3255 3541 3297 astrorum
3574 3245 3805 3297 siderum-

530 3320 785 3375 retineret.
818 3320 1008 3376 Verum
1034 3325 1080 3378 si
1112 3325 1189 3395 (ut
1217 3327 1383 3395 inquit
1419 3329 1736 3397 Aristoteles)
1764 3329 1958 3401 lynceis
2000 3349 2124 3388 ocu-

532 3407 596 3461 lis
646 3410 872 3465 homines
924 3423 1207 3481 uterentur,
1254 3417 1331 3470 sic
1372 3426 1429 3471 ut
1476 3435 1652 3473 eorum
1696 3421 1832 3474 visus
1875 3422 2127 3479 obstantia

533 3503 916 3570 transmitteret,
941 3514 988 3559 et
1003 3518 1289 3577 penetraret
1306 3525 1327 3563 :
1339 3526 1507 3565 nonne
1528 3512 1825 3581 introspecti
1846 3515 2129 3579 Alcibiadis

533 3604 720 3670 corpus
732 3595 1003 3664 superficie
1022 3597 1443 3667 pulcherrimum,
1468 3604 1819 3673 turpissimum
1839 3608 2130 3665 videretur?

532 3679 826 3739 Pulchrum
848 3689 980 3742 enim
1009 3690 1205 3760 aliquid
1234 3692 1393 3747 videri
1420 3709 1520 3748 non
1541 3711 1638 3749 sua
1662 3706 1865 3766 natura,
1895 3701 1981 3754 sed
2007 3716 2128 3753 ocu-

533 3772 703 3829 lorum
743 3781 1080 3849 spectantium
1116 3784 1286 3837 reddit
1333 3786 1631 3854 infirmitas.
1675 3788 1821 3843 Alius
1864 3791 1916 3844 in
1946 3793 2131 3847 virtute

532 3884 703 3925 veram
744 3874 904 3928 animi
934 3878 1168 3945 quietem,
1201 3879 1721 3952 tranquillitatemque
1763 3882 1945 3938 mentis
1980 3899 2132 3954 repo-

533 3986 657 4023 nens
698 3967 883 4037 grandi
924 3984 1116 4037 passu,
1145 3971 1381 4039 omnique
1410 3973 1603 4037 impetu
1642 3972 1711 4025 ad
1741 3989 1851 4027 eam
1878 3974 2129 4044 defertur,

544 4059 823 4113 arbitratus
865 4059 909 4110 ei
952 4059 1126 4111 omnia
1151 4060 1336 4126 inesse,
1362 4077 1509 4129 quem
1544 4079 1697 4132 penes
1726 4064 1793 4117 sit
1817 4065 1995 4131 virtus,
2027 4081 2133 4118 me-

534 4166 646 4204 mor
672 4151 827 4220 hujus
858 4150 1067 4219 hymni:
1106 4150 1306 4218 Virtus,
1331 4156 1523 4225 optima
1549 4158 1746 4211 venatio
1770 4159 1885 4211 vita:
1908 4174 1959 4212 es
1997 4175 2133 4211 mor-

535 4242 722 4296 talibus
748 4242 1001 4298 omnibus.
1036 4242 1216 4298 Talem
1244 4255 1300 4299 tu
1312 4248 1450 4318 jacis
1474 4250 1526 4302 in
1550 4258 1756 4317 pectora
1777 4250 1995 4305 nobilem
2022 4251 2136 4318 fru-

534 4342 691 4400 ctum,
735 4344 979 4405 perpetuo
1022 4346 1244 4408 tempore
1284 4340 1373 4408 qui
1419 4356 1607 4395 manet.
1656 4343 1795 4395 Auro
1836 4351 1892 4395 tu
1931 4342 2131 4396 melior.

534 4426 822 4481 Nocturnis
864 4426 947 4479 hic
991 4428 1150 4498 igitur
1177 4428 1367 4483 chartis
1400 4432 1676 4501 pallescere
1716 4433 1877 4501 cupit.
1909 4432 2133 4487 Zenonis

535 4522 766 4591 exemplo
795 4525 1109 4589 stimulatus,
1155 4528 1241 4595 qui
1278 4542 1394 4579 cum
1434 4527 1731 4598 Apollinem
1768 4530 2127 4593 consuluisset,

2232 3360 2330 3412 que
2362 3353 2581 3405 meatus,
2612 3342 2724 3395 cwli
2764 3341 2974 3403 itinera,
3008 3353 3217 3392 occasus
3262 3348 3309 3389 et
3356 3346 3497 3390 ortus
3539 3337 3801 3407 signorum,

2233 3436 2459 3506 deliquia
2479 3435 2603 3489 solis
2632 3450 2692 3487 ac
2722 3434 2857 3487 luna:
2879 3434 3081 3486 calleat.
3101 3428 3303 3499 Hisque
3318 3428 3545 3483 Hercule
3555 3437 3602 3481 et
3624 3428 3805 3481 Atlante

2232 3527 2477 3593 emeritis,
2500 3528 2716 3597 jamque
2731 3524 2980 3593 fatigatis,
3003 3524 3267 3592 supposito
3289 3522 3493 3586 vertice,
3520 3521 3695 3574 calum
3711 3519 3804 3587 ful-

2234 3620 2338 3674 cire
2378 3618 2535 3686 cupit.
2586 3616 2677 3671 Sic
2719 3616 2855 3670 enim
2902 3616 3089 3685 petitur
3127 3614 3327 3677 cmlum,
3360 3620 3415 3664 ut
3457 3613 3532 3665 ait
3586 3610 3802 3675 Ovidius,

2234 3708 2600 3778 Anaxagoram
2642 3708 2772 3775 forte
2818 3707 3117 3769 demiratus,
3170 3706 3258 3774 qui
3314 3704 3538 3773 lapidem
3589 3718 3803 3755 casurum

2236 3816 2264 3853 e
2285 3800 2392 3852 sole
2422 3798 2680 3865 prtedixit.
2700 3795 2892 3851 Verum
2912 3795 3152 3866 quoniam
3181 3796 3465 3847 innumera:
3493 3802 3613 3845 sunt
3640 3793 3795 3854 stella’,

2236 3905 2348 3958 qua:
2368 3890 2596 3942 nondum
2624 3889 2680 3942 in
2706 3888 3041 3958 cognitionem
3070 3887 3365 3939 mortalium
3387 3884 3703 3946 devenerunt,
3729 3882 3794 3933 id.

2237 3980 2371 4031 circo
2392 3977 2681 4047 astrologus
2702 3978 2999 4048 plerumque
3027 3974 3251 4045 fallitur,
3274 3974 3398 4028 etab
3414 3982 3525 4029 arte
3548 3974 3790 4028 deseritur.

2238 4070 2512 4142 Diogenes,
2531 4071 2592 4124 ob
2620 4071 2735 4136 hoc,
2769 4086 2883 4123 cum
2908 4069 3180 4137 quemdam
3199 4069 3263 4121 de
3286 4066 3411 4121 solis
3432 4078 3620 4120 natura
3640 4082 3691 4119 ac
3714 4079 3795 4133 po-

2240 4173 2417 4215 testate
2447 4164 2794 4227 disserentem,
2828 4172 2875 4215 et
2905 4161 3140 4215 omnibus
3177 4160 3566 4231 persuadentem
3599 4158 3794 4217 vidisset,

2239 4257 2471 4325 quando,
2490 4256 2674 4325 inquit,
2695 4255 2757 4308 de
2777 4254 2901 4308 caelo
2916 4252 3257 4307 descendisti?
3271 4248 3523 4304 (laterum
3536 4250 3582 4303 si
3606 4248 3794 4313 reliquos

2242 4348 2478 4401 humana:
2519 4346 2635 4399 vitae
2676 4361 2869 4398 errores
2909 4345 2963 4397 in
3014 4342 3210 4396 cceteris
3252 4339 3539 4408 disciplinis
3590 4347 3792 4392 enarrare

2238 4442 2437 4507 vellem,
2453 4442 2626 4495 tertius
2640 4440 2856 4508 fortasse
2875 4436 3021 4502 Cato,
3046 4445 3092 4489 et
3115 4444 3321 4488 octavus
3342 4431 3554 4499 saphos,
3570 4437 3793 4493 nouusque

2240 4533 2481 4603 magister
2502 4546 2700 4585 morum
2728 4530 2944 4595 dicerer,
2966 4536 3013 4581 et
3038 4525 3398 4587 subsannarer,
3426 4522 3649 4591 mihique
3666 4516 3795 4573 salit-

536 4632 637 4685 quo
668 4625 814 4685 pacto
839 4617 1028 4685 optime
1057 4617 1221 4671 vivere
1246 4629 1436 4688 posset,
1472 4636 1773 4690 responsum
1801 4622 1994 4691 accepit
2019 4638 2038 4675 :
2069 4622 2134 4677 Si
2162 4623 2219 4683 D
2247 4633 2419 4689 tatem,
2451 4623 2592 4677 vobis
2622 4631 2793 4674 autem
2837 4619 3100 4690 fastidium
3138 4632 3200 4670 ac
3245 4630 3491 4670 nauseam
3529 4614 3794 4683 conflarem.

536 4705 753 4755 mortuis
776 4700 946 4756 colore
970 4719 1183 4757 concors
1202 4712 1349 4767 esset,
1373 4704 1470 4758 hoc
1497 4717 1592 4771 est,
1622 4707 1667 4760 si
1691 4707 1759 4760 ad
1782 4707 2019 4777 legendos
2038 4724 2133 4762 an-

536 4794 793 4863 tiquorum
814 4793 968 4848 libros
996 4811 1183 4864 magno
1208 4795 1379 4848 studio
1406 4813 1515 4850 sese
1530 4798 1851 4852 contulisset.
1881 4799 2134 4854 Caeterum

534 4903 649 4940 cum
675 4888 829 4941 variae
847 4887 949 4940 sint
971 4895 1106 4939 artes
1129 4899 1174 4940 et
1203 4888 1509 4956 disciplima,
1538 4890 1717 4960 estqui
1739 4891 2133 4961 grammaticam

536 4989 786 5035 sectetur:
812 4995 927 5050 qua:
953 4996 1067 5032 cum
1097 4980 1151 5031 in
1182 4979 1313 5032 duas
1343 4989 1516 5050 partes
1560 4982 1840 5049 dividatur,
1886 4992 1939 5036 ut
1968 4984 2133 5051 inquit

536 5068 751 5137 Fabius,
784 5072 837 5124 in
864 5070 985 5123 bene
1027 5070 1266 5139 loquendi
1294 5072 1559 5124 scientiam
1586 5083 1635 5127 et
1666 5082 1935 5142 poetarum
1981 5091 2135 5129 enar-

536 5162 779 5227 rationes,
830 5160 1132 5228 posthabitis
1175 5160 1253 5215 his
1293 5172 1341 5217 et
1381 5164 1599 5230 omissis,
1647 5180 1765 5235 qua:
1800 5166 1870 5219 ad
1916 5166 2137 5221 solidam

536 5252 738 5323 frugem
768 5252 1037 5324 pertinent,
1073 5254 1198 5305 levia
1225 5262 1270 5306 et
1306 5252 1508 5307 ludicra
1545 5271 1778 5310 morosus
1810 5267 1857 5310 et
1890 5257 2137 5313 delicatus

536 5344 666 5398 scire
695 5344 841 5413 gestit
865 5359 883 5395 :
905 5343 1123 5412 exempli
1150 5359 1327 5399 causa.
1360 5344 1573 5413 Quoties
1604 5364 1673 5401 an
1695 5349 1927 5415 quotiens
1958 5350 2023 5403 sit
2056 5351 2137 5403 di-

536 5437 774 5505 cendum,
797 5437 1024 5508 conjuna:
1051 5454 1116 5490 an
1137 5440 1349 5508 conjux,
1380 5450 1428 5493 et
1456 5457 1524 5494 an
1554 5442 1737 5495 amicei
1762 5458 1973 5497 numero
1996 5444 2138 5497 mul-

537 5528 771 5581 titudinis
790 5546 877 5599 per
901 5544 931 5585 e
955 5538 1002 5584 et
1025 5529 1039 5582 i
1062 5528 1483 5598 sitscribendum,
1512 5540 1566 5583 ut
1591 5532 1825 5586 censebat
1850 5530 2095 5605 Nigidius
2116 5550 2136 5586 :

537 5629 586 5673 et
612 5636 681 5674 an
706 5620 861 5674 vireis
892 5630 940 5675 et
965 5622 1158 5676 omneis
1190 5622 1243 5675 in
1280 5622 1472 5690 plurali
1499 5639 1529 5677 e
1565 5635 1813 5690 assumat,
1856 5634 1913 5678 ut
1954 5626 2139 5679 asserit

540 5707 895 5778 Terentianus,
937 5712 1143 5783 aliaque
1174 5713 1227 5765 id
1257 5729 1433 5784 genus,
1468 5730 1580 5783 quae
1618 5715 1672 5769 in
1712 5713 1903 5770 Plauto
1928 5717 2137 5772 subtilis

537 5803 695 5858 lector
720 5803 961 5871 oﬂendet.
1009 5807 1213 5877 Quippe
1240 5824 1352 5877 quae
1390 5808 1532 5865 haud
1575 5814 1806 5885 equidem
1852 5814 1906 5871 in
1948 5830 2131 5886 magno

2246 4714 2331 4770 Ea:
2360 4730 2461 4786 quo
2491 4717 2709 4784 referam
2730 4711 2928 4781 pedem,
2956 4720 3002 4765 et
3021 4710 3088 4762 ad
3108 4708 3415 4761 medicinam
3437 4704 3699 4775 (quamuis
3715 4699 3796 4750 da-

2246 4822 2416 4861 turum
2440 4806 2674 4879 promisi)
2702 4804 2877 4873 paucis
2906 4817 2981 4855 me
3009 4807 3313 4854 convertam.
3334 4799 3463 4849 Ante
3488 4794 3671 4855 omnia,
3695 4786 3800 4879 ensi-ﬁ

2244 4898 2527 4954 nentissimi
2555 4896 2838 4959 auditores,
2862 4907 3063 4946 necesse
3091 4897 3164 4943 est
3202 4889 3295 4942 hoc
3323 4884 3658 4953 pratendere,
3693 4873 3804 4931 nihil

2247 4991 2388 5061 apud
2417 4987 2583 5044 Deum
2608 4987 2721 5057 fieri
2746 4986 2856 5040 sine
2875 4984 3092 5050 ratione,
3124 4990 3179 5035 ut
3207 4981 3279 5034 ait
3304 4976 3670 5047 Hieronymus.
3692 4967 3803 5022 Deus

2247 5091 2420 5137 autem
2445 5082 2535 5152 qui
2561 5094 2759 5134 summa
2784 5078 2917 5130 ratio
2944 5085 3040 5140 est,
3070 5073 3319 5127 hominem
3358 5069 3457 5123 hac
3488 5070 3587 5138 ﬁne
3610 5065 3805 5135 plasma-

2245 5173 2335 5240 vit,
2364 5181 2420 5225 ut
2442 5171 2688 5242 magistra
2717 5184 2779 5222 ac
2804 5168 2931 5220 duce
2964 5165 3180 5230 ratione,
3213 5165 3367 5217 vitam
3403 5162 3460 5215 in
3491 5160 3633 5214 terris
3661 5157 3808 5223 agerc!

2244 5264 2522 5317 ccelestem.
2555 5260 2711 5316 Hanc
2737 5275 2852 5314 vero
2880 5260 2926 5313 si
2967 5260 3244 5323 omitteret,
3278 5256 3334 5309 in
3361 5269 3586 5325 prteceps
3619 5243 3809 5304 collabe-

2245 5363 2428 5408 retur:
2458 5351 2596 5406 unde
2622 5350 2879 5419 sapienter
2909 5349 3039 5403 dixit
3070 5347 3281 5401 Persius
3301 5362 3321 5400 :

2324 5442 2419 5497 Nil
2448 5443 2538 5497 tibi
2568 5441 2813 5496 concessit
2840 5440 2990 5505 ratio,
3022 5439 3238 5510 digitum
3267 5453 3435 5503 exere,
3470 5451 3665 5508 peccas.

2250 5534 2410 5589 Divus
2439 5550 2637 5606 quoque
2668 5531 3013 5603 Hieronymus
3041 5532 3193 5597 dixit,
3222 5531 3453 5602 corporis
3482 5528 3638 5583 nostri
3661 5532 3814 5578 sensus

2250 5646 2357 5683 csse
2375 5629 2522 5701 quasi
2551 5644 2704 5699 equos
2730 5634 2987 5680 currentes
3012 5626 3122 5679 siue
3160 5634 3377 5689 rectore,
3403 5625 3625 5677 animam
3652 5632 3756 5672 vero
3778 5619 3814 5663 ει

2249 5721 2499 5774 rationem
2528 5720 2583 5773 in
2609 5718 2805 5787 aurigas
2847 5716 3057 5769 modum
3094 5716 3309 5768 retinere
3342 5717 3489 5785 frena
3516 5707 3814 5767 currentium.

2254 5811 2502 5884 Quisquis
2522 5810 2679 5881 igitur
2700 5808 2831 5864 duce
2851 5809 3048 5864 ratione
3074 5804 3428 5879 ambulaverit,
3456 5807 3510 5873 in
3536 5800 3702 5880 primis
3722 5796 3814 5867 [ον’
