4010 6372
183 403 277 455 επ

1242 398 1327 453 VA
1339 396 1447 452 [UA
1490 390 1916 450 MONUMENTA
1956 390 2395 451 LITTERARIA.

3346 389 3455 448 878

182 528 353 569 tunam
386 514 521 582 (qua
546 513 681 581 apud
714 512 985 579 prudentes
1015 511 1215 565 nullum
1245 528 1430 565 numen
1455 509 1624 578 habet)
1652 508 1756 561 cal—
1780 507 1835 569 Δ
1860 522 2061 559 sacrum
2087 511 2314 562 studium
2344 508 2664 563 litterarum?
2694 506 2805 562 Hoc
2826 524 2949 579 ergo
2970 505 3135 563 Boetii
3162 523 3292 576 opus
3312 508 3455 574 quis-

183 609 329 673 cabit,
360 620 405 661 et
436 608 599 677 fatum
623 606 852 673 subiiciet
875 606 1103 675 pedibus,
1137 605 1338 659 divitias
1359 614 1407 658 et
1435 620 1554 673 apes
1580 620 1757 672 asper-

183 702 401 758 nabitur.
433 710 809 769 contemnetque
836 711 1077 770 tanquam
1096 700 1503 769 intemperantia:
1523 708 1567 752 et
1588 697 1764 765 nequi-

181 796 262 847 tia
284 794 566 857 materiam,
587 794 909 862 omniumque
924 798 1167 847 scelerum
1183 793 1510 846 seminarium
1526 806 1545 845 :
1566 790 1763 843 dolium

181 906 240 943 ac
262 905 439 953 peram
462 887 701 959 Diagenis
722 888 1058 959 concupiscet,
1084 886 1153 939 ad
1178 895 1415 939 naturam
1439 884 1629 947 vivens,
1650 896 1765 953 qua

180 985 357 1054 paucis
382 991 430 1036 et
450 982 672 1034 minimis
692 990 927 1035 contenta
949 960 1039 1035 est.
1066 978 1091 1031 1
1100 983 1210 1032 dem
1236 978 1508 1031 ambitiosa
1530 976 1759 1037 nomina,

179 1083 224 1125 et
252 1070 459 1125 inutiles
495 1072 862 1141 magistratus,
902 1080 1144 1138 tanquam
1185 1070 1396 1123 blandos
1438 1067 1765 1120 insidiatores

179 1164 565 1233 reformidabit,
615 1164 922 1217 conscientia
976 1162 1220 1232 benefacti
1266 1160 1542 1213 munitus:
1586 1157 1766 1227 hisque

178 1258 322 1310 bonis
344 1256 593 1326 gaudens,
629 1271 745 1325 qua
770 1258 821 1308 in
848 1256 959 1323 ipso
984 1264 1124 1317 sunt,
1158 1261 1365 1307 externa
1391 1252 1695 1321 despiciens,
1718 1256 1767 1304 et

179 1366 275 1401 non
303 1350 436 1401 assis
472 1347 681 1417 faciens,
715 1348 896 1401 virtute
924 1346 1033 1400 sola
1063 1354 1349 1399 contentus.
1386 1342 1453 1399 Ut
1482 1343 1617 1397 enim
1649 1340 1766 1395 Uo-

178 1442 338 1494 ratius
363 1456 384 1493 :
565 1507 577 1517 .

541 1531 715 1586 Virtus
744 1530 963 1601 repulsa
992 1531 1159 1585 nescia
1185 1528 1426 1584 sordida.

542 1624 865 1677 Intaminatis
894 1624 1053 1693 fulget
1082 1622 1375 1676 honoribus.

535 1717 585 1769 Ν
591 1735 645 1769 cc
672 1718 813 1787 ponit
834 1727 921 1770 aut
952 1717 1104 1771 sumit
1129 1732 1327 1770 secures

532 1809 756 1862 Arbitrio
787 1809 1050 1879 papularis
1077 1823 1235 1861 aura.

184 1899 250 1955 Et
275 1898 595 1954 Claudianus
618 1915 638 1953 :

357 1989 484 2057 Ipsa
508 1990 713 2058 quidem
743 1992 903 2044 virtus
930 1990 1149 2061 pretium
1177 1989 1292 2057 sibi,
1324 1989 1533 2056 solaque
1558 1988 1660 2043 late

356 2082 607 2137 Fortuna
627 2098 810 2136 secura
835 2084 979 2150 nitet,
1011 2099 1099 2136 nec
1122 2082 1345 2151 fascibus
1376 2083 1497 2136 ullis

350 2173 618 2247 Exigitur,
642 2176 924 2245 plausuque
947 2176 1069 2247 petit
1094 2176 1368 2229 clarescere
1389 2174 1551 2243 vulgi,

354 2266 451 2321 Nil
474 2284 602 2335 opus
626 2277 849 2321 externa
877 2268 1104 2338 cupiens,
1135 2267 1211 2320 nil
1238 2266 1412 2336 indiga
1442 2265 1635 2320 laudis.

186 2358 411 2412 Gloriam
440 2374 549 2411 rem
574 2359 798 2422 inanem,
828 2368 876 2410 et
906 2358 1059 2411 bulla
1084 2366 1287 2427 repente
1317 2366 1609 2409 tumescenu
1632 2370 1773 2408 com-

181 2450 491 2518 parandam,
543 2466 736 2502 necnon
771 2447 1086 2502 nobilitatem
1116 2458 1360 2518 tanquam
1399 2463 1505 2500 rem
1549 2446 1774 2499 alienam

180 2539 380 2593 ridebit.
416 2537 589 2592 Genus
617 2556 766 2592 suum
786 2539 1001 2603 caleste,
1030 2555 1223 2593 necnon
1254 2539 1500 2609 originem
1525 2538 1775 2592 sideream

185 2632 406 2684 hominis
452 2632 849 2700 contemplatus,
904 2631 1034 2684 dicet
1085 2631 1217 2685 illud
1274 2632 1596 2701 Anaxagora
1626 2646 1646 2684 :
1680 2629 1776 2685 illa

182 2724 345 2787 patria
372 2738 483 2776 mea
513 2730 615 2786 est,
656 2721 838 2775 calum
874 2723 1097 2776 intuens.
1140 2720 1432 2775 Potentiam
1459 2722 1776 2794 principum-

180 2830 266 2881 que
292 2814 681 2881 familiaritates
701 2814 935 2883 refugiet,
961 2815 1116 2884 juxta
1138 2813 1270 2867 illud
1302 2812 1496 2867 Lucani
1518 2829 1538 2869 :

1045 2906 1209 2961 Exeat
1234 2909 1374 2970 aula,

397 3000 500 3065 Qui
531 2998 631 3052 vult
660 3014 768 3052 esse
797 2998 911 3069 pius
940 3014 958 3053 :
990 3000 1148 3053 virtus
1174 3006 1221 3053 et
1249 3014 1449 3052 summa
1479 3006 1703 3067 potestas

399 3090 523 3144 Non
550 3099 749 3145 coeunt.

180 3182 216 3235 Α
237 3184 506 3254 voluptate
541 3183 769 3249 deflectet
788 3223 803 3247 ,
850 3192 1101 3252 tanquam'
1133 3183 1195 3236 ab
1243 3185 1384 3238 hoste
1412 3183 1601 3239 blando
1620 3225 1635 3250 ,
1663 3200 1776 3253 qua

1870 602 1985 669 quis
2012 603 2300 672 perlegerit,
2332 609 2420 654 aut
2463 602 2622 672 (quod
2654 602 2833 657 melius
2852 600 2951 669 est)
2979 602 3194 656 audierit
3226 601 3453 670 (plenius

1867 693 2001 747 enim
2030 693 2122 745 alit
2147 694 2258 747 viva
2286 709 2403 760 vox,
2440 703 2490 745 ut
2520 691 2729 761 dicitur)
2752 693 2982 763 jucunde
3007 703 3052 747 et
3091 692 3307 759 feliciter
3336 705 3456 743 cum

1866 786 2064 840 ratione
2110 785 2372 839 docebitur
2414 786 2612 850 vivere,
2674 785 2871 837 calcato
2914 794 3266 853 expunctoque
3314 779 3456 834 omni

1867 877 2048 930 mentis
2079 874 2299 942 affectu,
2336 876 2584 944 mortique
2627 874 2950 942 praludens,
2986 888 3101 928 eam
3141 878 3314 942 postea
3338 883 3458 924 vere

1866 969 2144 1021 venientem
2171 982 2276 1021 non
2316 968 2480 1020 solum
2526 982 2630 1018 non
2676 964 3004 1033 formidabit,
3047 962 3135 1016 sed
3170 962 3318 1016 latus
3356 957 3457 1027 (uti

1871 1060 2132 1128 Socrates)
2173 1068 2438 1123 occurret,
2481 1072 2691 1127 eamque
2734 1056 2887 1110 corde
2915 1054 3175 1123 intrepido
3212 1061 3259 1106 et
3303 1047 3461 1103 hilari
3522 1124 3529 1127 ν

1870 1154 2038 1223 fronte
2062 1152 2326 1221 suscipiet.
2354 1150 2496 1206 Dixi.

2082 1266 2361 1323 JOANNIS
2401 1263 2782 1322 MURMELLII
2822 1260 3259 1317 PRAELIBATIO

1922 1375 1973 1415 IN
2013 1374 2189 1414 BOETII
2225 1374 2464 1414 SEVERINI
2503 1374 2568 1412 DE
2607 1369 2967 1412 Ρηιιοεοιδιιιιις
3005 1364 3404 1409 αοΝεοιΑτιοιηε

2592 1443 2743 1483 ορυε.

1944 1520 2270 1575 Enarraturo
2288 1522 2415 1575 mihi
2440 1522 2661 1590 quinque
2684 1518 2851 1573 Boetii
2872 1518 2937 1572 de
2963 1514 3301 1587 philosophia
3325 1510 3465 1567 Con-

1873 1612 2123 1667 solatione
2169 1612 2355 1679 libros,
2412 1614 2648 1682 quadam
2702 1611 3021 1681 pralibanda
3071 1618 3221 1675 sunt,
3276 1608 3468 1679 quibus

1873 1707 2214 1759 studiosorum
2252 1706 2413 1759 animi
2442 1707 2511 1759 ad
2552 1722 2613 1759 ea
2635 1720 2747 1775 qua
2770 1702 3039 1758 tractanda
3061 1712 3215 1768 sunt,
3247 1716 3349 1754 non
3377 1700 3467 1752 in-

1880 1812 2103 1866 congrue
2138 1806 2509 1867 praparentur.
2559 1796 2693 1853 Sunt
2725 1804 2894 1850 autem
2941 1796 3044 1850 hac
3072 1810 3091 1848 :
3121 1791 3287 1847 Boetii
3332 1792 3466 1856 vita,

1797 1876 1849 1938 Β
1875 1890 2053 1941 titulus
2082 1889 2271 1957 operis,
2304 1888 2426 1958 styli
2447 1887 2671 1958 qualitas
2692 1927 2706 1952 ,
2732 1887 2996 1943 scribentis
3019 1887 3253 1951 intentio,
3284 1898 3469 1938 nume-

1872 2000 1961 2036 rus
1999 1982 2271 2048 librorum,
2312 1999 2426 2053 qua
2470 1984 2535 2037 sit
2577 1984 2745 2053 aperis
2783 1983 3006 2048 utilitas,
3039 1992 3084 2038 et
3114 1984 3182 2037 ad
3224 1998 3375 2053 quam
3410 1980 3469 2034 id

1875 2076 2216 2146 philosophia
2238 2086 2430 2146 partem
2458 2079 2735 2148 referatur.

2329 2172 2369 2226 Ι.
2416 2173 2657 2228 Severini
2688 2171 2858 2226 Boetii
2888 2172 3018 2226 vita.

1952 2266 2075 2321 Vita
2112 2265 2280 2321 Boetii
2310 2266 2421 2320 hac
2460 2276 2580 2320 est:
2612 2265 2886 2319 Severinus
2925 2263 3136 2317 Boetius
3165 2264 3468 2329 Romanus,

1876 2377 1939 2416 ex
1966 2361 2284 2415 nobilissima
2309 2359 2687 2430 Torquatorum
2707 2358 2906 2428 familia
2925 2358 3243 2429 proqenitus,
3271 2356 3472 2426 generis

1876 2453 2239 2507 claritudinem
2266 2451 2629 2507 honestissimis
2658 2465 2690 2502 a
2718 2449 2935 2520 pueritia
2958 2449 3172 2514 studiis,
3206 2449 3474 2501 virtutum.

1877 2561 1975 2612 que
1997 2561 2061 2597 ac
2084 2545 2434 2599 doctrinarum
2465 2542 2729 2597 nobilitate
2757 2542 3029 2612 superavit.
3056 2538 3184 2594 Cum
3209 2541 3343 2594 enim
3371 2554 3475 2595 non

1880 2637 2048 2689 minus
2079 2634 2254 2689 Grace
2274 2650 2429 2705 quam
2454 2633 2641 2688 Latine
2664 2640 2845 2701 sciret,
2888 2634 3270 2701 universamque
3300 2631 3475 2700 philo-

1879 2727 2117 2796 sophiam
2152 2742 2267 2778 cum
2302 2734 2410 2779 arte
2441 2726 2667 2779 oratoria
2696 2734 2742 2778 et
2771 2724 2968 2794 poetica
3006 2725 3387 2797 conjunxisset,
3420 2739 3476 2780 se

1880 2834 1983 2871 non
2009 2817 2107 2871 sibi
2136 2817 2230 2870 soli
2248 2860 2263 2885 ,
2293 2815 2381 2869 sed
2414 2816 2650 2869 humana
2689 2816 2918 2868 societati
2947 2822 3125 2868 natum
3163 2814 3475 2879 arbitratus,

1879 2909 1957 2963 rei
2004 2908 2169 2962 civilis
2216 2907 2710 2961 administrationem
2750 2906 2997 2975 suscepit,
3032 2921 3217 2975 perque
3256 2898 3476 2958 honores

1881 3001 2226 3073 amplissimos
2267 3000 2451 3055 consul
2492 3002 2679 3066 evasit,
2720 3000 2933 3065 iustitia
2970 2999 3120 3051 rebus
3154 2999 3207 3051 in
3241 2996 3476 3051 omnibus

1883 3095 2050 3148 cultor
2084 3095 2338 3147 maximus
2360 3134 2375 3158 ,
2416 3103 2735 3160 assertorque
2758 3092 3056 3161 singularis.
3101 3086 3249 3143 Unde
3275 3098 3322 3141 ct
3354 3103 3477 3155 pro-

1884 3185 2070 3239 borum
2100 3185 2493 3240 benevolentiam
2522 3186 2737 3255 adeptus
2777 3194 2881 3250 est,
2916 3192 2964 3237 et
2997 3183 3349 3251 improborum
3372 3180 3474 3234 ad-

178 3276 417 3329 suavibus
446 3276 692 3329 illecebris
719 3278 1006 3330 clanculum
1038 3293 1238 3331 omnem
1274 3293 1484 3331 succum
1524 3277 1772 3331 exsorbet.
1800 3248 1850 3313 ο
1881 3291 2056 3333 versus
2074 3296 2127 3333 se
2147 3280 2267 3333 odia
2286 3281 2577 3333 concitavit.
2606 3278 2749 3333 Uxor
2767 3278 2812 3331 ei
2834 3279 2933 3347 fuit
2952 3277 3256 3331 nobilissimi
3275 3275 3478 3347 generis

188 3367 440 3439 Voluptas
470 3370 603 3421 enim
631 3370 785 3422 veluti
824 3368 1011 3423 hirudo
1049 3380 1123 3424 est
1143 3412 1157 3433 ,
1191 3386 1305 3440 qua
1328 3386 1430 3424 non
1456 3379 1528 3425 est
1557 3371 1779 3426 missura

182 3468 374 3524 cutem,
409 3459 517 3512 nisi
550 3459 701 3528 plena
745 3461 960 3514 cruoris.
1011 3457 1259 3513 Formam
1298 3470 1615 3528 contemnet,
1661 3478 1778 3532 qua

185 3554 362 3607 morbis
393 3561 449 3606 et
478 3562 626 3606 atate
652 3554 969 3619 deflorescit,
1007 3568 1216 3624 quaque
1245 3555 1386 3608 hora
1412 3565 1667 3609 momento
1696 3556 1779 3609 in-

186 3644 427 3697 tercidere
455 3651 618 3712 potest
656 3653 703 3696 et
730 3660 1038 3698 evanescere.
1088 3645 1438 3714 Quoniamque
1476 3663 1594 3700 vera
1617 3648 1778 3702 virtus

182 3741 251 3785 est
278 3736 466 3787 vitium
490 3734 683 3804 fugere,
712 3734 774 3787 ob
800 3736 894 3788 hoc
920 3739 1049 3789 idem
1074 3738 1441 3808 grammatica,
1473 3738 1774 3809 dialectica,

181 3826 466 3893 rhetorica,
498 3829 818 3897 astrologia,
851 3836 897 3882 et
928 3831 1043 3883 aliis
1073 3831 1439 3883 mathematicis
1469 3834 1564 3883 hoc
1602 3832 1777 3883 animo

184 3918 435 3973 incumbet
467 3930 512 3973 et
552 3920 873 3990 invigilabit,
922 3930 975 3972 ut
999 3938 1087 3989 per
1124 3922 1214 3975 hos
1254 3923 1462 3975 leviores
1490 3922 1683 3991 gradus
1709 3924 1777 3975 sit

181 4011 246 4062 ad
270 4012 657 4080 philosophiam
670 4013 859 4077 aditus,
885 4011 1284 4083 philosophiam,
1302 4014 1529 4083 inquam,
1546 4015 1777 4069 omnium

181 4102 425 4159 virtutum
472 4106 790 4175 magistram.
825 4106 1025 4175 Quippe
1058 4121 1170 4174 qua
1199 4105 1455 4161 hominem
1484 4108 1700 4176 impellit
1728 4114 1778 4162 et

185 4201 306 4270 cogit
336 4200 527 4253 rimari
554 4211 747 4253 secreta
775 4211 972 4254 natura
992 4242 1005 4264 ,
1032 4217 1242 4272 eumque
1270 4203 1339 4255 ad
1366 4218 1530 4256 mores
1556 4206 1778 4259 calestes

189 4305 493 4361 componens
518 4303 564 4345 et
582 4294 939 4362 cenformans,
966 4290 1129 4346 Deum
1155 4310 1215 4347 ex
1234 4293 1437 4348 homine
1457 4296 1599 4365 facit.
1622 4294 1779 4350 Cum-

181 4396 268 4449 que
289 4384 629 4453 philosOphia
648 4382 713 4435 sit
739 4386 972 4449 quadam
995 4384 1254 4436 meditatio
1276 4386 1475 4448 mortis,
1510 4402 1597 4454 per
1622 4392 1773 4452 hanc,

181 4472 331 4541 inquit
381 4474 679 4544 Diogenes,
725 4473 891 4526 solum
916 4475 1089 4527 anima
1133 4491 1164 4526 a
1206 4480 1413 4545 corpore
1453 4477 1775 4547 disparatur.

178 4564 297 4619 Cum
323 4568 473 4621 enim
512 4566 665 4629 videt,
697 4566 866 4631 audit,
912 4566 1121 4636 olfacit,
1154 4576 1355 4637 gustat,
1397 4568 1541 4622 adest
1568 4585 1774 4639 corpus.

1887 3373 2105 3443 femina,
2132 3372 2349 3441 insignis
2375 3380 2482 3425 tum
2523 3372 2786 3425 modestia
2825 3380 2933 3423 tum
2966 3370 3256 3439 pudicitia,
3295 3369 3473 3423 Rusti-

1885 3466 2057 3527 ciana,
2084 3463 2381 3533 Symmachi
2421 3464 2671 3518 senatoris
2700 3474 2745 3515 et
2786 3463 3072 3516 consularis
3101 3462 3193 3515 viri
3236 3462 3377 3529 filia,
3411 3476 3476 3515 ex

1883 3570 1985 3623 qua
2008 3552 2192 3608 liberos
2220 3555 2477 3621 suscepit:
2505 3553 2778 3624 habuitque
2794 3554 2921 3607 duos
2946 3554 3081 3622 ﬁlios
3111 3554 3331 3621 paterni,
3357 3553 3475 3606 avi-

1886 3648 2023 3715 tique
2048 3646 2235 3716 ingenii
2259 3646 2511 3715 specimen
2540 3650 2888 3715 praferentes,
2922 3662 3046 3712 quos
3074 3656 3215 3713 pater
3244 3646 3351 3713 ipse
3374 3644 3477 3697 ali-

1882 3738 2089 3807 quando
2117 3737 2383 3791 consulatu
2415 3738 2689 3790 honoratos
2715 3738 2865 3790 domo
2889 3737 3097 3806 provehi
3121 3737 3215 3791 sub
3238 3740 3477 3804 frequen-

1885 3833 1957 3885 tia
1981 3842 2181 3898 patrum
2205 3840 2251 3885 et
2271 3832 2429 3901 plebis
2450 3831 2717 3885 alacritate
2739 3834 2880 3885 vidit.
2904 3830 3109 3884 Constat
3131 3838 3301 3884 autem
3322 3833 3475 3884 certis

1883 3923 2194 3987 auctoribus,
2221 3922 2453 3976 Boetium
2473 3922 2573 3975 divi
2602 3922 2864 3975 Benedicti
2889 3922 3111 3975 amicum
3134 3922 3313 3991 fuisse,
3344 3928 3392 3974 et
3418 3920 3475 3973 in

1883 4022 2053 4067 monte
2083 4013 2297 4067 Cassino
2344 4030 2457 4066 cum
2480 4012 2749 4077 Tertullio,
2799 4012 3005 4066 Placidi
3050 4011 3289 4065 monachi
3330 4021 3478 4083 patre

1886 4106 2119 4160 Romano
2148 4114 2406 4169 senatore,
2436 4104 2578 4159 illius
2618 4121 2805 4159 mensa
2844 4105 3158 4160 accubuisse.
3202 4103 3327 4158 Cum
3357 4119 3473 4158 vero

1873 4201 1992 4269 jam
2024 4201 2309 4269 complures
2330 4214 2489 4251 annos
2532 4206 2635 4250 tum
2679 4197 2889 4265 divitiis,
2922 4206 3028 4249 tum
3060 4197 3337 4250 honoribus
3376 4198 3477 4267 fio-

1883 4293 2098 4354 ruisset,
2131 4302 2178 4345 et
2213 4291 2558 4346 incredibilem
2587 4293 2831 4345 virtutum
2860 4295 2968 4361 ejus
3008 4291 3328 4358 splendorem
3368 4291 3473 4344 im-

1884 4383 2158 4453 proborum
2189 4384 2452 4436 hominum
2490 4384 2687 4439 malitia
2731 4386 2863 4453 ferre
2905 4384 3096 4437 diutius
3139 4399 3242 4437 non
3273 4392 3476 4453 posset,

1884 4478 2072 4546 iniquis
2100 4478 2433 4544 pessimorum
2459 4476 2742 4529 delatorum
2766 4476 3061 4529 criminibus
3082 4477 3471 4541 circumventus,

1884 4585 1917 4621 a
1944 4568 2260 4621 Theoderico
2279 4566 2565 4621 Gothorum
2586 4582 2723 4637 rege,
2748 4566 2985 4621 Ticinum
3011 4569 3063 4620 in
3094 4568 3326 4620 exsilium
3357 4566 3473 4634 pul-

180 4655 385 4712 Dicebat
417 4659 558 4711 idem
599 4656 847 4724 Diogenes
874 4672 893 4711 :
924 4656 1050 4711 Cum
1083 4667 1247 4710 mente
1290 4674 1393 4712 non
1440 4659 1773 4728 meditantur,
1804 4628 1862 4701 Ι)
1887 4677 1970 4715 sus
2001 4669 2094 4725 est,
2121 4661 2207 4713 ubi
2231 4662 2291 4713 Ite
2315 4660 2465 4714 inerti
2492 4661 2593 4714 otio
2620 4660 2948 4728 marorisque
2976 4659 3127 4712 (adio
3150 4658 3471 4712 contabesce-

174 4753 417 4804 molestus
466 4751 583 4802 vita
628 4749 746 4816 ﬁnis
786 4759 860 4802 est
894 4750 1259 4817 exspectandus
1287 4766 1306 4803 :
1334 4752 1507 4804 anima
1551 4768 1777 4823 namque
1812 4823 1816 4828 '

174 4844 368 4898 deliciis
400 4845 610 4897 amissis
645 4859 858 4897 marore
895 4843 1129 4911 afficitur.
1169 4842 1359 4897 Verum
1398 4845 1486 4897 ubi
1529 4847 1776 4916 Optimam

172 4938 403 4989 meditati
456 4936 648 4989 erimus
686 4936 1093 5000 meditationem,
1126 4945 1171 4988 et
1213 4938 1316 4989 vita
1358 4937 1527 4990 suavis
1573 4947 1680 5004 est,
1724 4945 1776 4991 et

169 5042 300 5080 mors
344 5026 569 5080 rrsinirne
607 5027 839 5078 molesta.
892 5025 996 5079 Sed
1036 5037 1091 5078 ut
1135 5027 1289 5080 semel
1332 5035 1379 5081 et
1415 5043 1563 5096 apere
1598 5028 1774 5098 aliquo

166 5134 314 5188 reque
348 5121 478 5189 ipsa
503 5118 653 5172 verba
679 5119 967 5171 sanciamus
996 5116 1105 5189 (odi
1134 5122 1265 5173 enim
1308 5122 1561 5175 hominem
1590 5122 1777 5192 ignava

168 5233 344 5282 opera,
381 5214 749 5287 philosOphica
778 5214 1056 5284 sententia)
1078 5217 1339 5285 constitui,
1365 5218 1624 5271 auditores
1663 5216 1773 5270 cla-

166 5313 378 5377 rissimi,
409 5310 595 5363 diebus
630 5309 772 5379 festis
802 5308 1174 5377 philosophiam
1200 5308 1363 5363 Boetii
1389 5310 1586 5378 publice
1609 5311 1773 5381 pro/i-

164 5406 284 5467 teri,
316 5414 377 5457 ut
411 5402 698 5473 aliquando
722 5418 851 5471 apus
882 5417 1006 5469 pene
1032 5401 1262 5455 divinum
1299 5412 1347 5455 et
1372 5404 1569 5457 caleste
1596 5404 1775 5458 relicto

162 5498 256 5548 situ
295 5506 349 5550 et
394 5497 675 5564 squalore,
720 5494 939 5547 nitidum
980 5502 1027 5547 et
1068 5494 1405 5547 emaculatum
1456 5497 1664 5565 prodeat
1716 5497 1774 5549 in

162 5592 351 5655 lucem,
385 5590 573 5659 festis,
600 5588 830 5655 inquam,
858 5586 1055 5641 diebus.
1092 5587 1228 5641 Nam
1254 5593 1329 5659 (ut
1352 5589 1424 5640 ait
1452 5586 1772 5659 Macrobius)

160 5685 200 5736 si
228 5702 325 5754 per
366 5698 531 5736 sacra
560 5679 808 5734 solemnia
834 5681 940 5734 rivo
984 5681 1231 5734 deducere
1272 5680 1413 5734 nulla
1442 5684 1620 5751 religio
1649 5699 1771 5751 pro-

161 5775 330 5841 hibet,
362 5776 412 5827 si
446 5771 647 5826 salubri
673 5772 829 5838 ﬂuvio
860 5787 1079 5825 mersare
1109 5789 1221 5826 oves
1249 5772 1326 5838 fas
1351 5780 1396 5825 et
1427 5776 1540 5837 jura
1570 5774 1768 5841 sinunt,

159 5884 245 5923 cur
290 5884 406 5924 non
458 5863 725 5935 religionis
764 5866 927 5919 honor
958 5873 1159 5934 putetur
1196 5864 1365 5921 dicare
1403 5866 1561 5921 sacris
1591 5865 1769 5922 diebus

1886 4765 1984 4820 rel,
2018 4755 2111 4809 hoc
2138 4754 2364 4808 divinum
2391 4752 2761 4822 philosophica
2782 4753 3142 4807 consolationis
3173 4769 3301 4823 opus
3328 4768 3470 4805 com-

1887 4848 2075 4916 posuit,
2099 4854 2147 4899 et
2170 4845 2238 4897 ad
2262 4854 2570 4913 postremum
2589 4845 2969 4899 incrudescente
2990 4848 3194 4914 tyranni
3215 4846 3470 4911 vecordia,

1885 4952 1999 4989 cum
2040 4935 2349 5006 Symmacho
2382 4952 2558 4991 socero
2595 4952 2688 4990 suo
2727 4937 3059 5004 interemptus
3102 4946 3211 5002 est,
3243 4952 3378 4989 anno
3407 4935 3473 4988 ab

1887 5040 2003 5084 ortu
2033 5029 2222 5084 Christi
2250 5029 2649 5099 quingentesimo
2680 5031 2913 5083 vicesimo
2932 5040 3107 5099 quarto
3125 5071 3140 5096 ,
3174 5029 3250 5083 vel
3268 5028 3327 5082 ob
3353 5046 3471 5082 sus-

1885 5122 2137 5191 picionem
2152 5120 2405 5187 aﬂ'ectata
2420 5122 2688 5185 libertatis,
2702 5120 2777 5174 vel
2794 5122 2930 5189 quod
2948 5125 2999 5175 in
3016 5122 3234 5175 Arianos
3247 5123 3472 5175 invectus

1882 5223 2039 5276 esset,
2068 5231 2283 5285 quorum
2328 5215 2439 5268 labe
2480 5214 2824 5269 Theodericus
2866 5231 2957 5269 rex
3003 5227 3108 5270 erat
3148 5216 3470 5283 inquinatus.

1885 5306 1989 5372 Qui
2016 5308 2068 5360 in
2098 5309 2411 5362 crudelitatis
2446 5323 2554 5362 sua
2579 5308 2819 5361 ultionem
2846 5306 3112 5377 apoplexi,
3148 5307 3223 5360 vel
3261 5308 3336 5375 (ut
3364 5309 3472 5359 vult

1883 5400 2151 5470 Agnellus)
2179 5402 2369 5454 ventris
2399 5400 2650 5469 profluvio
2678 5399 2898 5463 interiit,
2926 5398 3252 5467 nonagesimo
3292 5407 3469 5450 octavo

1884 5491 1967 5546 die
1997 5500 2265 5561 postquam
2303 5494 2409 5559 ejus
2443 5495 2596 5562 jussu
2626 5488 2856 5543 Joannes
2899 5487 3129 5558 pontifex
3169 5497 3217 5541 et
3248 5486 3474 5540 Romani

1883 5583 2118 5639 consules
2146 5599 2209 5636 ac
2236 5598 2493 5637 senatores
2521 5584 2711 5651 aliquot
2742 5578 3015 5644 Ravenna,
3047 5579 3197 5648 famis
3237 5580 3470 5632 cruciatu

1882 5678 1936 5731 in
1965 5693 2168 5731 carcere
2200 5686 2413 5730 mortem
2443 5675 2690 5740 obierant,
2718 5683 2865 5742 atque
2900 5674 3035 5724 anno
3075 5671 3469 5741 duodequadra-

1883 5772 2096 5840 gesimo,
2130 5779 2397 5840 postquam
2434 5767 2603 5822 Italia
2639 5766 2867 5820 dominio
2902 5764 3091 5836 potitus
3131 5774 3261 5819 erat.
3297 5766 3470 5827 Quan-

1882 5882 2037 5935 quam
2062 5864 2348 5935 Procopius
2376 5865 2428 5919 iu
2453 5864 2571 5920 belli
2596 5862 2767 5919 Italici
2793 5855 3255 5934 adversusOGothos
3283 5858 3468 5929 princi-

2542 6030 2569 6059 δ
