4010 6372
522 402 625 459 879

522 530 611 599 pie
632 525 807 599 refert,
833 502 1149 575 Theoderico
1178 525 1290 586 post
1316 514 1507 568 occisos
1535 508 1771 564 Beetium
1797 514 1844 559 et
1870 502 2113 572 Symma-
2141 494 2199 554 Δ

522 597 941 680 ξήατηὴεοηαηιὶ,
964 628 1080 666 cum
1100 618 1224 665 esset
1252 618 1407 677 caput
1435 604 1591 676 piscis
1623 600 1873 664 oblatum,
1900 597 2112 649 horren-

520 713 640 764 dam
662 710 715 763 in
737 707 829 762 ille
849 705 1009 760 visam
1031 699 1328 771 Symmachi
1352 696 1557 768 faciem,
1581 707 1695 764 qua:
1716 688 1858 744 labre
1878 682 2111 757 inferiori

520 800 777 855 mordicus
821 794 1167 867 apprehenso,
1216 789 1313 845 sibi
1369 787 1522 843 torvis
1572 784 1732 839 oculis
1780 781 2062 834 minaretur
2090 790 2111 829 :

520 907 679 962 eoque
718 895 1095 943 consternatum
1126 896 1314 954 pavere
1340 896 1510 951 regem
1541 877 1780 931 incidisse
1806 876 1860 927 in
1902 871 2111 944 xgritu-

523 961 723 1051 dinem,
769 984 823 1037 in
871 997 973 1052 qua
1016 978 1267 1034 levitatem
1310 990 1457 1029 suam
1504 971 1767 1040 confessus
1802 965 1926 1035 fuit,
1978 961 2116 1032 quod

521 1076 716 1131 scilicet
767 1073 1059 1142 pontiﬁcem
1111 1078 1344 1124 sanctum
1399 1065 1568 1118 virum
1620 1071 1665 1115 et
1713 1074 1829 1112 cum
1878 1072 1935 1109 eo
1986 1053 2119 1108 alios

525 1166 749 1219 illustres
782 1165 1062 1225 Romanos,
1094 1170 1141 1213 et
1166 1170 1285 1212 tunc
1327 1150 1778 1225 praestantissimos
1798 1148 1935 1201 viros
1963 1144 2121 1214 Sym-

529 1256 770 1310 machum
806 1271 865 1309 ac
903 1252 1139 1306 Boetium
1173 1250 1241 1303 ad
1280 1247 1598 1321 perditorum
1638 1241 1901 1295 hominum
1941 1252 2123 1308 sugge-

531 1350 747 1401 stionem
791 1346 1003 1409 occidit,
1035 1351 1079 1397 et
1108 1342 1265 1414 paulo
1292 1348 1404 1410 post
1445 1352 1555 1392 eam
1578 1333 1948 1405 confessionem
1984 1331 2123 1384 illico

532 1442 828 1513 exspiravit.
860 1439 1040 1495 Simile
1064 1436 1351 1498 certiusque
1380 1427 1720 1485 testimonium
1742 1424 1921 1479 subita:
1942 1424 2123 1476 mortis

530 1511 743 1603 inﬂictae
780 1531 888 1599 regi
931 1526 1248 1582 Theoderico
1284 1523 1352 1576 ad
1400 1534 1604 1592 poenam
1647 1513 1931 1585 iniquitatis
1976 1511 2126 1579 aﬁ'ert

531 1634 735 1679 sanctus
784 1621 1030 1676 Ecclesia:
1080 1621 1258 1675 doctor
1305 1614 1584 1685 Gregorius
1630 1612 1685 1664 in
1737 1608 1987 1677 Dialogo,
2040 1605 2126 1657 ubi

534 1715 710 1770 scribit
739 1731 758 1770 :
783 1715 1068 1771 solitarium
1089 1727 1290 1783 magna:
1308 1709 1509 1763 virtutis
1535 1706 1701 1758 virum
1721 1702 1862 1772 apud
1883 1699 2127 1771 Liparem

535 1808 759 1862 insulam
801 1810 854 1862 in
892 1823 1055 1862 eremo
1100 1806 1440 1868 habitantem,
1488 1815 1588 1871 qua
1628 1797 1712 1850 die
1754 1793 2025 1862 defunctus
2052 1799 2128 1844 est

1170 389 1517 454 APPENDIX
1556 384 1649 445 AD
1688 383 1933 443 LIBROS
1976 378 2065 435 DE
2104 373 2619 434 CONSOLATIONE
2657 367 3148 427 PHILOSOPHUE.

3696 358 3785 411 880

2219 509 2356 549 nunc
2381 493 2757 547 desiderantur.
2792 487 2958 541 Porro
2984 485 3109 540 liber
3141 480 3228 536 ille
3262 481 3347 550 qui
3370 478 3519 549 vulgo
3550 474 3705 529 Beetii
3734 474 3787 526 de

2217 586 2507 657 Disciplina
2534 578 2844 639 schelarium
2865 579 3179 645 inscribitur,
3204 591 3307 629 non
3326 584 3401 628 est
3422 574 3557 642 ejus,
3585 567 3669 622 sed
3691 566 3793 618 bar-

2220 682 2330 737 bari
2358 680 2526 734 nescio
2552 680 2733 750 cujus,
2764 675 2899 745 quod
2928 689 3043 728 cum
3080 670 3187 723 alia
3220 669 3459 738 pleraque
3499 667 3788 733 coarguunt,

2221 784 2327 828 tum
2355 772 2517 844 stylus
2554 771 2703 841 facile
2738 768 2952 834 indicat,
2985 783 3019 819 a
3045 763 3211 817 Bettii
3250 777 3362 814 cum
3400 757 3679 813 eruditione
3705 762 3798 804 tum

2221 865 2473 937 elegantia
2502 878 2625 917 sane
2662 877 2818 931 quant
2846 860 3062 913 alienus.
3096 854 3219 910 Non
3249 855 3431 923 ignoro
3461 861 3629 903 tamen
3660 844 3798 899 Pium

2221 957 2513 1028 Baptistam
2542 954 2919 1009 Bononiensem
2948 948 3096 1003 aliter
3131 947 3343 1009 sentire,
3381 943 3467 997 sed
3509 957 3623 996 eum
3664 938 3800 1008 facile

2224 1051 2356 1105 alias
2377 1049 2684 1121 refellemus.
2712 1043 2996 1100 Transtulit
3019 1043 3140 1095 item
3162 1038 3371 1093 Boetius
3394 1043 3566 1091 noster
3592 1035 3646 1087 in
3668 1030 3799 1085 Lati-

2224 1156 2347 1195 nam
2373 1129 2610 1214 linguam‘
2632 1136 2921 1206 complures
2943 1131 3229 1188 Aristotelis
3260 1130 3437 1195 libros,
3466 1137 3512 1182 et
3544 1124 3801 1179 nonnullos

2226 1238 2465 1293 Platonis
2511 1236 2779 1306 dialogos,
2832 1231 3089 1301 pollicitus
3128 1228 3281 1282 etiam
3325 1225 3593 1293 utriusque
3641 1221 3802 1273 herum

2229 1329 2650 1401 philosophorum
2692 1324 3015 1379 concordiam
3069 1337 3121 1374 se
3164 1318 3472 1387 scripturum
3515 1330 3535 1367 :
3572 1311 3701 1381 quod
3743 1326 3803 1364 an

2229 1421 2543 1493 prccstiterit,
2566 1423 2879 1487 compertum
2910 1430 3011 1467 non
3033 1410 3295 1464 habemus.
3319 1410 3383 1461 At
3406 1407 3505 1458 hac
3530 1410 3799 1473 tempestate

2230 1517 2378 1570 nulla
2406 1515 2571 1569 Boetii
2604 1510 2957 1580 interpretatio
2988 1514 3173 1570 exstat,
3218 1512 3271 1555 ut
3302 1502 3423 1554 bene
3448 1507 3661 1552 testatur
3688 1494 3800 1548 Lee-

2232 1606 2429 1661 nardns
2472 1604 2711 1657 Aretinus
2748 1602 2801 1653 in
2839 1607 3022 1668 quarto
3060 1593 3410 1665 Epistolarum
3454 1590 3605 1653 libra,
3639 1594 3803 1655 prater

2234 1715 2385 1770 quam
2436 1693 2718 1762 Porphyrii
2757 1699 2802 1744 et
2844 1688 3397 1747 Prmdicamentorum,
3448 1688 3496 1733 et
3549 1681 3666 1752 περὶ
3698 1678 3809 1747 ἑρμη

2234 1804 2377 1855 νεῐας
2415 1791 2679 1845 librorum.
2726 1786 2868 1853 Quos
2903 1784 2947 1837 si
2980 1790 3214 1835 accurate
3246 1778 3409 1847 leges,
3459 1773 3648 1826 videbis
3683 1786 3809 1823 sum-

538 1902 797 1957 Ravennaz
847 1900 1235 1962 Theodoricus,
1302 1865 1726 1949 Gethovcuidam
1790 1882 1949 1937 nobili
2014 1891 2134 1935 tunc

2247 1902 2380 1942 mum
2403 1884 2553 1938 illum
2590 1883 2750 1934 rirnm
2793 1878 2904 1930 sine
2932 1875 3052 1927 ullis
3084 1871 3288 1939 ineptiis
3327 1869 3483 1920 libros
3514 1865 3630 1917 illos
3658 1871 3809 1913 trans-

536 1992 759 2061 dixisse,
795 1994 955 2069 visam
998 2008 1031 2045 a
1064 2007 1116 2045 se
1150 1986 1461 2043 Theoderici
1503 1982 1637 2052 regis
1678 1979 1932 2043 animam,
1962 1991 2075 2045 quae
2096 1990 2133 2028 ct

537 2080 737 2137 Joanne
781 2083 1016 2135 Romano
1042 2081 1284 2150 pontifice
1324 2087 1371 2133 et
1411 2072 1753 2146 Symmacho,
1789 2085 1915 2139 quos
1959 2084 2046 2137 per
2076 2068 2133 2121 id

540 2172 782 2243 temporis
821 2172 1070 2225 occiderat
1090 2211 1105 2236 ,
1137 2172 1192 2223 in
1219 2170 1378 2222 ollam
1411 2164 1629 2219 Vulcani
1660 2160 1931 2231 mergenda
1962 2167 2133 2228 perla-

538 2272 700 2316 retur.
734 2262 861 2335 Ejus
892 2272 1059 2315 autem
1102 2260 1214 2330 ﬁlia
1262 2260 1363 2329 fuit
1394 2251 1813 2315 Amalasiuntha,
1860 2258 1980 2303 teste
2009 2248 2137 2302 Cas—

541 2351 751 2405 siedero
776 2351 1079 2421 gravissimo
1102 2360 1329 2413 auctore,
1356 2347 1489 2399 inter
1518 2342 1789 2415 primarius
1815 2340 2137 2393 rarissimas-

542 2458 640 2512 que
680 2443 893 2513 feminas
935 2439 1358 2501 annumeranda,
1404 2435 1596 2489 Grcecis
1635 2441 1683 2487 et
1714 2430 1911 2484 Latinis
1956 2430 2139 2482 litteris

545 2532 743 2602 egregie
771 2530 987 2598 imbuta,
1019 2532 1295 2584 multarum
1328 2527 1621 2596 linguarum
1648 2523 1809 2593 perita
1832 2564 1847 2590 ,
1871 2536 2025 2591 quam
2050 2519 2143 2572 ille

546 2623 688 2689 dicit,
722 2622 890 2678 videre
914 2622 1254 2677 venerandum
1273 2661 1289 2686 ,
1318 2619 1499 2673 audire
1528 2618 1830 2687 loquentem,
1867 2612 2022 2681 fuisse
2043 2612 2140 2663 mi-

546 2720 801 2773 raculum.
834 2716 982 2785 Hcce,
1010 2716 1327 2772 Theoderico
1360 2723 1503 2785 patre
1527 2728 1621 2766 suo
1654 2718 1870 2773 mortue,
1903 2704 2066 2759 Boetii
2094 2711 2143 2757 et

552 2813 851 2883 Symmachi
880 2812 1002 2882 ﬁliis
1022 2814 1154 2866 bona
1175 2819 1391 2883 paterna
1418 2810 1474 2862 in
1495 2809 1674 2877 fiscum
1703 2803 1874 2858 delata
1898 2800 2142 2855 restituit.

549 2905 759 2973 Aliquot
803 2915 968 2960 autem
990 2906 1136 2959 annis
1165 2914 1297 2974 post,
1330 2918 1448 2956 cum
1493 2898 1687 2954 Totilas
1729 2894 2016 2952 Gothorum
2052 2905 2147 2944 rex

550 3001 729 3056 urbem
754 3000 972 3055 Romam
1000 3002 1244 3070 cepisset,
1275 3006 1514 3052 accusata
1546 2996 1643 3066 fuit
1686 3009 1720 3046 a
1746 2989 1928 3045 Gothis
1968 2987 2147 3042 Rusti-

554 3099 708 3152 ciana
737 3096 901 3153 Beetii
939 3097 1198 3169 quendam
1239 3111 1391 3159 uxor,
1434 3091 1569 3163 quod
1607 3098 1801 3144 statuas
1838 3082 2146 3139 Theoderici

553 3194 689 3263 regis
714 3194 971 3264 confringi
1012 3193 1270 3261 delerique
1296 3196 1519 3242 curasset
1564 3185 1625 3238 ob
1668 3182 1941 3235 vindictam
1980 3176 2145 3230 Boetii

556 3287 732 3341 mariti
760 3302 819 3339 ac
848 3283 1146 3355 Symmachi
1176 3282 1358 3352 patris,
1388 3294 1514 3349 quos
1552 3274 1892 3329 Theodericus
1929 3265 2148 3335 interﬁci

556 3382 761 3450 fecerat.
811 3378 960 3446 Quod
1004 3377 1335 3449 objiciebatur
1376 3369 1577 3424 mulieri
1621 3366 1684 3420 de
1724 3364 1937 3427 statuis,
1975 3373 2149 3413 vcrum

558 3472 719 3541 fuisse
749 3472 1025 3540 putabatur
1046 3484 1065 3522 :
1092 3468 1181 3522 sed
1208 3462 1476 3520 excusabat
1500 3476 1608 3513 eam
1622 3459 1793 3527 justus
1813 3453 1980 3518 dolor,
2010 3451 2151 3521 quod

558 3579 773 3634 magnos
800 3563 917 3616 illos
945 3563 1076 3616 vires
1101 3562 1289 3633 injuste
1312 3566 1509 3613 necatos
1538 3556 1693 3627 fuisse
1721 3550 1998 3607 constabat.
2035 3547 2151 3611 Qua

560 3660 757 3711 ratione
792 3655 985 3710 Totilas
1028 3670 1141 3709 eam
1178 3651 1422 3717 absolvit,
1471 3660 1518 3702 et
1556 3647 1618 3699 ab
1647 3646 1837 3715 impetu
1864 3639 2153 3696 Gothorum

561 3760 729 3807 tutam
756 3752 990 3807 servavit.

695 3842 759 3898 ll.
783 3842 952 3896 Boetii
980 3853 1142 3909 Opera
1168 3852 1287 3907 quae
1310 3847 1451 3888 nunc
1481 3837 1692 3887 exstant
1723 3827 1838 3881 haec
1866 3832 2011 3881 sunt.

552 3928 592 3972 ’·
632 3934 700 3989 1η
730 3932 1006 4005 Porphyrii
1046 3930 1301 4002 lsagogen
1340 3925 1709 3981 Enarrationes
1737 3922 1883 3987 dum,
1912 3919 2078 3989 prima
2110 3923 2160 3970 et

565 4029 810 4084 secunda.

638 4122 706 4177 In
741 4120 1024 4176 Aristotelis
1060 4117 1472 4173 Prazdicantenta
1505 4108 1985 4167 commentariorum
2033 4099 2158 4157 libri

569 4216 696 4272 duo.

538 4372 539 4375 η
568 4322 573 4329 '
637 4309 705 4364 In
731 4307 961 4380 ejusdem
995 4304 1184 4360 librum
1221 4302 1284 4356 de
1314 4295 1742 4367 Interpretatione
1771 4292 1937 4364 prima
1971 4286 2150 4352 editio,

534 4392 537 4395 ⁷
569 4412 614 4457 et
637 4402 860 4457 secunda
888 4401 942 4454 in
967 4415 1055 4453 sex
1087 4397 1241 4451 libros
1271 4392 1565 4449 distributa.

641 4494 792 4547 Liber
811 4494 873 4546 de
898 4489 1263 4544 Divisienibus.

647 4590 795 4643 Liber
824 4589 885 4641 de
919 4583 1316 4656 Diﬁinitienibus

641 4679 962 4734 Introductio
990 4677 1056 4730 ad
1089 4674 1412 4746 Categericos
1439 4668 1798 4741 Syllogismos.

514 4842 515 4845 η
568 4771 711 4825 ψἸη
730 4769 984 4824 Ciceronis
1016 4767 1209 4833 Topica
1235 4760 1713 4818 commentariorum
1736 4755 1853 4810 libri
1882 4769 1989 4810 sex.

640 4862 719 4916 De
749 4861 1065 4930 Differentiis
1096 4858 1274 4929 topicis
1304 4856 1422 4909 libri
1453 4862 1691 4924 quatuor.

639 4958 719 5011 De
747 4955 1056 5025 Syllogismo
1084 4949 1369 5021 categorico
1400 4947 1515 5001 libri
1537 4947 1659 4999 duo.

642 5049 723 5103 De
754 5047 1066 5119 Sylloqismo
1097 5043 1415 5114 hypothetice
1443 5038 1560 5092 libri
1589 5038 1712 5092 duo.

643 5146 725 5200 De
756 5144 999 5198 Trinitate
1020 5139 1139 5194 libri
1156 5140 1287 5215 duo.

644 5241 723 5295 De
754 5196 1166 5292 liebdomadibus
1194 5232 1318 5287 liber
1346 5248 1500 5286 unus.
2144 5196 2190 5269 ‘4:

644 5332 725 5386 De
750 5331 797 5385 ll
804 5332 958 5384 nitate
978 5336 1024 5381 et
1053 5343 1156 5380 uno
1184 5324 1310 5379 liber
1334 5339 1485 5377 unus.

644 5424 723 5478 De
744 5422 953 5477 Duabus
974 5418 1168 5473 naturis
1185 5428 1230 5471 et
1252 5434 1354 5471 una
1378 5429 1594 5486 persona
1614 5411 1824 5479 Christi,
1850 5409 1973 5467 liber
1996 5426 2162 5464 unuse

645 5517 723 5571 De
746 5514 1075 5569 Arithmetica
1104 5510 1222 5565 libri
1253 5510 1378 5564 duo.

648 5608 725 5662 De
754 5607 951 5660 Musica
979 5604 1096 5658 libri
1117 5606 1356 5673 quinque.

648 5700 727 5752 De
755 5696 1043 5751 Geometria
1072 5694 1186 5748 libri
1211 5694 1317 5747 duo
1337 5709 1399 5746 ex
1428 5690 1640 5744 Euclide
1670 5690 1920 5744 translati.

651 5792 727 5843 De
755 5789 1108 5843 Consolatione
1132 5786 1486 5858 philosophiat,
1522 5787 1613 5837 hoc
1644 5800 1772 5850 opus
1800 5781 2045 5834 divinum.

655 5882 872 5948 Scripsit
894 5891 939 5938 et
960 5881 1061 5938 alia
1083 5896 1193 5935 cum
1216 5879 1461 5945 carmine,
1478 5888 1581 5935 tum
1598 5875 1764 5933 soluta
1785 5873 2175 5941 eratione,qaa:‘
2197 5938 2246 5957 ἢ

2239 1981 2436 2035 tulisse.
2473 1975 2660 2031 Textus
2683 1981 2756 2026 est
2785 1969 2976 2023 nitidus
3003 1977 3051 2020 et
3080 1964 3288 2037 planus,
3328 1970 3373 2014 et
3404 1958 3585 2013 Grazce
3612 1971 3807 2021 respon-

2239 2075 2385 2128 dens.
2412 2069 2485 2124 Ab
2517 2067 2693 2121 eodem
2723 2060 2991 2117 Leonardo
3020 2060 3072 2111 in
3112 2058 3288 2127 quinto
3316 2050 3652 2122 epistolarum
3686 2046 3807 2099 velu-

2239 2168 2399 2228 mine,
2436 2161 2646 2216 Boetius
2683 2158 2758 2211 vir
2789 2152 3113 2208 doctissimus
3145 2147 3325 2202 merito
3366 2144 3570 2207 dicitur,
3599 2143 3663 2193 de
3687 2138 3813 2208 cujus

2242 2255 2537 2327 priestantia
2566 2258 2611 2304 et
2635 2249 2857 2302 aliorum
2882 2242 3164 2311 honori/ica
3186 2238 3421 2310 quwdam
3446 2230 3729 2288 testimonia
3751 2229 3811 2281 his

2242 2360 2498 2418 apponere
2522 2341 2723 2396 libitum
2748 2348 2842 2393 est.

2739 2452 2975 2524 Baptista
3001 2450 3317 2506 Mantuanus

2251 2542 2260 2552 ’
2318 2546 2556 2625 Baptista
2580 2520 2898 2606 Mantuanus
2923 2544 2977 2598 in
3003 2541 3333 2612 Apologetice
3359 2536 3592 2589 Boetium
3612 2520 3817 2603 appellat

2246 2646 2605 2719 gravissimum
2632 2637 3105 2703 sanctissimumque
3132 2633 3321 2695 virum,
3345 2638 3391 2683 et
3417 2628 3645 2680 omnium
3669 2623 3820 2677 scien-

2249 2742 2437 2794 tiarum
2461 2736 2821 2808 peritissimum
2840 2747 2899 2785 ac
2922 2724 3399 2801 prcestantissimum
3419 2717 3647 2773 veritatis
3667 2712 3820 2783 inqui-

2249 2832 2456 2886 sitorem
2482 2838 2531 2882 et
2556 2827 2892 2881 inventorem.

2756 2912 2989 2983 Angelus
3019 2904 3338 2965 Politianus.

2322 3014 2545 3086 Angelus
2573 3009 2866 3065 Politianus
2905 3006 2958 3056 in
2988 2996 3329 3055 Miscellaneis
3362 3008 3382 3047 :
3425 2991 3564 3045 Nam
3594 2987 3726 3058 quis,
3753 2984 3824 3036 in-

2251 3112 2387 3181 quit,
2430 3106 2608 3161 Boetio
2638 3103 2715 3157 vel
2745 3102 2797 3153 in
2835 3095 3120 3151 dialecticis
3149 3091 3371 3153 acutior,
3414 3085 3492 3139 vel
3533 3084 3759 3138 subtilier
3781 3079 3826 3131 in

2253 3172 2646 3260 mathematicis,
2664 3193 2741 3247 vel
2760 3195 2812 3245 in
2834 3185 3155 3259 philosophia
3180 3179 3506 3249 locupletior,
3534 3175 3611 3228 vel
3628 3174 3678 3226 in
3698 3172 3828 3223 theo-

2257 3295 2395 3364 logia
2418 3289 2684 3345 sublimior
2706 3287 2730 3339 ?
2759 3284 2922 3350 Quem
2952 3279 3078 3333 tanti
3097 3277 3331 3347 juniores
3355 3271 3507 3323 etiam
3534 3260 3828 3334 philosOphi,

2256 3359 2406 3453 longe
2456 3375 2719 3451 (arbitror)
2759 3374 2987 3428 omnium
3032 3361 3454 3440 perspicacissimi
3504 3359 3747 3427 fecerunt,
3786 3361 3832 3403 ut

2259 3477 2563 3545 Aquinatem
2586 3470 2837 3523 Tltomam
2859 3465 3032 3518 divum
3053 3459 3325 3522 hominem,
3340 3462 3685 3522 magnumque
3702 3442 3831 3497 illum

2258 3536 2470 3622 Thema:
2512 3572 2873 3631 prazcepterem
2914 3555 3083 3625 (Deus
3126 3550 3251 3604 bene
3279 3561 3404 3615 quos
3429 3544 3565 3596 vires
3585 3540 3638 3609 !)
3671 3536 3833 3588 habere

2262 3659 2502 3716 meruerit
2528 3665 2880 3717 enarratores,
2921 3658 2967 3703 et
2995 3648 3055 3701 ab
3097 3646 3254 3716 ipsius
3281 3638 3531 3695 sententia
3560 3650 3625 3688 ne
3653 3634 3715 3687 sit
3740 3627 3830 3682 ulla

2260 3753 2466 3826 quidem
2494 3762 2617 3805 vene
2648 3742 2958 3815 provocatio.

2946 3848 3176 3906 Platina.

2338 3964 2550 4032 Platina
2580 3976 2632 4027 in
2676 3966 2971 4024 Hormisda:
2998 3958 3254 4033 pontiﬁcis
3283 3951 3495 4009 maximi
3530 3949 3653 4003 Vita
3675 3988 3688 4012 ,
3719 3943 3822 3996 litte-

2264 4088 2440 4126 rarum
2464 4064 2801 4122 monumentis
2830 4062 2935 4113 haec
2961 4053 3188 4127 prodidit
3233 4066 3249 4103 :
3292 4046 3528 4101 Boetium
3551 4051 3600 4094 et
3624 4039 3833 4107 Symma-

2267 4162 2421 4216 chum
2462 4155 2807 4213 Theodoricus
2846 4151 2908 4204 ob
2940 4145 3282 4214 suspicionem
3316 4136 3572 4205 affectatae
3614 4130 3831 4185 amans

2197 4264 2203 4270 '
2266 4254 2448 4309 exsilio
2486 4249 2682 4321 primo,
2724 4257 2845 4296 mox
2870 4253 3073 4292 carcere
3098 4233 3273 4303 afficit.
3311 4228 3378 4281 In
3424 4227 3523 4277 hac
3570 4215 3831 4275 calamitate

2269 4313 2571 4401 constitutus
2593 4331 2997 4397 Boetius,multa
3025 4325 3231 4393 scripsit
3258 4336 3372 4391 qua:
3397 4318 3569 4371 adhuc
3598 4313 3825 4382 leguntur.

2165 4627 2251 4696 ιι)
2276 4625 2382 4695 ejus
2415 4617 2617 4672 Musica
2655 4622 2701 4667 et
2732 4604 3067 4663 Arithmetica
3104 4596 3397 4653 ostendunt.
3447 4589 3709 4643 Postremo
3730 4588 3840 4696 ξεττ

2279 4668 2395 4767 ἕωη
2412 4703 2720 4779 Symmacho
2741 4705 2971 4753 senatore
2990 4687 3296 4745 Theoderici
3309 4687 3465 4755 jussu
3483 4688 3705 4733 necatur.
3725 4668 3840 4721 Sunt

2280 4819 2447 4865 autem
2462 4803 2546 4873 qui
2568 4797 2788 4854 scribant
2806 4790 3041 4845 Beetium
3059 4792 3250 4839 tantam
3268 4776 3617 4832 calamitatem
3635 4762 3841 4873 submit,

2280 4898 2417 4972 quod
2446 4850 2498 4949 iit
2538 4892 2757 4946 Arianos
2792 4884 3130 4942 inveheretur,
3166 4874 3231 4927 ad
3253 4885 3379 4941 quos
3404 4860 3744 4920 Theodericus
3769 4850 3849 4902 de-

2284 4956 2581 5048 clinaverat.
2607 4978 2855 5051 Superior
2884 4970 3133 5028 sententia
3172 4965 3297 5019 mihi
3321 4961 3485 5016 verior
3510 4956 3726 5011 videtur.

2462 5094 2700 5167 Raphael
2731 5088 3114 5146 Volaterranus
3152 5081 3208 5135 in
3245 5069 3694 5141 Anthropologis.

2286 5309 2623 5380 suspicionem
2653 5319 2683 5353 a
2712 5295 3032 5352 Theoderico
3068 5304 3186 5360 rege
3227 5282 3406 5340 exsilio
3437 5282 3711 5333 damnatur
3738 5287 3758 5325 :
3787 5264 3865 5380 de;

2286 5351 2621 5380 .....,..-.-..-..-
2656 5351 2680 5353 κ
2718 5351 2737 5352 κ
3126 5351 3146 5360 ν

2282 5406 2407 5462 inde
2428 5398 2671 5455 custodiae
2696 5393 2938 5453 traditus,
2960 5388 3109 5453 plura
3131 5376 3449 5445 conscripsit.
3470 5370 3705 5426 Tandem
3728 5351 3865 5415 simul

2288 5514 2403 5551 cum
2432 5489 2740 5562 Symmacho
2770 5490 3001 5538 senatore
3030 5490 3201 5529 socero
3229 5486 3343 5534 suo,
3376 5467 3594 5535 aliisque
3619 5462 3865 5529 prmstan-

3346 5559 3352 5562 .
3682 5548 3697 5562 ,
3731 5543 3863 5562 ,__,_,

2188 5602 2189 5605 ‘
2286 5589 2418 5644 tibus
2461 5551 2609 5644 viris,
2648 5575 2972 5644 interficitur.
3022 5566 3149 5637 Ejus
3199 5559 3383 5616 deinde
3428 5566 3625 5608 statuas
3660 5543 3866 5601 Amala-

2286 5676 2491 5734 siuntlta
2534 5668 2774 5731 restituit,
2818 5674 2865 5717 et
2896 5634 3178 5714 hceredibns
3213 5647 3581 5720 patrimonium
3620 5634 3869 5727 incolui“

2295 5767 2538 5823 reddidit.
2581 5760 2667 5813 Vir
2694 5756 2920 5812 omnium
2948 5765 3101 5816 unus,
3127 5745 3212 5816 qui
3245 5752 3291 5796 et
3318 5737 3657 5796 doctissimus,
3695 5733 3744 5780 et
3774 5718 3871 5774 εἰπε

2292 5864 2444 5934 genie
2472 5856 2623 5929 fuerit
2648 5854 2702 5909 in
2726 5846 3011 5907 scribendo.
