4010 6372
227 448 319 505 881

322 558 603 613 Matthmus
627 556 926 614 Palmerius
948 556 1287 613 Fiorentinus
1317 559 1368 612 in
1391 559 1694 615 Chronicis.

288 651 497 704 Boetius
518 652 802 704 senatorius
824 652 919 716 vir,
936 652 996 704 ob
1017 652 1352 723 suSpicionem
1375 650 1627 718 aﬂ‘ectataz
1654 653 1806 705 liber-

221 745 335 797 tatis
364 761 394 795 a
426 743 744 798 Theodorico
770 745 949 797 exsilio
977 744 1273 812 damnatus,
1305 761 1520 815 moxque
1546 746 1599 800 in
1628 763 1806 801 carce-

219 853 325 889 rem
347 844 542 905 trusus,
574 837 726 905 plura
754 835 1046 889 conscribit.

754 925 898 982 Idem
938 928 1096 998 paulo
1126 937 1269 999 post.

284 1018 498 1072 Boetius
542 1019 649 1085 iam
685 1019 885 1089 pridem
928 1020 1106 1074 exsilio
1144 1029 1427 1088 revocatus,
1478 1028 1525 1077 et
1566 1022 1807 1093 praetorio

215 1116 506 1184 praefectus,
525 1112 830 1168 Theodorici
839 1115 993 1186 jussu
1014 1116 1166 1170 simul
1189 1132 1305 1170 cum
1324 1115 1638 1187 Symmacho
1658 1133 1811 1171 sena-

214 1218 324 1261 tore
348 1217 392 1261 et
421 1224 537 1261 cum
567 1208 685 1262 aliis
709 1209 1069 1278 prcestanlibus
1100 1210 1219 1263 viris
1244 1209 1567 1277 interficitur.

284 1300 499 1355 Marcus
560 1300 826 1357 Antonius
905 1300 1202 1356 Sabellicus
1267 1301 1536 1358 Enneadis
1605 1310 1809 1360 octava)

857 1390 995 1445 libro
1026 1391 1279 1447 secundo.

283 1489 451 1544 Boelii
473 1490 669 1557 scripta
700 1488 901 1559 longius
932 1488 1144 1555 durant,
1173 1488 1426 1560 variaeque
1452 1498 1705 1544 versatum
1733 1500 1813 1546 est

218 1582 352 1636 illud
381 1582 646 1651 ingenium
681 1597 771 1649 per
809 1596 983 1635 omnes
1011 1580 1350 1652 philosophia:
1382 1590 1549 1650 partes
1589 1592 1693 1635 tam
1726 1599 1813 1638 co-

221 1676 360 1745 piose
384 1684 431 1727 et
458 1674 732 1743 eleganter,
749 1681 805 1726 ut
824 1674 1017 1727 nescias
1034 1683 1206 1727 utrum
1227 1674 1437 1727 ultimus
1461 1676 1614 1745 fuerit
1635 1691 1811 1729 eorum

223 1766 310 1836 qui
341 1765 563 1819 Romane
592 1765 747 1818 locuti
769 1773 903 1831 sunt,
936 1782 1003 1818 an
1034 1766 1227 1834 primus
1256 1767 1343 1836 qui
1372 1766 1675 1821 inclinatam
1699 1768 1808 1821 (lo-

218 1857 471 1929 quentiam
495 1857 550 1910 in
578 1859 829 1927 integrum
856 1857 1119 1910 restituete
1155 1858 1222 1911 sit
1248 1856 1477 1911 adortus.
1509 1858 1731 1926 Scripsit
1752 1860 1809 1912 in

1277 441 1484 499 VARIA
1525 442 1957 501 MONUMENTA
1998 447 2443 509 LITTERARIA.

3414 468 3517 521 882

1833 562 1886 620 Α
1911 572 2023 616 sent
2062 576 2110 617 et
2155 567 2234 618 illi
2278 583 2403 636 Opus
2447 577 2589 622 tuum
2627 572 2905 641 prtvfcrre,
2936 574 2980 627 si
3011 584 3275 641 utramque
3316 580 3516 648 plenius

1918 652 2233 706 didicissent.
2264 652 2344 707 Tu
2371 666 2529 710 artem
2549 661 2851 729 pra’diclam
2874 680 2938 717 es:
2959 664 3240 736 disciplinis
3262 670 3516 726 no'silibus

1914 756 2089 798 natam
2117 762 2209 814 per
2238 748 2584 818 quadrifarias
2624 754 2863 807 mathesis
2902 756 3092 826 januas
3140 760 3382 814 introisti.
3440 762 3517 816 Tu

1915 836 2062 888 illam
2107 837 2162 889 in
2210 847 2408 891 natura:
2448 842 2789 909 penetralibus
2822 847 3193 902 -considentem
3249 861 3517 906 auctorum

1915 928 2061 983 libris
2089 929 2440 997 invitantibus,
2470 935 2640 986 cordis
2670 933 2861 991 lumine
2889 941 3186 1012 cognovisti.
3230 942 3325 997 Cui
3352 945 3518 999 ardua

1916 1041 2063 1081 nosse
2091 1043 2235 1092 usus,
2263 1028 2517 1082 miracula
2540 1039 2823 1085 monstrare
2845 1036 3161 1101 prapositum
3183 1047 3272 1089 est.
3302 1037 3518 1090 Molitur

1917 1118 2203 1185 ostendere,
2232 1121 2369 1186 quod
2398 1120 2754 1191 obstupescunt
2782 1124 3009 1179 homines
3032 1143 3086 1181 se
3118 1128 3387 1194 invenisse,
3419 1131 3516 1183 mi-

1915 1228 2077 1283 roque
2100 1214 2252 1267 modo
2283 1216 2482 1269 naturis
2512 1218 2765 1270 conversis
2789 1219 2915 1288 facti
2946 1218 3165 1273 detrahit
3192 1222 3366 1289 fidem,
3400 1239 3517 1275 cum

1915 1312 2131 1357 ostentet
2152 1312 2196 1358 et
2226 1306 2388 1359 oculis
2404 1307 2666 1360 visionem.
2688 1305 2838 1360 Facit
2867 1325 3027 1377 aquas
3054 1326 3116 1364 ex
3133 1311 3233 1363 imo
3254 1319 3517 1381 surgentes

1918 1395 2205 1463 praecipites
2233 1398 2444 1465 cadere,
2478 1397 2674 1469 ignem,
2710 1400 3018 1466 ponderibus
3056 1418 3289 1464 currere,
3323 1419 3517 1474 organa

1916 1485 2171 1539 extraneis
2200 1487 2401 1540 vocibus
2435 1487 2703 1557 insonare,
2735 1498 2782 1543 et
2821 1491 3101 1561 peregrinis
3147 1493 3348 1561 flatibus
3375 1494 3516 1548 cala-

1916 1593 2030 1631 mos
2057 1580 2302 1647 complet,
2336 1590 2393 1633 ut
2419 1580 2473 1633 in
2502 1582 2674 1635 anima
2716 1585 2911 1651 possint
2948 1593 3057 1637 arte
3084 1595 3311 1639 cantare.
3367 1585 3517 1640 Vide-

1918 1685 2031 1723 mus
2056 1687 2147 1737 per
2169 1687 2280 1724 eam
2301 1673 2620 1741 defensiones
2633 1675 2746 1743 jam
2769 1678 3055 1730 nutantium
3078 1678 3334 1731 civitatum
3354 1679 3517 1734 subito

1920 1764 2014 1817 tali
2045 1764 2291 1832 ﬁrmitate
2314 1781 2641 1838 consurgere,
2676 1776 2729 1819 ut
2758 1770 3287 1823 machinamentorum
3308 1772 3516 1823 auxiliis

1921 1855 2154 1923 superior
2190 1855 2479 1923 reddatur,
2524 1859 2612 1926 qui
2662 1859 2955 1931 desperatus
3003 1862 3192 1915 viribus
3239 1862 3513 1916 invenitur.
3560 1896 3561 1899 η

214 1954 401 2008 divinis
430 1954 690 2023 quaedam,
718 1954 809 2006 sed
834 1954 888 2006 in
915 1953 1285 2007 mathematicis
1306 1954 1465 2007 multo
1486 1955 1657 2025 plura.
1692 1954 1807 2009 Ex-
1839 1945 1891 2008 B
1918 1949 2187 2006 Madentes
2217 1953 2426 2019 fabrica:
2452 1955 2505 2007 in
2538 1972 2673 2025 aqua
2699 1956 2899 2009 marina
2924 1957 3202 2009 siccantur.
3231 1954 3375 2009 Dura
3401 1972 3517 2009 cum

210 2054 351 2100 stant
394 2045 451 2098 in
496 2044 802 2099 dialecticen
848 2045 1233 2110 commentarii,
1285 2054 1443 2099 exstat
1489 2056 1537 2100 et
1580 2063 1804 2102 carmen.

211 2137 469 2193 Ceterum
511 2152 627 2189 cum
672 2144 941 2207 utrumque
979 2136 1044 2189 sit
1082 2136 1146 2190 ab
1186 2136 1349 2191 altero
1392 2139 1666 2202 diversum,
1688 2142 1811 2208 jure

209 2230 441 2284 dubitari
462 2230 622 2298 possit
644 2238 815 2283 utrum
838 2230 990 2296 fuerit
1014 2228 1093 2282 illi
1124 2239 1312 2283 natura
1331 2232 1493 2301 magis
1524 2232 1805 2303 praprium.

214 2320 281 2376 In
309 2323 508 2376 cunctis
538 2332 639 2374 tam
668 2310 837 2375 ca'stus
865 2330 913 2375 et
939 2320 1165 2393 elegans,
1198 2330 1251 2374 ut
1306 2339 1417 2376 cum
1440 2323 1663 2391 quolibet
1692 2340 1802 2377 nta-

210 2418 383 2480 iorum
410 2423 586 2469 certet.

278 2509 440 2576 Apud
472 2507 837 2562 Cassiodorum
861 2508 915 2561 in
958 2508 1100 2562 libris
1126 2510 1387 2563 variarum
1420 2526 1590 2564 rerum
1618 2512 1813 2580 aliquot

212 2604 465 2667 eruditw,
493 2612 539 2656 et
580 2619 696 2656 eum
724 2603 935 2673 primis,
964 2603 1260 2672 honorifica:
1288 2602 1593 2657 Theodorici
1619 2603 1814 2659 Cotho-

209 2714 322 2750 rum
354 2696 494 2767 regis
522 2696 590 2748 ad
622 2693 855 2749 Boetium
888 2696 1114 2765 epistola:
1141 2696 1397 2766 leguntur,
1419 2713 1633 2768 quarum
1658 2715 1813 2754 unum

211 2789 308 2844 hoc
343 2787 670 2855 potissimum
699 2786 812 2841 loco
841 2787 1191 2841 ascribendam
1216 2789 1390 2854 putavi
1414 2805 1433 2841 :

282 2900 303 2933 α
315 2880 505 2934 Boetio
516 2881 623 2932 viro
640 2878 829 2933 illustri
840 2880 1075 2949 patricio,
1093 2878 1439 2934 Theodoricus
1453 2896 1541 2935 rea:
1554 2880 1808 2937 Salutem.

280 2998 301 3031 ι
336 2976 652 3047 Spernenda
681 2992 781 3030 non
811 2985 928 3030 sunt
952 2993 1066 3044 qute
1092 2993 1124 3029 a
1147 2977 1323 3031 vicinis
1342 2978 1542 3047 regibus
1566 2994 1816 3048 prcesum-

199 3070 411 3140 ptionis
440 3069 613 3139 gratia
643 3066 969 3135 postulantur
990 3106 1006 3133 ,
1050 3067 1173 3120 dum
1213 3068 1509 3138 plerumque
1538 3086 1615 3124 res
1645 3088 1816 3142 parvce

196 3163 322 3233 plus
361 3160 645 3227 prwvalent
673 3166 914 3227 praestare
943 3174 1097 3227 quam
1122 3174 1321 3228 magna:
1346 3167 1560 3229 possunt
1594 3161 1816 3216 obtinere

198 3255 429 3308 divitiae.
462 3249 779 3321 Frequenter
811 3253 943 3303 enim
972 3249 1107 3318 quod
1134 3267 1279 3304 arma
1308 3253 1510 3319 explere
1538 3265 1814 3323 nequeunt,

196 3345 589 3399 oblectamenta
615 3342 881 3396 suavitatis
921 3341 1206 3411 imponunt.
1251 3341 1335 3397 Sit
1375 3359 1492 3413 ergo
1534 3360 1627 3414 pro
1661 3361 1815 3415 repu-

196 3439 337 3492 blica
371 3478 391 3501 ,
427 3445 473 3489 et
504 3452 617 3489 cum
647 3434 824 3489 ludere
866 3436 1111 3491 videmur.
1161 3436 1303 3491 Nam
1352 3439 1465 3493 ideo
1515 3442 1813 3512 voluptuosa

193 3531 499 3600 qucerirnus
520 3573 533 3595 ,
569 3536 624 3581 ut
653 3543 743 3597 per
771 3527 893 3598 ipsa,
911 3528 1047 3581 seria
1075 3530 1439 3598 compleamus.
1486 3530 1814 3604 Burgundio-

195 3641 322 3677 num
356 3625 543 3691 itaque
576 3622 812 3675 dominus
846 3638 879 3673 a
916 3621 1057 3675 nobis
1101 3639 1406 3694 magnopere
1440 3626 1713 3694 postulavit
1756 3636 1813 3681 ut

196 3715 584 3785 horologium,
615 3714 751 3783 quod
785 3713 931 3782 aquis
956 3714 1051 3767 sub
1078 3715 1286 3768 modulo
1314 3718 1583 3785 fluentibus
1618 3728 1812 3788 tempe-

194 3817 373 3870 ratur,
410 3805 619 3874 etquod
649 3805 771 3858 solis
795 3806 1025 3859 immensi
1051 3809 1413 3874 comprehensa
1441 3808 1814 3866 illuminatione

192 3898 574 3969 distinguitur,
607 3913 720 3951 cum
746 3898 1001 3968 magistris
1026 3914 1198 3952 rerum
1226 3900 1272 3953 ei
1299 3902 1635 3955 transmittere
1660 3902 1812 3958 debe-

186 4006 418 4054 remus,
442 3996 693 4057 quatenus
720 3987 1001 4055 impetratis
1031 3987 1447 4044 delectationibus
1477 3994 1811 4061 perfruendo,

183 4081 349 4151 quod
380 4080 535 4133 nobis
563 4080 934 4151 quotidianum,
958 4080 1062 4134 illis
1089 4080 1324 4135 videatur
1351 4099 1459 4138 esse
1486 4085 1811 4142 miraculum.

184 4174 401 4228 Merito
447 4173 701 4242 siquidem
747 4174 998 4241 respicere
1046 4176 1297 4245 cupiunt,
1348 4177 1485 4245 quod
1533 4176 1816 4247 legatorum

185 4282 439 4321 suorum
466 4266 799 4319 relationibus
829 4268 1201 4337 obstupescunt.
1236 4267 1351 4320 [loc
1379 4279 1426 4321 te
1455 4270 1617 4324 multa
1645 4274 1816 4327 erudi-

175 4362 329 4415 tione
363 4360 677 4429 saginatum
702 4360 776 4411 ita
805 4376 950 4413 nosse
973 4361 1265 4427 didicimus,
1290 4371 1344 4415 ut
1365 4371 1499 4417 artes
1526 4382 1652 4434 quas
1675 4384 1818 4421 esser-

170 4461 296 4506 cent
346 4451 649 4521 vulgariter
680 4452 988 4516 nescientes,
1021 4453 1075 4504 in
1111 4453 1223 4522 ipso
1258 4453 1642 4520 disciplinarum
1679 4461 1818 4527 fonte

166 4543 493 4614 potaveris.
532 4541 623 4595 Sic
651 4543 784 4594 enim
818 4541 1200 4595 Atheniensium
1224 4544 1425 4598 scholas
1448 4545 1598 4616 longe
1624 4549 1818 4616 positus

167 4637 477 4699 introisti,
521 4634 598 4687 sic
634 4633 964 4702 palliatorum
1005 4635 1171 4688 choris
1222 4639 1469 4691 miscuisti
1513 4647 1726 4711 togam,
1762 4650 1817 4695 ut

1917 2043 2109 2111 fuerint
2134 2082 2150 2105 ,
2185 2042 2449 2113 ingeniosa
2476 2044 2809 2113 dispositione
2839 2048 3124 2099 solvuntur.
3159 2045 3376 2100 Metalla
3403 2062 3514 2099 mu-

1917 2134 2083 2202 giunt.
2127 2132 2403 2189 Diomedes
2433 2138 2486 2191 in
2512 2153 2615 2191 tere
2643 2139 2846 2206 gravius
2876 2139 3193 2205 buccinatur,
3224 2156 3394 2194 ceneus
3422 2156 3515 2193 an-

1916 2224 2033 2292 guis
2066 2224 2329 2293 insibilat,
2358 2243 2475 2281 aves
2509 2229 2746 2284 simulate
2777 2230 3093 2299 fritinniunt,
3134 2240 3179 2283 et
3205 2246 3319 2300 qua:
3346 2247 3516 2284 vocem

1917 2319 2179 2386 propriam
2210 2318 2438 2373 nesciunt
2464 2318 2677 2385 habere,
2709 2321 3029 2376 dulcedinem
3058 2322 3342 2393 probantur
3369 2322 3517 2373 emit-

1915 2419 2022 2464 tere
2042 2411 2331 2468 cantilenae.
2364 2411 2540 2466 Parva
2561 2415 2623 2467 de
2653 2414 2745 2467 illa
2770 2417 3058 2486 referimus,
3087 2416 3169 2468 cui
3196 2416 3376 2469 caelum
3400 2414 3516 2467 imi-

1919 2504 2017 2555 tari
2047 2507 2127 2572 fas
2152 2514 2245 2557 est.
2279 2503 2406 2557 Hcce
2431 2506 2551 2575 fecit
2590 2508 2871 2560 secundum
2899 2508 3059 2562 solem
3099 2509 3153 2561 in
3195 2508 3515 2563 Archimedis

1914 2594 2122 2665 sphwra
2170 2596 2456 2650 decurrere.
2512 2595 2641 2650 Htec
2691 2598 2911 2650 alterum
2958 2599 3223 2652 zodiacum
3265 2600 3515 2653 circulum

1916 2686 2145 2740 humano
2175 2689 2388 2741 consilio
2419 2688 2705 2758 fabricavit.
2741 2688 2869 2745 Hcec
2896 2689 3073 2743 lunam
3096 2691 3294 2760 defectu
3316 2708 3411 2744 suo
3436 2706 3516 2745 τες

1915 2780 2199 2851 parabilem
2244 2782 2371 2835 artis
2408 2782 2783 2837 illuminatione
2832 2785 3168 2849 monstravit,
3210 2798 3515 2854 parvamque

1920 2871 2212 2925 machinam
2242 2873 2507 2941 gravidam
2530 2873 2744 2939 mundo,
2778 2876 2957 2927 coelum
2987 2873 3243 2945 gestabile,
3277 2888 3514 2944 compen<

1919 2964 2064 3017 dium
2094 2981 2294 3030 rerum,
2328 2968 2591 3037 speculans
2628 2975 2828 3020 natura:
2865 2967 2932 3019 ad
2962 2970 3179 3034 speciem
3203 2966 3403 3021 tet/teris
3432 2968 3513 3020 in-

1920 3056 2317 3128 deprehensibili
2345 3058 2627 3112 mobilitate
2654 3059 2919 3113 volutavit.
2968 3058 3059 3114 Sic
3098 3070 3267 3123 astra,
3297 3075 3515 3129 quorum

1919 3147 2036 3203 licet
2066 3167 2269 3204 cursum
2297 3152 2553 3218 sciamus,
2586 3153 2879 3221 fallentibus
2910 3164 3077 3208 tamen
3117 3154 3280 3207 oculis
3306 3153 3515 3222 prodire

1923 3256 2026 3294 non
2068 3243 2339 3296 cernimus.
2390 3242 2551 3298 Stans
2593 3245 2800 3312 quidam
2839 3245 2891 3297 in
2921 3245 3024 3299 illis
3064 3245 3308 3299 transitus
3334 3252 3433 3309 est,
3464 3251 3514 3297 et

1840 3319 1889 3383 (ἶ
1921 3348 2074 3401 quam
2096 3334 2332 3389 velociter
2355 3351 2557 3389 currere
2580 3352 2696 3390 vera
2715 3339 2912 3391 ratione
2937 3340 3219 3407 cognoscis,
3239 3354 3292 3393 se
3314 3354 3512 3393 movere

1919 3443 2022 3481 non
2046 3428 2278 3497 respicis.
2321 3428 2483 3494 Quale
2508 3438 2581 3483 est
2610 3430 2703 3483 hoc
2732 3430 2945 3496 homini,
2974 3432 3128 3485 etiam
3157 3436 3339 3502 facere,
3372 3430 3515 3500 quod

1916 3518 1994 3572 vel
2022 3518 2335 3575 intellexisse
2384 3527 2544 3589 potest
2592 3536 2698 3574 esse
2726 3520 3003 3575 mirabile?
3054 3521 3223 3589 Quare
3272 3538 3386 3575 cum
3425 3536 3513 3575 vos

1918 3618 2064 3664 ornet
2096 3612 2274 3665 talium
2295 3628 2466 3665 rerum
2488 3612 2817 3683 praedicanda
2848 3616 3051 3681 notitia,
3078 3614 3343 3685 horologia
3368 3614 3512 3669 nobis

1918 3700 2140 3770 publicis
2169 3703 2405 3772 expensis
2426 3704 2553 3781 sine
2582 3713 2742 3758 vestro
2779 3706 3045 3773 dispendio
3080 3708 3345 3762 destinate.
3390 3708 3513 3761 Pri-

1918 3806 2059 3843 mum
2090 3792 2194 3857 sit,
2226 3794 2312 3846 ubi
2351 3794 2517 3863 stylus
2558 3796 2660 3847 diei
2698 3796 2850 3850 index
2889 3814 2978 3867 per
3007 3798 3237 3851 umbram
3275 3800 3513 3870 exiguam

1917 3880 2071 3955 horas
2101 3885 2359 3938 consuevit
2395 3886 2655 3939 ostendere
2687 3904 2702 3938 :
2742 3889 2915 3941 radius
2950 3890 3121 3959 itaque
3155 3888 3429 3942 immobilis
3465 3896 3513 3943 et

1919 3988 2105 4042 parvus
2130 3990 2392 4045 peragens,
2422 3977 2558 4045 quod
2582 3978 2820 4030 miranda
2849 3979 2968 4032 solis
2993 3980 3288 4050 magnitudo
3314 3980 3512 4033 discur-

1918 4062 2025 4131 rit,
2077 4075 2124 4117 et
2168 4067 2346 4135 fugam
2389 4068 2513 4121 solis
2553 4069 2874 4137 a’quiparat,
2904 4069 3041 4138 quod
3081 4080 3271 4123 motum
3318 4086 3514 4137 semper

1918 4156 2143 4227 ignorat.
2198 4156 2493 4212 Inviderent
2536 4160 2720 4214 talibus
2748 4162 2793 4213 si
2822 4170 2958 4215 astra
2987 4163 3258 4227 sentirent,
3292 4170 3337 4215 et
3371 4177 3511 4215 mea-

1922 4258 2030 4302 tum
2060 4266 2206 4302 suum
2237 4252 2454 4319 fortasse
2495 4253 2837 4323 deflecterent,
2872 4271 2935 4307 ne
2968 4255 3058 4307 tali
3087 4256 3309 4308 ludibrio
3338 4254 3512 4325 subja-

1920 4352 2108 4397 cerent.
2146 4342 2245 4397 Ubi
2287 4353 2357 4397 est
2397 4346 2529 4398 illud
2572 4345 2815 4399 horarum
2858 4347 2922 4399 de
2973 4349 3163 4398 lumine
3204 4348 3513 4401 venientium

1921 4434 2179 4503 singulare
2205 4436 2537 4501 miraculum,
2570 4439 2613 4491 si
2639 4438 2730 4491 has
2752 4448 2800 4490 et
2832 4438 3011 4491 umbra
3034 4436 3384 4492 demonstrat?
3413 4437 3513 4492 Ubi

1920 4526 2260 4597 praedicabilis
2295 4530 2547 4598 indefecta
2583 4531 2771 4583 rotatio
2792 4571 2807 4595 ,
2841 4531 2884 4583 si
2914 4531 3019 4584 htec
3044 4541 3092 4583 et
3120 4529 3327 4584 metalla
3359 4547 3511 4599 pera-

1921 4626 2066 4689 gunt,
2098 4635 2208 4683 gnte
2235 4620 2333 4672 situ
2354 4629 2595 4689 perpetuo
2619 4621 2983 4673 continentur?
3014 4620 3057 4673 0
3082 4622 3209 4675 artis
3236 4622 3513 4675 inwstima-

163 4728 521 4783 ercorum
552 4724 794 4794 dogmata
822 4725 1109 4777 doctrinam
1147 4726 1326 4795 feceris
1362 4745 1469 4783 esse
1508 4708 1814 4788 Romanam.
1843 4708 1898 4770 ι)
1924 4711 2039 4764 bilis
2068 4716 2258 4774 vim“,
2288 4727 2401 4778 qum
2428 4712 2550 4764 dum
2573 4728 2626 4764 ⁵⁸
2657 4711 2782 4764 die“
2808 4711 2987 4765 ludere
3002 4754 3016 4778 ν
3050 4724 3249 4767 "mum
3274 4715 3513 4782 Ρνωυαίεε

162 4820 461 4875 Didicisti
492 4817 628 4870 enim
654 4832 755 4885 qua
781 4816 1135 4886 profunditale
1161 4835 1274 4872 cum
1311 4821 1414 4873 suis
1444 4822 1673 4889 partibus
1699 4842 1817 4894 spe-

150 4915 438 4970 culativa
467 4909 737 4979 cogitetur,
769 4924 869 4977 qua
892 4908 1088 4962 ratione
1114 4911 1279 4963 activa
1306 4926 1423 4964 cum
1452 4929 1545 4965 sua
1572 4913 1820 4970 divisione

150 5010 468 5066 discatur,
502 5002 760 5056 deducens
794 5000 862 5055 ad
899 5000 1175 5055 Romuleos
1217 5014 1512 5073 senatores,
1556 5005 1818 5075 Quidquid

145 5099 517 5170 Cecropidae
552 5101 742 5151 mundo
782 5102 1005 5165 fecerant
1046 5098 1330 5171 singulare.
1374 5100 1818 5159 Translationibus

144 5198 314 5250 enim
351 5191 481 5245 tuis
516 5189 843 5259 Pythagoras
872 5188 1123 5254 musicus,
1159 5189 1463 5246 Ptolemwus
1492 5202 1814 5248 astronomus

136 5293 458 5360 leguntur
488 5281 636 5335 Itali.
691 5280 1037 5336 Nicomachus
1064 5284 1408 5338 arithmeticus
1434 5326 1448 5352 ,
1482 5290 1815 5358 geometricas

136 5377 465 5434 Euclides
494 5373 783 5427 audiuntur
813 5374 1045 5427 Ausonii.
1100 5373 1255 5428 Plato
1289 5376 1553 5449 theologus
1574 5420 1588 5443 ,
1618 5380 1816 5433 Aristo-

131 5475 288 5530 teles
338 5467 574 5541 lagicus
598 5508 615 5533 ,
658 5468 903 5537 quirinali
940 5483 1057 5521 voce
1094 5470 1394 5540 disceptant.
1458 5472 1814 5527 Mechanicum

128 5571 331 5623 etiam
374 5558 765 5616 Archimedem
784 5557 1031 5613 Latialem
1062 5559 1249 5614 Siculis
1275 5562 1567 5629 reddidisti,
1592 5573 1636 5618 et
1663 5583 1816 5631 quas-

127 5672 395 5731 cunque
435 5648 525 5704 vel
548 5650 849 5718 disciplinas
874 5650 953 5703 vel
978 5659 1110 5705 artes
1133 5650 1349 5719 fecunda
1378 5651 1576 5707 Grcecia
1600 5672 1691 5724 per
1709 5656 1816 5710 sin-

123 5756 322 5829 gulos
364 5746 534 5801 viros
554 5741 736 5808 edidit,
762 5751 808 5795 te
833 5758 936 5796 uno
957 5754 1177 5810 auctore,
1208 5746 1374 5815 patrio
1393 5762 1624 5800 sermone
1646 5747 1815 5803 Roma

121 5842 459 5915 suscepit.
532 5836 673 5902 Quos
725 5842 867 5888 tanta
912 5836 1172 5891 verborum
1218 5839 1495 5893 luculentia
1544 5842 1815 5897 reddidisti

125 5948 347 6000 dare.
377 5975 399 6002 ,
448 5939 607 5986 tanta
628 5929 818 6001 lingua:
845 5933 1146 6002 praprietatc
1172 5934 1496 6002 conspicuos,
1530 5944 1584 5989 ut
1616 5936 1815 6001 potuis-

1920 4816 2114 4861 secreta
2139 4806 2370 4876 vulgare.
2415 4803 2711 4859 Secundum
2738 4807 2832 4869 sit,
2861 4806 2947 4857 ubi
2975 4818 3158 4877 prwter
3187 4806 3310 4861 solis
3336 4808 3512 4860 radios

1924 4899 2050 4952 hora
2087 4898 2439 4967 dignoscitur,
2481 4909 2651 4952 noctes
2689 4899 2742 4950 in
2784 4906 2953 4966 partes
2995 4899 3224 4954 dividens
3253 4916 3271 4952 :
3296 4901 3430 4969 quod
3455 4910 3513 4955 ut

1923 4993 2052 5046 nihil
2081 4992 2279 5045 deberet
2308 4992 2460 5044 astris
2485 5030 2500 5052 ,
2547 4992 2794 5044 rationem
2822 4991 2933 5045 cali
2962 4991 3029 5043 ad
3064 5008 3315 5062 aquarum
3345 4992 3512 5059 potius

1920 5088 2117 5155 ﬂuenta
2148 5083 2392 5136 convertit
2424 5098 2443 5136 :
2471 5099 2683 5153 quorum
2711 5084 2929 5136 motibus
2955 5084 3192 5147 ostendit,
3222 5084 3356 5152 quod
3384 5083 3511 5136 coelo

1924 5176 2171 5241 volvitur,
2199 5185 2247 5229 et
2272 5175 2456 5229 audaci
2488 5177 2883 5246 prarsumptione
2912 5188 3153 5244 concepta
3182 5192 3267 5230 ars
3293 5178 3512 5231 elemen-

1921 5272 1984 5325 tis
2009 5274 2204 5340 confert
2223 5311 2237 5337 ,
2269 5270 2409 5340 quod
2438 5268 2648 5338 originis
2677 5269 2901 5323 conditio
2940 5270 3219 5341 denegavit.
3263 5268 3512 5323 Universa

1921 5364 2238 5435 disciplinae,
2280 5372 2493 5415 cunctus
2528 5361 2850 5430 prudentium
2889 5359 3062 5425 labor,
3103 5370 3297 5415 natura:
3334 5346 3511 5431 poten-

1922 5456 2068 5523 tiam,
2099 5463 2155 5507 ut
2185 5463 2381 5508 tantum
2411 5454 2603 5521 possint
2634 5468 2797 5517 nosse,
2828 5452 3147 5522 perquirunt.
3180 5451 3511 5506 Alechanema

1920 5549 2085 5602 solum
2111 5556 2203 5613 est,
2233 5546 2371 5617 quod
2396 5544 2488 5598 illa
2517 5561 2580 5600 ex
2608 5544 2874 5599 contrariis
2895 5544 3088 5613 appetit
3122 5544 3335 5608 imitari,
3368 5553 3413 5596 et
3444 5544 3511 5615 (si

1922 5643 2001 5713 fas
2025 5650 2097 5695 est
2120 5640 2307 5707 dicere)
2331 5640 2383 5693 in
2405 5639 2707 5706 quibusdam
2727 5638 2875 5692 etiam
2904 5638 3084 5691 nititur
3101 5637 3226 5691 velle
3245 5652 3506 5705 superare.

1921 5734 2051 5788 Htec
2094 5735 2229 5789 enim
2277 5734 2457 5803 fecisse
2502 5732 2812 5804 dignoscitur
2859 5732 3130 5787 Dtedalum
3156 5730 3361 5796 volare,
3401 5730 3510 5784 htec

1922 5835 2153 5903 ferreum
2182 5834 2472 5904 cupidinem
2499 5834 2552 5887 in
2577 5833 2760 5889 Diana:
2783 5834 2967 5904 templo
2995 5832 3104 5887 sine
3132 5832 3309 5903 aliqua
3336 5830 3507 5902 illiga-

1922 5937 2057 5992 tione
2078 5937 2320 6005 pendere.
2353 5936 2482 5993 Haec
2510 5936 2657 5993 hodie
2680 5936 2803 6008 facit
2830 5944 2972 5993 muta
2994 5943 3217 6004 cantare,
3248 5934 3508 5992 insensata
