4010 6372
572 393 677 450 885

572 509 756 573 vivere,
778 503 1057 559 immobilia
1079 502 1283 555 moveri.
1312 494 1642 554 Mechanieus
1675 497 1740 567 (si
1767 500 1846 567 fas
1866 504 1936 549 est
1959 488 2147 560 dicere)
2174 492 2231 552 Α

573 616 698 671 pene
738 599 904 650 socius
942 606 1014 650 est
1047 604 1246 648 natura:
1270 633 1286 659 ,
1328 592 1528 645 occulta
1567 574 1795 642 reserans
1821 627 1835 649 ,
1875 584 2148 651 manifesta

576 701 894 752 convertens,
933 688 1192 742 miraculis
1224 686 1431 751 ludens,
1464 684 1537 735 ita
1564 681 1775 751 pulchre
1801 677 2029 731 similans
2049 716 2062 739 ,
2095 680 2150 727 ut

574 786 708 854 quod
737 784 1073 851 compositum
1103 796 1202 833 non
1239 778 1532 848 ambigitur,
1554 774 1736 827 veritas
1761 771 2056 825 aestimetur.
2085 763 2152 817 Et

576 877 696 946 quia
732 887 777 929 te
810 876 1083 928 studiosius
1114 872 1295 944 legisse
1323 869 1645 939 cognovimus
1668 908 1682 930 ,
1727 864 1969 935 prtedicta
2011 860 2155 914 nobis

578 968 843 1037 horologia
876 969 1018 1019 ocius
1049 964 1385 1018 transmittere
1415 959 1713 1023 maturabis,
1744 966 1798 1009 ut
1828 966 1876 1009 te
1905 961 2078 1006 notum
2103 951 2157 1003 in

577 1061 671 1114 illa
697 1058 875 1111 mundi
908 1065 1050 1122 parte
1077 1057 1265 1127 facias,
1296 1069 1395 1124 quo
1424 1054 1572 1105 aliter
1602 1048 1859 1115 pervenire
1887 1062 1986 1099 non
2018 1052 2159 1113 pote-

579 1167 687 1203 ras.
731 1150 1021 1219 Agnoscant
1049 1164 1138 1211 per
1174 1157 1219 1199 te
1259 1154 1443 1200 extera!
1471 1152 1657 1216 gentes,
1694 1142 1818 1192 tales
1859 1153 1950 1189 nos
1981 1136 2160 1188 habere

581 1243 812 1307 nobiles,
855 1241 1027 1309 quales
1074 1241 1306 1309 leguntur
1354 1248 1603 1290 auctores.
1652 1233 1857 1299 Quoties
1904 1246 2007 1283 non
2044 1230 2163 1281 sunt

584 1335 851 1399 credituri,
881 1349 994 1403 quis
1016 1332 1272 1386 viderint?
1304 1328 1511 1394 Quoties
1532 1328 1662 1380 hanc
1686 1325 1943 1378 veritatem
1972 1320 2165 1374 lusoria

585 1429 782 1484 somnia
802 1429 1089 1498 putabunt?
1110 1436 1156 1479 et
1178 1424 1379 1493 quando
1403 1423 1587 1493 fuerint
1610 1420 1670 1471 ab
1692 1429 1896 1485 stupore
1915 1412 2162 1476 conversi,

586 1536 689 1573 non
714 1520 971 1573 audebunt
997 1535 1049 1573 se
1072 1517 1287 1587 (equales
1320 1516 1460 1568 nobis
1489 1516 1670 1577 dicere,
1694 1509 1834 1581 apud
1860 1524 1984 1576 quos
2009 1505 2166 1559 scient

589 1618 843 1688 sapientes
870 1616 994 1669 talia
1021 1616 1285 1684 cogitasse.
1320 1612 1461 1666 Vale.
1508 1630 1524 1660 ι

1120 1727 1204 1780 Ill.
1238 1726 1426 1794 Operis
1457 1722 1655 1776 titulus.

666 1840 865 1897 Titulus
891 1842 1056 1910 operis
1078 1840 1161 1893 hic
1180 1840 1236 1893 in
1257 1838 1508 1909 plerisque
1527 1832 1895 1904 exemplaribus
1919 1829 2129 1883 habetur
2152 1843 2172 1881 :

594 1936 751 1989 Anitii
784 1935 969 1988 Manlii
997 1934 1224 1988 Severini
1254 1932 1417 1985 Boetii
1440 1932 1531 1982 viri
1564 1929 1834 1983 clarissimi
1864 1936 1910 1980 et
1938 1926 2175 1987 illustris,

594 2044 623 2081 e
654 2028 919 2080 consulum
959 2027 1167 2087 ordine,
1200 2024 1262 2076 de
1304 2020 1658 2075 Consolatione
1689 2019 2023 2089 pltilosOpltia:
2062 2015 2178 2069 libri

582 2122 833 2193 quinque.
886 2118 1085 2170 Anftius
1121 2114 1348 2169 Manlius
1389 2112 1678 2183 Torquatus
1710 2120 1756 2163 et
1786 2109 2058 2165 Severinus
2087 2123 2181 2159 no-

599 2216 741 2269 mina
763 2220 878 2273 sunt
902 2229 962 2266 ea:
986 2212 1185 2282 familia
1206 2224 1480 2281 genereque
1504 2208 1665 2259 Boetii
1690 2208 1972 2275 desumpta.
2006 2204 2183 2270 Quan-

602 2305 870 2376 doquidem
898 2306 1189 2358 Anitiorum
1214 2318 1371 2373 genus
1403 2299 1769 2353 nobilissimum
1798 2298 1951 2368 fuisse
1986 2297 2177 2359 Romae,

601 2409 650 2454 et
680 2400 825 2452 divus
855 2397 1200 2466 Hieronymus
1230 2398 1282 2448 in
1310 2395 1522 2463 epistola
1551 2394 1617 2445 ad
1650 2391 2020 2445 Demetriadem
2045 2390 2185 2443 testi-

604 2495 789 2564 ﬁcatur
812 2492 888 2545 his
916 2491 1076 2544 verbis
1098 2506 1116 2542 :
1141 2489 1348 2543 Scilicet
1376 2502 1508 2539 nunc
1536 2486 1655 2538 mihi
1688 2485 1968 2537 Proborum
1993 2490 2040 2534 et
2074 2480 2185 2534 Oli-

607 2583 830 2637 briorum
855 2582 995 2635 clara
1016 2580 1288 2649 repetenda
1317 2587 1432 2630 sunt
1459 2578 1685 2639 nomina,
1711 2588 1753 2627 et
1784 2573 2000 2626 illustris
2027 2571 2185 2624 Anitii

607 2676 868 2745 sanguinis
899 2689 1086 2745 genus,
1115 2674 1168 2725 in
1197 2687 1296 2741 quo
1324 2680 1412 2723 aut
1457 2668 1625 2722 nullus
1650 2677 1737 2721 aut
1766 2684 1913 2720 rarus
1942 2667 2035 2719 erit
2055 2706 2068 2729 ,
2099 2664 2187 2734 qui

609 2785 712 2821 non
733 2765 967 2822 meruerit
993 2766 1333 2819 consulatum.
1366 2761 1431 2815 Et
1460 2760 1771 2815 Prudentius
1797 2769 1945 2831 poeta
1973 2759 2027 2811 in
2058 2757 2187 2811 libro

610 2860 851 2915 adversus
890 2859 1254 2930 Symmachum
1290 2856 1547 2920 secundo,
1587 2855 1722 2907 hunc
1762 2854 1817 2906 in
1861 2854 2070 2904 modum
2105 2865 2188 2904 ce-

612 2953 734 3007 cinit
764 2968 784 3006 :

753 3042 944 3098 Fertur
971 3044 1104 3097 enim
1129 3050 1243 3095 ante
1271 3039 1401 3093 alios
1424 3054 1694 3111 generosus
1721 3037 1917 3091 Anitius
1950 3035 2101 3090 Urbis

756 3133 1053 3188 Illustrasse
1077 3144 1223 3203 caput
1254 3148 1271 3185 .'
1300 3132 1373 3186 sic
1399 3147 1453 3183 se
1485 3129 1647 3183 Roma
1673 3129 1863 3199 inclyta
1882 3130 2069 3198 jactat.

1217 382 1559 442 APPENDIX
1598 380 1688 438 AD
1726 376 1965 435 LIBROS
2004 371 2091 430 DE
2129 364 2643 429 CONSOLATIONE
2680 360 3173 423 PHILOSOPHUS.

3674 375 3755 429 885

2773 484 2860 539 IV.
2902 484 3035 555 Styli
3064 482 3304 552 qualitas.

2325 579 2447 634 iam
2475 588 2530 633 ut
2555 580 2671 650 styli
2700 579 2921 649 qualitas
2942 578 3240 641 innotescat,
3270 575 3462 633 Boetius
3482 580 3527 633 in
3547 582 3615 635 his
3633 584 3759 652 libris,

2257 686 2360 729 tum
2389 674 2612 729 versibus
2655 674 2846 737 utitur,
2880 683 2987 724 tum
3030 671 3255 724 oratione
3294 672 3474 738 soluta,
3500 682 3547 725 ut
3577 676 3764 743 jucunda

2255 768 2599 824 vicissitudine
2625 767 2825 821 lectoris
2852 766 3056 818 taedium
3081 765 3285 816 levetur.
3318 761 3555 818 Fecerunt
3578 768 3656 819 hoc
3680 779 3767 821 ante

2257 863 2489 918 Boetium
2515 880 2630 917 cum
2658 862 2779 927 alii,
2812 869 2917 914 tum
2946 859 3187 926 praeclare
3232 856 3491 913 Petronius
3518 861 3709 927 Arbiter,
3735 877 3768 917 et

2262 957 2556 1012 Martianus
2586 953 2817 1023 Capella.
2869 950 3011 1004 Belle
3055 959 3222 1003 autem
3258 950 3394 1020 prius
3428 952 3573 1004 utitur
3595 956 3769 1006 carmine

2260 1066 2415 1120 quam
2446 1064 2600 1118 prosa
2630 1061 2650 1099 :
2678 1045 2814 1113 quod
2862 1044 2879 1113 (
2897 1052 3101 1095 auctore
3130 1040 3410 1112 Strabone)
3456 1044 3649 1112 primum
3686 1054 3769 1098 ante

2266 1146 2435 1199 omnia
2474 1140 2743 1214 apparatio
2779 1140 2891 1210 ipsa
2920 1136 3113 1206 poetica
3153 1135 3390 1205 processit
3432 1136 3482 1187 in
3516 1137 3715 1201 medium,
3737 1148 3769 1191 et

2265 1235 2546 1302 approbata
2629 1231 2955 1302 complacuit.
3039 1227 3234 1282 Deinde
3314 1236 3519 1280 metrum
3576 1228 3771 1282 solverunt

2268 1330 2489 1386 Cadmus
2509 1371 2522 1394 ,
2553 1326 2879 1397 Pherecydes
2907 1334 2956 1378 et
2988 1323 3279 1378 Hecataeus.
3320 1320 3437 1374 Huc
3465 1322 3646 1384 accedit,
3668 1323 3771 1391 quod

2269 1423 2475 1479 Boetius
2504 1421 2673 1473 animo
2698 1419 2911 1472 nimium
2935 1415 3276 1487 perturbatus,
3300 1410 3468 1483 Elegis
3494 1412 3672 1479 fortuna
3688 1428 3769 1464 mu-

2272 1514 2511 1567 tationem
2540 1509 2814 1580 deplorans
2836 1550 2849 1572 ,
2879 1517 2926 1561 et
2953 1507 3110 1560 animi
3143 1506 3223 1559 sui
3252 1504 3545 1573 patefaciens
3571 1504 3771 1573 egritudi-

2272 1620 2406 1667 nem,
2439 1610 2871 1675 peropportunum
2897 1597 3232 1669 philosophia:
3262 1597 3316 1648 in
3344 1596 3503 1649 soluta
3524 1596 3708 1648 oratione
3727 1595 3775 1647 ad

2275 1695 2670 1751 consolationem
2693 1690 2993 1745 inducenda:
3022 1689 3187 1742 locum
3213 1695 3382 1755 parat.
3422 1684 3667 1739 Sciendum
3696 1700 3777 1736 ora-

2280 1789 2429 1842 tionis
2455 1786 2582 1839 duas
2603 1801 2707 1838 esse
2734 1783 2943 1855 species,
2971 1779 3230 1833 metricam
3251 1788 3297 1831 et
3318 1776 3543 1831 solutam.
3567 1774 3779 1829 Metronttn

2114 1866 2167 1953 μ’
2206 1870 2253 1932 Β
2280 1880 2483 1953 quidem
2509 1878 2664 1931 variis
2684 1873 2951 1947 generibus
2977 1872 3031 1926 in
3054 1870 3149 1924 hoc
3175 1885 3327 1939 opere
3355 1885 3471 1921 usus
3494 1876 3577 1931 est,
3599 1866 3779 1936 qualoco

2282 1990 2374 2027 suo
2405 1972 2699 2027 reddentur.
2730 1968 2915 2023 Saluta
2943 1976 3112 2020 autem
3140 1964 3306 2018 oratio
3332 1978 3473 2030 prosa
3497 1961 3671 2023 dicitur,
3689 1957 3780 2028 quod

2281 2065 2346 2119 sit
2375 2072 2539 2127 recta,
2582 2070 2628 2113 et
2669 2075 2769 2113 non
2807 2067 2938 2111 certo
2982 2071 3193 2109 numero
3228 2056 3439 2122 reflexa.
3478 2048 3603 2103 Nam
3635 2065 3781 2117 prosum

2284 2166 2469 2211 veteres
2508 2162 2702 2207 rectum
2730 2152 2990 2206 dixerunt.
3036 2146 3230 2201 Fabius
3263 2162 3283 2200 .'
3307 2142 3525 2198 Facilius
3552 2156 3694 2194 versus
3714 2139 3780 2191 edi

2284 2250 2471 2303 scimus
2498 2291 2512 2317 ,
2549 2261 2701 2315 quam
2748 2258 2951 2313 prosam
2999 2240 3303 2293 orationem.
3356 2235 3483 2292 Sunt
3525 2233 3600 2304 qui
3638 2244 3779 2300 prosam

2286 2341 2473 2393 dictam
2502 2338 2687 2401 velint,
2716 2351 2773 2389 eo
2802 2333 2937 2403 quod
2966 2332 3028 2385 sit
3058 2331 3300 2401 profusa,
3333 2331 3407 2382 vet
3435 2326 3562 2395 quod
3582 2321 3787 2391 spatiosius

2286 2430 2496 2501 prodeat
2518 2437 2565 2481 et
2586 2431 2839 2487 excurrat,
2864 2422 3005 2475 nullo
3032 2421 3125 2475 sibi
3152 2421 3369 2473 termino
3393 2414 3631 2485 praeﬁnito.
3654 2408 3789 2477 Stylus

2286 2499 2360 2573 est
2386 2517 2653 2571 mediocris
2673 2559 2688 2583 ,
2726 2524 2774 2568 et
2801 2510 3185 2584 philosophicas
3222 2508 3387 2578 magis
3420 2520 3562 2576 quam
3586 2499 3789 2560 oratorius,

2287 2616 2389 2667 non
2424 2614 2629 2683 fucatus
2656 2608 2863 2676 quidem
2891 2613 2980 2659 aut
3017 2602 3315 2674 phaleratus
3338 2640 3356 2668 ,
3395 2599 3481 2654 sed
3514 2597 3589 2665 qui
3626 2589 3789 2646 veritatis

2286 2701 2578 2772 inquisitori
2596 2711 2909 2770 nequaquam
2936 2693 3269 2765 improbetur.

2748 2809 2814 2862 ν.
2841 2806 3135 2863 Scribentis
3162 2805 3413 2859 intentio.

2363 2907 2511 2979 Stylo
2538 2906 2694 2977 hujus
2719 2903 2886 2972 operis
2909 2901 3140 2954 indicato
3160 2938 3176 2965 ,
3215 2914 3354 2951 nunc
3381 2890 3582 2948 auctoris
3616 2883 3793 2979 intentio.-

2289 3015 2404 3053 nem
2426 2972 2509 3063 et,
2540 2972 2803 3051 ut'Graaci
2833 2993 3037 3055 dicunt,
3077 2990 3271 3046 σκόπον
3304 2987 3569 3041 videamus.
3606 2972 3796 3045 Quamd-

2290 3092 2499 3148 modum
2546 3090 2624 3145 Μ.
2655 3087 2715 3143 Τ.
2760 3086 2938 3140 Cicero
2990 3101 3079 3155 per
3123 3083 3333 3136 bellicos
3372 3076 3597 3132 tumultus
3615 3085 3644 3123 ἀ
3664 3074 3800 3121 senatu

2294 3184 2674 3254 forensibusque
2697 3179 2909 3249 negotiis
2929 3185 3171 3240 semotus,
3197 3184 3365 3227 totum
3388 3187 3439 3225 se
3458 3169 3521 3221 ad
3542 3158 3800 3254 philosophia!

624 3243 840 3340 “del”
868 3244 991 3340 mihi.
1018 3243 1126 3297 mea
1158 3244 1447 3340 A"_m0ru'n
1484 3241 1775 3340 {anfifiafx
1817 3240 2014 3340 ἒῖαηῗσ
2047 3248 2190 3340 ᾳεηίδ
2218 3237 2265 3300 C
2294 3237 2499 3340 studia,
2531 3237 2874 3339 librorunique
2907 3266 3108 3338 (quibus
3121 3237 3330 3336 juvaret
3358 3254 3588 3331 posteros)
3623 3246 3800 3314 scriptio-

618 3337 821 3388 sluxisse
848 3337 1123 3406 originem,
1157 3336 1302 3401 cujus
1333 3342 1511 3387 auctor
1551 3334 1647 3399 fuit
1688 3332 1917 3386 Manlius
1945 3332 2194 3401 Capitoli-

620 3442 735 3479 nus.
781 3425 1023 3492 Torquati
1053 3435 1222 3477 autem
1263 3440 1539 3493 cognomen
1576 3439 1638 3476 ea:
1673 3423 1772 3476 Titi
1805 3423 1987 3476 Manlii
2013 3424 2195 3477 virtute

623 3521 849 3583 accessit,
874 3521 958 3590 qui
989 3520 1212 3589 Sulpitio
1237 3520 1477 3571 dictatore
1499 3519 1725 3570 tribunus
1746 3517 1963 3570 militum
1993 3516 2198 3571 Gallum

625 3622 998 3669 nrovocatorem
1026 3612 1230 3675 occidit,
1264 3622 1491 3680 torquem
1513 3612 1557 3662 ei
1583 3610 1862 3673 detractum
1890 3610 2068 3663 cervici
2093 3623 2200 3663 sua!

627 3707 829 3759 indidit.
865 3706 936 3758 Ab
966 3707 1137 3758 eodem
1166 3713 1500 3775 prapagatum
1530 3713 1601 3755 est
1628 3703 1679 3755 in
1710 3713 1934 3769 posteros
1972 3701 2203 3757 Severini

628 3807 1036 3867 cognomentum.
1081 3794 1207 3849 Fuit
1234 3797 1363 3849 enim
1392 3805 1493 3848 tant
1521 3810 1747 3859 severus,
1776 3804 1831 3847 ut
1860 3794 1989 3847 bello
2018 3793 2203 3849 Latino

629 3891 806 3944 consul
845 3890 1008 3958 filium
1045 3904 1194 3942 suum
1235 3888 1366 3956 quod
1406 3894 1582 3939 contra
1618 3894 1720 3953 pati
1735 3887 1778 3939 is
1816 3886 2082 3956 imperium
2112 3902 2207 3955 pu-

632 3992 857 4054 gnasset,
889 3981 1003 4035 licet
1029 3980 1190 4034 hostis
1218 3980 1476 4046 victorem,
1509 3980 1676 4031 securi
1704 3979 2023 4045 percusserit.
2058 3977 2208 4032 Unde

636 4074 893 4144 Vergilius
916 4090 934 4125 .·

1199 4180 1483 4231 saevumque
1514 4165 1679 4217 securi

1058 4256 1238 4328 Aspice
1272 4255 1607 4323 Torquatum.

640 4367 807 4425 Porro
827 4368 1131 4440 peculiarem
1156 4379 1201 4421 et
1224 4384 1380 4437 prope
1405 4369 1676 4439 genuinam
1701 4368 1855 4438 hujus
1877 4375 2039 4439 gentis
2058 4367 2215 4436 fuisse

642 4464 991 4527 severitatem,
1035 4461 1254 4515 ostendit
1314 4460 1487 4515 Cicero
1527 4461 1579 4513 in
1630 4476 1644 4513 ι
1696 4460 1757 4511 de
1807 4458 2022 4512 Finibus
2066 4459 2212 4512 libro.

645 4552 872 4607 Proinde
901 4555 1175 4607 ridiculum
1213 4563 1284 4607 est
1313 4553 1448 4623 quod
1485 4552 1678 4605 indocti
1707 4551 1849 4603 aiunt
1892 4550 2127 4604 Boetium
2160 4565 2219 4602 eo

646 4648 839 4699 dictum
865 4646 1181 4713 Severinum,
1206 4648 1341 4714 quod
1369 4644 1683 4698 Theodorico
1705 4646 1805 4713 regi
1828 4658 1879 4696 se
1904 4643 2214 4709 apposuerit.

650 4738 815 4791 Multo
844 4752 1011 4790 autem
1040 4739 1201 4807 magis
1230 4738 1358 4790 illud
1400 4736 1535 4804 quod
1571 4733 1804 4787 Boctium
1838 4734 2045 4786 tradunt
2078 4749 2108 4783 a
2141 4748 2225 4785 ve-

648 4831 832 4882 scenda
855 4831 999 4881 boum
1016 4844 1166 4881 carne
1188 4830 1343 4899 fuisse
1368 4828 1767 4898 agnominatnm,
1791 4841 1905 4877 cum
1928 4824 2226 4876 eruditiores

650 4938 682 4974 a
709 4924 911 4975 nomine
936 4923 1089 4992 prisci
1117 4921 1388 4991 cujusdam
1419 4919 1707 4988 philosophi
1731 4919 1865 4989 quod
1899 4924 1969 4970 est
2000 4914 2225 4980 Boetius,

652 5025 884 5069 censeant
914 5014 1145 5067 Boetium
1173 5014 1326 5083 fuisse
1351 5013 1682 5083 appellatum.
1714 5011 1861 5074 Quod
1890 5010 1932 5061 si
1955 5009 2023 5060 ita
2047 5018 2116 5059 est
2139 5022 2229 5074 per

653 5111 706 5161 th
737 5108 1015 5176 aspiratum
1046 5106 1137 5159 hoc
1159 5121 1339 5158 nomen
1371 5106 1687 5159 scribendum
1719 5112 1812 5156 est.
1854 5099 2228 5170 Interpretatur

654 5213 821 5255 autem
855 5203 1033 5273 βοηθὸς
1060 5241 1072 5263 ,
1112 5200 1312 5266 fautor,
1359 5200 1597 5268 adjutor,
1637 5195 1931 5247 auxiliator.
1980 5190 2228 5245 therunt

654 5296 787 5363 quod
813 5294 907 5347 hoc
927 5310 1052 5362 opus
1079 5293 1140 5345 de
1167 5290 1517 5345 Consolatione
1542 5288 1880 5359 philosOphia:
1912 5284 2228 5352 inscribitur,

658 5389 910 5442 sciendum
931 5397 1000 5440 est
1027 5392 1217 5457 formas
1236 5401 1368 5455 stepe
1388 5384 1511 5454 fingi
1537 5382 1598 5435 ab
1620 5382 1901 5436 illustribus
1922 5378 2231 5441 auctoribus,

658 5491 699 5531 et
723 5496 1050 5547 personarum
1067 5479 1178 5547 ﬁeri
1204 5478 1589 5546 descriptionem
1608 5490 1795 5544 :quare
1815 5473 2006 5527 ercis
2026 5491 2236 5547 προσω-

660 5574 911 5643 πογραφία
938 5570 1143 5623 dicitur.
1173 5569 1608 5635 Quemadmodum
1624 5564 1878 5618 Prodicus
1898 5562 2122 5630 sophista
2139 5560 2240 5613 vir-

663 5672 817 5715 tutem
832 5680 891 5715 ac
911 5662 1217 5729 voluptatem
1237 5660 1375 5731 apud
1400 5657 1673 5713 Herculem
1695 5658 1824 5710 inter
1846 5671 1897 5708 se
1922 5656 2236 5707 decertantes

666 5755 807 5822 facit,
840 5765 890 5805 ut
939 5765 1115 5807 auctor
1144 5764 1215 5807 est
1246 5752 1553 5819 XenOpIton.
1606 5749 1671 5803 Et
1706 5759 1919 5802 mortem
1958 5763 2016 5800 ac
2056 5749 2231 5815 vitam,

668 5858 788 5901 teste
814 5844 1001 5913 Fabio,
1031 5848 1380 5902 contendentes
1405 5848 1456 5899 in
1485 5855 1655 5911 satpm
1690 5844 1841 5898 tradit
1872 5840 2091 5895 Ennius.

2296 3383 2413 3422 nem
2441 3364 2688 3427 contulit;
2722 3362 2796 3415 ita
2834 3370 2882 3413 et
2914 3356 3122 3413 Boetius
3148 3354 3295 3410 exsul
3323 3370 3383 3407 ac
3407 3354 3461 3405 in
3486 3358 3699 3403 carcerem
3718 3354 3803 3391 con-

2294 3465 2479 3534 jectus,
2507 3477 2619 3513 cum
2643 3460 2762 3513 bene
2782 3454 3091 3510 consulendo
3113 3462 3159 3505 et
3180 3452 3383 3522 agendo
3411 3445 3625 3519 prodesse
3648 3433 3804 3493 homini-

2302 3556 2391 3607 bus
2410 3553 2659 3624 nequiret,
2680 3562 2734 3602 ut
2751 3559 2797 3603 et
2819 3549 2925 3618 ipse
2943 3563 3022 3600 res
3041 3548 3280 3598 adversas
3302 3540 3508 3612 α’ᾳυὶοή
3524 3536 3669 3591 animo
3686 3533 3803 3600 farti.

2303 3655 2349 3699 et
2372 3645 2567 3699 detecta
2594 3643 2814 3711 fortunae
2851 3637 3224 3702 inconstantia,
3272 3646 3560 3701 summoque
3588 3626 3692 3680 bona
3710 3629 3804 3711 pott-

2306 3736 2441 3804 facto
2488 3707 2773 3804 posteritati
2827 3729 3150 3793 consuleret,
3193 3722 3515 3797 philosophia
3553 3707 3802 3771 consolatrict

2310 3828 2585 3893 advocata,
2621 3824 2842 3877 divinum
2875 3823 2968 3874 hoc
2996 3836 3123 3891 Opus
3151 3819 3203 3873 in
3234 3816 3431 3888 dialogi
3470 3824 3642 3867 morem
3662 3814 3785 3867 comP°

2309 3922 2432 3976 suit.

2748 4007 2833 4061 Vl.
2875 4005 3157 4060 Librorum
3188 4013 3469 4059 numerus.

2384 4101 2480 4156 Est
2503 4110 2670 4154 autem
2702 4100 2754 4151 id
2782 4100 2836 4152 in
2866 4100 3087 4168 quinque
3121 4097 3382 4151 volumina
3410 4092 3476 4148 ad
3506 4082 3730 4145 Ciceronis,
3751 4071 3810 4170 ωξί

2317 4192 2475 4249 libros
2503 4194 2725 4263 quinque
2761 4193 2824 4245 de
2850 4190 3071 4244 Finibus
3103 4190 3352 4243 bonorum
3382 4196 3430 4240 et
3463 4181 3709 4237 malorum,
3736 4174 3811 4263 ltili“

2318 4290 2431 4342 dem
2455 4287 2866 4342 Tusculanarum
2897 4282 3326 4352 disputationum,
3350 4295 3452 4332 non
3486 4268 3722 4327 admodum
3741 4257 3808 4309 dit-

2321 4380 2476 4433 simili
2532 4385 2833 4449 argumento
2885 4375 3165 4446 composuit
3217 4374 3305 4439 (ni
3334 4365 3522 4441 fallor)
3572 4354 3808 4449 imitatiotttﬂI

2322 4444 2669 4526 distributum.
2727 4468 2953 4534 Quorum
2993 4444 3158 4533 primo
3190 4462 3403 4518 Boetius
3434 4450 3737 4518 Philosophia
3765 4444 3811 4492 Ια·

2324 4562 2646 4616 mentationis
2677 4569 2722 4613 et
2755 4558 3073 4631 aegritudinis
3109 4572 3216 4609 sua:
3251 4569 3430 4609 causas
3458 4547 3665 4619 exponit.
3700 4535 3746 4590 1η
3769 4543 3817 4582 ιε’

2327 4654 2518 4719 eundo,
2570 4630 2909 4719 Philosophia
2952 4648 3130 4703 Boetio
3173 4646 3365 4701 leviora
3404 4641 3627 4715 qucedam
3668 4630 3819 4701 fam“

2327 4747 2601 4818 prudenter
2626 4741 2872 4813 applicat,
2894 4756 3106 4810 eumque
3136 4737 3360 4790 molliter
3388 4729 3676 4787 consolatur,
3694 4718 3821 4818 άοεεξη

2330 4843 2550 4910 fortuna:
2597 4836 2728 4890 bona
2770 4852 2869 4887 non
2912 4850 3019 4888 esse
3060 4833 3113 4885 in
3160 4831 3302 4884 bonis
3350 4826 3535 4881 nostris
3571 4803 3825 4910 numerantq-

2329 4897 2534 4983 Tertius
2566 4927 2690 4981 liber
2715 4926 2915 4978 acriora
2943 4923 3163 4976 continet
3190 4919 3437 4982 remedia,
3467 4914 3684 4985 falsaque
3713 4897 3825 4971 fclici-

2333 5020 2450 5072 tatis
2508 5017 2674 5088 specie
2726 5017 2915 5086 rejecta
2946 5052 2963 5078 ,
3018 5027 3186 5065 veram
3250 5006 3604 5063 beatitudinem
3657 4987 3828 5088 tum“:

2339 5110 2521 5176 Quarti
2535 5076 2846 5177 ,ἀίδρυιαὶἱο
2892 5103 3001 5157 hate
3043 5112 3154 5167 est,
3202 5115 3374 5171 omines
3414 5095 3569 5148 malos
3601 5076 3779 5157 infelices
3803 5076 3831 5122 εί

2334 5204 2633 5270 impotentes
2659 5213 2785 5261 esse,
2821 5197 2973 5249 bonos
3000 5210 3117 5248 vero
3148 5200 3321 5245 contra
3352 5188 3554 5258 felices,
3584 5177 3834 5234 votorumque

2337 5293 2561 5345 omnium
2584 5304 2789 5342 suorum
2816 5294 3090 5351 compotes.
3124 5283 3313 5348 Quinto
3334 5279 3544 5346 denique
3570 5263 3733 5323 disserit
3751 5269 3835 5351 ait?“

2340 5383 2530 5436 tissime
2551 5381 2612 5433 de
2637 5396 2780 5443 casu,
2811 5377 3064 5444 liberoque
3088 5373 3303 5427 hominis
3328 5366 3540 5421 arbitrio
3560 5375 3615 5415 ac
3638 5350 3836 5426 providctt-

2341 5477 2412 5528 tia
2442 5473 2634 5526 divina.

2724 5560 2833 5615 VII.
2866 5559 2996 5627 Qua:
3024 5557 3093 5612 sit
3118 5556 3292 5626 operis
3318 5553 3537 5610 utilitas.

2418 5658 2583 5711 Porro
2604 5671 2716 5726 qua:
2740 5656 2806 5708 sit
2833 5656 3015 5706 horum
3042 5625 3353 5703 voluminum
3382 5644 3589 5703 utilitas,
3614 5648 3667 5688 ex
3688 5626 3747 5680 Ῑιῖδ
3764 5625 3839 5726 ηυξ

2334 5752 2449 5823 jam
2473 5714 2757 5801 dicta'sunt
2788 5743 2939 5813 facile
2964 5740 3179 5812 perspici
3209 5754 3352 5807 posse
3382 5730 3565 5787 nemini
3589 5714 3837 5823 dubiumfl:

2344 5857 2457 5896 cum
2486 5855 2544 5894 ea
2572 5854 2672 5892 non
2693 5837 2884 5907 possint
2905 5850 3006 5889 non
3030 5848 3135 5887 esse
3162 5829 3306 5901 longe
3331 5825 3625 5885 utilissima,
3646 5803 3839 5874 βεϐαῶτα
