4010 6372
226 405 332 461 883

1106 394 1485 455 MURMELLII
1525 394 1613 449 ET
1655 393 2023 449 AGRICOLJE
2062 393 2577 464 COMMENTARIA.

3396 393 3497 449 886

227 520 484 573 discamus
515 502 632 570 vera
663 515 792 569 bona
821 513 1104 569 discernere
1130 529 1161 565 a
1196 512 1343 581 falsis
1368 552 1382 573 ,
1422 518 1470 563 et
1508 506 1809 573 contemptis
1835 507 1891 569 Α
1916 522 2046 559 ram.
2102 505 2378 560 Diducitur
2424 518 2471 561 et
2517 508 2841 576 philosophia
2879 509 2933 562 in
2972 494 3414 577 contemplativam
3450 517 3503 561 et

228 610 577 683 fallacissima
616 613 834 678 fortuna:
862 606 1040 671 donis,
1074 604 1142 658 ad
1169 605 1389 657 solidam
1417 609 1807 672 perpetuamque

229 700 589 756 beatitudinem
614 698 733 751 bene
764 696 1061 764 honesteque
1088 695 1296 750 vivendo
1328 695 1603 760 pervenire.

339 832 470 888 Vill.
507 832 589 886 Ad
624 846 781 902 quam
811 828 1164 900 philosophia:
1199 835 1403 898 partem
1435 826 1536 882 hoc
1570 839 1703 895 opus

878 922 1158 978 referatur.

300 1061 577 1131 Reliquum
618 1068 690 1114 est
712 1099 728 1124 ,
774 1066 828 1112 ut
854 1057 922 1111 ad
946 1073 1099 1129 quam
1126 1056 1460 1126 philosophia:
1488 1064 1686 1123 partem
1716 1056 1809 1109 hoc

225 1172 359 1223 opus
386 1157 655 1222 pertineat,
686 1154 937 1207 dicamus.
982 1151 1323 1220 PhilosOpItia
1362 1152 1613 1221 trifariam
1644 1168 1675 1205 a
1706 1152 1813 1223 ple-

225 1250 398 1316 risque
425 1247 697 1310 dividitur,
726 1246 779 1298 in
826 1245 1094 1308 moralem,
1134 1244 1419 1298 naturalem
1439 1284 1456 1309 ,
1487 1244 1809 1297 rationalem.

223 1338 413 1391 Prima
464 1337 721 1405 componit
769 1337 1037 1401 animum,
1082 1336 1303 1391 secunda
1354 1352 1524 1389 rerum
1577 1342 1815 1388 naturam

224 1440 503 1493 scrutatur,
534 1431 679 1484 tertia
705 1430 1035 1499 praprietates
1050 1428 1314 1481 verborum
1335 1429 1489 1500 exigit
1514 1438 1562 1482 et
1587 1439 1812 1484 structu-

1917 598 2172 661 activam,
2216 608 2430 665 quarum
2461 602 2569 652 lucc
2586 602 2790 670 quidem
2836 602 2888 653 in
2934 601 3177 653 virtutum
3219 600 3501 652 actionibus

1918 698 2169 755 versatur,
2200 690 2293 742 illa
2321 706 2436 743 vero
2462 692 2515 743 in
2541 692 2955 761 contemplatione
2982 691 3223 745 veritatis.
3258 688 3374 743 Hoc
3407 692 3502 743 ita-

1918 798 2013 849 que
2053 782 2130 850 (nt'
2159 781 2340 851 fallor)
2371 799 2497 852 Opus
2526 785 2837 851 potissimum
2890 784 2955 837 ad
2984 787 3199 838 activam
3227 782 3502 836 moralem-

1918 881 2410 952 quephilosOphiam
2428 886 2669 950 refertur.
2696 882 2835 935 Nam
2861 883 2914 935 in
2937 899 2993 936 eo
3013 883 3233 936 maxime
3252 889 3503 946 versatur,

1923 982 1979 1025 ut
2005 974 2233 1025 animum
2263 975 2482 1027 hominis
2524 973 2981 1040 perturbationibus
3009 982 3333 1042 repurgatum
3360 1014 3373 1038 ,
3407 973 3506 1022 vir—

1921 1064 2211 1135 tutibusque
2253 1064 2513 1118 excultum
2553 1065 2621 1117 ad
2658 1066 2837 1119 summi
2878 1064 2993 1118 boni
3033 1064 3506 1133 contemplationem

1920 1158 2184 1225 perducat.
2233 1154 2298 1210 In
2338 1165 2587 1225 postremo
2628 1166 2795 1217 autem
2823 1156 2949 1208 libro
2986 1154 3254 1209 sublimius
3286 1153 3507 1221 exsurgit

1922 1246 2217 1315 disputatio,
2240 1256 2291 1300 et
2312 1247 2686 1318 metaphysicen
2709 1247 3109 1317 theologiamque
3133 1244 3507 1315 quodammodo

1922 1343 2146 1411 attingit.
2198 1344 2305 1398 Sed
2348 1344 2456 1397 hwc
2504 1345 2741 1396 hactenus
2776 1357 2953 1395 :nunc
3000 1342 3260 1407 aspirante
3308 1337 3506 1408 Spiritu

1926 1442 2102 1487 sancto
2128 1436 2278 1505 primi
2307 1436 2547 1488 carminis
2575 1435 2944 1488 enarrationem
2975 1434 3308 1503 austpicemur.

558 1644 1008 1717 JOANNIS
1061 1644 1691 1715 MURMELLII
1756 1646 1900 1715 ET
1956 1646 2529 1717 RODOLPHI
2585 1649 3176 1719 AGRICOLZE

968 1759 1049 1821 ΙΝ
1095 1757 1375 1819 LIBROS
1413 1759 1517 1819 DE
1563 1758 2177 1821 CONSOLATIONE
2223 1758 2780 1823 PHILOSOPHIIE

1379 1885 1407 1915 ⁴
1454 1891 2361 1979 COMMENTARIA.

1489 2089 1779 2168 LIBER
1831 2091 2245 2172 PRIMUS.

1765 2234 1951 2249 α’...-

659 2289 725 2345 IN
752 2288 1046 2345 METRUM
1089 2289 1373 2345 PRIMUM.

300 2384 655 2453 Expositurus
699 2380 802 2435 hoc
833 2381 1006 2451 primo
1038 2381 1308 2435 volumine
1352 2381 1572 2437 Boetius
1607 2384 1814 2439 lamen-

231 2477 465 2533 tabiliter
495 2472 829 2545 aegritudinis
860 2488 970 2527 suae
999 2487 1207 2538 causas,
1253 2483 1555 2542 opportune
1606 2476 1657 2530 in
1707 2478 1817 2533 ele-

227 2570 413 2641 giacos
464 2581 659 2622 versus
714 2564 1213 2635 erumpit.-quibus
1270 2566 1426 2619 ﬂetus
1478 2566 1818 2635 potissimum

215 2660 514 2729 ‘luctusque
543 2656 903 2728 exprimitur:
936 2657 1077 2712 unde
1125 2667 1179 2711 et
1217 2673 1410 2711 nomen
1463 2658 1541 2711 eis
1590 2658 1817 2715 inditum

230 2753 407 2827 ἕλεγος
446 2767 677 2822 namque
713 2750 886 2806 luctus
927 2751 1327 2819 interpretatur.
1362 2750 1515 2805 Unde
1550 2764 1665 2805 mos
1696 2751 1815 2807 ino-

233 2846 393 2909 levit,
427 2852 487 2898 ut
533 2841 805 2912 epitapbia
836 2848 892 2896 et
932 2842 1121 2895 nteniae
1153 2841 1262 2896 fere
1291 2840 1341 2895 id
1371 2856 1541 2912 genus
1572 2843 1817 2899 versibus

232 2943 641 3005 componantur.
674 2933 1033 2988 Vetustissimi
1071 2947 1201 2988 sane
1239 2935 1368 2989 nihil
1416 2937 1556 2991 aliud
1610 2938 1709 2991 nisi
1744 2938 1821 2991 la-

233 3024 598 3081 mentationes
637 3039 761 3080 suas
790 3025 957 3095 elegis
985 3026 1307 3081 effuderunt.
1338 3027 1669 3085 Procedente
1695 3030 1817 3085 dein

236 3130 505 3188 tempore,
532 3133 691 3173 versu
707 3133 771 3173 eo
794 3132 879 3173 res
899 3116 1017 3173 aliae
1038 3132 1248 3189 quoque
1274 3119 1436 3175 scribi
1457 3132 1647 3191 emptae
1672 3130 1813 3177 sunt.

236 3211 390 3267 Unde
416 3212 665 3266 lloratius
700 3227 712 3264 :

360 3324 596 3391 Versibus
618 3324 867 3391 itnpariter
886 3324 1399 3391 junctisquaerimonia
1425 3330 1650 3391 primum,

359 3386 478 3437 Post
503 3387 648 3435 etiam
673 3386 856 3435 inclusa
881 3394 956 3436 est
982 3386 1081 3435 voti
1101 3388 1345 3437 Sententia
1370 3401 1578 3451 compos.

238 3467 304 3523 Et
333 3468 694 3525 Terentianus
728 3485 741 3519 :

366 3564 468 3613 Hos
491 3562 665 3623 elegos
685 3562 881 3619 dixere,
907 3562 1035 3609 solet
1058 3563 1188 3624 quod
1214 3562 1429 3612 clausula
1453 3564 1561 3614 talis

423 3626 663 3674 Tristibus
683 3626 758 3682 (ut
783 3625 999 3687 tradunt)
1022 3626 1177 3685 aptior
1202 3637 1314 3673 esse
1339 3628 1508 3677 modis.

240 3732 314 3786 De
342 3745 532 3785 eorum
573 3739 753 3783 autem
786 3716 1095 3782 inventione
1126 3728 1375 3784 Horatius
1405 3729 1520 3785 haec
1541 3708 1629 3785 ait.
1644 3750 1657 3783 :

363 3822 484 3880 Quis
506 3827 670 3869 tamen
695 3820 903 3881 exiguos
925 3818 1097 3878 elegos
1120 3821 1343 3868 emiserit
1363 3828 1550 3870 auctor.

369 3883 674 3932 Grammatici
697 3889 905 3942 certant,
934 3889 983 3929 et
1008 3881 1162 3929 adhuc
1186 3882 1278 3929 sub
1297 3881 1461 3942 judice
1487 3883 1544 3932 lis
1567 3890 1659 3931 est.

243 3987 602 4042 Terentianus
624 4001 837 4056 quoque
864 4002 876 4037 :

369 4080 734 4130 Pentametrutn
753 4077 994 4151 dubitant,
1015 4081 1127 4188 ﬂuis
1145 4080 1327 4151 primus
1346 4078 1544 4129 ﬁnxerit
1562 4086 1728 4129 auctor
1747 4094 1757 4127 :

426 4142 628 4188 Ouidam
652 4154 745 4188 non
768 4141 991 4188 dubitant
1052 4153 1181 4188 icere
1206 4139 1487 4188 Callmoum.

426 4142 628 4201 Quidam
652 4154 745 4190 non
768 4141 991 4191 dubitant
1015 4139 1181 4191 dicere
1206 4139 1487 4190 Callinoum.

244 4248 587 4304 Pentameter
618 4246 930 4302 hexametro
972 4246 1042 4301 ita
1075 4246 1396 4315 adnectitur,
1452 4257 1507 4301 ut
1546 4247 1634 4302 vix
1675 4262 1828 4316 sepa-

244 4355 416 4400 ratum
460 4342 731 4398 invenias.
765 4342 920 4409 Apud
961 4358 1125 4396 unum
1164 4341 1412 4412 equidem
1449 4341 1609 4411 (quod
1636 4342 1826 4396 memi-

243 4436 439 4509 nerim)
470 4436 787 4491 Martiauum
810 4435 1079 4505 Capellam
1135 4434 1272 4488 libro
1318 4449 1460 4488 nono
1498 4449 1713 4487 carmen
1756 4448 1827 4488 ex

242 4530 408 4587 meris
437 4529 786 4598 pentametris
826 4524 950 4593 legi.
983 4524 1197 4579 Boetius
1228 4534 1407 4579 autem
1436 4533 1623 4578 noster
1647 4525 1697 4578 in
1731 4524 1833 4579 hu-

242 4623 330 4693 ius
354 4617 536 4688 aperis
566 4617 725 4672 tertio
752 4623 1146 4685 pentametrum
1168 4614 1382 4669 senario
1403 4615 1633 4668 iambico
1654 4615 1833 4682 subje-

243 4712 341 4767 cit.
378 4710 503 4765 Hmc
534 4709 599 4763 de
629 4706 887 4762 carminis
915 4719 1114 4775 genere
1155 4723 1166 4758 :
1194 4706 1305 4774 jam
1331 4704 1462 4772 quid
1486 4720 1552 4759 eo
1581 4704 1686 4759 sibi
1706 4707 1835 4761 velit

244 4820 551 4864 narremus.
576 4804 827 4873 Dejectus
851 4816 916 4857 ex
946 4799 1277 4870 amplissima
1302 4814 1461 4867 opum
1490 4799 1835 4868 dignitatum-

244 4916 354 4971 que
409 4895 718 4953 conditione
772 4893 1009 4957 Boetius,
1058 4892 1239 4945 animo
1270 4889 1493 4944 nimium
1524 4892 1836 4961 perturbato

244 4992 478 5047 fortunae
508 4986 853 5043 mutationem
877 4983 1350 5048 lamentabundus,
1374 4992 1427 5037 et
1456 4982 1831 5051 gravissimum

245 5082 375 5137 inde
401 5087 720 5149 conceptum
746 5078 987 5132 dolorem
1008 5073 1250 5145 exponit,
1284 5089 1426 5145 :egre
1464 5074 1639 5129 ferens
1671 5074 1833 5131 vitam

244 5177 411 5229 rebus
443 5186 699 5243 prospere
732 5168 1141 5225 succedentibus
1187 5182 1323 5237 pene
1362 5168 1614 5223 amissam
1650 5186 1663 5221 :
1693 5185 1835 5226 nunc

249 5263 517 5328 adversis,
540 5278 661 5316 cum
692 5276 838 5315 mors
868 5268 1209 5329 przeoptetur,
1232 5259 1287 5313 in
1318 5258 1653 5313 miseriarum
1677 5259 1832 5317 dolo-

244 5370 480 5424 rumque
509 5354 842 5407 incrementa
872 5350 1195 5420 prolongari.

321 5444 590 5515 Carmina]
624 5444 839 5515 Lyricas
894 5443 1053 5505 odas,
1103 5452 1157 5495 et
1206 5441 1408 5496 laetitiae
1464 5457 1671 5498 versus.
1716 5442 1834 5501 Non

236 5539 392 5599 enim
422 5537 737 5605 simpliciter
766 5550 862 5604 pro
887 5533 1207 5603 quibuslibet
1230 5534 1540 5603 accipienda
1559 5575 1574 5599 ,
1619 5536 1710 5590 sed
1737 5552 1834 5605 pro

234 5632 435 5706 lyricis
479 5627 744 5695 hilarique
773 5628 953 5681 animo
996 5626 1335 5694 compositis,
1381 5627 1831 5693 quemadmodum

234 5721 501 5787 Horatius
525 5729 748 5789 quatuor
775 5719 939 5773 libros
968 5717 1262 5773 carminum
1290 5716 1525 5786 scripsit.

1838 2297 1892 2359 B
1990 2291 2257 2364 Florente]
2280 2291 2509 2362 Vigente
2535 2304 2632 2362 per
2660 2289 2986 2347 fortunatum
3009 2290 3201 2358 otium,
3230 2296 3285 2344 et
3312 2288 3508 2345 mentis
3583 2324 3599 2337 ι

1920 2390 2388 2460 tranquillitatem.

1997 2483 2204 2553 Peregi]
2236 2481 2549 2550 Composui,
2580 2481 2803 2551 perfeci.

1995 2572 2232 2646 Flebilis]
2256 2574 2474 2638 Dolens,
2504 2575 2799 2628 luctuosus.
2830 2572 3048 2627 Ovidius
3070 2573 3124 2627 in
3147 2588 3178 2625 ν
3209 2570 3466 2627 Tristium
3492 2587 3510 2626 :

2051 2676 2254 2740 Flebilis
2279 2684 2332 2724 ut
2355 2683 2522 2724 noster
2545 2683 2699 2725 status
2722 2684 2819 2740 est,
2846 2680 2913 2726 ita
2936 2676 3104 2725 ﬂebile
3128 2688 3345 2737 carmen,

2112 2739 2330 2788 Materne
2352 2742 2533 2801 scripto
2556 2739 2880 2801 conveniente
2904 2751 3026 2801 suae,

2051 2799 2255 2859 Integer
2280 2808 2330 2850 et
2351 2800 2493 2849 ltetus
2516 2799 2625 2849 laeta
2651 2806 2703 2848 et
2722 2800 2955 2859 juvenilia
2980 2799 3071 2847 lusi
3094 2814 3105 2846 :

2114 2861 2199 2910 Illa
2227 2872 2389 2911 tamen
2416 2875 2543 2910 nunc
2565 2876 2645 2911 me
2667 2864 2995 2923 composuisse
3021 2866 3172 2923 piget.

1929 2948 2025 3001 Est
2051 2957 2104 3001 et
2130 2946 2343 3009 ﬂebilis,
2378 2946 2569 3015 dignus
2605 2944 2696 3014 qui
2743 2945 2953 3000 ﬂeatur.
2987 2945 3237 2999 lloratius
3265 2944 3319 2999 in
3338 2941 3511 2999 Odis:

2240 3038 2402 3086 Multis
2425 3036 2509 3085 ille
2533 3038 2675 3085 bonis
2696 3035 2872 3085 ﬂebilis
2894 3036 3085 3093 occidit,

2235 3099 2363 3148 Nulli
2386 3100 2593 3149 ﬂebilior
2618 3111 2761 3159 quam
2786 3100 2893 3160 tibi,
2915 3093 3107 3160 Virgili.

1998 3180 2206 3235 Manto:
2235 3178 2436 3251 modos]
2464 3180 2669 3235 Tristes
2694 3190 2748 3235 et
2773 3180 3038 3249 elegiacos
3064 3194 3270 3235 versus.

1999 3273 2029 3327 1
2035 3273 2164 3345 nire]
2196 3274 2473 3329 lnchoare.

2004 3367 2157 3441 Ecce]
2189 3367 2503 3438 Ubicunque
2536 3369 2751 3437 ponitur
2793 3383 2949 3436 ecce,
2991 3369 3299 3425 necessario
3338 3369 3518 3440 sequi-

1930 3468 2015 3513 tur
2058 3459 2291 3529 aliquid,
2326 3460 2466 3531 quod
2499 3460 2589 3515 vel
2612 3468 2813 3515 metum
2841 3460 3050 3525 aﬂ‘erat,
3094 3462 3182 3516 vel
3213 3463 3519 3517 admiratio-

1930 3565 2051 3604 Iem
2087 3551 2513 3621 :propriumque
2560 3550 2839 3607 Ciceronis
2884 3552 2986 3608 hoc
3033 3562 3116 3608 est
3142 3553 3196 3608 in
3228 3554 3385 3609 rebus
3415 3554 3520 3609 im-

1856 3619 1902 3684 C
1935 3643 2184 3710 provisis,
2214 3619 2356 3710 quod
2379 3619 2627 3698 accurate
2650 3644 2901 3714 Virgilius
2922 3657 2975 3700 et
2996 3645 3125 3715 legit
3148 3656 3200 3700 et
3229 3647 3521 3703 transtulit.

1938 3742 2140 3793 Auctor
2170 3738 2457 3794 Asconius.
2494 3740 2637 3794 Bene
2687 3741 2850 3807 igitur
2877 3751 2931 3795 et
2988 3757 3129 3796 nunc
3174 3757 3241 3797 eo
3269 3743 3522 3798 adverbio

1936 3831 2103 3883 utitur
2129 3830 2381 3893 Boetius,
2412 3831 2747 3899 repentinam
2776 3832 3184 3902 mirabilemque
3210 3850 3330 3888 cum
3356 3835 3524 3889 fortu-

1938 3934 2043 3986 nae,
2083 3929 2195 3973 tum
2221 3921 2515 3976 studiorum
2542 3922 2895 3977 mutationem
2926 3924 3253 3993 signiﬁcans.

2008 4011 2240 4083 Lacerta]
2270 4012 2628 4079 Perturbatus,
2668 4014 2947 4080 luctuosae,
2980 4026 3035 4071 et
3070 4018 3223 4085 quasi
3256 4019 3326 4073 ob
3353 4020 3519 4075 animi

1940 4103 2177 4161 dolorem
2232 4106 2481 4160 laceratis
2504 4106 2756 4162 vestibus.
2812 4106 2942 4161 Nam
2976 4120 3149 4177 poetae
3193 4109 3369 4164 Musas
3406 4120 3523 4166 ωτι.

1937 4212 2094 4267 quam
2122 4196 2348 4251 feminas
2368 4197 2468 4251 sibi
2501 4198 2812 4253 assistentes
2838 4197 3119 4254 inducunt.

2010 4288 2234 4361 Dictant]
2282 4289 2626 4361 Suggerunt,
2658 4302 2712 4346 et
2756 4301 2817 4346 ut
2848 4292 3108 4362 excipiam
3165 4294 3524 4365 scribamque,

1936 4384 2140 4439 dicunt.
2170 4383 2431 4437 Ovidiana
2463 4383 2679 4453 Sappho
2707 4401 2721 4439 :

2060 4474 2126 4524 At
2149 4474 2264 4524 mibi
2290 4474 2561 4535 Pegasides
2583 4473 2891 4525 blandissima
2914 4476 3123 4525 carmina
3145 4474 3346 4525 dictant.

1939 4558 2149 4612 Dictare
2196 4565 2280 4610 est
2332 4556 2381 4610 id
2413 4555 2615 4621 dicere,
2657 4556 2800 4626 quod
2852 4556 2989 4610 alius
3037 4555 3307 4626 excipiens
3354 4565 3527 4616 notet,

1942 4650 2159 4704 Hieron.
2186 4666 2198 4702 :
2224 4649 2341 4704 Non
2361 4648 2505 4703 enim
2527 4649 2719 4704 eodem
2747 4651 2933 4720 lepore
2947 4650 3233 4719 dictamus,
3262 4667 3367 4723 quo
3390 4654 3518 4708 scri-

1942 4742 2138 4796 bimus.
2160 4741 2436 4811 Signilicat
2465 4750 2521 4797 et
2546 4753 2853 4811 suggerere.
2884 4740 3078 4799 Fabius
3103 4759 3117 4797 :
3151 4743 3315 4799 Nobis
3346 4752 3522 4801 autem

1857 4815 1913 4877 D
1937 4844 1991 4889 et
2018 4834 2343 4889 tutissimum
2374 4844 2459 4890 est
2486 4843 2733 4891 auctores
2756 4836 2939 4906 plures
2980 4837 3153 4908 sequi,
3181 4848 3235 4893 et
3274 4838 3346 4892 ita
3372 4839 3523 4894 vide-

1938 4934 2022 4978 tur
2058 4924 2193 4979 ratio
2222 4923 2445 4979 dictare.

2012 5012 2287 5087 Camoenae]
2311 5015 2496 5070 Musas.

2024 5103 2184 5177 Veris]
2214 5105 2330 5159 Non
2377 5104 2662 5174 simulatis,
2694 5108 2788 5163 sed
2819 5122 2885 5163 ex
2914 5099 3077 5163 animi
3107 5109 3293 5166 dolore
3334 5124 3526 5181 provo-

1941 5197 2230 5253 aientibus.

2014 5288 2231 5361 Rigant]
2258 5290 2633 5347 Madefaciunt.
2660 5292 2863 5347 Seneca
2896 5292 2951 5347 in
2979 5293 3195 5349 Octavia
3227 5311 3242 5346 :

2064 5382 2205 5444 Rigat
2229 5390 2281 5435 et
2302 5386 2488 5433 mmstis
2508 5385 2706 5435 ﬂetibus
2726 5398 2827 5434 ora.

1944 5466 2190 5537 Virgilius
2218 5467 2269 5521 in
2293 5477 2444 5522 sexto
2477 5485 2490 5521 :

2064 5558 2144 5606 Sic
2168 5571 2463 5621 memorans,
2486 5558 2624 5622 largo
2645 5561 2765 5609 ﬂetu
2787 5560 2931 5610 simul
2956 5572 3039 5609 ora
3063 5562 3271 5625 rigabat.

1938 5639 2081 5695 Idem
2104 5641 2157 5695 in
2177 5656 2317 5697 nono
2343 5661 2352 5694 :

2061 5730 2122 5780 Et
2148 5732 2328 5781 vultum
2355 5732 2576 5797 lacrymis
2597 5740 2743 5797 atque
2768 5748 2857 5785 ora
2878 5736 3089 5797 rigabat.

314 5874 339 5895 '
370 5866 431 5923 In
454 5863 541 5918 his
566 5859 983 5926 commentariis,
1011 5872 1128 5929 quae
1158 5857 1374 5912 nomine
1401 5855 1660 5911 carebunt
1688 5856 1899 5913 noverit
1928 5856 2098 5914 lector
2125 5859 2319 5914 Joanni
2350 5860 2653 5918 Murmellio
2675 5876 2796 5920 esse
2822 5863 3128 5920 tribuenda.
