4010 6372
551 385 652 441 887

621 495 756 565 Has]
779 494 1079 550 Camoenas.

621 588 839 659 Saltem]
866 588 1028 655 Quasi
1054 586 1215 651 dicat,
1247 585 1482 641 Tametsi
1514 594 1705 640 caetera
1750 601 1835 639 me
1880 585 2133 641 deserue-

544 686 672 748 rint,
706 683 871 737 Musa:
893 692 1071 737 tamen
1103 681 1251 736 nullo
1279 690 1486 736 terrore
1514 696 1543 733 a
1576 695 1661 735 me
1684 678 1919 733 abstrahi
1947 688 2137 749 potue-

543 784 685 831 runt.
719 775 809 830 Sic
838 775 994 829 Ovid.
1027 776 1078 828 in
1109 790 1161 828 1v
1191 774 1445 829 Tristium
1476 791 1489 826 :

670 876 751 939 me
771 890 967 939 quoque
993 876 1129 926 Musa
1154 876 1283 926 levat
1305 875 1446 924 Ponti
1474 875 1574 939 loca
1594 874 1729 933 iussa
1753 878 2027 937 petentem.

730 937 841 987 Sola
866 937 1033 987 omnes
1056 945 1232 987 nostrae
1256 939 1470 999 perstitit
1492 937 1571 984 illa
1595 938 1740 999 fugae.

670 999 781 1049 Sola
808 1014 900 1049 nec
927 1001 1121 1049 insidias
1145 1002 1291 1057 inter,
1315 1012 1409 1048 nec
1432 999 1595 1047 militis
1620 1012 1812 1059 ensem,

733 1063 838 1112 Nec
858 1075 1013 1126 mare,
1037 1076 1132 1112 nec
1151 1070 1340 1123 ventos,
1360 1062 1738 1123 Barbariamque
1761 1063 1920 1111 timet.

545 1158 845 1231 Subditque
871 1176 975 1216 non
1000 1161 1165 1215 multo
1196 1170 1317 1229 post
1348 1178 1361 1213 :

669 1266 790 1317 Jure
813 1266 932 1315 deas
956 1268 1104 1328 igitur
1130 1265 1487 1328 veneror_mala
1514 1270 1677 1328 nostra
1700 1264 1939 1323 levantes,

729 1326 1198 1381 Sollicitas'comites
1222 1342 1282 1375 ex
1310 1326 1550 1375 Helicone
1574 1326 1723 1389 fugae,

671 1389 733 1439 Et
759 1393 929 1452 partim
955 1389 1150 1452 pelago,
1181 1390 1351 1452 partim
1379 1389 1585 1452 vestigia
1611 1396 1780 1450 terrae,

780 1453 825 1502 el
845 1451 1212 1514 rate’dignatas,
1234 1451 1312 1499 vel
1334 1451 1463 1513 pede
1484 1458 1646 1501 nostra
1667 1452 1827 1513 sequi.

625 1543 827 1617 Gloria]
849 1546 1143 1616 Repetatur
1190 1543 1555 1599 nominativus
1583 1544 1806 1613 pluralis
1837 1541 2136 1611 Camoenae,

546 1646 604 1693 ut
628 1638 699 1693 sit
727 1637 1009 1707 appositio,
1040 1634 1331 1703 Camoenae,
1361 1636 1529 1705 gloria
1556 1635 1727 1690 felicis
1758 1644 1815 1690 et
1841 1635 2031 1689 viridis
2056 1636 2143 1704 ju-

549 1740 728 1787 venta:
757 1730 906 1797 olim,
950 1729 1206 1786 Solantur
1235 1744 1378 1783 nunc
1424 1743 1542 1783 mea
1571 1728 1676 1783 fata
1723 1728 1902 1784 mmsti
1952 1729 2096 1783 senis
2126 1748 2139 1781 :

544 1823 649 1877 hoc
677 1830 779 1887 est,
814 1822 980 1876 Musae
1009 1836 1129 1891 quae
1150 1818 1281 1874 mihi
1309 1819 1441 1875 olim
1470 1834 1578 1874 non
1611 1820 1868 1874 mediocri
1898 1829 1952 1873 et
1978 1834 2139 1874 orna-

546 1927 731 1971 mento
760 1924 814 1969 et
842 1914 1025 1969 decori
1067 1914 1312 1981 fuerunt,
1360 1912 1562 1983 pariter
1607 1920 1719 1967 tum
1746 1913 1995 1982 juventa,
2029 1921 2139 1967 tum

544 2009 681 2063 laetis
710 2007 934 2063 fortuna:
959 2004 1296 2061 successibus
1313 2003 1563 2073 ﬂorenti,
1588 2019 1729 2058 nunc
1758 2004 1923 2058 rebus
1949 2002 2141 2058 adver-

545 2102 621 2155 sis
668 2101 1001 2170 perturbato,
1028 2098 1259 2169 afﬂicto,
1312 2108 1366 2154 et
1417 2108 1541 2153 ante
1587 2099 1883 2170 legitimum
1931 2108 2141 2169 tempus

544 2191 735 2247 dolore
788 2189 1230 2256 consenescenti,
1290 2190 1715 2245 consolationem
1767 2188 2016 2244 afferunt.
2066 2190 2138 2243 M.

542 2283 751 2339 Tullius
779 2283 831 2337 in
880 2283 1127 2338 oratione
1157 2297 1255 2351 pro
1284 2282 1524 2337 Archia:
1564 2301 1582 2334 ι
1618 2281 1750 2335 Nam
1796 2291 2028 2350 caetera,
2062 2282 2143 2336 in-

543 2378 679 2448 quit,
715 2392 803 2431 res
830 2391 1004 2446 neque
1027 2385 1328 2445 temporum
1377 2383 1532 2439 sunt,
1585 2388 1758 2444 neque
1782 2382 1997 2428 aztatum
2027 2389 2142 2429 om-

544 2471 734 2537 nium,
790 2485 967 2538 neque
1017 2469 1278 2524 locorum.
1323 2466 1450 2522 Haec
1504 2466 1677 2520 studia
1720 2465 2142 2521 adolescentiam

543 2570 728 2632 agunt,
765 2569 1101 2616 senectutem
1133 2558 1443 2624 oblectant,
1479 2558 1744 2613 secundas
1779 2572 1867 2613 res
1910 2567 2139 2623 ornant,

546 2654 793 2709 adversis
824 2652 1121 2723 perfugium
1170 2666 1234 2706 ac
1274 2650 1522 2705 solatium
1568 2649 1840 2719 praebent,
1872 2647 2141 2704 delectant

548 2747 731 2813 domi,
781 2760 885 2800 non
941 2745 1240 2815 impediunt
1285 2743 1439 2811 foris,
1483 2751 1804 2814 pernoctant
1833 2742 2137 2811 nobiscum,

549 2838 981 2910 peregrinantur,
1008 2838 1355 2893 rusticautur.
1370 2855 1389 2889 ι

617 2931 739 2985 Mea
769 2931 879 3000 fata
902 2932 1067 2984 mmsti
1093 2928 1249 3001 senis]
1280 2928 1569 2984 Laurentio
1602 2928 1856 2993 Vallensi,
1881 2927 1972 2997 qui
2004 2942 2138 2982 unus

544 3023 786 3081 omnium
811 3024 878 3079 de
905 3022 1092 3078 Latina
1125 3023 1306 3091 lingua
1335 3022 1509 3076 multo
1540 3022 1764 3076 meritus
1795 3030 1878 3075 est
1905 3019 2136 3091 optime,

542 3116 661 3173 haec
690 3094 857 3170 Boetii
904 3114 1100 3171 locutio
1148 3113 1238 3167 vix
1272 3110 1567 3165 tolerabilis
1609 3110 1839 3177 videtur,
1888 3124 1954 3165 eo
1999 3111 2139 3180 quod

541 3207 884 3278 participium
943 3202 1298 3273 desit:quod
1360 3213 1539 3257 tamen
1598 3217 1720 3257 meo
1763 3200 1970 3271 judicio
2001 3200 2140 3256 haud

544 3299 830 3354 difﬁculter
860 3296 1196 3360 subauditur,
1223 3302 1348 3363 puta
1379 3293 1527 3359 facti,
1554 3302 1613 3347 ut
1644 3292 1714 3347 sit
1736 3308 1946 3348 sensus.
1980 3292 2142 3348 Musae

544 3393 791 3449 solantur
820 3406 963 3446 nunc
993 3405 1110 3445 mea
1138 3390 1273 3453 fata,
1305 3388 1395 3458 qui
1444 3387 1514 3443 ob
1545 3387 1777 3442 fortunae
1807 3387 2141 3456 iniquitatem

545 3490 720 3547 factus
750 3506 869 3545 sum
916 3500 1140 3545 maestus
1182 3501 1366 3542 senex.
1413 3486 1478 3541 Et
1509 3487 1611 3539 hoc
1639 3495 1722 3541 est
1742 3485 1880 3555 quod
1905 3485 2139 3554 subjicit.

617 3581 863 3654 InOpina]
892 3582 948 3636 ld
978 3591 1094 3648 cst,
1128 3578 1398 3649 inopinata
1445 3586 1726 3645 senectus,
1769 3588 1824 3633 et
1849 3592 1968 3647 quae
1994 3577 2142 3633 clan-

547 3676 727 3731 culum
758 3674 890 3728 mihi
918 3673 1171 3743 opinione
1202 3672 1360 3726 citius
1390 3670 1648 3740 obrepsit.

632 3767 773 3822 Venit
796 3764 1094 3838 properata]
1123 3766 1237 3821 Hoc
1261 3774 1364 3831 est,
1390 3778 1620 3838 propere
1643 3772 1697 3820 et
1719 3764 2033 3820 festinanter
2060 3764 2142 3818 in-

547 3860 727 3914 ducta.

618 3949 797 4022 Malis]
828 3950 937 4006 Hoc
957 3958 1075 4016 est,
1104 3950 1174 4005 ob
1214 3951 1354 4005 mala
1403 3958 1457 4005 et
1494 3949 1725 4006 fortunae
1763 3949 2136 4006 adversitates.

544 4040 645 4097 Est
682 4040 826 4095 enim
871 4040 1089 4110 septimi
1142 4056 1321 4096 casus.
1349 4041 1503 4111 Apud
1537 4042 1819 4096 Erasmutn
1871 4041 2141 4111 singulare

543 4134 717 4189 nostri
744 4134 925 4189 saeculi
953 4134 1139 4201 decus,
1191 4135 1537 4205 proverbium
1585 4146 1695 4200 est,
1750 4136 1886 4190 Mala
1929 4134 2138 4191 senium

548 4227 874 4295 accelerant,
907 4227 1250 4297 desumptum
1277 4245 1343 4283 ex
1375 4229 1468 4283 illo
1497 4228 1782 4283 Homerico
1817 4246 1831 4283 :

672 4324 863 4388 Quippe
882 4334 1093 4388 repente
1107 4326 1333 4376 homines
1351 4327 1580 4387 curisque
1599 4324 1839 4387 malisque
1856 4329 2137 4376 senescunt.

549 4409 767 4467 Ovidius
798 4412 851 4466 in
881 4413 1055 4482 primo
1077 4411 1143 4466 de
1167 4411 1339 4467 Ponto
1370 4428 1383 4464 :

674 4512 756 4578 hie
779 4525 974 4576 quoque
996 4514 1223 4563 debilitat
1246 4516 1405 4563 series
1426 4515 1661 4563 immensa
1690 4514 1923 4578 laborum,

734 4577 863 4625 Ante
888 4589 1053 4625 meum
1079 4582 1276 4638 tempus
1298 4589 1445 4637 cogor
1468 4581 1519 4626 et
1546 4590 1656 4626 esse
1681 4588 1856 4626 senex.

621 4666 850 4723 zEtatem
889 4666 1059 4739 suam]
1084 4666 1450 4723 Senectutem.
1483 4668 1553 4723 Ut
1581 4670 1725 4725 enim
1751 4671 1969 4740 juventa
1998 4671 2138 4728 lasti-
2162 4639 2217 4702 D

550 4764 659 4832 lite,
687 4765 764 4819 sic
785 4764 990 4818 doloris
1011 4774 1140 4818 mtas
1164 4770 1248 4817 est
1275 4773 1544 4818 senectus.

622 4853 990 4927 Intempestivi]
1014 4854 1152 4909 Ante
1169 4854 1369 4924 justum
1398 4865 1607 4925 tempus
1636 4857 1767 4910 nati.

629 4947 852 5020 Vertice]
882 4946 984 5002 Per
1021 4946 1296 5011 verticem,
1330 4947 1386 5001 in
1415 4948 1609 5017 capite.

623 5037 776 5110 Cani]
808 5036 988 5109 Capilli
1011 5038 1151 5093 cani.
1183 5037 1429 5093 Valerius
1459 5038 1672 5093 Maxim.
1707 5038 1799 5093 lib.
1829 5054 1904 5093 ll:
1937 5039 2139 5096 Puber-

550 5144 634 5189 tas
661 5132 811 5187 canis
835 5145 989 5185 suum
1011 5130 1269 5184 honorem
1299 5129 1577 5186 reddebat.

622 5224 816 5297 E/feto]
848 5224 1064 5281 Viribus
1092 5223 1376 5291 exhausto,
1410 5233 1466 5279 et
1491 5223 1562 5279 ob
1584 5223 1749 5279 animi
1770 5223 2013 5280 dolorem
2041 5224 2138 5279 de-

551 5318 781 5376 bilitato.

625 5412 770 5468 Mors
793 5412 1058 5467 hominum
1086 5410 1234 5485 felix]
1264 5412 1332 5469 Ut
1383 5412 1548 5467 animi
1590 5412 1885 5483 perturbati
1943 5412 2137 5479 homo,

554 5514 699 5562 totus
726 5522 795 5562 ex
824 5505 1036 5562 fortuna
1062 5505 1284 5577 pendet,
1318 5506 1452 5561 citra
1477 5521 1630 5577 cuius
1656 5520 1961 5563 successum
1994 5522 2138 5563 mor—

551 5609 661 5656 tem
685 5601 854 5672 magis
880 5615 1038 5672 quam
1070 5601 1235 5655 vitam
1256 5609 1424 5670 optat.

627 5693 773 5748 Mors
796 5694 1057 5748 hominum
1084 5692 1231 5766 felix]
1273 5692 1508 5749 Subaudi
1535 5704 1637 5750 est.
1666 5694 1895 5763 Felices,
1944 5696 2134 5765 inquit,

555 5798 682 5844 sunt
708 5789 955 5846 homines
988 5792 1180 5861 quibus
1202 5807 1323 5847 cum
1373 5792 1580 5846 fortuna
1612 5801 1885 5861 permanet
1933 5800 1985 5846 et
2010 5792 2135 5857 vita,

554 5880 752 5954 illaque
800 5882 1121 5954 recedente,
1166 5886 1368 5956 pariter
1412 5884 1613 5942 ﬁnitur.
1664 5887 2008 5945 Antisthenes
2051 5886 2140 5943 ille

2170 1877 2221 1940 B

2170 3252 2217 3315 C

1185 378 1533 438 APPENDIX
1562 378 1655 437 AD
1693 376 1937 435 LIBROS
1977 374 2065 432 DE
2103 374 2626 438 CONSOLM‘IONE
2665 382 3164 443 PHILOSOPHUS.

2157 491 2211 555 Δ
2238 495 2475 566 Cynicus
2513 509 2732 569 rogatus
2762 502 3013 571 quidnam
3052 501 3192 569 apud
3243 499 3482 556 homines
3515 510 3655 556 esset
3692 501 3798 561 bea-

2241 592 2344 644 tius
2371 607 2385 644 :
2416 591 2649 648 Felicem
2669 634 2683 656 ,
2709 593 2912 664 inquit,
2947 593 3101 649 mori.

3710 382 3797 439 833

2316 681 2588 755 Dulcibus]
2620 683 2948 742 Fortunatis.

2311 770 2522 846 Inserit]
2554 775 2828 841 Immittit,
2860 778 3071 847 ingerit.

2314 864 2530 938 Maestis]
2586 867 2668 923 Ab
2708 868 3012 927 hominibus
3057 873 3296 941 maestis,
3349 874 3401 929 id
3440 885 3523 932 est
3563 877 3801 936 tristibus.

2243 954 2657 1014 Maximinianus
2688 975 2794 1015 non
2824 962 3044 1019 omnino
3067 968 3490 1023 contemnendus
3518 978 3673 1039 poeta
3700 989 3713 1025 :

2368 1048 2408 1096 Ο
2427 1063 2574 1115 quam
2598 1051 2717 1101 dura
2743 1056 2924 1115 premit
2946 1058 3150 1105 miseros
3170 1058 3379 1108 conditio
3403 1062 3531 1110 vitae.

2473 1124 2531 1160 ec
2552 1126 2682 1183 mors
2705 1114 2913 1183 humano
2936 1119 3155 1177 subiacet
3180 1121 3404 1183 imperio.

2364 1172 2519 1243 Dulce
2546 1178 2669 1224 mori
2693 1178 2900 1243 miseris,
2930 1186 2981 1228 at
3004 1172 3133 1229 mors
3154 1172 3315 1243 optata
3341 1184 3551 1243 recedit,

2430 1237 2490 1285 At
2514 1249 2625 1285 cum
2650 1241 2803 1288 tristis
2827 1243 2943 1303 erit,
2971 1237 3261 1305 praecipitata
3287 1247 3437 1296 venit.

2244 1320 2426 1377 Obiter
2478 1322 2564 1376 his
2607 1323 2659 1377 in
2708 1326 2952 1381 versibus
3003 1328 3232 1383 notanda
3272 1331 3539 1396 secunda,
3581 1331 3800 1389 dictionis

2244 1414 2505 1484 conditio,
2539 1415 2762 1485 syllaba,
2790 1433 2908 1488 quae
2948 1420 3172 1477 licenter
3220 1424 3475 1492 producta
3522 1433 3627 1479 est.
3662 1425 3797 1481 liii-or

2244 1514 2423 1562 autem
2465 1508 2665 1565 sciolos
2706 1512 2968 1580 quosdam
3002 1510 3154 1568 Gallo
3190 1523 3364 1585 poetae
3404 1516 3616 1586 Virgilii
3660 1519 3800 1575 amico

2245 1603 2443 1671 elegias
2461 1643 2476 1670 ,
2508 1618 2628 1673 qute
2651 1604 3014 1662 Maximiniani
3042 1614 3167 1662 sunt
3191 1648 3206 1674 ,
3246 1609 3317 1664 ob
3346 1610 3635 1666 leviculam
3661 1616 3802 1682 suspi~

2248 1694 2455 1749 cionem
2488 1696 2745 1751 tribuere.
2781 1697 2974 1754 Verum
2997 1699 3063 1755 de
3094 1700 3195 1755 hoc
3219 1701 3353 1756 alias
3379 1703 3561 1758 latius.

2322 1785 2443 1841 Heu
2470 1788 2567 1841 heu
2597 1806 2750 1859 quam
2772 1788 2952 1859 surda]
2984 1789 3099 1847 Heu
3138 1792 3367 1848 dolentis
3396 1804 3480 1850 est
3509 1796 3801 1864 interiectio,

2246 1880 2383 1935 sicut
2430 1880 2792 1951 probatissimi
2829 1886 3163 1953 grammatici
3197 1886 3412 1944 docent.
3447 1888 3605 1944 Eheu
3654 1890 3801 1947 [atina

2247 1972 2417 2029 dictio
2462 1986 2723 2031 nonest:
2756 1977 2899 2047 quod
2952 1979 3069 2033 sola
3116 1981 3345 2049 partium
3384 1983 3648 2038 orationis
3677 1984 3802 2039 inter-

2242 2068 2409 2137 jectio
2457 2086 2727 2139 nunquam
2778 2074 3132 2140 componitur,
3174 2074 3268 2130 sed
3313 2076 3681 2146 geminatione
3700 2079 3799 2133 facta

2246 2158 2533 2215 dicendum
2555 2203 2569 2226 ,
2605 2161 2707 2218 heu
2735 2163 2863 2219 heu.
2888 2164 3132 2220 Tibullus
3160 2180 3175 2220 :

2372 2254 2485 2304 Heu
2509 2254 2626 2316 heu,
2651 2255 2881 2306 divitibus
2904 2258 3044 2308 video
3070 2258 3290 2321 gaudere
3315 2258 3521 2323 puellas.

2245 2339 2391 2395 Idem
2416 2356 2431 2395 :

2430 2432 2647 2483 Ferreus
2670 2437 2763 2493 est,
2789 2434 2888 2484 heu
2911 2434 3027 2497 heu,
3051 2437 3272 2499 quisquis
3292 2438 3342 2486 in
3364 2437 3492 2486 urbe
3514 2442 3689 2486 manet.

2244 2517 2515 2572 Invenitur
2540 2526 2593 2572 et
2614 2517 2809 2586 heheu,
2833 2528 2969 2575 teste
2998 2519 3236 2577 Perotto.
3262 2522 3443 2578 Potest
3466 2532 3525 2577 et
3549 2534 3720 2577 versus
3737 2520 3805 2576 sic

2243 2619 2390 2666 recte
2443 2610 2546 2681 legi
2581 2628 2596 2664 :
2638 2610 2754 2665 Heu
2793 2626 2952 2681 quam
2998 2613 3179 2669 surda.
3236 2614 3452 2669 Servius
3498 2615 3550 2669 in
3592 2614 3805 2669 secundo

2244 2704 2505 2760 Aineidos
2530 2705 2917 2761 commentario
2952 2723 2964 2758 ε
2994 2706 3110 2761 lleu
3134 2707 3295 2762 modo
3327 2718 3412 2762 est
3446 2723 3549 2762 una
3594 2707 3802 2779 syllaba,

2242 2798 2338 2854 sed
2364 2799 2630 2854 interdum
2661 2811 2879 2870 propter
2909 2810 3135 2856 metrum
3158 2801 3278 2856 dum
3308 2801 3470 2863 ﬁunt,
3499 2812 3557 2855 ut
3582 2811 3692 2866 est,

2366 2890 2479 2940 Heu
2504 2904 2647 2953 quam
2674 2893 2841 2954 pingui
2865 2905 3030 2942 macer
3054 2900 3129 2943 est
3152 2893 3269 2941 mihi
3292 2900 3461 2942 taurus
3481 2894 3532 2943 in
3556 2906 3684 2943 arvo.

2312 2976 2586 3049 Avertitur]
2599 2976 2835 3046 Spernit,
2850 2989 3127 3033 aversatur
3142 2992 3284 3032 mors
3298 2993 3325 3033 a
3340 2980 3550 3034 miseris
3562 2981 3803 3033 invocata.

2315 3070 2380 3122 Et
2404 3072 2578 3139 ﬂentes
2610 3069 2804 3141 oculos]
2843 3070 3040 3125 Ordina
3072 3070 3178 3136 sic,
3212 3070 3277 3125 Et
3312 3085 3450 3125 saeva
3484 3080 3625 3125 mors
3648 3078 3802 3137 negat,

2244 3161 2349 3218 hoc
2379 3172 2494 3231 est,
2541 3179 2645 3219 non
2691 3164 2989 3234 permittit,
3022 3166 3250 3219 miseros
3289 3164 3545 3230 subaudi,
3580 3163 3807 3217 claudere

2250 3256 2442 3314 ﬂentes
2472 3257 2677 3312 oculos.
2702 3258 2806 3311 Aut
2836 3256 2979 3311 hunc
3017 3256 3071 3310 in
3102 3257 3316 3311 modum
3335 3296 3350 3323 ,
3383 3256 3537 3311 Saeva
3564 3267 3807 3309 morsne-

2247 3361 2337 3423 gat
2369 3350 2577 3415 ﬁentes,
2610 3353 2712 3406 hoc
2755 3359 2859 3415 est,
2889 3350 3135 3405 homines
3165 3351 3234 3405 ob
3265 3350 3423 3420 hujus
3466 3351 3590 3403 vitm
3610 3347 3805 3403 calami-

2246 3451 2413 3499 tatem
2470 3442 2853 3514 lacrymantes,
2900 3441 3150 3497 claudere
3178 3442 3395 3506 oculos,
3443 3442 3500 3495 id
3547 3452 3629 3496 est
3666 3439 3801 3496 mori.

2244 3535 2448 3593 Alludit
2470 3545 2649 3590 autem
2670 3535 2737 3589 ad
2760 3543 3000 3590 veterum
3031 3550 3233 3591 morem
3248 3575 3265 3600 ,
3288 3550 3396 3604 quo
3423 3533 3806 3604 propinquiores

2245 3637 2580 3722 mortuprum
2606 3627 2795 3683 oculos
2823 3626 3075 3682 claudere
3104 3627 3367 3682 solebant.
3391 3627 3445 3680 ln
3470 3626 3606 3681 libro
3625 3625 3797 3689 Tobiae,

2245 3717 2668 3792 capite'ultimo,
2693 3721 2806 3775 haec
2831 3721 3028 3791 scripta
3060 3728 3185 3774 sunt
3213 3737 3228 3774 :
3256 3720 3385 3775 Post
3410 3719 3613 3776 obitum
3639 3717 3801 3774 matris

2243 3828 2355 3869 suae
2378 3812 2576 3869 Tobias
2610 3813 2876 3869 abscessit
2923 3828 2989 3867 ex
3031 3810 3219 3868 Niniv’re
3248 3827 3369 3867 cum
3414 3828 3581 3869 uxore
3624 3820 3799 3876 sua,et

2244 3905 2391 3973 ﬁliis,
2415 3914 2471 3961 et
2493 3905 2727 3960 ﬁliorum
2744 3904 2891 3974 ﬁliis,
2912 3914 2965 3959 et
2985 3920 3233 3960 reversus
3252 3914 3336 3961 est
3354 3905 3422 3961 ad
3442 3919 3656 3961 soceros
3673 3917 3788 3965 suos,

2244 3997 2552 4067 invenitque
2566 4012 2660 4052 eos
2688 3998 2983 4052 incolumes
3001 3997 3054 4052 in
3086 4007 3364 4052 senectute
3383 3998 3545 4066 bona,
3566 4008 3616 4054 et
3640 4009 3795 4052 curam

2245 4103 2431 4145 eorum
2449 4091 2637 4161 gessit,
2659 4098 2714 4145 et
2731 4092 2845 4159 ipse
2871 4090 3063 4146 clausit
3083 4090 3271 4146 oculos
3295 4105 3507 4157 eorum,
3539 4098 3592 4145 et
3609 4101 3798 4144 omnem

2243 4180 2615 4237 hereditatem
2648 4181 2839 4237 domus
2874 4182 3128 4254 Baguelis
3158 4182 3271 4252 ipse
3297 4182 3557 4254 percepit.
3587 4178 3797 4237 Valerius

2243 4274 2505 4329 Maximus
2546 4273 2615 4329 de
2654 4273 2884 4330 muliere
2936 4277 3142 4330 Assana
3176 4293 3187 4328 :
3223 4275 3480 4329 Filiarum
3531 4287 3704 4329 manus
3740 4270 3792 4324 ad

2246 4378 2557 4435 supremum
2580 4366 3059 4437 opprimendorum
3092 4367 3370 4423 oculorum
3407 4366 3633 4423 ofﬁcium
3658 4363 3789 4420 advo-

2244 4461 2404 4518 cavit.
2438 4461 2603 4518 Silius
2624 4461 2839 4517 ltalicus
2869 4462 2923 4516 in
2954 4476 3095 4517 nono
3131 4480 3144 4515 :

2989 4555 3150 4616 Atque
3174 4554 3223 4601 in
3249 4553 3343 4603 ﬁne
3367 4552 3584 4603 laborum

2423 4616 2527 4667 Hac
2548 4617 2728 4670 condas
2749 4612 2921 4667 oculos‘
2936 4612 3114 4666 dextra
3140 4628 3327 4679 precor.

2247 4705 2470 4763 Ovidius
2489 4707 2545 4762 in
2565 4707 2723 4762 tertio
2747 4705 2815 4761 de
2839 4704 3104 4761 Tristibus
3129 4720 3143 4759 :

2367 4800 2471 4850 Nec
2492 4801 2714 4851 mandata
2736 4800 2881 4858 dabo,
2904 4812 2998 4850 nec
3021 4812 3129 4847 cum
3152 4797 3365 4848 clamore
3387 4810 3613 4861 supremo

2436 4863 2684 4913 Labeates
2705 4864 2873 4913 oculos
2893 4862 3072 4911 condet
3093 4863 3244 4910 amica
3265 4873 3448 4909 manus.

2324 4944 2557 5017 Levibus]
2587 4944 2947 5011 Mutabilibus,
2978 4942 3156 5007 ﬂuxis,
3184 4941 3418 4999 caducis.

2321 5039 2592 5111 Male/ida]
2626 5038 2813 5104 lulida,
2836 5038 3167 5093 inconstans.

2320 5131 2558 5204 Faveret]
2585 5132 2746 5187 Deest
2774 5130 2927 5186 mihi.

2320 5229 2461 5285 Nam
2489 5228 2678 5283 levibus
2710 5225 2877 5296 bonis]
2901 5224 3171 5295 Septimus
3198 5235 3356 5277 casus
3376 5228 3477 5276 est.

2205 5313 2220 5329 ⁸
2320 5322 2457 5377 Pene
2487 5330 2643 5393 caput
2664 5317 2844 5389 tristis]
2875 5316 2928 5371 ld
2950 5324 3052 5382 est,
3085 5330 3223 5385 pene
3250 5323 3494 5369 mortuus
3509 5324 3658 5366 eram.

2322 5415 2540 5488 Nubila]
2568 5415 2810 5470 Obscura
2843 5421 2898 5467 et
2917 5411 3166 5466 adversa.
3196 5408 3287 5465 Sic
3317 5406 3538 5462 Ovidius
3565 5419 3577 5456 :

2370 5510 2613 5572 Tempora
2637 5507 2679 5557 si
2702 5504 2886 5555 fuerint
2908 5501 3095 5564 nubila,
3120 5500 3253 5551 solus
3277 5500 3393 5549 eris.

2324 5601 2587 5677 Ingratus]
2619 5598 2938 5670 iniucundus
2971 5615 2983 5649 :
3019 5593 3445 5678 subaudiendum
3476 5586 3619 5685 mihi.
3694 5675 3703 5685 .

2322 5699 2497 5767 Impia
2526 5693 2649 5766 vita]
2679 5691 2925 5750 Crudelis
2952 5690 3007 5745 in
3036 5703 3123 5745 me
3149 5687 3403 5744 miserum
3440 5683 3570 5740 mori
3606 5683 3786 5748 cupienc

2248 5806 2378 5853 tem.
2406 5792 2624 5849 Publius
2646 5786 3042 5859 Mimographus
3076 5803 3088 5840 τ

2383 5888 2423 5940 Ο
2446 5889 2541 5939 vita
2566 5886 2746 5937 misero
2767 5882 2932 5945 longa,
2954 5879 3180 5932 felicibus
3201 5879 3383 5931 brevis.
