4010 6372
258 383 352 444 889
1127 366 1497 425 MURMELLI!
1542 368 1625 423 ΕΤ
1669 364 2037 426 ACRICOLJE
2078 369 2601 431 CUMMENTARIA.

258 496 458 551 Seneca
492 490 544 545 in
577 486 805 543 llercule
826 485 1035 541 OEtheo
1070 501 1083 539 :

504 581 599 630 Par
620 578 706 628 ille.
729 578 939 636 superis,
966 578 1041 625 cui
1069 579 1249 637 pariter
1272 576 1379 624 dies

502 644 564 694 lit
588 642 773 691 fortuna
797 640 902 699 fuit,
928 640 1099 687 mortis
1122 639 1271 687 habet
1293 641 1442 697 vices,

504 706 664 756 Lente
687 717 797 754 cum
823 703 1029 752 trahitur
1052 704 1147 749 vita
1172 700 1503 763 gementibus.

260 796 400 849 Idem
430 792 482 846 in
512 789 703 845 eodem
732 806 744 839 :

508 881 701 932 Felices
724 879 950 942 sequeris
971 890 1119 938 mors,
1146 878 1351 926 miseros
1372 874 1519 937 fugis.

332 967 471 1035 Quid
518 981 597 1019 me
624 961 840 1035 felicem]
885 962 977 1016 llis
1008 961 1256 1016 versibus
1284 958 1517 1015 ostendit
1569 971 1676 1014 non
1723 968 1844 1011 esse

258 1060 470 1114 felicem
500 1055 879 1127 appellandum
904 1069 1025 1109 eum
1057 1053 1209 1121 cujus
1237 1051 1598 1107 conditionem
1630 1049 1846 1103 fortuna

257 1161 469 1206 mutare
513 1158 708 1220 potest.
764 1147 901 1204 Vera
955 1161 1186 1217 namque
1246 1144 1469 1201 felicitas
1527 1143 1687 1198 finem
1737 1156 1845 1197 non

258 1244 444 1298 habet.
781 1291 796 1305 ,

335 1336 495 1409 Quid]
552 1335 777 1405 Propter
805 1334 967 1404 quid,
1019 1331 1085 1387 ad
1115 1329 1265 1402 quid,
1294 1343 1411 1384 cur.
1445 1325 1725 1383 Convertit
1752 1340 1848 1380 au-

260 1441 367 1487 tem
398 1445 519 1484 cum
573 1428 802 1499 quadam
849 1426 1012 1481 animi
1061 1424 1427 1495 indignatione
1450 1434 1754 1477 sermonem
1777 1418 1847 1474 ad

261 1524 482 1580 amicos.

332 1618 365 1672 J
372 1626 515 1672 actas
525 1614 609 1688 tis]
640 1616 936 1671 lnsolenter
956 1622 1145 1669 etcum
1162 1611 1393 1683 quadam
1416 1608 1645 1679 superba
1663 1615 1848 1664 osten-

269 1713 467 1767 tatione
499 1709 857 1777 praedicastis.

345 1803 439 1867 Qui
469 1800 674 1871 cecidit]
700 1799 988 1854 Verissima
1016 1798 1132 1854 haec
1153 1805 1236 1852 est
1274 1795 1565 1861 sententia,
1597 1804 1653 1849 et
1679 1810 1746 1850 ex
1784 1809 1851 1849 eo

3420 365 3523 421 890

1862 480 1916 542 Α
1941 480 2297 551 Ριτίιοδοριιίξε
2330 485 2467 553 ignei
2501 491 2627 539 sunt
2674 483 2845 548 oculi,
2879 491 2933 537 et
2973 496 3133 553 supra
3178 495 3519 537 communem

1945 576 2252 631 mortalium
2307 578 2593 631 valcntiam
2648 577 3029 648 pchpicaces:
3072 577 3194 645 quia
3247 574 3525 644 sapientia:

1944 670 2184 725 studium
2208 670 2503 725 intellectus
2525 672 2693 725 oculis
2719 672 2901 725 intima
2933 684 3158 740 quaeque
3184 678 3445 739 penetrat,
3473 676 3531 723 et

1844 792 1847 795 η
1946 779 2034 821 res
2065 766 2225 835 vulgo
2257 779 2477 834 prorsus
2508 766 2715 835 ignotas
2745 765 3022 819 latentium
3050 778 3332 819 causarum
3363 763 3531 819 inves-

1947 857 2202 927 tigatione
2231 867 2613 926 perscrutatur.

2018 948 2200 1004 Colore
2225 945 2414 1018 vivido]
2442 947 2680 1001 Naturali
2701 956 2756 1001 et
2783 949 3064 1004 sanitatem
3095 950 3368 1018 roburque
3397 965 3534 1019 prte-

1949 1042 2160 1097 ferenti.
2191 1039 2544 1111 Phi|050pbia
2573 1039 2717 1094 enim
2748 1054 2869 1093 cum
2897 1041 2965 1094 sit
2994 1041 3195 1106 Optime
3214 1041 3533 1111 constituta,

1951 1134 2117 1189 vividi
2152 1132 2405 1188 nimirum
2432 1131 2629 1186 coloris
2660 1145 2779 1186 esse
2819 1130 3033 1199 dicitur,
3062 1139 3121 1187 et
3156 1132 3382 1201 egregia:
3419 1130 3533 1201 pula

1949 1225 2297 1283 cbritudinis.

2024 1317 2352 1391 [neat/musti]
2376 1316 2577 1373 lnfiniti
2597 1358 2611 1384 ,
2646 1330 2919 1387 nunquam
2950 1312 3269 1371 deficientis.

2027 1413 2174 1485 Αῑυί]
2204 1413 2421 1469 Etatis.

2024 1502 2212 1575 Plena]
2236 1504 2546 1560 Abundans.

2026 1597 2232 1651 Nostra:
2280 1596 2467 1669 aetatis]
2522 1595 2717 1652 Smculi
2764 1592 2983 1648 nostri:
3027 1592 3272 1663 quamvis
3323 1590 3539 1662 (inquit)

1953 1688 2290 1760 philosophia
2337 1690 2405 1742 ita
2438 1697 2582 1743 esset
2606 1701 2830 1753 annosa,
2860 1695 2917 1739 ut
2946 1685 3115 1739 multo
3141 1693 3265 1739 ante
3302 1692 3541 1738 nostram

1954 1794 2165 1839 {etatem
2188 1782 2436 1839 ﬂoruisse
2457 1782 2795 1847 crederetur,
2820 1788 2936 1833 erat
2966 1788 3140 1833 tamen
3171 1777 3370 1847 vigoris
3395 1778 3543 1831 inex~

265 1895 406 1964 quod
425 1861 757 1949 contrarium
785 1900 891 1957 est,
926 1889 1081 1944 facile
1131 1891 1207 1944 sic
1240 1888 1540 1943 ostenditur
1572 1906 1584 1940 :
1615 1886 1717 1955 Qui
1745 1896 1852 1942 sta-
1880 1861 1929 1924 Β
1958 1878 2165 1945 hausti,
2198 1877 2526 1945 minimeque
2562 1873 2884 1942 consumpti.
2915 1870 3195 1941 Sapientia
3235 1873 3377 1925 enim
3409 1885 3544 1923 nun-

263 1989 357 2044 bili
382 1987 546 2059 gradu
575 1995 688 2053 est,
719 1985 761 2040 is
783 1984 976 2039 cadere
1009 1997 1115 2038 non
1140 1989 1334 2051 potest.

713 2122 778 2177 ΙΝ
808 2118 1079 2178 PROSAM
1112 2118 1391 2174 PRIMAM.

330 2241 443 2297 Hac
458 2253 615 2310 prosa
632 2248 883 2307 tanquam
911 2236 1170 2305 prooemio
1193 2236 1354 2289 totius
1371 2233 1549 2304 operis
1576 2250 1857 2305 argumen-

264 2344 380 2389 tum
406 2331 602 2401 aperit,
629 2345 759 2385 sane
783 2344 939 2399 quam
982 2328 1200 2397 pulchra
1232 2326 1590 2396 descriptione
1622 2328 1857 2396 philoso-

259 2426 448 2498 phiam
495 2422 755 2479 inducens
791 2422 891 2476 sibi
939 2420 1280 2489 apparuisse,
1335 2419 1549 2473 tametsi
1594 2420 1664 2474 ob
1694 2420 1856 2473 animi

261 2515 700 2588 perturbationes
725 2514 922 2593 _minus
961 2522 1176 2576 notam,
1221 2511 1513 2581 ejectisque
1570 2511 1860 2567 levioribus

261 2611 463 2675 musis,
492 2624 694 2679 aegrum
725 2607 845 2676 ejus
889 2607 1128 2659 animum
1158 2606 1268 2659 suis
1290 2605 1736 2674 gravioribusque
1761 2619 1858 2657 cu-

258 2701 498 2759 randum
551 2716 615 2755 ac
658 2698 954 2753 sanandum
1010 2698 1332 2766 suscepisse.
1367 2695 1654 2751 Sciendum
1683 2704 1860 2751 autem

260 2805 357 2850 est
379 2797 481 2849 hoc
508 2806 645 2862 opus
676 2790 890 2859 dialogo
915 2790 1271 2859 compositum
1296 2789 1436 2844 inter
1466 2787 1862 2858 philosophiam

260 2901 371 2957 per
411 2900 568 2955 quam
599 2892 746 2939 recta
778 2884 915 2936 ratio
962 2882 1245 2951 accipitur,
1289 2890 1343 2935 et
1372 2881 1651 2945 Boetium,
1692 2879 1865 2934 homi-

259 2994 399 3034 nem
427 2976 652 3033 fortunae
682 2974 1095 3030 adversitatibus
1137 2973 1416 3041 afflictum,
1448 2973 1718 3041 variisque
1745 2986 1865 3041 per-

261 3068 675 3127 turbationibus
703 3067 1017 3123 obnoxium.
1047 3065 1296 3135 Dialogus
1309 3075 1392 3119 est
1422 3068 1503 3136 (ut
1524 3065 1737 3119 Laertio
1753 3064 1865 3134 pla-

260 3162 387 3233 cet)
416 3179 478 3218 ex
510 3161 929 3232 interrogatione
967 3169 1023 3215 et
1050 3159 1406 3229 responsione
1436 3159 1769 3229 compositus
1798 3163 1866 3214 de

1958 1984 2114 2039 quam
2141 1968 2404 2033 senescit,
2436 1980 2705 2035 nunquam
2734 1966 2841 2018 vim
2886 1978 3039 2017 suam
3084 1961 3300 2016 amittit.
3346 1961 3412 2015 Et
3440 1974 3544 2031 quo

1957 2061 2109 2131 plura
2140 2060 2258 2129 ejus
2303 2057 2482 2114 studio
2511 2064 2833 2112 consecutus
2855 2054 3045 2119 fueris,
3078 2068 3144 2107 eo
3175 2053 3329 2123 plura
3360 2065 3546 2123 super—

1959 2170 2080 2211 esse
2109 2153 2482 2225 cognoscenda
2510 2150 2905 2221 deprehendes.
2948 2149 3145 2204 Priscis
3184 2148 3422 2219 profecto
3445 2162 3547 2202 sa:-

1959 2248 2094 2304 culis
2140 2246 2281 2317 apud
2328 2246 2608 2313 Hebraeos,
2653 2244 2970 2315 Egyptios,
3014 2243 3260 2307 Grrecos,
3308 2240 3544 2304 Latinos,

1961 2341 2199 2410 aliasque
2230 2348 2418 2411 gentes
2451 2336 2756 2407 philosophi
2788 2337 3138 2405 exstiterunt,
3171 2334 3395 2402 aliisque
3422 2346 3549 2386 suc-

1963 2440 2243 2490 cesserunt
2268 2431 2389 2497 alii,
2424 2445 2595 2500 neque
2623 2429 2729 2483 vim
2764 2426 3119 2496 philosophia:
3141 2433 3428 2495 potuerunt
3456 2439 3550 2479 un-

1962 2541 2121 2594 quam
2160 2524 2466 2587 exhaurire,
2502 2536 2603 2577 uec
2642 2520 2708 2574 ad
2760 2520 2919 2574 finem
2956 2517 3196 2573 discendi
3248 2516 3550 2585 pervenire.

1964 2616 2321 2687 Hieronymus
2361 2615 2427 2669 ad
2457 2614 2853 2682 Nepotianum:
2889 2612 3235 2681 Amplexetur
3268 2624 3355 2663 me
3391 2608 3550 2665 modc

1964 2710 2243 2780 sapientia,
2273 2719 2327 2763 et
2371 2709 2563 2777 Abisag
2597 2715 2803 2771 nostra,
2828 2720 2949 2775 quae
2982 2720 3252 2775 nunquam
3284 2707 3549 2771 senescit,

1967 2800 2020 2855 in
2050 2814 2173 2855 meo
2212 2799 2515 2869 requiescat
2558 2797 2677 2851 sinu
2710 2794 2833 2865 (III
2867 2796 2996 2865 Reg.
3024 2795 3087 2865 l).
3128 2794 3409 2864 lmpolluta
3437 2802 3552 2862 est,

1966 2894 2399 2963 virginitatisque
2457 2900 2758 2962 perpetuae,
2806 2898 2860 2943 et
2898 2904 3016 2958 qua:
3056 2890 3109 2942 in
3150 2886 3554 2943 similitudinem

1967 2986 2147 3040 Maria:
2188 3000 2307 3039 cum
2352 2983 2592 3054 quotidie
2620 2990 2874 3053 generet,
2902 2994 3223 3051 semperque
3264 2979 3554 3050 parturiat,

1970 3080 2275 3149 incorrupta
2303 3089 2406 3133 est.

2043 3174 2260 3229 Statura
2290 3173 2608 3226 discretionis
2647 3169 2920 3243 ambiguae]
2965 3168 3157 3223 Mulier
3195 3166 3409 3239 (inquit)
3439 3180 3560 3237 qua:

259 3274 339 3315 ea
362 3274 442 3323 re,
468 3263 587 3328 qua:
603 3257 687 3311 vel
711 3254 1127 3326 philosOphiam,
1149 3254 1235 3307 vel
1257 3253 1562 3322 reipublicae
1593 3262 1773 3322 partes
1789 3262 1869 3308 at-
1892 3238 1941 3303 C
1974 3270 2105 3325 mihi
2149 3269 2425 3339 apparuit,
2465 3277 2583 3323 em.
2628 3238 2831 3321 suum},
2880 3238 3220 3319 (ι’ίερηιίυηίέ
3269 3261 3558 3331 ambigua,

260 3355 468 3425 tingat,
500 3366 622 3407 cum
649 3349 864 3405 decenti
903 3358 958 3403 et
1000 3362 1236 3417 congrua
1283 3346 1639 3417 expressione
1683 3362 1867 3417 perso-

265 3460 466 3502 narum
521 3457 639 3513 qua:
668 3448 1035 3508 assumuntur,
1080 3448 1433 3510 accurateque
1477 3440 1867 3511 compositione

266 3538 587 3595 verborum.

342 3628 501 3703 Htec]
533 3629 708 3701 Elegis
730 3628 841 3699 jam
868 3626 1156 3698 descripta.

345 3717 581 3791 Tacitus]
605 3719 831 3775 Tacens.

344 3809 684 3883 Reputarem]
716 3811 1023 3867 Meditarer.

347 3902 781 3976 Lacrymabilem]
805 3904 886 3959 Ad
912 3901 1316 3975 lacrymandum
1339 3913 1537 3973 aptam.

353 3996 545 4064 Ofﬁcio
570 3992 715 4065 styli]
745 3995 1067 4065 Scriptione,
1102 3994 1401 4050 litterarum
1423 3994 1756 4050 exaratione.

348 4086 708 4162 Designarem]
742 4087 1135 4145 Describerem.

346 4184 529 4251 Supra
556 4179 813 4252 verticem]
845 4181 1023 4251 Supra‘
1044 4189 1221 4250 caput.

259 4294 264 4304 ·
345 4275 569 4346 Mulier]
608 4278 746 4345 Apte
784 4274 1121 4345 philosophia
1170 4274 1362 4330 mulier
1412 4274 1715 4345 inducitur,
1748 4290 1869 4331 cum

271 4372 344 4426 sit
381 4369 603 4441 generis
633 4367 903 4437 feminini,
938 4375 995 4421 et
1020 4367 1207 4422 formae
1252 4382 1488 4422 nomen:
1519 4370 1862 4438 quemadmo-

272 4464 411 4518 dum
442 4461 608 4515 virtus
637 4470 693 4514 et
728 4460 973 4529 voluptas
1002 4474 1035 4514 a
1065 4458 1294 4514 Prodico
1332 4459 1571 4529 sophista
1614 4462 1869 4515 mulieres

271 4553 578 4623 finguntur,
617 4554 719 4604 non
759 4550 881 4604 viri.
932 4550 1121 4605 Mulier
1162 4559 1268 4605 tam
1309 4551 1461 4621 virgo
1505 4566 1662 4622 quam
1708 4561 1872 4620 nupta

272 4645 501 4708 dicitur,
533 4650 752 4696 auctore
781 4641 968 4696 Servio
1002 4642 1057 4695 in
1088 4657 1140 4696 Ix
1171 4641 1432 4697 IEneidos
1463 4644 1869 4709 commentario,
1900 4624 1953 4686 Ῑ)

271 4738 440 4804 cujus
483 4736 598 4787 haec
625 4742 750 4787 sunt
793 4732 990 4786 verba:
1024 4731 1161 4786 Usus
1201 4733 1459 4798 obtinuit,
1504 4744 1559 4786 ut
1597 4734 1871 4803 innuptas,

274 4826 523 4896 virgines
547 4842 561 4877 :
590 4820 803 4893 nuptas,
837 4822 1092 4879 mulieres
1120 4837 1397 4878 vocemus.
1425 4822 1556 4877 Nam
1594 4826 1733 4894 apud
1762 4842 1875 4880 ma-

274 4924 434 4989 iores
458 4918 742 4973 indiscrete
769 4918 917 4988 virgo
944 4916 1219 4972 dicebatur
1249 4926 1305 4971 et
1332 4918 1543 4974 mulier.
1578 4919 1876 4990 Utrumque

275 5014 435 5068 enim
465 5025 651 5065 sexum
680 5019 883 5064 tantum
907 5009 1262 5077 significabat.

354 5101 678 5173 R608i‘6ﬂdlﬂ
727 5100 1080 5155 Venerabilis.
1117 5100 1384 5170 Quidquid
1428 5102 1571 5156 enim
1615 5104 1876 5173 sapientia

279 5196 574 5267 praeditum
603 5203 714 5264 est,
745 5194 1005 5263 imprimis
1035 5203 1121 5249 est
1141 5194 1441 5249 reverentia
1472 5204 1526 5250 et
1552 5194 1757 5251 honore
1792 5197 1877 5253 di-

276 5290 477 5360 gnum.

365 5381 695 5455 Ardeatibus]
727 5383 880 5454 ignea
907 5385 957 5437 vi
991 5382 1245 5453 prteditis,
1268 5392 1322 5438 et
1352 5386 1796 5454 penetrabilibus.

374 5476 684 5550 Valentiam]
714 5476 1063 5531 Facultatem.
1091 5475 1332 5530 Valentia
1378 5489 1460 5533 est
1499 5489 1758 5548 potestas,
1790 5496 1879 5537 ro-

282 5574 423 5638 bur,
454 5573 617 5627 vires.
660 5570 965 5625 Titinnius:
1001 5569 1273 5639 Sapientia
1314 5572 1641 5641 gubernator
1691 5591 1879 5632 navem

283 5675 544 5736 torquet,
572 5682 679 5721 non
713 5668 966 5722 valentia.

372 5762 779 5835 Perspicacibus]
820 5767 1023 5821 Acutis.
1069 5766 1393 5836 Perspicax,
1424 5769 1514 5837 qui
1556 5769 1702 5824 visus
1749 5786 1878 5826 acu-

290 5858 453 5912 mine
482 5869 569 5912 res
612 5858 934 5928 perspicere,
983 5858 1323 5929 perfectoque
1372 5859 1633 5928 inspicere
1681 5870 1877 5930 potest.

1972 3364 2074 3419 hoc
2100 3371 2205 3425 est,
2231 3376 2348 3416 eam
2378 3370 2635 3416 staturam
2669 3359 3008 3429 praeferebat,
3036 3372 3200 3428 quam
3221 3370 3378 3411 nemo
3407 3354 3563 3410 facile

1970 3465 2118 3511 certa
2149 3454 2475 3509 discretione
2501 3461 2872 3523 cognosceret.
2916 3449 3083 3520 Cujus
3108 3449 3186 3504 rei
3218 3449 3356 3503 hanc
3396 3447 3563 3518 subji-

1970 3550 2043 3605 cit
2083 3564 2299 3605 causam
2328 3566 2342 3603 :
2384 3546 2516 3602 Nam
2550 3560 2693 3601 nunc
2735 3544 2950 3615 quidem
2978 3542 3043 3598 ad
3072 3556 3413 3597 communem
3441 3556 3565 3597 sese

1970 3642 2248 3697 hominum
2296 3654 2603 3694 mensuram
2660 3638 2980 3704 cohibebat,
3031 3636 3084 3690 id
3134 3645 3218 3692 est
3268 3635 3565 3706 aliquando

1972 3748 2079 3787 non
2122 3730 2418 3786 excedebat
2456 3744 2799 3784 communem
2832 3728 3108 3783 hominum
3138 3736 3423 3780 staturam.
3450 3725 3565 3780 Hoc

1971 3833 2149 3877 autem
2188 3822 2383 3877 dicitur
2422 3823 2492 3876 ob
2520 3836 2612 3876 eas
2660 3821 3013 3891 philosophia:
3046 3827 3222 3887 partes
3264 3819 3317 3872 in
3361 3817 3555 3887 quibus

1971 3919 2040 3974 de
2070 3919 2135 3973 iis
2164 3918 2324 3972 rebus
2350 3919 2545 3987 agitur,
2578 3931 2803 3985 quarum
2844 3930 3013 3983 capax
3044 3924 3127 3969 est
3156 3914 3448 3967 humanum
3482 3913 3565 3969 in-

1971 4013 2223 4081 genium,
2251 4020 2306 4066 et
2344 4024 2477 4079 quas
2507 4009 2816 4064 intellectus
2846 4006 3122 4061 hominum
3155 4006 3316 4060 certis
3345 4006 3566 4059 rationi-

1972 4106 2074 4160 bus
2099 4106 2311 4174 assequi
2339 4110 2537 4174 potest.
2562 4101 2875 4173 Cujusmodi
2908 4109 3032 4155 sunt
3068 4109 3178 4155 tres
3210 4098 3567 4170 philoSOpbitn

1974 4198 2252 4254 rationalis
2282 4206 2485 4268 partes,
2529 4197 2897 4269 grammatica,
2940 4195 3238 4262 dialectica,
3272 4194 3564 4261 rhetorica,

1975 4300 2031 4345 et
2096 4290 2489 4345 mathematica:
2537 4290 2832 4359 disciplina:
2898 4297 3092 4359 printer
3150 4286 3565 4354 astronomiam,

1977 4388 2106 4443 item
2142 4386 2359 4457 physica
2390 4384 2581 4453 majori
2609 4399 2673 4438 ex
2706 4393 2877 4452 parte,
2908 4392 2963 4438 et
2994 4388 3103 4436 tota
3129 4380 3352 4434 moralis
3393 4378 3567 4448 philo-

1977 4477 2186 4548 sophia.

2051 4570 2209 4625 Nunc
2236 4585 2351 4624 vero
2380 4568 2583 4639 pulsare
2618 4567 2800 4622 caelum
2844 4567 3026 4620 summi
3068 4563 3271 4619 verticis
3309 4561 3569 4615 cacumine

1980 4663 2265 4733 videbatur]
2297 4662 2412 4716 Hoc
2456 4660 2658 4715 dictum
2689 4659 2905 4713 videtur
2949 4660 3019 4713 ob
3056 4655 3473 4719 astronomiam,
3516 4662 3571 4709 et

1984 4771 2104 4812 eam
2155 4754 2405 4825 physices
2453 4762 2692 4823 partem,
2737 4752 2790 4805 in
2839 4764 2943 4820 qua
2986 4750 3052 4806 de
3095 4750 3233 4806 ccelo
3273 4757 3327 4804 et
3370 4744 3571 4801 mundo

1984 4851 2179 4921 agitur.

2058 4939 2186 5004 Qua:
2213 4954 2328 4991 cum
2359 4945 2511 5007 caput
2536 4935 2693 4989 altius
2736 4930 3017 5007 extulisset]
3059 4934 3153 4990 His
3181 4934 3358 4989 verbis
3402 4930 3569 5001 signi-

1987 5032 2112 5087 ficat
2154 5032 2376 5101 primam
2410 5029 2833 5100 philosophiam,
2867 5030 3018 5098 cujus
3056 5029 3351 5099 speculatio
3382 5041 3572 5082 versa~

1984 5135 2070 5180 tur
2090 5126 2229 5180 circa
2251 5141 2341 5181 res
2360 5126 2567 5180 divinas
2592 5134 2646 5179 et
2670 5138 2860 5179 causas
2885 5124 3191 5190 altissimas,
3210 5137 3435 5194 quarum
3464 5134 3571 5174 non

1985 5217 2140 5273 facile
2171 5232 2342 5287 capax
2372 5226 2454 5271 est
2491 5215 2799 5271 mortalium
2847 5214 3172 5281 intellectus,
3205 5215 3414 5269 dicente
3456 5212 3574 5281 phi-

1986 5308 2213 5378 1050pho
2239 5326 2251 5361 :
2282 5308 2413 5363 Nam
2446 5318 2500 5362 ut
2531 5306 2971 5377 vespertilionurn
3023 5306 3165 5361 oculi
3210 5319 3330 5360 sese
3376 5303 3576 5358 habent

1986 5400 2053 5456 ad
2092 5400 2264 5455 lucem
2293 5399 2399 5454 diei
2430 5399 2507 5453 sic
2536 5409 2592 5454 et
2622 5410 2821 5456 nostra:
2851 5401 3042 5454 animae
3070 5412 3222 5453 mens
3254 5395 3321 5451 ad
3351 5410 3416 5450 ea
3454 5409 3576 5451 sese

1990 5492 2179 5559 habet,
2208 5505 2327 5561 quae
2357 5489 2788 5545 manifestissima
2813 5490 3049 5545 omnium
3078 5496 3205 5543 sunt
3236 5496 3446 5542 natura.

2058 5583 2480 5657 Respicientium]
2511 5583 2691 5639 Visum
2714 5594 3008 5639 retrorsum
3036 5582 3384 5638 flectentium.

2078 5677 2251 5732 Vestes
2298 5688 2441 5732 erant
2489 5678 2795 5733 tenuissimis
2837 5676 2968 5749 ﬁlis]
3017 5677 3120 5731 Per
3162 5684 3338 5731 vestes
3389 5673 3573 5745 accipe

1988 5768 2289 5826 divinarum
2322 5769 2781 5839 humanarumque
2810 5783 2986 5823 rerum
3023 5775 3300 5833 tractatus,
3329 5765 3571 5836 disputa-

1987 5863 2267 5933 tionesque
2302 5878 2365 5919 ac
2408 5873 2676 5935 praecepta
2725 5860 3189 5933 philosophorum.
3237 5860 3339 5917 Per
3371 5857 3572 5916 tenuis-
