4010 6372
528 379 625 433 891

1175 376 1523 435 APPENDIX
1557 378 1647 435 AD
1686 374 1927 435 LIBROS
1966 372 2056 429 DE
2094 368 2609 430 CONSOLATIONE
2648 368 3143 429 PHILOSOPHIE.
3630 378 3708 433 R92

524 490 658 546 sima
691 489 774 544 ﬁla
795 531 810 557 ,
841 504 1001 546 voces
1030 493 1299 560 simplices
1322 501 1378 549 et
1420 492 1939 563 argumentationum
1987 488 2099 543 ele-
2128 488 2183 548 Α
2284 483 2531 538 Eamdem
2562 494 2730 541 tamen
2773 485 2976 558 vestem]
3002 486 3406 557 Disputationem
3434 488 3707 562 philosophi-

522 593 720 637 menta.
754 582 856 637 Per
902 584 1097 639 subtile
1142 587 1457 652 artiﬁcium,
1504 587 1754 641 solertem
1801 579 2099 637 disserendi

520 658 720 741 artem,
753 691 869 746 qua:
900 676 1175 731 dialectice
1221 686 1577 746 nuncupatur.
1611 677 1717 731 Per
1756 672 2099 729 indissolubi-

521 768 623 822 lem
674 770 987 833 materiam,
1042 769 1279 837 intellige
1330 784 1579 824 verarum
1640 766 2097 837 propositionum,

518 860 937 929 assumptionum
956 904 969 921 .
999 862 1510 933 conclusionumque
1532 862 1919 932 congruitatem
1940 901 1955 925 ,
1982 860 2099 929 qui-

517 952 615 1006 bus
646 952 1028 1022 phil050phic:e
1058 955 1447 1024 disputationes
1477 955 1774 1009 cohaerent.
1806 954 1932 1008 Haec
1957 953 2100 1007 enim

516 1043 736 1097 materia
767 1043 1145 1100 indissolubilis
1172 1056 1273 1100 est.
1301 1045 1435 1099 Nam
1474 1046 1517 1099 si
1547 1044 1879 1109 dissolveris,
1912 1053 1967 1097 et
1992 1043 2102 1097 dis-

515 1136 803 1203 putationis
830 1136 883 1190 in
915 1146 1197 1207 utramque
1224 1147 1429 1206 partem
1471 1138 1623 1191 factae
1669 1136 1982 1204 particulam
2015 1151 2101 1188 ar-

516 1228 765 1297 ripueris,
797 1228 989 1284 falsum
1040 1232 1270 1285 lortasse
1317 1246 1414 1299 pro
1452 1245 1582 1284 vero
1625 1228 1919 1285 credideris
1950 1227 2100 1282 aiﬁr-

514 1322 866 1390 maverisque.
905 1322 1056 1389 Quod
1098 1339 1216 1377 cum
1258 1324 1376 1377 aliis
1409 1323 1690 1393 permultis
1716 1322 1943 1388 accidit,
1985 1333 2101 1378 tum

516 1413 786 1482 imprimis
817 1415 1110 1484 Aristippo,
1143 1418 1233 1486 qui
1263 1432 1384 1471 cum
1415 1417 1707 1471 audivisset
1745 1416 1983 1471 Socratis
2012 1432 2104 1471 su-

516 1519 617 1575 per
644 1506 887 1573 corporis
915 1508 1184 1574 voluptate
1212 1507 1662 1575 disputationem,
1699 1506 1903 1561 relictis
1934 1509 2097 1573 veris,

515 1595 868 1664 apprehendit
905 1596 1072 1651 falsa:
1112 1597 1213 1651 hoc
1252 1608 1365 1663 est,
1392 1614 1454 1652 ea
1486 1608 1798 1668 argumenta
1818 1639 1833 1665 ,
1864 1614 1985 1669 quae
2016 1614 2103 1653 vo-

516 1686 776 1755 luptatem
807 1688 1048 1757 corporis
1091 1703 1211 1745 esse
1259 1704 1527 1745 summum
1575 1691 1773 1746 bonum
1814 1689 2101 1746 ostendere

516 1778 852 1833 videbantur.

589 1867 676 1923 Uti
697 1879 807 1941 post
828 1869 1004 1924 eadem
1031 1871 1272 1941 prodente
1293 1870 1525 1943 cognovi]
1551 1870 1894 1928 Parenthesis
1914 1880 2015 1929 est.

589 1957 701 2031 Uti]
725 1959 1206 2027 Quemadmodum.

585 2049 729 2123 Post|
766 2052 981 2109 Postea.

586 2126 804 2215 Eadem]
836 2144 1199 2215 Philosophia.

587 2231 867 2306 Prodente]
912 2237 1203 2294 lndicante.
1249 2238 1360 2295 Hoc
1388 2238 1655 2295 videbitur
1697 2239 1749 2293 in
1780 2238 1937 2309 hujus
1977 2238 2096 2294 libri

516 2342 674 2397 prosa
708 2329 886 2383 tertia.

591 2422 714 2479 Suis
742 2425 1000 2499 manibus]
1028 2425 1453 2497 Cogitationibus
1478 2436 1533 2483 et
1561 2427 1955 2483 elocutionibus
1979 2425 2098 2496 phi-

516 2506 825 2585 losophicis.
853 2516 1037 2573 Manus
1066 2518 1415 2588 philosophiae
1438 2526 1562 2573 sunt
1586 2534 1766 2574 rerum
1795 2518 2097 2572 divinarum

518 2615 575 2662 et
603 2605 955 2662 humanarum
998 2610 1398 2675 meditationes,
1431 2626 1493 2665 ac
1522 2610 1871 2671 elocutiones.
1904 2606 2099 2679 quibus

516 2696 871 2767 philosophia:
912 2701 1078 2755 vestis
1117 2705 1442 2767 contexitur,
1480 2701 1582 2757 hoc
1622 2712 1733 2769 est,
1780 2702 2094 2770 disputatio,

518 2788 649 2844 falsa
679 2792 993 2860 reprobans,
1018 2802 1074 2849 et
1094 2794 1396 2864 approbans
1420 2810 1569 2861 vera,
1591 2794 1952 2864 componitur.

592 2884 842 2958 Quarum]
872 2886 1129 2940 Vestium.

591 2975 847 3047 Speciem]
873 2976 1145 3032 Formam.

600 3065 769 3120 Veluti
797 3069 1023 3137 famosas
1053 3068 1299 3139 imagines
1328 3066 1475 3139 solet]
1506 3066 1850 3124 Parenthesis
1888 3077 1990 3123 est.

591 3157 861 3231 Fumosas]
894 3159 1062 3215 Fumo
1096 3160 1377 3215 obductas.
1410 3160 1657 3216 Seneca:
1686 3160 1804 3213 Non
1836 3159 1963 3213 facit
2005 3170 2103 3214 no-

520 3250 678 3309 bilem
698 3298 713 3322 ,
740 3256 934 3307 atrium
968 3253 1183 3321 plenum
1212 3252 1438 3306 fumosis
1464 3250 1805 3321 imaginibus.

594 3344 763 3418 Solet]
800 3344 1036 3402 Subaudi
1084 3345 1256 3416 caligo
1304 3345 1561 3415 neglectae
1607 3343 1887 3399 vetustatis
1933 3342 2102 3398 obdu-

522 3456 667 3497 cere.
1144 3446 1148 3456 '

594 3531 793 3608 Caligo]
830 3533 1159 3589 Obscuritas.

597 3627 913 3700 Obduxerat]
941 3629 1247 3685 Obtexerat.
1282 3628 1376 3683 His
1401 3628 1580 3684 verbis
1615 3628 1942 3698 signiﬁcatur
1979 3626 2103 3697 phi-

524 3719 779 3788 losophiae
834 3720 1069 3774 studium
1104 3720 1195 3775 diu
1242 3720 1544 3792 neglectum
1586 3721 1817 3790 jacuisse
1849 3722 1901 3776 in
1950 3730 2102 3777 tene-

522 3813 654 3867 bris.

592 3900 820 3974 Harum]
854 3902 1114 3958 Vestium.

593 3996 659 4050 In
694 4007 914 4050 extremo
956 3993 1205 4067 margine]
1234 3996 1289 4051 In
1324 3996 1428 4049 ima
1459 3996 1817 4052 extremitate.

592 4087 651 4162 Π]
682 4088 785 4144 Per
828 4089 931 4144 hoc
958 4089 1219 4159 accipitur
1259 4092 1544 4163 Πρακτικὴ,
1584 4089 1636 4144 id
1666 4098 1748 4144 est
1773 4089 1944 4145 activa
1986 4090 2103 4159 phi-

522 4180 789 4249 losophia.

593 4272 659 4327 In
688 4272 943 4344 supremo]
976 4273 1209 4327 Subaudi
1242 4273 1502 4343 margine.

592 4364 654 4437 Θ]
683 4364 785 4419 Per
816 4364 920 4419 hoc
956 4365 1282 4433 significatur
1324 4367 1631 4439 θεωρητικὴ,
1666 4363 1718 4419 id
1748 4374 1828 4419 est
1858 4374 2103 4421 contem-

525 4462 739 4532 plativa.
766 4462 899 4517 Sunt
926 4462 1067 4515 enim
1097 4461 1216 4515 duas
1249 4461 1603 4530 philosophice
1631 4470 1832 4528 partes,
1862 4470 2107 4515 contem-

523 4555 720 4625 plativa
750 4565 803 4607 et
844 4554 1052 4606 activa:
1085 4554 1224 4622 quod
1274 4554 1438 4606 homo
1483 4551 1547 4605 ad
1589 4551 1722 4605 duas
1764 4552 2138 4625 potissimum;

523 4661 609 4700 res
639 4655 792 4699 natus
822 4653 933 4707 est,
965 4653 1089 4713 puta
1117 4642 1183 4697 ad
1219 4643 1483 4712 agendum
1516 4654 1569 4697 et
1598 4642 2097 4711 contemplandum.

524 4736 840 4792 Aristoteles
873 4734 1108 4789 secundo
1152 4734 1288 4787 libro
1328 4733 1512 4803 prima:
1544 4732 1934 4802 philosophiae:
1968 4733 2101 4790 Nam

525 4827 645 4881 ﬁnis
668 4826 880 4895 quidem
905 4824 1329 4893 contemplativa:
1353 4826 1552 4879 veritas
1576 4832 1688 4889 est,
1718 4824 1905 4879 activa:
1924 4834 2105 4880 autem

524 4934 678 4991 opus.

595 5009 738 5064 Inter
761 5018 997 5078 utrasque
1024 5004 1239 5078 litteras]
1264 5019 1302 5063 II
1331 5015 1382 5063 et
1402 5017 1463 5063 Θ.

596 5097 861 5171 lnsigniti]
891 5099 1090 5153 Notati.

596 5190 812 5263 Quibus]
841 5190 1125 5246 Gradihus.

595 5282 668 5335 Ab
696 5278 956 5352 inferiore]
986 5279 1264 5333 Elemento
1291 5290 1349 5334 II.

592 5376 673 5429 Ad
703 5375 937 5444 superius
963 5369 1284 5442 elementum]
1306 5382 1367 5428 6.
1412 5372 1487 5427 Ex
1516 5372 1793 5428 Platonica
1823 5374 2105 5445 disciplina

521 5469 625 5523 hoc
664 5476 935 5538 sumptum
965 5475 1075 5530 est,
1110 5476 1168 5519 ut
1210 5470 1423 5520 cenmm
1464 5466 1565 5519 alia
1618 5465 1803 5519 Boetli.
1840 5466 2099 5524 Platonici

522 5562 663 5617 enim
695 5561 889 5617 docent
934 5562 1103 5616 tribus
1146 5560 1395 5627 gradibus
1424 5560 1659 5613 animum
1704 5562 1935 5617 hominis
1980 5579 2101 5633 per-

523 5654 708 5709 venire
749 5653 816 5707 ad
863 5654 1100 5708 divinum
1150 5652 1480 5707 intellectum
1526 5671 1541 5707 :
1595 5654 1876 5709 virtutibus
1926 5658 2099 5725 primo

520 5745 791 5812 civilibus,
822 5747 1059 5802 secundo
1089 5744 1432 5816 purgatoriis,
1460 5746 1617 5802 tertio
1645 5748 1808 5804 animi
1837 5748 1945 5819 jam
1976 5765 2101 5820 pur-

519 5834 651 5911 gati.

2203 592 2320 632 cam
2347 578 2553 647 integra
2582 581 2808 633 veritate
2838 579 3217 634 cohaarentem.

2280 671 2634 726 Violentorum
2673 674 3031 746 quorumdam]
3079 674 3447 745 Epicureorum
3475 686 3523 731 et
3546 677 3710 735 Stoico-

2202 779 2353 828 rum,
2384 766 2471 834 qui
2502 765 2579 835 (ut
2609 765 2661 819 in
2693 766 2845 819 tertia
2873 766 3035 835 hujus
3064 767 3183 822 libri
3212 783 3358 837 prosa
3386 768 3589 840 dicetur)
3614 783 3711 840 post

2204 856 2441 912 Socratis
2468 865 2692 909 mortem
2725 856 3077 925 philosophia:
3108 858 3214 911 vim
3248 857 3523 912 intulerunt
3548 871 3592 914 et
3615 876 3711 915 cum

2205 954 2368 1000 totam
2392 946 2856 1015 comprehendere
2882 964 2987 1002 non
3017 949 3325 1017 potuissent,
3350 948 3607 1003 dilacerata
3628 952 3715 1021 eius

2204 1028 2704 1105 vesta-particulas
2745 1053 2877 1106 quas
2917 1039 3141 1108 quisque
3186 1038 3384 1107 potuit,
3415 1039 3712 1097 abstulerunt.

2205 1127 2515 1182 Lactantius
2541 1130 2593 1181 in
2623 1129 2762 1183 libro
2789 1129 2855 1183 de
2883 1129 3069 1183 divino
3099 1130 3331 1200 praemio,
3357 1131 3517 1200 capite
3535 1136 3714 1201 septimo

2205 1220 2392 1283 docet,
2425 1236 2590 1289 quare
2622 1220 2927 1290 philosophi
2964 1222 3295 1291 nequiverint
3322 1223 3714 1291 comprehendere

2204 1310 2483 1365 veritatem
2530 1312 2759 1381 integre,
2807 1326 2965 1381 quam
3016 1322 3195 1366 tamen
3245 1312 3577 1381 particulatim
3603 1329 3710 1369 com-

2206 1403 2625 1472 prehenderunt.

2276 1494 2516 1565 Libellos]
2548 1497 2649 1551 Per
2673 1498 2771 1551 hos
2792 1498 3298 1567 contemplationem
3328 1497 3598 1566 signiﬁcat,
3618 1514 3714 1565 quos

2205 1595 2353 1640 recte
2383 1587 2434 1639 in
2467 1587 2653 1641 dextra
2686 1586 2948 1653 collocat,
2986 1588 3127 1657 quod
3176 1587 3499 1656 philosophia
3541 1599 3717 1641 contem-

2207 1675 2404 1743 plativa
2439 1677 2597 1746 longe
2645 1678 2990 1746 praestantior
3014 1688 3096 1732 est
3126 1678 3320 1741 activa,
3353 1685 3408 1729 ut
3446 1676 3585 1731 docet
3608 1678 3718 1730 Aris-

2204 1766 2397 1820 toteles
2425 1767 2478 1819 in
2509 1769 2744 1821 secundo
2771 1767 2908 1821 libro
2932 1768 3117 1837 prima:
3146 1766 3509 1835 Philosophiae.

2119 1857 2170 1919 Β
2270 1857 2565 1930 Sceptrum]
2591 1859 2692 1913 Per
2734 1860 2836 1914 hoc
2882 1861 3066 1929 accipe
3111 1860 3418 1930 reipublicae
3445 1858 3719 1913 administra-

2203 1950 2403 2005 tionem
2428 1964 2481 2006 et
2514 1952 2785 2020 politicam
2818 1954 3290 2023 gubernationem.

2278 2039 2414 2112 Ubi]
2443 2041 2743 2111 Postquam.

2275 2133 2557 2207 Dictantes]
2591 2135 2974 2206 Suggerentes.

2273 2225 2571 2301 Paulisper]
2604 2229 2777 2285 Parvo
2807 2241 3070 2299 tempore.
3103 2228 3219 2283 Non
3254 2230 3395 2284 enim
3417 2227 3576 2283 decuit
3596 2226 3721 2298 philo-

2200 2316 2442 2388 sophiam
2465 2317 2556 2372 diu
2588 2320 2666 2374 ira
2682 2320 3031 2383 commoveri,
3068 2319 3284 2374 dicente
3316 2318 3554 2373 Horatio:

2325 2418 2403 2469 Ira
2426 2418 2560 2469 furor
2585 2421 2753 2470 brevis
2778 2426 2872 2482 est,
2902 2420 3112 2470 animum
3137 2435 3281 2485 rege.

2274 2521 2572 2596 Paulisper]
2603 2527 2918 2597 Parumper,
2952 2529 3235 2598 tantisper,
3262 2529 3572 2599 quantisper,
3596 2537 3638 2581 et
3655 2526 3703 2578 ali

2201 2620 2511 2688 quantisper
2531 2623 2843 2690 compositae
2870 2622 3053 2693 ﬁgura:
3081 2634 3230 2690 sunt,
3258 2634 3316 2677 ut
3346 2626 3417 2679 ait
3464 2624 3721 2689 Priscianus,

2200 2721 2255 2766 et
2280 2714 2535 2780 temporis
2559 2723 2865 2771 mensuram
2884 2715 3209 2784 signiﬁcant.
3242 2716 3575 2785 Exponuntur
3591 2725 3725 2768 autem

2202 2802 2279 2856 sic
2303 2820 2315 2855 :
2340 2802 2640 2873 Paulisper,
2666 2819 2760 2873 per
2785 2804 3055 2873 paululum
3084 2807 3365 2875 temporis.
3385 2807 3645 2875 Tantisper,
3658 2816 3725 2871 per

2204 2900 2409 2947 tantum
2454 2894 2733 2963 temporis.
2791 2894 3116 2964 Pomponius
3175 2897 3229 2949 in
3290 2898 3470 2951 Dotata
3508 2913 3521 2949 :
3557 2895 3728 2949 Possum

2203 2998 2428 3040 exorare
2454 2995 2524 3051 te,
2556 2998 2616 3040 ut
2658 2986 2888 3043 decedas
2916 3003 2947 3042 a
2970 3003 3055 3043 me
3085 2989 3363 3059 paulisper
3403 2988 3562 3054 modo,
3596 2998 3727 3055 quan-

2203 3076 2373 3147 tiSper
2399 3086 2483 3133 sat
2511 3078 2640 3135 est?

2278 3162 2476 3240 Tarnis]
2503 3168 2876 3225 Terribilihus.

2130 3225 2179 3289 ο
2282 3225 2600 3332 ιηηιεγῖίωιε]
2631 3260 2831 3316 Oculis.
2860 3261 3117 3317 Ovidius:

2458 3374 2563 3424 Jam
2588 3377 2786 3436 morior,
2811 3388 2920 3426 cara
2941 3377 3125 3426 lumina
3150 3379 3313 3429 conde
3338 3391 3493 3428 manu.

2287 3478 2401 3534 Has
2432 3480 2655 3534 scenicos
2681 3480 3047 3553 meretriculas]
3072 3481 3255 3539 Musas
3278 3484 3528 3554 poeticas,
3545 3483 3589 3537 in
3610 3481 3743 3537 scenis

2210 3580 2263 3627 et
2294 3572 2520 3627 theatris
2553 3572 2685 3626 lucri
2705 3575 2877 3641 gratia
2912 3584 3156 3643 prostare
3187 3578 3397 3631 solitas.
3426 3577 3580 3630 Scena
3598 3588 3652 3627 ex
3670 3585 3744 3625 usu

2211 3663 2379 3733 magis
2394 3678 2551 3733 quam
2569 3666 2777 3719 ratione
2796 3664 3187 3735 diphthongum
3210 3667 3380 3723 habet
3400 3686 3414 3721 :
3441 3664 3608 3720 Graece
3632 3678 3745 3717 nam-

2209 3769 2313 3821 que
2371 3759 2528 3813 σκηνὴ
2581 3753 2901 3819 tentorium,
2942 3754 3116 3819 fraus,
3167 3756 3569 3812 tabernaculum
3614 3753 3742 3807 inter-

2208 3849 2467 3911 pretatur.
2509 3842 2785 3912 Accipitur
2814 3858 2910 3912 pro
2931 3858 2995 3898 ea
3027 3854 3178 3913 parte
3219 3847 3417 3901 theatri
3447 3861 3558 3914 qua:
3591 3846 3649 3898 ab
3670 3854 3739 3896 uno

2207 3933 2326 4001 ejus
2351 3946 2520 3987 cornu
2555 3932 2624 3987 ad
2654 3933 2881 3987 alterum
2932 3934 3233 3989 ducebatur
3280 3937 3336 3990 in
3366 3933 3632 4005 hemicycli
3662 3930 3740 3984 lor-

2209 4038 2373 4075 mam.
2409 4021 2466 4075 In
2490 4038 2593 4091 qua
2624 4022 2764 4077 binis
2787 4023 3096 4092 pluribusve
3135 4026 3622 4097 contignationibus
3652 4035 3741 4075 con-

2208 4120 2396 4179 strata,
2453 4112 2658 4168 fabulas
2708 4114 2944 4183 poeticas
2973 4115 3272 4172 histriones
3305 4118 3607 4173 recitabant.
3646 4111 3740 4165 Hinc

2208 4205 2267 4258 ﬁt
2289 4204 2541 4269 scenicae,
2570 4221 2623 4267 a,
2647 4221 2753 4257 um.
2784 4205 2935 4261 Unde
2949 4221 3088 4261 nunc
3114 4222 3300 4263 musas
3328 4196 3645 4278 philosophia
3664 4213 3747 4256 sce-

2210 4292 2378 4359 nicas,
2408 4293 2799 4360 meretriculas,
2834 4296 3188 4365 ignominiose
3214 4307 3400 4353 vocat.
3435 4296 3582 4351 Dedit
3608 4300 3742 4346 autem

2210 4381 2300 4436 hic
2327 4381 2475 4436 locus
2522 4383 2791 4451 plerisque
2822 4384 2999 4439 minus
3023 4385 3250 4440 eruditis
3290 4385 3585 4443 insectandi
3612 4390 3751 4452 poetas

2214 4485 2247 4525 a
2278 4486 2413 4536 sam,
2448 4485 2553 4527 non
2595 4473 3140 4529 animadvertentibus
3188 4474 3302 4529 duo
3329 4491 3455 4531 esse
3483 4488 3651 4529 eorum
3681 4484 3750 4539 ge-

2210 4578 2360 4629 nera,
2391 4578 2618 4633 quorum
2650 4564 2875 4619 alterum
2920 4565 3132 4634 quidem
3160 4566 3289 4635 jure
3336 4564 3656 4635 philosophia
3691 4574 3751 4613 ex-

2214 4653 2379 4724 plodit
2426 4664 2480 4708 et
2508 4654 2770 4721 eliminat,
2823 4658 3049 4711 alterum
3078 4672 3209 4712 vero
3242 4659 3423 4713 libens
3471 4655 3747 4726 amplectitur

2212 4760 2472 4815 suumque
2498 4747 2759 4815 agnoscit.
2809 4747 2901 4801 Est
2944 4750 3087 4802 enim
3116 4733 3247 4803 illud
3300 4750 3446 4817 leve,
3491 4745 3748 4819 grazculnm.

2213 4838 2376 4891 meris
2404 4836 2557 4906 nugis
2572 4836 2847 4903 refertum,
2876 4848 2931 4893 et
2960 4848 3164 4893 tantum
3194 4840 3265 4893 ad
3298 4842 3514 4895 aurium
3553 4844 3755 4908 spectans

2216 4926 2569 4995 voluptatem.
2598 4927 2750 4997 Quod
2771 4943 2939 4997 genus
2965 4930 3209 5000 vulgares
3252 4942 3385 4987 sunt
3414 4931 3759 4987 versilicatores

2215 5017 2379 5071 animi
2419 5018 2907 5087 perturbationibus
2928 5023 3369 5090 succumbentes,
3420 5023 3662 5078 amatoria
3686 5019 3760 5070 im-

2219 5106 2520 5177 pudicaque
2549 5110 2785 5163 carmina
2818 5110 3137 5167 meditantes
3175 5132 3187 5166 :
3218 5130 3461 5184 quorum
3490 5124 3544 5168 ut
3574 5116 3682 5173 vita,
3703 5106 3761 5160 sic

2210 5210 2265 5255 et
2294 5215 2486 5255 versus
2513 5216 2545 5255 a
2575 5202 2913 5271 phiIOSOphia
2928 5214 3052 5259 sunt
3079 5207 3265 5273 alieni,
3290 5219 3348 5263 et
3378 5213 3459 5277 (ut
3485 5215 3619 5262 recte
3644 5203 3762 5257 Flac-

2211 5306 2305 5346 cus
2336 5290 2432 5362 ait)
2465 5293 2654 5361 inopes
2700 5309 2880 5348 rerum
2916 5312 3175 5366 nugaeque
3209 5314 3462 5356 canoras.
3502 5300 3573 5353 De
3610 5294 3762 5360 δυιιιε-

2211 5381 2357 5437 modi
2384 5382 2592 5452 poetica
2619 5382 2755 5439 dixit
2776 5382 2908 5439 Cato
2930 5387 2985 5440 in
3016 5388 3257 5443 carmine
3279 5389 3354 5444 de
3383 5389 3639 5444 Moribus:
3661 5384 3763 5437 Poe-

2209 5472 2328 5527 ticte
2351 5473 2479 5527 artis
2508 5476 2678 5529 honos
2710 5490 2812 5529 non
2842 5487 2977 5543 erat,
3023 5479 3067 5532 si
3098 5481 3215 5549 quis
3261 5482 3315 5535 in
3349 5498 3417 5537 ea
3441 5497 3499 5536 re
3527 5476 3760 5537 studebat.

2207 5572 2299 5617 aut
2343 5578 2465 5619 sese
2489 5564 2556 5619 ad
2589 5567 2834 5621 convivia
2884 5568 3200 5638 applicabat,
3259 5571 3553 5628 Grassator
3576 5565 3767 5624 vocaba-

2209 5664 2315 5708 tur.
2362 5653 2429 5708 Et
2466 5654 2621 5710 divus
2652 5657 3009 5731 Hieronymus
3033 5662 3099 5716 de
3124 5661 3233 5716 ﬁlio
3266 5664 3499 5735 prodigo
3518 5662 3580 5717 ad
3606 5661 3767 5715 Dama-

2206 5762 2325 5801 sum
2348 5748 2621 5805 scribens:
2654 5750 2982 5820 Daemonum,
3021 5754 3209 5825 inquit,
3244 5757 3404 5811 cibus
3433 5767 3513 5812 est
3560 5751 3767 5809 carmina

2209 5853 2514 5917 poetarum,
2545 5847 2820 5904 saacularis
2845 5853 3125 5920 sapientia,
3170 5851 3573 5908 rhetoricorum
3603 5857 3764 5918 pomi“!
