4010 6372
380 393 483 449 895

1294 376 1679 443 MURMELLII
1719 382 1804 438 ET
1847 378 2222 436 AGRICOLIE
2260 379 2778 442 COMMENTARTA.

3547 389 3645 445 394

378 488 685 562 verborum.
748 506 872 563 Haec
920 519 1016 563 sua
1047 518 1234 560 omnes
1287 506 1553 558 suavitate
1598 501 1883 563 delectant,
1916 501 2044 560 etA
2073 496 2333 550 Martialis
2364 497 2636 567 eleganter
2662 500 2883 556 Sirenas
2926 510 3080 557 vocat
3126 502 3349 558 hilarem
3394 505 3645 573 navigan-

374 605 500 657 tlum
549 616 707 656 aures
757 600 1000 657 versibus
1046 598 1187 654 tlulci
1224 598 1587 652 modulatione
1621 594 1959 649 currentibus

372 694 608 761 capiunt,
643 694 873 746 animam
913 708 1123 763 quoque
1180 698 1481 760 penetrant,
1508 697 1561 744 et
1594 688 1826 757 pectoris
1872 687 1956 741 in-

374 796 423 837 te
457 803 522 839 na
594 786 904 841 devincunt.
960 786 1156 842 Verum
1215 784 1301 838 ubi
1351 798 1473 840 cum
1519 797 1731 837 summo
1777 781 1955 835 studio

368 878 567 932 fuerint
620 893 685 935 ac
735 879 918 934 labore
970 878 1222 948 perlecta,
1257 876 1387 930 nihil
1427 874 1571 929 aliud
1602 874 1706 928 nisi
1738 874 1952 927 inanem

363 984 559 1022 sonum
586 978 639 1023 et
676 969 959 1038 strepitum
988 969 1100 1024 suis
1140 968 1430 1023 lectoribus
1481 966 1741 1020 tribuunt.
1795 963 1953 1018 Nulla

364 1059 433 1112 ibi
469 1062 720 1114 saturitas
763 1061 1018 1122 veritatis,
1054 1060 1195 1114 nulla
1232 1057 1452 1113 refectio
1494 1055 1718 1125 justitiae
1750 1054 1955 1124 reperi-

364 1160 487 1205 tur:
528 1152 752 1206 studiosi
782 1168 966 1206 earum
996 1152 1049 1207 in
1079 1152 1217 1206 fame
1245 1152 1381 1214 veri,
1410 1158 1466 1204 et
1492 1150 1748 1203 virtutum
1783 1162 1953 1217 penu-

361 1244 445 1299 ria
495 1255 862 1315 perseverant.
921 1246 1187 1301 Hactenus
1238 1244 1621 1314 Hieronymus.
1668 1241 1779 1296 Hoc
1822 1255 1952 1295 vero

362 1349 642 1406 poetarum
688 1353 858 1407 genus
887 1353 1066 1407 grave,
1112 1335 1563 1405 philosophicum,
1590 1341 1647 1388 et
1674 1340 1945 1400 sanctum,

359 1446 435 1487 ex
466 1432 670 1486 intimis
700 1430 1052 1499 philosophias
1073 1429 1379 1485 secretariis
1404 1427 1541 1482 bene
1571 1427 1779 1481 vivendi
1812 1440 1948 1493 prae-

344 1530 516 1590 .cepta
551 1520 838 1589 depromit,
882 1521 1126 1575 homines
1154 1534 1183 1572 a
1213 1519 1357 1573 vitiis
1394 1517 1591 1573 acriter
1644 1515 1943 1577 deterrens,

361 1622 418 1668 et
463 1613 529 1667 ad
572 1614 798 1666 virtutes
837 1612 1123 1681 diligenter
1174 1608 1603 1678 incitanszquod
1633 1607 1837 1663 honore
1864 1606 1947 1662 di-

363 1718 522 1773 gnum
540 1710 623 1756 est
647 1702 905 1767 maximo,
946 1712 1002 1756 ut
1027 1716 1237 1756 sacrum
1266 1710 1320 1755 et
1350 1697 1709 1767 Philosophiae
1730 1696 1946 1766 penitus

364 1796 611 1858 amicum,
641 1807 763 1862 qua:
792 1794 844 1847 in
880 1792 983 1848 hoc
1011 1807 1175 1860 opere
1204 1791 1513 1860 Euripidem
1563 1799 1617 1844 et
1666 1788 1941 1843 Lucanum

2065 592 2193 645 tium
2262 607 2498 661 poenam,
2550 603 2604 649 et
2649 596 2866 651 crudele
2912 596 3179 663 gaudium.
3230 598 3363 651 Dino
3392 598 3644 657 Clitarchi

2067 695 2215 755 pater
2250 687 2482 742 affirmat
2506 690 2557 742 in
2586 690 2731 743 India
2759 690 2978 745 Sirenas
3004 706 3123 746 esse
3153 692 3417 759 volucres,
3444 694 3642 747 mulce-

2060 778 2215 849 rique
2276 794 2458 834 earum
2499 791 2656 835 cantu
2684 821 2699 846 ,
2747 797 2881 850 quos
2924 792 3121 836 stratos
3168 797 3357 837 somno
3383 784 3639 839 lacerant.

2062 869 2240 924 Poeta:
2290 870 2596 925 fabulantur
2647 882 2754 927 tres
2782 873 3000 928 Sirenes
3046 874 3231 940 fuisse,
3275 892 3495 947 quarum
3540 893 3641 934 una

2058 978 2211 1029 voce,
2245 965 2390 1019 tibiis
2413 966 2605 1031 altera,
2656 967 2814 1020 tertia
2847 967 2957 1037 lyra
2986 969 3309 1023 concineret.
3335 969 3640 1024 Secundum

2058 1057 2336 1110 veritatem
2366 1066 2544 1110 autem
2593 1059 2907 1111 meretrices
2951 1057 3117 1113 fuisse
3163 1060 3473 1124 creduntur,
3524 1076 3639 1127 qua:

2056 1158 2414 1221 transeuntes,
2444 1152 2695 1220 quoniam
2723 1150 2785 1204 ad
2809 1160 3097 1220 egestatem
3120 1152 3469 1221 deducebant,
3505 1155 3639 1206 ficta:

2055 1218 2180 1297 sunt
2210 1242 2315 1297 illis
2343 1218 2541 1298 inferre
2574 1218 2867 1311 naufragia.

2132 1334 2304 1404 Usque
2327 1337 2380 1389 in
2411 1338 2619 1389 exitium
2645 1334 2838 1406 dulces]
2865 1336 3048 1391 Simile
3064 1336 3163 1391 hoc
3183 1346 3265 1391 est
3288 1337 3392 1391 illis
3421 1351 3637 1405 prover-

2053 1426 2176 1482 biis.
2207 1427 2430 1482 Lethale
2458 1430 2709 1495 mulsum,
2745 1428 2899 1482 Melle
2931 1428 3057 1481 litus
3086 1427 3315 1497 gladius,
3370 1437 3427 1482 et
3472 1428 3636 1482 Melli-

2053 1529 2167 1577 tum
2201 1538 2465 1577 vencnum
2508 1539 2521 1573 :
2554 1537 2673 1590 qua!
2710 1522 2957 1575 dicuntur
2980 1520 3047 1575 de
3074 1537 3138 1574 eo
3168 1521 3310 1591 quod
3347 1520 3416 1574 ita
3448 1521 3634 1589 iucun-

2054 1614 2181 1668 dum
2208 1623 2310 1678 est,
2341 1623 2399 1666 ut
2428 1613 2568 1667 idem
2592 1613 2661 1665 sit
2690 1612 3068 1679 perniciosum.

2123 1702 2257 1756 Meis
2280 1701 2459 1773 musis]
2490 1702 2905 1771 Philosophicis,
2934 1702 3183 1771 gravibus
3212 1711 3265 1755 et
3302 1702 3500 1754 sanctis
3521 1715 3635 1753 car-

2050 1792 2306 1848 mini-bus.
2360 1792 2515 1858 Vide,
2568 1792 2801 1861 diligens
2855 1793 3045 1859 lector,
3105 1802 3162 1847 ut
3216 1792 3549 1861 philosophia
3582 1800 3636 1846 et

358 1883 648 1939 familiares
676 1897 803 1939 suos
842 1884 1092 1953 appellat.
1122 1882 1359 1951 Baptista
1390 1882 1705 1936 Mantuanus
1734 1880 1787 1934 in
1826 1879 1941 1947 epi-
1969 1881 2020 1944 B
2046 1898 2172 1938 suas
2200 1884 2373 1938 Musas
2397 1884 2610 1938 haheat.
2646 1884 2686 1937 Τ
2691 1894 2880 1939 aceant
2914 1884 3074 1953 igitur
3096 1884 3247 1939 setoli
3278 1882 3631 1953 theologistre,

355 1976 491 2030 stola
534 1975 763 2045 quadam
793 1976 860 2029 ad
890 1974 1148 2031 Joannem
1180 1974 1523 2029 Franciscum
1555 1973 1734 2027 Picum
1763 1988 1777 2027 :
1803 1971 1938 2024 Poe-

353 2074 518 2134 mata,
552 2068 743 2137 inquit,
774 2066 1008 2122 obscena
1032 2075 1087 2121 et
1119 2064 1382 2135 impudica
1412 2074 1559 2128 sunt,
1583 2063 1786 2133 judicio
1817 2076 1938 2115 meo

352 2158 495 2215 inter
543 2175 668 2214 vera
701 2166 967 2228 poemata,
998 2158 1184 2230 quales
1251 2158 1390 2212 inter
1419 2155 1615 2226 probas
1667 2164 1938 2209 matronas

351 2252 659 2308 fornicariaa
697 2252 1029 2306 meretrices.
1081 2250 1195 2319 Ego
1224 2250 1366 2304 enim
1402 2263 1589 2317 poema
1631 2262 1836 2311 verum,
1884 2253 1940 2300 et

354 2344 495 2413 quod
515 2358 675 2399 omne
707 2353 960 2412 punctum
992 2342 1131 2397 ferre
1164 2341 1355 2411 possit,
1379 2356 1501 2395 esse
1521 2354 1628 2393 non
1652 2348 1799 2408 puto,
1835 2336 1937 2391 nisi

350 2436 427 2491 sit
448 2451 629 2505 grave,
663 2446 867 2492 castum
898 2451 960 2491 ac
986 2444 1231 2491 sanctum
1260 2453 1271 2485 :
1306 2432 1715 2501 quodlloratius
1741 2432 1936 2496 innuit,

348 2527 540 2584 dicens
564 2546 580 2585 :

479 2619 609 2670 Rem
625 2621 713 2672 tibi
735 2619 997 2687 Socratica:
1021 2624 1252 2682 poterunt
1274 2618 1542 2669 ostendere
1562 2616 1763 2666 chartae.

426 2704 775 2775 Infructuom
799 2706 988 2777 spinis]
1016 2705 1320 2759 Translatio
1357 2714 1439 2759 est
1476 2702 1543 2757 ab
1565 2717 1625 2758 re
1655 2701 1876 2759 rustica.

425 2795 737 2869 Profanum]
766 2799 941 2853 Sacris
980 2796 1177 2852 nostris
1208 2810 1310 2850 non
1340 2795 1625 2850 initiatum.

428 2880 517 2944 Uti
537 2888 687 2959 vulgo
709 2886 939 2959 solitum]
972 2888 1317 2942 Parenthesis
1339 2896 1441 2942 est.

427 2981 494 3036 In
521 2980 603 3053 eo]
636 2982 693 3035 ln
715 2997 777 3037 ea
806 2998 884 3046 re,
906 2981 960 3035 in
987 2980 1319 3036 detrahendo
1349 2980 1591 3049 profano.

428 3071 635 3128 Nostra:
658 3072 844 3145 operte]
862 3073 1094 3129 Labores
1115 3071 1303 3127 nostri.

426 3162 603 3236 Hunc]
638 3165 907 3220 Boetium.

2042 1982 2130 2046 qui
2180 1992 2304 2031 cum
2352 1980 2457 2031 sint
2504 1994 2533 2031 a
2581 1978 2741 2033 Musis
2771 1978 3113 2040 alienissimi,
3144 1994 3332 2033 eurum
3363 1979 3634 2033 studiosos

2044 2068 2336 2122 temerario
2370 2082 2503 2122 ausu
2526 2078 2721 2123 vocant
2744 2067 3049 2123 haereticos.

2115 2158 2220 2213 Ille
2248 2161 2457 2232 chorus]
2502 2161 2771 2216 Musarum
2803 2162 3217 2230 impudicat‘um,
3247 2170 3301 2215 et
3336 2175 3532 2230 pravos
3556 2160 3613 2215 af

2043 2251 2219 2308 fectus
2244 2254 2613 2308 excitantium.

2115 2346 2313 2415 Dejecit
2336 2344 2567 2418 vultum]
2591 2344 2680 2401 Sic
2712 2346 2862 2400 Maro
2893 2346 2947 2399 in
2977 2344 3136 2399 tertio
3163 2342 3380 2399 Eneid.
3408 2361 3422 2398 :

2168 2440 2361 2502 Dejecit
2385 2441 2590 2501 vultum,
2617 2447 2669 2489 et
2691 2440 2903 2489 demissa
2931 2451 3050 2489 voce
3077 2440 3236 2489 locuta
3262 2446 3355 2489 est.

2117 2522 2299 2596 Humi]
2324 2524 2544 2580 Terram
2575 2538 2781 2578 versus.

2117 2615 2376 2686 Moestior]
2404 2616 2571 2671 Valde
2594 2625 2843 2682 mmstus,
2863 2625 2955 2671 aut
2986 2617 3228 2672 maestior
3256 2631 3415 2688 quam
3438 2625 3594 2671 antea
3618 2632 3634 2670 :

2046 2708 2149 2765 fuit
2167 2711 2309 2766 enim
2333 2720 2388 2763 et
2418 2709 2485 2763 ab
2516 2710 2669 2764 initio
2699 2717 2957 2774 moestus;
2984 2711 3125 2765 unde
3151 2710 3300 2777 illud,

2174 2802 2373 2851 Lacerte
2395 2803 2577 2852 dictant
2599 2802 2859 2852 scribenda
2884 2802 3143 2853 Camoenae.

2122 2884 2253 2939 Tam
2280 2882 2616 2957 imperiose]
2647 2886 2974 2953 Imperiosus
3030 2884 3226 2939 dicitur
3255 2885 3417 2940 nimis
3453 2899 3635 2941 severa

2046 2980 2344 3049 imperans,
2376 2978 2595 3042 crudus,
2624 2987 2677 3033 et
2699 2977 2852 3047 quasi
2886 2986 3188 3033 ostentator
3209 2977 3440 3046 imperii.
3650 2984 3651 2987 ‘

2121 3070 2493 3142 Auctoritatis]
2546 3072 2852 3126 Auctoritas
2890 3080 2972 3125 est
3023 3085 3091 3124 ex
3141 3072 3334 3126 mentis
3379 3070 3536 3124 bonis
3583 3079 3637 3127 et

2048 3166 2292 3235 corporis
2314 3164 2561 3235 quaedam
2587 3165 2824 3219 conﬂata
2852 3164 3104 3233 dignitas,
3153 3179 3272 3233 qua:
3307 3162 3474 3219 efﬁcit
3514 3178 3636 3218 cum

427 3252 671 3310 Eteaticis
691 3254 897 3328 studiis]
924 3254 1242 3309 Dialecticis.
1271 3254 1418 3319 Elea,
1454 3253 1579 3308 urbs
1628 3252 1849 3309 Gracia;
1885 3253 1940 3308 in
1967 3252 2018 3318 C
2046 3275 2142 3315 sua
2192 3258 2498 3330 prmsentia,
2553 3268 2662 3313 tum
2694 3262 2856 3314 etiam
2900 3259 3168 3321 oratione,
3217 3268 3275 3311 ut
3325 3258 3504 3312 caueri
3536 3257 3637 3327 ipsi

346 3344 560 3401 lEolica
581 3349 815 3417 regione,
866 3348 953 3401 ubi
983 3356 1137 3400 natus
1184 3355 1265 3401 est
1295 3345 1470 3411 Zeno,
1513 3344 1820 3399 dialectices
1859 3346 1942 3399 in-

346 3446 561 3492 ventor.
586 3438 721 3493 Hinc
745 3438 975 3492 Eleatica
1006 3437 1183 3491 studia
1212 3437 1462 3491 dicuntur
1476 3436 1777 3491 dialectica.
1803 3436 1943 3490 Atti-

347 3544 447 3583 cus
475 3528 774 3584 Platonicus
798 3531 851 3583 in
876 3544 941 3583 t-o
966 3530 1102 3583 libro
1126 3544 1283 3597 quem
1311 3529 1567 3584 adversus
1589 3543 1683 3584 eos
1701 3527 1939 3598 scripsit,

346 3621 444 3690 qui
496 3622 888 3677 Aristotelicum
940 3622 1202 3676 habentes
1256 3622 1557 3687 scientiam,
1610 3621 1940 3676 Platonicam

347 3712 595 3782 profiteri
624 3728 727 3767 non
759 3714 979 3768 audent.
1012 3713 1156 3768 Zeno
1197 3724 1373 3768 autem
1404 3724 1457 3767 et
1486 3728 1673 3768 omnes
1703 3713 1940 3768 Eleatica

348 3804 635 3874 disciplina
666 3807 852 3876 logica:
873 3806 1214 3861 solummodo
1241 3808 1581 3862 studuerunt.

424 3896 760 3969 Academicis]
801 3897 1112 3953 Platonicis.
1136 3898 1425 3954 Academia
1458 3900 1606 3953 locus
1635 3899 1733 3953 fuit
1757 3914 1942 3955 nemo-

355 4003 529 4056 rosus,
562 3992 629 4044 ab
671 3992 903 4047 Athenis
938 3992 1082 4047 mille
1137 3991 1383 4061 passibus
1428 3991 1656 4057 distans,
1708 3992 1941 4047 Platonis

347 4082 635 4151 gymnasio
666 4082 885 4137 nobilis.
910 4082 1048 4137 Hinc
1081 4082 1388 4137 Academici
1419 4082 1565 4147 dicti,
1595 4082 1711 4152 ejus
1740 4092 1940 4139 sectam

346 4181 615 4226 tenentes.

421 4263 741 4337 Enutritum]
774 4266 1092 4333 Educatnm,
1144 4268 1465 4338 saginatum,
1511 4270 1801 4325 excultum.
1843 4269 1940 4324 ilic

346 4363 527 4409 autem
558 4355 921 4427 subintellige,
948 4366 1139 4412 vestrae
1171 4358 1441 4413 blanditia:
1477 4358 1630 4413 nobis
1656 4360 1940 4415 detrahere

346 4454 633 4509 conantur,
686 4457 777 4501 aut
809 4449 984 4504 simile
1025 4450 1334 4520 quidpiam:
1368 4460 1421 4504 et
1451 4459 1535 4504 est
1576 4452 1939 4513 ἀποσιώπησις

344 4542 539 4612 figura,
588 4542 935 4598 vehementer
982 4545 1132 4599 irata:
1176 4545 1531 4615 philosophia;
1589 4547 1936 4611 conveniens,

2045 3352 2402 3409 reverentiam
2427 3360 2687 3422 praestent
2709 3359 2762 3404 et
2789 3356 3082 3420 sequantur
3103 3349 3431 3417 exemplum.

2116 3443 2184 3499 In
2240 3455 2466 3499 extrema
2513 3444 2683 3497 lectuli
2713 3443 2807 3497 mei
2844 3438 3019 3512 parte]
3061 3441 3385 3497 Medicorum
3434 3454 3636 3495 morem

2044 3538 2316 3607 expressit
2345 3546 2552 3605 aegroto
2581 3535 2960 3589 assidentium.

2590 3626 2655 3680 IN
2696 3626 2986 3680 METRUM
3029 3626 3089 3678 ΙΙ.

2115 3717 2342 3772 Carmen
2372 3716 2471 3769 hoc
2499 3716 2694 3769 dicitur
2716 3716 3057 3778 Alcmanium,
3105 3713 3446 3784 dactylicum,
3472 3721 3638 3765 tetra-

2044 3821 2294 3874 metrum,
2346 3809 2855 3879 hypercatalectum.
2891 3810 3254 3871 Alcmanintn,
3278 3809 3346 3861 ah
3381 3808 3636 3861 Alcmane

2044 3903 2348 3967 inventore,
2402 3901 2642 3972 alapas,
2706 3910 2857 3967 poeta
2913 3900 3129 3970 lyricus,
3186 3899 3477 3952 Laconicus
3526 3897 3637 3954 sive

2044 3994 2361 4061 Messenius,
2386 3994 2633 4048 inventor
2656 3983 2900 4046 a'tnatorii
2926 3990 3201 4055 carminis,
3229 3989 3440 4059 scripsit
3462 3989 3637 4057 lingua

2045 4086 2257 4142 Dorica.
2287 4085 2362 4139 De
2392 4086 2491 4139 hoc
2515 4084 2769 4152 Papinius
2796 4084 2847 4137 in
2874 4082 3068 4138 Silvis:

2170 4175 2389 4237 Obsitus,
2416 4183 2467 4225 et
2492 4176 2677 4224 tetricis
2698 4173 2900 4223 Alcman
2925 4180 3146 4223 cantatus
3170 4172 3379 4241 Amyclis

2049 4259 2325 4314 Ridiculus
2372 4260 2528 4325 igitur
2576 4268 2659 4311 est
2703 4272 2888 4311 eorum
2936 4273 3090 4311 error
3128 4272 3153 4308 a
3194 4257 3385 4326 quibus
3416 4254 3637 4311 Alcinan

2048 4351 2220 4406 tribus
2248 4350 2469 4421 syllabis
2499 4348 2792 4419 profertur.
2828 4350 3181 4418 Dacty‘licum,
3212 4364 3240 4401 a
3272 4347 3406 4416 pede
3435 4346 3637 4415 princi-

2046 4446 2149 4512 pali
2186 4463 2198 4498 :
2233 4454 2623 4507 tetrametrum,
2664 4458 2694 4496 a
2724 4457 2948 4497 numero
2999 4441 3190 4511 pedum
3221 4459 3233 4493 :
3268 4441 3635 4511 hypercatale-

2046 4547 2189 4592 ctum
2218 4537 2433 4600 dicitur,
2465 4536 2607 4605 quod
2632 4535 2834 4606 syllaba
2864 4543 2984 4603 post
3010 4535 3145 4589 duos
3169 4534 3371 4602 priores
3393 4533 3553 4602 pedes
3584 4534 3637 4590 in

342 4648 508 4703 quam
539 4631 727 4688 Cicero
766 4635 1122 4701 reticentiam,
1152 4636 1338 4691 Celsus
1392 4638 1737 4692 obticentiam
1757 4681 1772 4705 ,
1800 4654 1937 4694 ηοιι-
1966 4630 2022 4692 D
2046 4630 2222 4683 medio
2243 4636 2510 4698 superest.
2528 4625 2749 4682 Constat
2773 4642 2976 4681 caesura
3002 4627 3377 4696 semiquinaria
3398 4626 3634 4691 heroica,

341 4722 479 4775 nulli
510 4722 977 4790 interruptionem,
1005 4725 1094 4778 alii
1124 4727 1497 4794 prmcisionem
1528 4728 1818 4796 appellant.
1847 4729 1938 4784 Sic

341 4810 489 4882 apud
519 4811 796 4883 Virgilium
819 4814 1070 4885 loquente
1098 4814 1234 4869 irato
1260 4815 1361 4869 deo
1392 4834 1404 4867 :

473 4903 605 4963 Quos
628 4918 783 4968 ego...
807 4906 894 4956 sed
920 4914 1075 4956 motos
1100 4914 1297 4969 t‘irazstat
1319 4921 1613 4971 componere
1637 4910 1826 4960 ﬂuctus.

338 4984 511 5043 Deest
548 4991 786 5057 puniam,
812 4991 897 5045 vel
924 4992 1096 5045 simile
1127 4992 1371 5046 verbum.

420 5080 527 5136 Sed
556 5080 708 5153 abite]
732 5082 979 5137 Graviter
1024 5084 1308 5153 increpans
1370 5100 1551 5140 musas
1575 5085 1724 5155 ejicit
1769 5086 1935 5140 animi

337 5175 839 5245 perturbatiOuihus
870 5178 1183 5232 servientes.

420 5268 647 5341 Sirenes]
685 5269 870 5325 Graece
922 5271 1175 5327 scribitur
1200 5279 1397 5347 Σειρὴν.
1450 5273 1727 5329 Falluntur
1776 5276 1936 5346 igitur

336 5362 435 5429 qui
468 5376 563 5431 per
588 5385 619 5415 υ
651 5362 909 5417 scribunt.
936 5363 1043 5418 Nec
1072 5379 1099 5417 a
1126 5367 1292 5440 σύρω,
1318 5364 1370 5419 id
1403 5375 1488 5420 est
1519 5366 1693 5432 traho,
1726 5367 1817 5421 sed
1851 5367 1934 5421 vel

334 5480 369 5517 a
407 5464 551 5528 σιέω,
577 5463 663 5516 vel
690 5464 852 5533 (quod
881 5465 1048 5534 magis
1084 5464 1334 5535 probant)
1390 5467 1489 5520 ἀπὸ
1510 5476 1599 5530 τῆς
1636 5476 1813 5544 σειρᾶς
1841 5469 1935 5523 dc-

334 5554 567 5609 rivatur.
630 5552 707 5609 De
751 5556 1029 5611 Sirenibus
1083 5558 1259 5611 fabula
1315 5559 1589 5612 notissima
1639 5570 1741 5626 est,
1800 5576 1932 5632 quas

334 5656 517 5717 poeta:
544 5647 760 5700 tradunt
788 5649 1051 5703 suavitate
1085 5659 1273 5702 cantus
1304 5648 1591 5717 pellexisse
1622 5653 1932 5722 navigantes

332 5739 397 5795 in
421 5737 735 5807 perniciem.
766 5739 1008 5793 Ovidius:

470 5828 685 5893 Monstra
709 5832 855 5879 maris
878 5833 1083 5881 Sirenes
1108 5838 1266 5893 erant,
1291 5845 1399 5893 qum
1425 5843 1545 5881 voce
1568 5844 1743 5884 canora

530 5891 786 5950 Quaslibet
809 5894 1038 5943 admissas
1056 5891 1321 5943 detinuere
1348 5901 1497 5944 rates.

2045 4728 2098 4775 et
2120 4721 2331 4791 dactylo
2352 4734 2415 4773 ac
2434 4719 2693 4787 spondeo.
2718 4718 2901 4773 Simile
2925 4729 3002 4772 est
3027 4718 3104 4771 illi
3129 4718 3268 4787 quod
3284 4717 3635 4773 Terentianus

2046 4814 2198 4867 allert
2228 4827 2296 4866 ex
2328 4826 2485 4865 versu
2518 4809 2723 4878 Virgilii
2755 4811 3012 4865 conciso:

2170 4903 2233 4953 At
2259 4904 2431 4965 regina
2456 4904 2591 4964 gravi
2617 4903 2777 4949 saucia
2800 4914 2935 4951 cura.

2044 4987 2319 5057 Ejusmodi
2350 4996 2432 5041 est
2460 4995 2515 5041 et
2545 4986 2684 5055 apud
2717 4987 3172 5057 hymnographum
3205 5006 3215 5039 :

2168 5078 2209 5127 Ο
2234 5089 2375 5139 quam
2398 5076 2612 5137 gloriﬁca
2635 5075 2745 5125 luce
2770 5089 3011 5126 coruscas.

2044 5158 2263 5227 lndigne
2292 5157 2393 5211 fert
2416 5157 2753 5225 Philosophia
2787 5160 3087 5213 mortalium
3120 5160 3306 5212 animis
3341 5168 3537 5212 tantam
3564 5175 3630 5213 ex

2042 5251 2463 5319 perturbatione,
2499 5251 2608 5303 veri
2650 5251 3038 5319 ignorationem
3086 5251 3347 5316 accidere,
3394 5260 3450 5303 ut
3495 5264 3627 5304 con-

2044 5336 2405 5404 templationis
2438 5352 2617 5390 rerum
2659 5338 2955 5392 etelestium
2987 5339 3105 5392 luce
3135 5338 3347 5405 relicta,
3377 5347 3430 5391 et
3461 5336 3628 5391 hone-

2043 5427 2397 5481 stissimarum
2444 5428 2637 5481 artium
2682 5428 3027 5483 meditatione
3070 5428 3401 5497 posthabita,
3435 5439 3543 5482 toto
3572 5429 3625 5484 in

2044 5534 2131 5574 res
2160 5526 2405 5575 terrenas
2434 5519 2673 5574 ferantur
2702 5521 2959 5588 appetitu.

2112 5611 2232 5665 Heu
2250 5628 2403 5682 quam
2420 5612 2671 5683 pracipiti
2697 5628 2858 5665 mersa
2880 5609 3157 5681 profundo]
3187 5609 3382 5665 Ordina
3407 5610 3545 5665 hunc
3572 5611 3624 5665 in

2038 5704 2256 5758 modum
2286 5721 2298 5755 :
2328 5703 2442 5757 Heu
2463 5720 2633 5771 quam,
2660 5703 2711 5757 id
2737 5712 2818 5757 est
2841 5713 3124 5772 quantum;
3155 5718 3293 5755 mens
3314 5718 3498 5769 mersa,
3524 5704 3624 5759 hoc

2039 5808 2124 5852 est
2152 5798 2363 5863 obruta,
2395 5797 2683 5866 prtecipiti;
2714 5796 2989 5867 profundo,
3021 5795 3384 5864 profunditate
3415 5809 3625 5866 pertur-

2040 5890 2337 5958 hationum,
2390 5888 2531 5944 unde
2576 5904 2681 5943 non
2725 5890 2795 5945 sit
2839 5888 2992 5945 facile
3045 5902 3339 5957 emergere.
3390 5888 3494 5943 Aut
3523 5890 3620 5955 sic,
