4010 6372
354 337 511 394 ·895

1054 331 1395 390 APPENDIX
1440 330 1531 385 AD
1569 330 1813 387 LIBROS
1854 326 1943 383 DE
1982 325 2502 384 CONSOLATIONE
2538 326 3035 385 PHILOSOPHLE.

3594 332 3692 387 896

410 455 606 519 Mersa,
639 454 914 516 immersa;
970 450 1222 521 ρτωείρξιξ
1254 449 1530 518 profundo,
1562 447 1615 503 id
1645 454 1731 503 est
1755 455 1995 516 praeceps
2022 446 2075 501 A
2174 441 2385 514 Sidera]
2429 444 2672 500 Lumina.

412 545 759 617 profundum.

485 639 670 705 Quam,
703 636 941 706 inquam,
969 632 1132 704 hebet]
1157 632 1363 687 Obtusa
1388 639 1494 699 est,
1525 639 1580 687 et
1607 644 1752 686 vera:
1784 628 1999 700 sapien-

408 731 494 787 tiae
522 730 707 785 oblita.

399 852 405 875 ς
479 824 547 879 Et
576 824 782 895 propria
808 819 940 893 luce]
972 820 1029 875 Id
1059 828 1141 874 est
1169 818 1394 874 rationis
1421 832 1542 887 usu,
1572 824 1627 872 et
1653 814 1866 886 gemina
1895 814 1999 870 sibi

408 917 648 976 veritatis
673 915 1040 986 speculatione
1072 914 1281 969 relicta.

482 1009 687 1080 Tendit|
720 1007 775 1063 Id
805 1016 887 1063 est
916 1004 1192 1061 contendit
1217 1012 1273 1061 et
1302 1003 1508 1060 nititur.

481 1101 588 1174 Ire]
629 1100 803 1157 Ferri.
1072 1187 1091 1189 _
1958 1162 1979 1189 .

481 1192 550 1247 In
576 1204 807 1247 externas
836 1187 1093 1261 tenebras]
1144 1189 1204 1245 In
1233 1202 1320 1245 res
1348 1195 1593 1243 terrenas
1621 1198 1686 1241 ac
1712 1187 2001 1254 corporea's

411 1286 694 1342 illecebras
730 1285 976 1356 spiritum
1006 1298 1102 1338 sua
1134 1281 1456 1351 contagione
1484 1276 1923 1335 obtenebrantcs.

485 1376 713 1450 Quoties]
754 1377 1203 1445 Quotiescunque.

485 1468 643 1541 Cura]
683 1466 958 1537 Cupiditas
992 1481 1169 1521 rerum
1200 1472 1564 1521 externarum.

486 1560 681 1633 Noxia]
721 1561 1093 1631 Intelligentire
1120 1573 1343 1627 nocens,
1372 1571 1599 1628 eamque
1628 1554 1929 1613 retardans.

484 1654 636 1725 Acta]
673 1656 938 1710 Excitata.

487 1747 725 1801 Flatibus
757 1745 991 1818 terrenis]
1033 1745 1288 1803 Fortuitis
1324 1744 1560 1812 casibus,
1602 1752 1658 1800 et
1695 1742 2004 1799 divitiarum

416 1839 704 1895 illecebris.

485 1931 697 2004 Crescit]
736 1931 995 2003 Augetur.

485 2025 551 2079 In
584 2024 904 2098 immensum]
946 2025 1091 2081 Ultra
1114 2024 1353 2079 modum.
1378 2023 1667 2079 Sciendum
1706 2031 1791 2078 est
1828 2024 1999 2078 homi-

416 2132 537 2174 nem
568 2116 906 2183 interiorem,
941 2117 1042 2173 hoc
1070 2128 1172 2181 est,
1208 2117 1454 2187 spiritum
1485 2124 1672 2185 suapte
1690 2124 1879 2169 natura
1906 2128 2005 2183 per

418 2210 512 2264 Dei
545 2210 769 2279 gratiam
798 2210 928 2265 ferri
958 2211 1013 2266 in
1044 2227 1222 2266 rerum
1248 2209 1548 2266 cmlestium
1589 2208 1999 2278 contemplatio-

418 2314 540 2355 nem
563 2317 576 2353 :
598 2314 777 2355 verum
800 2315 864 2355 ex
894 2301 1091 2356 terreni
1113 2301 1355 2371 corporis
1375 2300 1712 2369 contagione,
1730 2308 1783 2354 et
1807 2308 2008 2368 tempo-

418 2390 609 2446 ralium
640 2405 818 2446 rerum
846 2393 1104 2462 appetitu,
1134 2392 1294 2448 variis
1323 2392 1813 2462 perturbationibus
1838 2390 2002 2457 afﬁci,

419 2489 474 2538 et
499 2482 567 2538 ab
594 2483 772 2539 ofﬁcio
797 2498 895 2540 suo
916 2484 1198 2541 retardari.
1227 2484 1457 2554 Spiritus
1483 2484 1701 2554 quidem
1722 2490 2006 2553 promptus

420 2583 522 2638 est,
565 2589 692 2631 caro
728 2585 913 2631 autem
952 2576 1163 2632 inﬁrma
1204 2576 1419 2648 (Matth.
1444 2576 1580 2647 xvr).
1626 2575 1807 2630 Danda
1847 2575 2011 2643 igitur

420 2668 684 2734 imprimis
731 2668 932 2723 homini
975 2677 1057 2723 est
1100 2683 1282 2739 opera,
1340 2678 1397 2722 ut
1442 2667 1679 2738 depulsis
1723 2680 2011 2738 pravarum

420 2760 760 2817 affectionum
804 2760 1054 2826 nubibus,
1098 2762 1375 2827 spirituale
1419 2760 1600 2815 lumen
1644 2759 1915 2829 effulgeat,
1957 2767 2013 2813 et

421 2854 688 2924 appetitus
706 2854 904 2924 jugiter
926 2865 1084 2909 rectae
1107 2855 1300 2910 rationi
1326 2854 1658 2923 subjugetur.
1691 2852 1803 2907 Hoc
1830 2861 2012 2907 autem

422 2956 509 3003 est
544 2948 684 3018 quod
724 2963 864 3002 nunc
902 2946 1242 3017 philosophia
1282 2948 1334 3002 in
1377 2947 1546 3002 Boetii
1587 2945 2013 3001 consolationem

424 3037 672 3094 instituit.
715 3039 964 3108 Praeceps
992 3040 1351 3108 compositum
1382 3050 1483 3103 est,
1515 3053 1583 3093 ex
1610 3054 1718 3108 prae
1747 3047 1801 3092 et
1828 3046 2008 3105 caput.

426 3126 648 3199 Proprie
668 3131 808 3184 enim
830 3145 1069 3199 praeceps
1090 3131 1306 3196 dicitur,
1327 3131 1417 3199 qui
1448 3131 1517 3184 ita
1546 3129 1708 3195 cadit,
1734 3138 1825 3183 aut
1849 3113 2012 3184 deor-

2072 581 2079 589 .
2177 534 2558 609 Gelidwlunw]
2615 538 2746 605 Quae
2798 532 3005 610 frigidis
3054 536 3393 610 humidisque
3445 538 3700 595 noctibus

2105 639 2322 699 praest.
2362 629 2453 686 Sol
2484 630 2661 687 dictus
2687 641 2790 700 est,
2813 634 2898 687 vel
2924 632 3046 702 quia
3074 633 3218 687 solus
3244 647 3310 688 ex
3335 632 3589 688 omnibus
3619 635 3699 688 si.

2105 724 2326 780 deribus
2355 734 2438 780 est
2466 734 2674 791 tantus,
2704 726 2788 781 vel
2818 727 2941 798 quia
2969 741 3090 781 cum
3118 737 3199 781 est
3224 736 3473 792 exortus,
3506 726 3702 781 obscu-

2104 818 2241 872 ratis
2266 817 2538 887 omnibus,
2580 818 2728 873 solus
2754 830 2998 890 apparet.
3031 818 3180 873 Luna
3207 832 3236 873 a
3263 818 3493 873 lucendo
3524 819 3701 873 nomi-

2108 920 2229 967 nata
2258 920 2358 967 est.
2397 910 2594 966 Eadem
2640 919 2723 967 est
2765 913 2907 967 enim
2937 912 3162 967 Lucina.
3201 911 3393 966 Cicero
3422 917 3613 966 auctor
3649 913 3702 966 in

2107 1002 2346 1058 secundo
2373 1002 2440 1058 de
2470 1003 2668 1057 Natura
2690 1002 2953 1059 deorum.’

2179 1094 2249 1149 Et
2275 1094 2455 1167 victor]
2498 1095 2551 1149 Id
2580 1104 2663 1152 est
2692 1096 2798 1150 voti
2820 1110 3063 1167 compos,
3088 1094 3321 1151 habebat
3340 1109 3558 1150 omnem
3582 1108 3703 1149 eam

2107 1190 2319 1245 stellam
2348 1190 2583 1245 numeris
2609 1189 3076 1259 comprehensam,
3109 1203 3464 1260 quaecunque,
3492 1188 3597 1243 hoc
3621 1197 3705 1243 est

2106 1296 2231 1351 quae
2260 1280 2419 1347 ﬁexa,
2450 1289 2595 1336 mota
2621 1296 2717 1349 per
2740 1283 2916 1337 varios
2946 1284 3124 1350 orbes,
3151 1296 3284 1351 quos
3312 1281 3567 1351 astrologi
3602 1295 3701 1349 po-

2108 1380 2263 1439 nunt,
2295 1380 2552 1428 exercent
2581 1388 2747 1442 vagos
2776 1387 3050 1440 recursus,
3083 1373 3135 1429 id
3165 1382 3248 1430 est
3274 1374 3536 1429 erraticas
3583 1389 3702 1428 mo-

2108 1474 2215 1520 tus.
2246 1465 2449 1521 Praeter
2472 1481 2562 1521 eas
2592 1466 2774 1521 stellas
2800 1482 2917 1536 qua:
2940 1475 3129 1523 octavo
3148 1467 3287 1523 coelo
3309 1468 3489 1523 inﬁxae
3514 1466 3702 1522 dicun-

2108 1566 2217 1621 tur,
2263 1572 2488 1627 quarum
2548 1574 2806 1613 numerus
2870 1560 3174 1629 inc0gnitus
3227 1571 3311 1615 est
3352 1562 3699 1627 astronomia,

2109 1660 2315 1719 septem
2360 1650 2479 1704 aliae
2516 1660 2639 1704 sunt
2683 1666 2788 1706 non
2834 1651 2887 1705 in
2915 1663 3104 1707 octavo
3131 1655 3293 1721 caelo,
3338 1662 3399 1708 ut
3442 1654 3573 1721 illae,
3606 1657 3700 1710 sed

2112 1743 2338 1814 singula:
2368 1742 2424 1797 in
2454 1744 2679 1813 singulis
2723 1756 2927 1815 septem
2959 1746 3111 1801 caelis
3154 1745 3529 1813 inferioribus,
3564 1758 3623 1803 ut
3650 1749 3701 1807 in

2037 1829 2088 1892 B
2112 1839 2344 1908 septimo
2364 1839 2434 1893 sit
2454 1837 2738 1903 Saturnus,
2763 1839 2814 1892 in
2840 1850 2992 1895 sexto
3008 1839 3231 1910 Jupiter,
3259 1843 3311 1896 in
3333 1843 3525 1913 quinto
3543 1842 3699 1911 Mars,

2108 1931 2161 1986 in
2188 1938 2378 2001 quarto
2404 1930 2517 1996 Sol,
2550 1931 2604 1984 in
2636 1933 2795 1985 tertio
2816 1932 3018 2003 Venus,
3044 1935 3096 1989 in
3127 1935 3363 1990 secundo
3385 1937 3700 2005 Mercurius,

2108 2022 2164 2078 in
2190 2024 2362 2093 primo
2382 2023 2551 2078 Luna.
2581 2023 2645 2077 Et
2668 2024 2751 2079 ha:
2778 2026 2944 2079 stellae
2974 2028 3199 2092 planetae
3220 2027 3492 2094 dicuntur,
3518 2029 3570 2083 id
3598 2039 3698 2095 est,

2109 2115 2355 2170 erratiles
2383 2116 2527 2182 (nam
2549 2117 2838 2189 πλανάομαι
2860 2116 3045 2173 Graece
3069 2134 3191 2173 erro
3210 2118 3477 2189 signiﬁcat
3504 2138 3520 2175 :
3568 2122 3697 2177 unde

2108 2207 2270 2264 πλάνη
2305 2221 2460 2260 error
2496 2215 2551 2261 et
2579 2208 2776 2271 πλάνης
2803 2210 3073 2276 πλάνητος,
3118 2211 3330 2279 planes,
3371 2213 3590 2281 planeta
3611 2258 3625 2279 ,
3656 2226 3703 2270 et

2110 2300 2389 2360 πλανήτης,
2416 2314 2603 2370 vagus,
2628 2301 2797 2370 erro),
2822 2304 2943 2371 quia
2974 2313 3028 2358 et
3051 2318 3210 2358 cursu
3238 2320 3335 2359 suo
3364 2304 3636 2373 feruntur,
3656 2318 3704 2363 et

2112 2401 2297 2446 contra
2328 2392 2450 2447 coeli
2481 2395 2734 2463 impetum
2769 2397 3039 2451 contrario
3070 2409 3217 2453 motu
3248 2399 3313 2453 ad
3345 2401 3611 2456 orientem
3636 2402 3701 2455 ab

2114 2486 2397 2540 occidente
2427 2486 2730 2541 volvuntur.
2764 2488 2991 2555 Plinius,
3016 2489 3264 2545 Historiae
3291 2491 3480 2546 mundi
3511 2493 3602 2547 lib.
3628 2509 3704 2548 se-

2115 2576 2313 2646 cundo,
2337 2592 2458 2647 cap.
2488 2585 2664 2645 sexto,
2689 2588 2895 2649 septem
2924 2596 2987 2636 ea
3017 2581 3193 2637 sidera
3220 2583 3380 2637 tradit
3401 2584 3471 2639 ab
3500 2584 3709 2640 incessu

2115 2672 2295 2725 vocari
2323 2670 2579 2736 errantia,
2613 2688 2733 2727 cum
2764 2684 2945 2730 errent
2975 2676 3117 2732 nulla
3157 2679 3336 2733 minus
3376 2679 3507 2732 illis.
3563 2677 3709 2734 Unde

2117 2770 2172 2816 et
2198 2760 2475 2819 Ciceronis
2504 2772 2717 2821 exs‘tant
2743 2783 2967 2824 versus:

2242 2866 2362 2937 Quae
2385 2868 2540 2918 verbo
2564 2874 2615 2919 et
2632 2869 2767 2937 falsis
2788 2871 3041 2937 Graiorum
3067 2874 3269 2937 vocibus
3291 2883 3490 2937 errant,

2242 2928 2441 2979 Revera
2466 2936 2605 2981 certo
2632 2932 2763 2993 lapsu
2786 2935 3043 2995 spatioque
3069 2935 3312 2987 feruntur.

2118 3023 2264 3081 Idem
2304 3026 2357 3080 in
2398 3025 2634 3081 secundo
2660 3026 2728 3082 de
2758 3026 2958 3082 Natura
2988 3029 3208 3085 deorum
3253 3049 3267 3083 :
3310 3031 3532 3086 Maxime
3573 3046 3702 3087 vero

2118 3119 2461 3175 admirabiles
2508 3129 2633 3175 sunt
2682 3130 2858 3175 motus
2909 3137 3090 3178 earum
3129 3124 3368 3195 quinque
3408 3125 3701 3191 stellarum,

426 3235 545 3276 sum
575 3219 824 3287 mittitur,
848 3230 905 3274 ut
934 3232 1092 3289 caput
1120 3220 1408 3289 praecedat.
1442 3220 1578 3274 Hinc
1601 3229 1655 3273 et
1682 3220 1829 3274 locus
1858 3218 2019 3274 altius
2043 3205 2093 3270 C
2124 3226 2244 3282 quae
2270 3211 2406 3266 falso
2433 3222 2693 3268 vocentur
2723 3222 2987 3270 errantes.
3030 3214 3173 3269 Nihil
3205 3217 3347 3270 enim
3378 3226 3539 3283 errat,
3568 3217 3712 3287 quod

426 3313 620 3367 dicitur
646 3326 903 3382 praeceps,
931 3311 1073 3381 quod
1097 3312 1222 3366 inde
1247 3313 1365 3382 quis
1395 3312 1547 3366 facile
1571 3311 1892 3381 prmeipitari
1923 3324 2016 3380 po-

427 3412 535 3459 test
562 3420 574 3456 :
605 3412 659 3459 et
690 3418 875 3458 rursus
916 3403 969 3457 id
997 3404 1138 3473 quod
1172 3403 1493 3472 profundum
1528 3412 1629 3468 est,
1667 3417 1908 3472 praeceps
1936 3403 2017 3457 di-

428 3496 588 3563 citur,
616 3495 759 3567 quod
790 3496 844 3550 in
872 3495 925 3551 id
951 3502 1128 3566 potest
1149 3495 1274 3565 quid
1306 3495 1653 3565 praecipitari.
1681 3494 1937 3565 Virgilius
1962 3495 2019 3550 in

429 3587 715 3643 undecimo
740 3604 753 3640 :

553 3679 750 3792 galrsgn
775 3680 1048 3744 praecipites
1070 3678 1220 3730 fossas
1242 3685 1455 3744 urgente
1478 3680 1639 3742 ruina,

598 3754 627 3791 ο
651 3756 690 3792 vr
716 3755 793 3792 ur.

598 3754 643 3791 Ol
651 3754 793 3792 Vlllﬂ'.

431 3827 499 3883 Et
523 3826 604 3882 sic
628 3825 829 3881 dictum
858 3827 1061 3897 accipe,
1096 3826 1354 3897 prmcipiti
1386 3825 1668 3895 profundo.
1721 3826 1852 3882 Item
1881 3841 2020 3897 prte-

432 3933 589 3990 ceps,
621 3918 874 3985 festinus,
906 3919 1259 3986 inconsultus,
1296 3919 1636 3975 temerarius.
1687 3917 1793 3973 Sed
1819 3917 1887 3973 de
1916 3917 2021 3975 hoc

435 4024 577 4065 nunc
600 4010 751 4064 satis.

504 4098 643 4155 Cura
683 4100 893 4155 terrenis
935 4101 1143 4171 ﬂatibus
1189 4100 1326 4173 acta]
1379 4102 1524 4158 Sane
1575 4117 1731 4173 quam
1785 4102 2021 4173 eleganti

433 4192 746 4262 metaphora
766 4180 966 4248 dictum
994 4193 1213 4257 hoccst.
1240 4192 1372 4248 Cum
1394 4195 1535 4249 enim
1558 4209 1685 4248 cura
1707 4194 1860 4264 quasi
1883 4195 2023 4264 ignis

434 4282 523 4349 sit,
554 4298 648 4339 cor
674 4300 867 4349 urens,
897 4295 1044 4340 recte
1085 4287 1314 4342 terrenis
1345 4286 1556 4341 ﬂatibus
1586 4288 1670 4357 agi
1703 4284 2021 4355 incitarique

435 4374 653 4432 dicitur.
685 4376 815 4431 Nam
842 4387 899 4433 ut
923 4378 1014 4433 ille
1035 4378 1185 4443 dicit,

553 4488 775 4557 Nutritur
799 4499 964 4557 vento,
993 4492 1079 4541 sed
1107 4505 1231 4555 aqua
1256 4495 1580 4557 restinguitur
1606 4497 1769 4557 ignis;

622 4551 767 4601 Lenis
789 4553 873 4601 alit
896 4551 1128 4614 flammas,
1152 4551 1383 4613 grandior
1405 4551 1520 4605 a'ura
1545 4551 1708 4619 ncg'at.

508 4633 608 4688 Hic
637 4637 897 4705 quondam
931 4640 1053 4690 cazlo
1084 4639 1208 4691 liber
1238 4638 1434 4709 aperto]
1483 4640 1834 4697 Peculiariter
1860 4658 2021 4713 super

435 4729 712 4784 immutata
739 4729 909 4784 Boetii
938 4739 1118 4785 mente
1145 4732 1379 4801 graviter
1422 4733 1745 4801 indignatur,
1788 4744 1841 4790 et
1869 4751 1900 4791 e
1927 4751 2020 4792 cu-

434 4820 661 4892 iusmodi
693 4829 862 4877 status
891 4823 1201 4879 excellentia
1229 4824 1467 4894 dejectus
1499 4826 1589 4890 sit,
1619 4826 1796 4882 docet.

508 4911 632 4984 llic]
676 4914 912 4969 Boetius.

504 5005 653 5059 Liber
680 5004 961 5077 quondam]
1008 5005 1140 5063 Cum
1184 5007 1423 5065 nondum
1464 5012 1801 5081 passionibus
1848 5012 2014 5069 animi

436 5098 678 5154 serviret.

504 5189 717 5261 Suetus]
759 5190 980 5247 Solitus.

501 5282 526 5335 Ι
535 5282 608 5354 re]
638 5284 793 5339 Ferri
818 5286 1268 5356 contemplatione
1298 5290 1353 5345 in
1373 5292 1638 5349 aethereos
1661 5304 1891 5364 meatus,
1918 5297 2020 5353 hoc

434 5383 532 5439 est,
566 5376 619 5430 in
651 5386 824 5433 motus
842 5392 1123 5450 corporum
1138 5382 1456 5453 caelestium,
1483 5387 1641 5454 idque
1661 5389 1801 5443 coelo
1825 5399 2012 5458 aperto

436 5476 486 5520 et
516 5467 806 5524 intellectui
833 5472 1117 5541 patefacto,
1144 5476 1395 5531 cernebat
1427 5478 1627 5532 lumina
1658 5481 1826 5546 rosei,
1855 5481 1908 5536 id
1937 5492 2019 5538 est

436 5558 709 5615 rubicundi
733 5572 826 5617 aut
848 5565 1052 5633 pulchri
1078 5575 1133 5622 et
1158 5568 1320 5624 lucidi
1344 5568 1493 5626 solis.
1520 5571 1666 5627 Maro
1697 5573 1749 5626 in
1780 5590 1831 5627 xi
1861 5592 1873 5624 :

558 5652 618 5725 Ei
641 5665 818 5725 roseus
836 5655 992 5705 fessos
1008 5658 1105 5719 jam
1129 5664 1329 5724 gurgite
1350 5663 1461 5712 Phu
1473 5663 1565 5711 bus
1588 5662 1736 5712 Ibero

557 5713 736 5774 Tingat
759 5730 927 5780 equos,
952 5713 1253 5787 noctemque
1269 5726 1350 5775 die
1376 5725 1576 5777 labente
1602 5725 1814 5778 reducat.

515 5797 739 5870 Visebat]
778 5801 1106 5862 lntuebatur.

2123 3305 2178 3361 in
2200 3305 2348 3358 omni
2369 3306 2671 3360 :eternitatc
2695 3315 2979 3361 conservat
3002 3322 3315 3377 progressus
3338 3318 3392 3363 et
3415 3324 3717 3379 regressus,

2124 3398 2466 3468 reliquosque
2497 3405 2674 3454 motus
2701 3407 3009 3453 constantes
3039 3410 3093 3453 et
3120 3414 3289 3453 raros.
3337 3399 3509 3454 Porro
3538 3401 3719 3467 plane-

2124 3499 2299 3545 tarum
2334 3488 2541 3545 medius
2575 3490 2658 3544 sol
2694 3489 2863 3545 fertur
2892 3491 3223 3561 amplissima
3255 3490 3622 3562 magnitudine
3659 3507 3722 3548 ac

2125 3591 2410 3653 potestate,
2442 3597 2541 3638 nec
2569 3592 2867 3653 temporum
2900 3584 3061 3639 modo
3088 3593 3481 3654 terrarumque,
3515 3586 3613 3640 sed
3644 3586 3723 3639 si-

2126 3674 2316 3728 derum
2347 3674 2507 3729 etiam
2537 3674 2775 3743 ipsorum
2806 3674 3035 3744 caelique
3065 3684 3244 3730 rector
3272 3693 3282 3728 :
3312 3674 3398 3729 hic
3430 3675 3609 3731 lucem
3640 3692 3722 3730 re<

2126 3767 2227 3823 bus
2255 3768 2538 3834 ministrat,
2562 3768 2845 3838 aufertque
2881 3768 3151 3837 tenebras,
3178 3768 3264 3823 hic
3298 3769 3509 3839 reliqua
3545 3770 3720 3826 sidera

2128 3861 2381 3928 occultat,
2417 3862 2504 3916 hic
2534 3862 2676 3916 vices
2722 3872 3019 3932 temporum
3051 3877 3356 3931 annumque
3386 3877 3607 3931 semper
3636 3876 3713 3915 re-

2127 3963 2436 4008 nascentem
2460 3968 2525 4007 ex
2549 3968 2648 4008 usu
2672 3965 2875 4008 natura:
2895 3962 3174 4025 temperat,
3196 3954 3281 4009 hic
3299 3954 3425 4011 caeli
3453 3953 3717 4008 tristitiam'

2125 4045 2371 4109 discutit,
2401 4053 2561 4115 atque
2597 4047 2757 4100 etiam
2796 4047 2970 4102 nubila
3008 4047 3224 4101 humani
3263 4047 3433 4100 animi
3475 4054 3708 4103 serenat:

2126 4137 2215 4193 hic
2243 4153 2397 4193 suum
2428 4138 2609 4195 lumen
2640 4140 2850 4196 caeteris
2876 4156 3091 4211 quoque
3128 4141 3394 4196 sideribus
3426 4140 3719 4195 feneratur.

2128 4232 2297 4301 Hujus
2325 4247 2533 4287 annuos
2575 4248 2765 4288 cursus
2806 4236 2996 4304 spatiis
3037 4236 3325 4291 menstruis
3370 4235 3494 4289 luna
3537 4248 3722 4289 conse—

2128 4326 2346 4395 quitur,
2412 4325 2565 4393 cujus
2612 4327 2984 4382 tenuissimum
3037 4328 3215 4382 lumen
3269 4327 3395 4381 facit
3450 4328 3724 4395 proximus

2128 4430 2376 4472 accessus
2398 4417 2462 4470 ad
2488 4417 2682 4482 solem,
2706 4418 2977 4487 digressus
3003 4429 3180 4472 autem
3208 4415 3553 4486 Iongissirhus
3578 4417 3725 4486 quis-

2128 4523 2231 4579 que
2258 4507 2643 4577 plenissimum.
2672 4509 2857 4580 Neque
2888 4509 3062 4564 solum
3090 4510 3207 4578 ejus
3236 4509 3443 4578 species
3465 4524 3530 4563 ac
3554 4507 3723 4563 forma

2045 4592 2384 4671 Dmutatur,
2434 4614 2543 4657 tum
2594 4604 2910 4667 crescendo,
2968 4613 3079 4658 tum
3123 4603 3416 4658 defectibus
3467 4604 3523 4656 in
3576 4601 3719 4656 initia

2128 4695 2475 4758 recurrendo,
2502 4694 2595 4749 sed
2616 4694 2776 4749 etiam
2800 4695 2966 4764 regio,
2992 4710 3110 4764 qua:
3134 4703 3243 4748 tum
3267 4703 3347 4747 est
3369 4692 3715 4763 aquilonaris,

2128 4799 2239 4844 tum
2266 4786 2536 4842 australis.
2560 4786 2774 4842 Saturni
2797 4786 2973 4853 stella,
2997 4800 3114 4855 qua:
3137 4788 3321 4841 Φαίνων
3345 4799 3373 4837 a
3394 4783 3601 4839 Graecis
3625 4796 3721 4837 no-

2127 4882 2384 4947 minatur,
2412 4895 2443 4934 a
2470 4888 2613 4935 terra
2642 4879 2793 4934 abest
2816 4879 3124 4947 plurimum,
3156 4887 3209 4932 et
3236 4876 3449 4946 triginta
3482 4876 3597 4930 fere
3624 4889 3726 4929 an-

2128 4982 2212 5036 nis
2237 4994 2454 5036 cursum
2484 4992 2639 5033 suum
2665 4975 2902 5033 conﬁcit.
2963 4974 3101 5029 lnfra
3135 4984 3312 5029 autem
3341 4973 3479 5028 hanc
3506 4972 3729 5042 propius

2123 5090 2151 5127 a
2173 5082 2313 5129 terra
2335 5071 2484 5127 Jovis
2510 5070 2663 5125 stella
2694 5069 2882 5133 fertur,
2925 5084 3045 5136 quae
3073 5070 3263 5122 Φαέθων
3293 5066 3520 5129 dicitur,
3552 5079 3729 5132 eaque

2123 5166 2371 5222 eumdem
2394 5162 2674 5218 duodecim
2699 5161 2973 5230 signorum
2996 5159 3180 5213 orbem
3202 5156 3358 5211 annis
3387 5156 3453 5209 I2
3478 5154 3720 5209 conﬁcit.

2122 5261 2258 5316 Hinc
2278 5269 2455 5315 autem
2475 5256 2775 5326 proximum
2797 5254 3103 5309 inferiorem
3124 5251 3307 5306 orbem
3326 5258 3472 5305 tenet
3491 5250 3725 5324 Πνρὸεις,

2122 5370 2242 5428 quae
2268 5355 2423 5411 stella
2443 5353 2629 5410 Martis
2656 5350 2975 5422 appellatur,
3003 5362 3171 5416 eaque
3192 5352 3418 5410 quatuor
3447 5353 3503 5397 et
3524 5338 3724 5411 viginti

2123 5447 2419 5511 mensibus,
2470 5461 2566 5500 sex
2621 5444 2702 5515 (ut
2746 5444 2998 5511 opinatur
3035 5440 3246 5507 Cicera)
3301 5435 3493 5490 diebus
3542 5434 3727 5489 minus

2125 5541 2374 5598 eumdem
2401 5540 2595 5594 lustrat
2631 5537 2815 5593 orbem
2847 5550 3005 5606 quam
3036 5549 3157 5604 quae
3187 5531 3512 5599 superiores.
3572 5526 3720 5583 Infra

2124 5638 2262 5689 hanc
2299 5642 2477 5689 autem
2517 5632 2630 5687 sole
2667 5630 2982 5700 interposito
3020 5626 3173 5683 stella
3202 5623 3424 5679 Veneris
3455 5632 3562 5687 est,
3598 5635 3725 5690 qua:

2125 5727 2394 5802 Φωσφόρος
2426 5723 2631 5789 ϐτωεθ,
2678 5721 2890 5777 Lucifer
2916 5719 3103 5774 Latine
3150 5716 3366 5782 dicitur,
3411 5728 3531 5768 cum
3568 5723 3724 5767 ante-

2121 5820 2364 5888 greditur
2414 5819 2585 5877 solem
2626 5835 2640 5873 :
2691 5832 2812 5873 cum
2854 5812 3192 5884 subsequitur
3230 5822 3406 5869 autem
3432 5807 3717 5883 Ἕσπερος,
