4010 6372
484 296 589 352 899

1128 270 1469 355 septennia
1509 300 1598 355 AD
1636 301 1879 359 uanos
1918 302 2007 359 DE
2037 302 2559 364 CONSOLATIONE
2602 307 3097 368 rnncosornus.
3659 319 3748 372 9m

556 413 705 468 Talia
724 413 1099 468 contuleramus
1122 416 1287 487 arma]
1318 416 1557 472 Valerius
1579 417 1839 474 Maximus
1866 419 1959 473 lib.
1984 434 2059 473 tu:
2090 422 2146 482 Α
2244 420 2386 493 Nox]
2419 424 2599 480 Noctis
2621 426 2941 481 obscuritas.

482 504 579 559 Est
610 514 664 558 et
690 504 779 557 illa
809 503 1098 559 vehemens
1127 516 1179 561 et
1207 518 1460 562 constans
1489 508 1652 563 animi
1681 510 1889 576 militia,
1923 510 2063 564 litte-

481 598 557 652 ris
580 598 808 667 pollens,
840 598 1219 653 venerabilium
1244 600 1501 655 doctrinae
1536 617 1813 658 sacrorum
1839 604 2067 660 antistes

482 689 849 759 Philosophia,
894 706 1013 760 qua:
1044 694 1129 747 ubi
1164 708 1378 763 pectore
1408 707 1618 766 recepta
1651 707 1732 753 est
1762 698 2062 767 hominum,

482 781 764 839 inhonesto
803 789 961 851 atque
1009 781 1181 838 inutili
1230 787 1421 843 aitectu
1473 788 1737 857 depulso,
1790 799 1957 845 totum
2012 791 2062 845 in

485 872 670 930 solida:
711 879 920 944 virtutis
970 885 1299 938 munimento
1344 881 1642 949 conﬁrmat,
1690 883 2065 952 potentiusque

414 1036 419 1041 ξ
482 978 628 1023 metu
651 986 713 1027 ac
736 976 923 1032 dolore
950 980 1094 1033 facit.
1119 978 1467 1033 Antisthenes
1493 974 1723 1047 Cynicus
1745 975 1877 1029 dixit
1905 974 2068 1029 virtu-

484 1066 589 1113 tem
621 1076 769 1119 arma
798 1080 917 1122 esse
942 1083 1064 1137 qua:
1094 1068 1205 1122 tolli
1237 1083 1347 1121 non
1378 1067 1603 1136 possint.

554 1152 675 1207 Nisi
698 1159 839 1227 prior
866 1160 1155 1232 abjecisses]
1204 1161 1378 1215 Virtus
1422 1161 1564 1213 enim
1621 1169 1675 1213 et
1724 1154 2064 1226 philosophia

484 1247 756 1307 hominem
782 1268 890 1308 non
909 1255 1109 1311 deserit
1133 1272 1145 1309 :
1170 1255 1272 1311 nisi
1302 1254 1447 1324 prior
1476 1254 1589 1323 ipse
1618 1268 1735 1307 eam
1763 1250 2067 1306 voluntario

484 1353 707 1410 peccato
734 1347 968 1416 abjiciat.

558 1436 792 1511 Pudore]
814 1439 994 1495 Pudor
1016 1448 1101 1497 est
1117 1441 1273 1497 timor
1288 1440 1445 1510 iusta:
1471 1437 1924 1508 reprehensionis.
1949 1434 2069 1491 Stu-

489 1541 586 1595 por
611 1544 740 1584 vero
765 1540 847 1586 est
876 1532 1117 1603 quaedam
1150 1548 1401 1588 sensuum
1432 1531 1700 1586 alienatio.

558 1618 893 1692 Lethargum]
917 1624 1232 1694 Lethargus,
1260 1624 1444 1678 Graece
1462 1624 1730 1698 λήθαργος,
1750 1630 1833 1676 est
1858 1634 2070 1675 marcor

485 1718 539 1764 et
565 1710 991 1784 inexpugnabilis
1014 1730 1148 1785 pene
1177 1717 1348 1769 somni
1378 1715 1693 1779 necessitas,
1716 1730 1836 1769 cum
1870 1714 2072 1768 aliena-

2242 514 2417 588 Hanc]
2447 517 2692 575 Noctem.

2241 609 2478 665 Threicio
2522 629 2586 667 ea:
2626 611 2797 683 antro]
2849 615 2982 681 Quia
3031 613 3223 669 boreas
3276 614 3418 670 Italis
3473 633 3535 669 ex
3591 618 3748 671 antris

2170 701 2413 759 Thracia:
2442 706 2653 762 videtur
2679 708 2872 762 emitti.
2907 707 3167 763 Thracius
3211 720 3411 776 autem,
3452 711 3746 778 Tbraicim,

2169 805 2222 851 et
2276 798 2557 856 Threicius
2615 802 2666 857 in
2726 802 2915 858 eodem
2963 803 3263 873 signiﬁcatu
3321 804 3594 860 dieuntur.
3653 804 3750 859 Lu-

2168 903 2375 945 canus:

2295 988 2515 1045 Quantus
2538 988 2759 1050 pinifera:
2784 989 2962 1038 boreas
2986 1002 3095 1039 cum
3118 990 3356 1040 Thracius
3379 989 3541 1041 Ossae.

2172 1065 2389 1121 Boetius
2421 1070 2473 1123 in
2505 1069 2663 1135 hujus
2692 1072 2871 1139 operis
2900 1073 3060 1126 tertio
3086 1090 3099 1126 :

2300 1158 2446 1209 Vates
2469 1161 2724 1212 Thraicius
2749 1176 2976 1224 gemens.

2174 1246 2422 1301 Horatius
2454 1251 2507 1302 in
2540 1249 2714 1318 primo
2738 1251 3037 1304 carminum
3064 1267 3077 1303 :

2297 1362 2432 1420 Quod
2456 1363 2498 1410 si
2522 1362 2749 1412 Threicio
2772 1362 2993 1411 blandius
3016 1361 3233 1425 Orpheo.

2245 1443 2469 1517 Reseret]
2501 1447 2738 1515 Aperiat,
2773 1447 3071 1516 patefaciat.

2246 1536 2414 1608 Diem]
2446 1536 2663 1591 Lucem.

2248 1629 2470 1702 Emicat]
2504 1635 2760 1702 Apparet.

2249 1723 2454 1796 Subito]
2486 1725 2810 1793 Repentino.

488 1804 633 1861 tione
657 1810 873 1875 mentis,
905 1812 958 1863 in
985 1826 1092 1880 quo
1121 1825 1150 1865 a
1182 1809 1504 1879 phrenitide,
1532 1824 1638 1862 non
1671 1809 1810 1873 loco,
1844 1807 1938 1861 sed
1962 1822 2072 1861 ma-
2098 1800 2149 1860 Β
2254 1818 2514 1891 γξὺναιιλε]
2548 1821 2739 1884 Morus,
2771 1820 3019 1890 agitatus,

487 1900 621 1952 teria
643 1899 823 1956 distat.
868 1901 1161 1957 Phrenitim
1191 1903 1427 1971 sanguis,
1459 1913 1547 1955 aut
1579 1901 1699 1955 bilis
1731 1900 1861 1954 flava
1894 1897 2071 1953 conci-

486 1990 601 2058 liat,
635 1994 934 2067 lethargum
966 2000 1151 2068 pituita
1188 1999 1455 2053 humidior
1488 2008 1540 2053 et
1568 1996 1827 2066 frigidior,
1853 2009 1952 2065 qua
1981 2008 2071 2047 ce-

485 2085 701 2140 rebrum
726 2088 964 2144 diluitur.
992 2092 1204 2146 Accidit
1238 2090 1290 2144 in
1321 2105 1386 2145 eo
1410 2089 1597 2145 morbo
1623 2104 1799 2143 rerum
1831 2085 2068 2139 omnium

484 2176 702 2233 oblivio.

1008 2274 1072 2329 IN
1113 2274 1407 2329 METRUM
1448 2274 1533 2327 Ill.

555 2364 783 2421 Carmen
831 2377 913 2422 est
965 2369 1195 2435 dicolon,
1242 2369 1568 2439 distrophon,
1617 2376 1871 2421 constans
1901 2364 2071 2417 altero

412 2500 417 2513 .
487 2472 646 2514 vorsu
681 2460 920 2528 heroico,
962 2461 1136 2517 altero
1164 2462 1464 2528 Alcmanio,
1501 2460 1786 2532 dactylico,
1817 2469 2070 2513 tetrame-

486 2555 590 2614 tro,
619 2552 912 2606 acatalecto
941 2569 952 2604 :
987 2554 1075 2622 qui
1100 2554 1442 2623 componitur
1464 2563 1690 2624 quatuor
1719 2553 1965 2623 dactylis,
1990 2551 2071 2605 ine

488 2641 693 2695 terdum
728 2652 907 2697 tamen
937 2654 1293 2715 przeterquam
1335 2646 1387 2699 in
1428 2655 1615 2715 quarta
1645 2646 1885 2714 regione,
1908 2659 2072 2712 Spon-

486 2732 644 2787 deum
674 2736 926 2791 admittit.
969 2736 1081 2792 Hoc
1134 2746 1315 2792 autem
1353 2738 1570 2792 Boetius
1602 2738 1837 2791 ostendit
1861 2751 1919 2792 se
1946 2751 2069 2790 mox

482 2826 710 2883 detersis
745 2828 814 2882 ab
857 2844 917 2885 ea
962 2830 1075 2885 suis
1123 2832 1315 2900 oculis,
1363 2832 1754 2901 philosophiam
1804 2830 2069 2885 nutricem

481 2930 630 2972 suam
680 2919 911 2977 libenter
954 2926 1259 2993 agnovisse.
1314 2925 1466 2991 Quod
1506 2924 1725 2995 quidem
1770 2925 2072 2980 rectissime

482 3011 683 3066 dictum
712 3023 815 3069 est.
848 3015 1016 3070 Nemo
1060 3018 1203 3071 enim
1236 3018 1633 3087 philosophiam
1674 3018 1865 3087 ipsam,
1908 3017 1959 3071 id
1987 3026 2072 3072 est

483 3106 820 3174 sapientiam,
854 3124 957 3179 qua
1000 3112 1306 3168 intellectus
1340 3114 1619 3168 veritatem
1651 3113 2068 3181 contemplatur,

484 3197 583 3252 nisi
601 3199 821 3268 depulsa
853 3203 1001 3271 prius
1024 3206 1489 3272 perturbationum
1509 3206 1737 3274 caligine
1758 3215 1813 3269 et
1836 3204 2073 3274 purgatis

483 3291 643 3344 animi
677 3294 844 3347 oculis
877 3297 1285 3362 potestintueri.

560 3382 726 3454 Tunc]
759 3385 857 3440 Ubi
889 3386 1238 3457 Philosophia
1284 3396 1432 3443 veste
1461 3404 1556 3443 sua
1585 3388 1769 3443 oculos
1800 3402 1948 3443 meos
1980 3386 2074 3441 de-

488 3478 660 3529 tersit.

564 3567 825 3642 Discussa]
851 3571 1100 3641 Disjecta,
1130 3573 1405 3644 dissipata.

557 3661 741 3735 Nocte]
774 3663 901 3719 Veri
943 3666 1299 3734 ignoratione,
1331 3679 1385 3721 et
1414 3681 1699 3737 pravarum
1730 3666 2071 3721 aitectionum

487 3750 734 3822 caligine.

558 3843 818 3916 Tenebrw]
848 3846 1027 3901 Animi
1059 3849 1272 3904 caecitas
1295 3861 1346 3905 et
1373 3852 1568 3906 mentis
1597 3850 1992 3907 obtenebratio.

560 3934 876 4009 Luminibus]
902 3937 1082 3995 Oculis
1107 3943 1292 3995 animi.

556 4029 748 4102 Rediit]
780 4031 1037 4086 Redditus
1069 4042 1171 4101 est,
1197 4049 1259 4087 ac
1287 4035 1582 4089 restitutus.

564 4122 742 4193 Vigor]
776 4122 869 4177 Vis
894 4134 948 4179 et
977 4125 1203 4180 facultas
1230 4130 1343 4182 veri
1367 4128 1744 4198 cognoscendi.

560 4215 627 4269 Ut
662 4234 775 4270 cum
801 4219 1073 4292 prwcipiti]
1100 4221 1240 4276 Sane
1268 4238 1429 4293 quam
1462 4224 1693 4293 eleganti
1729 4239 2071 4294 congruaque

486 4310 885 4376 comparatione
910 4311 1147 4366 ostendit
1174 4315 1451 4381 pristinam
1473 4315 1573 4369 sibi
1605 4316 1936 4386 intelligendi
1964 4319 2069 4371 vim

487 4398 787 4454 restitutam
815 4417 955 4467 esse,
1005 4404 1459 4472 quemadmodum
1507 4408 1796 4462 obscurato
1840 4409 2070 4462 nubibus

486 4505 632 4555 aere,
658 4495 700 4544 si
720 4494 815 4547 tlet
840 4495 1044 4563 aquilo,
1072 4504 1126 4549 et
1150 4498 1519 4565 pr0pellantur
1546 4499 1736 4567 nubes,
1755 4501 1896 4555 aeris
1921 4514 2069 4556 sere-

486 4580 642 4645 nitas,
672 4584 910 4654 solisque
940 4585 1121 4642 lumen
1148 4589 1403 4644 continuo
1434 4589 1727 4647 reducitur.

562 4670 651 4741 Ut]
686 4673 856 4728 Velut.

556 4762 708 4838 Cum]
740 4766 983 4831 Quando.

556 4859 843 4932 Praecipiti]
876 4862 1103 4934 ltapido.

554 4948 935 5025 Gtomerantur]
981 4955 1356 5027 lnvolvuntur,
1408 4958 1770 5030 abducuntur,
1821 4970 1875 5017 et
1916 4963 2070 5033 quasi

485 5041 897 5110 conglobantur.

556 5134 710 5208 Coro]
746 5138 914 5195 Vento
937 5141 1161 5197 occiduo
1187 5142 1445 5201 adversus
1471 5149 1776 5217 aquilonem
1806 5148 1975 5203 ﬂanti.

558 5225 745 5300 Polus]
776 5229 1005 5285 Caelum.

556 5317 733 5391 Stetit]
766 5320 920 5377 Stare
946 5323 1155 5379 videtur
1184 5327 1512 5397 prteteritum
1556 5340 1766 5400 tempus
1794 5345 1890 5401 pro
1920 5346 2066 5402 prte-

484 5413 620 5462 senti
651 5413 903 5479 positum.

555 5500 649 5555 Sol
670 5502 813 5557 latetl
832 5505 943 5561 Non
970 5522 1208 5580 apparet.

558 5594 807 5652 Nondum
845 5603 967 5656 caelo
1006 5608 1315 5662 venientibus
1362 5609 1537 5679 astris]
1569 5608 1626 5663 la
1645 5618 1746 5676 est,
1779 5598 1904 5667 ante
1934 5610 2064 5681 legi-

484 5696 671 5741 timum
700 5693 872 5747 noctis
902 5704 1128 5765 tempus.

558 5778 809 5857 Desuper]
833 5788 1094 5847 Suoerne.

2247 1909 2413 1983 Ferit]
2446 1912 2704 1967 Perculit.

2247 2004 2493 2058 Mirantes
2510 2003 2706 2077 oculos]
2738 2005 2788 2059 Id
2812 2015 2919 2073 est,
2938 2005 3122 2059 oculos
3138 2003 3413 2059 hominum
3446 2003 3742 2059 mirantium

2174 2099 2505 2167 repentinam
2536 2103 2901 2153 serenitatem.
2941 2098 3160 2153 Brevior
3185 2114 3299 2153 sum
3335 2100 3475 2152 circa
3510 2097 3622 2152 hoc
3651 2112 3742 2151 car-

2175 2207 2295 2245 men
2328 2190 2709 2257 enarrandum,
2754 2191 2896 2261 quod
2929 2191 3099 2244 visum
3129 2192 3198 2244 sit
3224 2206 3328 2244 non
3360 2190 3426 2243 ab
3458 2206 3516 2244 re
3547 2190 3684 2253 fore,
3707 2186 3739 2241 si

2174 2283 2453 2353 Augustini
2485 2283 2639 2337 1).ιῑΙιί
2671 2284 2895 2351 epistola
2935 2282 3178 2351 quaedam
3208 2282 3332 2354 (qua
3359 2280 3501 2336 idem
3530 2296 3643 2335 non
3665 2281 3740 2333 ini-

2175 2390 2272 2429 nus
2302 2374 2511 2428 erudite
2527 2390 2683 2439 quam
2705 2375 2976 2444 eleganter
2996 2374 3303 2442 exponitur)
3332 2374 3432 2427 hoc
3459 2372 3584 2427 loco
3606 2371 3744 2426 fuerit

2175 2468 2438 2537 apposita,
2470 2468 2629 2533 idque
2662 2468 2799 2521 illius
2832 2468 3005 2532 titulo,
3036 2482 3159 2521 cum
3204 2467 3325 2538 (qua
3356 2482 3475 2520 sum
3519 2465 3741 2535 ingenui-

2178 2560 2304 2627 tate)
2334 2560 2506 2614 aliena
2539 2558 2669 2613 mihi
2697 2560 2863 2613 nolim
2894 2574 3145 2627 arrogare
3171 2576 3184 2612 :

2296 2671 2371 2720 Ne
2396 2673 2435 2719 si
2462 2670 2585 2720 forte
2609 2684 2720 2719 suas
2747 2674 3009 2730 repetitum
3034 2670 3225 2717 venerit
3247 2668 3362 2716 olim

2298 2736 2429 2781 Grex
2456 2737 2611 2781 avium
2636 2734 2839 2791 plumas,
2863 2740 3057 2780 motreat
3080 2731 3324 2781 cornicula
3351 2731 3503 2778 risum

2297 2796 2508 2844 Furtivis
2530 2796 2709 2843 nudata
2730 2795 2993 2844 coloribus.

2174 2901 2268 2956 Est
2295 2901 2452 2967 igitur
2483 2900 2626 2954 illius
2658 2902 2771 2953 haec
2799 2899 3047 2967 epistola.

2245 3059 2557 3129 Augustinus
2592 3056 2791 3109 Datltus
2820 3055 3140 3108 Bernartlino
3170 3055 3415 3108 salutem.

2100 3178 2147 3243 ο
2248 3150 2425 3219 Cupis,
2451 3149 2767 3203 Bernardine
2798 3152 2879 3215 (ut
2902 3149 3010 3217 ipse
3038 3146 3156 3217 ais),
3190 3150 3368 3200 etit’um
3397 3143 3730 3212 erpmitionem

2178 3260 2429 3309 versuum,
2463 3259 2586 3311 quos
2622 3242 2891 3296 Severinus
2924 3238 3135 3293 Boetius
3160 3239 3289 3291 libro
3311 3239 3374 3291 de
3406 3232 3732 3300 PhilosOphite

2178 3336 2537 3390 Consolatione
2564 3333 2859 3386 modulatus
2886 3343 2981 3397 est,
3013 3347 3112 3385 non
3144 3331 3302 3383 multo
3332 3341 3447 3399 post
3476 3328 3631 3396 operis
3652 3324 3742 3377 ini~

2178 3428 2323 3493 tium,
2348 3442 2464 3480 eum
2485 3428 2557 3478 ait
2587 3441 2603 3477 :
2633 3425 2777 3478 Tunc
2803 3442 2883 3479 me
2915 3425 3143 3477 discussa
3170 3423 3424 3492 liquerunt
3457 3432 3595 3475 nocte
3616 3430 3747 3472 tens-

2177 3520 2295 3573 brw.
2329 3519 2396 3571 Et
2429 3519 2677 3587 reliquum
2705 3518 2941 3586 deinceps
2982 3532 3159 3584 poema
3186 3530 3203 3568 :
3235 3513 3414 3567 Laudo
3446 3525 3492 3566 te
3514 3522 3654 3580 atque
3677 3511 3749 3564 in-

2175 3611 2378 3682 genium
2429 3620 2593 3673 tuum,
2637 3617 2682 3661 et
2728 3608 2864 3681 quod
2906 3607 3137 3661 Severini
3167 3604 3389 3675 legendis
3414 3605 3656 3676 gaudeas,
3686 3612 3747 3668 te,

2181 3704 2529 3767 Bernardine,
2582 3703 2899 3755 vehementer
2942 3700 3117 3769 probo.
3165 3696 3286 3751 Fuit
3331 3698 3469 3752 enim
3501 3715 3527 3751 e
3556 3696 3749 3760 nostris,

2175 3797 2427 3865 singulari
2453 3796 2528 3848 vir
2557 3794 2807 3853 doctrina,
2842 3808 2901 3844 ac
2931 3792 3122 3844 nullius
3148 3789 3437 3858 disciplima
3468 3789 3633 3856 rudis,
3654 3786 3746 3840 La-

2177 3889 2335 3940 tinum
2366 3886 2621 3955 eloquium
2653 3900 2755 3936 non
2795 3883 2958 3936 solum
2991 3882 3280 3951 percalluit,
3310 3881 3400 3934 sed
3422 3881 3572 3932 etiam
3601 3877 3739 3950 pluri-

2176 3996 2311 4031 mum
2341 3978 2632 4029 illustravit.
2668 3972 2820 4038 Quod
2851 3974 3075 4025 indicant
3099 3989 3211 4025 cum
3236 3971 3329 4024 alii
3350 3970 3469 4023 libri
3490 3972 3601 4038 ejus
3624 3984 3740 4021 corn—

2176 4073 2368 4139 plures,
2393 4079 2498 4122 tum
2531 4067 2607 4121 vel
2640 4068 2681 4118 is
2717 4069 2950 4133 maxime,
2982 4067 3067 4134 qui
3098 4066 3168 4117 de
3193 4064 3546 4131 Philosophia:
3572 4061 3733 4117 Consa-

2175 4164 2363 4215 latione
2402 4160 2717 4213 inscribitur.
2754 4157 2866 4221 Quo
2908 4167 3040 4209 certe
3072 4158 3123 4208 in
3163 4158 3272 4209 loco
3311 4171 3567 4208 summam
3600 4152 3734 4223 ipsius

2177 4252 2511 4320 philosOp/iia:
2540 4252 2637 4303 vim
2668 4262 2712 4302 et
2754 4250 2959 4302 laudem
2995 4248 3252 4317 patefacit,
3285 4250 3490 4316 quando
3520 4248 3607 4299 illa
3628 4258 3738 4296 aut-

2176 4355 2316 4408 tore,
2361 4342 2662 4413 ignorantia:
2714 4340 2931 4393 tenebris:
2986 4339 3375 4409 pr0pellantur,
3439 4351 3486 4391 et
3540 4336 3742 4391 veritatis

2175 4434 2417 4505 splendor
2445 4446 2491 4487 et
2519 4433 2730 4485 claritas
2761 4432 3016 4485 elucescit.
3061 4430 3197 4483 Nam
3240 4446 3356 4484 cum
3388 4434 3537 4483 homo
3560 4437 3742 4498 pertur-

2177 4531 2435 4583 bationunt
2457 4539 2673 4581 cteciitus
2694 4528 2912 4596 caligine
2938 4527 3135 4597 magnis
3166 4525 3455 4594 implicetur
3480 4522 3739 4583 erroribus,

2180 4623 2503 4691 philosophia
2532 4624 2643 4690 ipsa
2669 4620 2960 4681 accedente,
2988 4616 3364 4685 quodammodo
3407 4615 3670 4684 resipiscit,
3698 4616 3740 4660 et

2181 4714 2246 4765 ad
2277 4716 2515 4764 humana:
2537 4719 2730 4762 natura:
2756 4709 3017 4761 revertitur
3036 4706 3353 4776 dignitatem.
3381 4704 3584 4773 Duplex
3608 4715 3735 4755 nern-

2178 4820 2272 4871 que
2298 4814 2371 4856 est
2408 4817 2537 4855 vera:
2572 4800 2837 4870 sapientia:
2865 4799 3073 4869 gradus,
3106 4814 3164 4850 ac
3196 4799 3390 4866 primus
3422 4797 3619 4864 quidem
3648 4794 3730 4845 im-

2177 4892 2463 4963 pedimenta
2491 4888 2661 4943 tollit:
2692 4891 2942 4941 secundus
2974 4888 3196 4941 veritatis
3236 4888 3572 4957 cognitionem
3597 4884 3739 4937 indst-

2178 4985 2266 5047 cit,
2298 4999 2394 5052 qua
2416 4980 2563 5035 nu'lla
2593 4989 2664 5033 est
2688 4979 2882 5032 homini
2910 4978 3116 5031 suavior
3143 4977 3409 5031 alimonia’.
3440 4975 3572 5031 Bene
3594 4975 3741 5043 igitur

2174 5074 2261 5142 qui
2286 5081 2438 5125 antea
2466 5072 2522 5125 in
2557 5070 2795 5147 maximis
2826 5070 3158 5139 ignorationis
3188 5070 3409 5123 tenebris
3448 5074 3738 5127 versaretur,

2172 5162 2510 5236 philosophia:
2532 5162 2683 5233 (qua:
2712 5162 2974 5228 sapientia:
3002 5161 3230 5215 studium
3256 5160 3552 5231 proﬁtetur)
3582 5158 3740 5209 clare-

2170 5267 2338 5310 scente
2358 5256 2488 5320 luce,
2517 5252 2610 5307 illa
2636 5253 2780 5319 dicit,
2811 5269 2924 5322 qua:
2950 5253 3003 5305 in
3031 5252 3290 5328 preposito
3334 5259 3558 5321 poemate
3581 5248 3741 5302 conti-

2168 5356 2355 5402 nentur
2377 5361 2396 5399 .'

2302 5457 2433 5505 Tunc
2456 5466 2532 5504 me
2555 5454 2771 5517 discussa
2792 5453 3032 5517 liquerunt
3053 5459 3185 5517 nocte
3211 5454 3437 5512 tenebrce,

2359 5516 2724 5579 Inmunibusque
2749 5514 2884 5579 pridr
2908 5514 3053 5565 rediit
3077 5515 3230 5578 vigor.

2171 5622 2382 5676 Primus
2427 5624 2690 5691 sapientia:
2733 5621 2925 5692 gradus
2972 5630 3069 5689 est,
3115 5620 3462 5689 impedimenti
3490 5613 3735 5670 remotio:

2170 5716 2288 5769 hinc
2315 5716 2522 5769 dicitur.
2557 5713 2699 5768 Tunc
2747 5714 2978 5767 discussa
3024 5723 3186 5777 nocte,
3229 5713 3283 5766 id
3326 5722 3399 5766 est
3441 5708 3735 5765 obscuritate

2170 5806 2395 5875 sublata,
2427 5805 2683 5874 liquerunt
2724 5819 2804 5861 me
2848 5803 3086 5873 tenebris,
3131 5803 3268 5874 quod
3313 5812 3408 5875 est,
3440 5796 3734 5873 ignorantia
