4010 6372
210 319 305 375 901

1101 316 1483 373 MURMELLII
1520 315 1611 370 ΕΤ
1652 315 2017 372 AGRICOLE
2055 319 2571 379 COMMENTARIA.

3382 327 3485 383 902

210 442 429 506 cacitas,
454 454 514 493 ac
538 439 716 493 mentis
738 438 922 509 caligo.
950 436 1215 493 Secundus
1245 440 1433 508 gradus
1459 437 1676 506 infertur
1703 452 1791 489 sa-
1816 440 1873 497 Α
1895 438 2053 505 brari,
2087 450 2193 493 tum
2222 442 2373 496 etiam
2416 444 2588 514 ferire.
2632 441 2816 508 Itaque
2842 462 2946 501 non
2989 450 3150 519 gtaaii
3178 446 3365 513 solum,
3396 450 3486 503 sed

211 533 429 604 pientite,
462 548 575 584 cum
607 531 813 582 additur
836 545 853 581 :

390 620 760 681 Luminibusque
781 618 916 681 prior
938 617 1083 669 rediit
1107 620 1263 683 vigor.

210 706 431 763 Lumina
468 716 585 759 sunt
628 706 723 758 hoc
768 704 903 769 loco,
947 705 1103 757 animi
1140 720 1201 756 ac
1229 704 1406 756 mentis
1435 703 1586 755 acies.
1633 699 1792 767 Vigor

213 806 284 849 est
310 796 537 848 veritatis
558 795 799 863 cognitio,
830 809 918 863 per
949 810 1101 860 quam
1130 795 1259 862 viget
1288 794 1511 855 animus,
1543 807 1635 845 nec
1658 793 1792 860 viget

211 882 393 949 solum,
418 884 510 936 sed
539 882 690 937 etiam
716 884 893 950 alitur,
926 884 1124 948 crescit,
1156 899 1216 935 ac
1242 882 1670 936 vehementissime
1700 898 1790 933 ro-

211 975 438 1028 boratur.
469 973 737 1044 Siquidem
756 973 927 1027 nullus
947 975 1117 1026 animo
1139 974 1340 1027 suavior
1365 972 1507 1025 cibus
1530 978 1792 1039 est,quam

210 1066 429 1120 veritatis
458 1066 701 1135 cognitio.
748 1064 897 1131 Quod
932 1074 1099 1118 autem
1139 1064 1298 1117 animi
1343 1073 1438 1126 est,
1468 1070 1512 1115 et
1546 1062 1598 1113 id
1635 1062 1796 1113 latens

212 1166 353 1224 atque
380 1134 654 1222 invisibile,
682 1134 870 1207 visibili
896 1162 943 1207 et
972 1153 1316 1224 pulcherrima
1343 1150 1681 1206 similitudine
1704 1153 1793 1203 de-

211 1251 433 1301 claratur
457 1262 477 1300 :

331 1338 394 1386 Ut
415 1348 527 1386 cum
548 1334 784 1398 pracipiti
807 1333 1135 1398 glomerantur
1161 1332 1329 1383 sidera
1354 1344 1489 1383 coro.

211 1421 348 1475 Nam
377 1423 725 1491 glomerantur
753 1429 894 1473 astra
921 1434 1009 1488 per
1048 1417 1259 1472 nubium
1296 1417 1631 1479 coactionem,
1665 1428 1797 1484 prte-

212 1513 351 1580 cipue
376 1527 495 1563 coro
517 1510 726 1565 occiduo
757 1508 1004 1577 spirante,
1037 1517 1184 1560 vento
1211 1522 1359 1578 quem
1386 1519 1601 1557 caurum
1629 1503 1803 1573 appel-

219 1605 288 1655 lat
325 1600 540 1667 Gellius,
585 1602 843 1670 solentque
891 1607 1138 1671 argestem
1181 1598 1447 1650 nominare
1490 1592 1681 1659 erci,
1713 1593 1801 1660 qui

220 1694 453 1745 adversus
496 1691 787 1762 aquilonem
829 1692 1034 1760 perﬂat,
1076 1698 1228 1757 atque
1270 1687 1405 1741 idem
1450 1686 1527 1755 (ut
1558 1683 1801 1738 nonnulli

218 1785 442 1853 tradunt)
471 1784 617 1853 iapix
644 1783 852 1838 dicitur.
893 1780 1034 1835 Nam
1070 1781 1203 1835 venti
1232 1780 1324 1833 alii
1351 1789 1533 1853 agunt,
1558 1776 1649 1833 alii
1678 1794 1795 1847 pro-

214 1874 407 1942 pellunt
438 1874 595 1927 nubes
622 1889 639 1925 :

332 1962 673 2075 g’ipzbgglisque
696 1962 834 2026 polus
856 1960 983 2014 stetit
1006 1960 1257 2023 imbribus,

371 2039 400 2075 ο
460 2041 485 2073 ιι
558 2058 570 2072 .

371 2039 418 2075 οι
438 2039 570 2074 ιιιιει.

213 2109 377 2164 Polus
408 2125 527 2180 pars
566 2111 675 2163 coeli
714 2118 808 2175 est,
848 2117 895 2162 et
933 2125 1024 2178 pro
1053 2107 1180 2163 caelo
1211 2107 1451 2177 usurpari
1489 2107 1636 2172 solet,
1670 2120 1804 2175 prte-

214 2201 386 2253 sertim
411 2216 503 2270 pro
525 2216 584 2253 ea
607 2209 895 2267 parte,qutz
908 2203 1066 2272 juxta
1091 2200 1335 2253 arcticum
1360 2197 1438 2252 vel
1462 2201 1803 2251 antarcticum

218 2289 392 2357 polum
422 2290 652 2344 vertitur.
687 2288 881 2343 Ctelum
926 2304 1096 2343 autem
1135 2296 1270 2343 stare
1299 2307 1400 2344 non
1430 2289 1637 2355 dicitur,
1664 2289 1802 2359 quod

220 2379 544 2450 rapidissimo
571 2396 766 2450 semper
787 2381 949 2434 cietur
968 2388 1112 2433 motu
1137 2396 1155 2433 :
1184 2380 1270 2433 sed
1302 2381 1448 2432 illum
1483 2394 1805 2447 nequaquam

217 2471 462 2535 sentiunt,
494 2486 586 2524 nec
630 2471 914 2541 percipiunt
959 2471 1210 2533 homines,
1257 2470 1357 2523 nisi
1409 2485 1498 2536 per
1546 2478 1807 2521 astrorum

218 2579 443 2631 cursum,
473 2579 691 2633 quorum
718 2574 883 2618 motus
914 2564 1065 2634 facile
1093 2565 1339 2621 cernitur.
1373 2562 1555 2632 Itaque
1602 2562 1811 2615 latenti-

221 2654 309 2707 bus
337 2654 617 2720 sideribus,
658 2664 705 2708 et
747 2656 1063 2723 interpositis
1107 2654 1345 2718 nubibus,
1377 2669 1439 2708 ac
1466 2653 1809 2724 deﬂuentibus

222 2747 273 2798 in
304 2758 494 2800 terram
520 2745 788 2811 imbribus,
820 2749 1000 2800 caelum
1028 2756 1161 2800 stare
1190 2748 1413 2810 videtur,
1444 2744 1521 2798 sol
1550 2745 1727 2809 latere,
1762 2749 1811 2796 et

223 2846 337 2891 ante
363 2840 519 2892 etiam
543 2855 696 2907 quam
724 2838 848 2892 caelo
889 2848 1029 2892 astra
1072 2839 1293 2903 veniant,
1338 2838 1471 2905 eripi
1503 2838 1631 2902 dies,
1663 2851 1813 2903 quem

223 2933 368 3000 efﬁcit
398 2932 522 2987 solis
553 2932 842 3000 praesentia,
879 2941 923 2983 et
963 2946 1069 2984 nox
1095 2932 1311 3001 desuper
1337 2931 1393 2983 in
1424 2938 1610 2983 terram
1638 2927 1808 2995 fundi.

226 3023 394 3090 Quale
422 3032 473 3077 et
500 3022 632 3076 illud
654 3023 795 3092 apud
826 3023 1090 3075 Maronem
1113 3030 1223 3075 est:

346 3113 570 3176 Eripiunt
591 3113 745 3166 subito
767 3116 914 3164 nubes
934 3115 1199 3177 caelumque
1220 3112 1461 3178 diemque.

1896 534 2049 587 etiam
2089 536 2353 589 oculorum
2391 539 2525 591 acies
2566 538 2703 592 dicta
2734 548 2826 593 est.
2878 540 3074 596 Nostra
3112 558 3230 596 vero
3260 544 3394 596 acies
3426 542 3487 594 ab

1897 627 2080 695 objecti
2124 629 2247 681 solis
2289 630 2401 683 luce
2447 632 2891 702 circumfunditur,
2925 645 2983 689 ut
3028 638 3186 689 solem
3233 638 3487 690 intuentes

1896 718 2110 784 diutius,
2143 718 2313 773 lumen
2354 723 2619 776 oculorum
2664 726 2790 777 omit
2814 736 2861 778 et
2887 738 3014 789 tant,
3036 727 3097 780 ab
3125 728 3486 781 excellentiore

1898 810 2013 863 luce
2037 812 2237 882 penitus
2266 813 2569 869 obruantur.
2618 815 2723 870 Sed
2752 821 2769 886 (
2786 830 2840 871 ut
2864 820 3038 873 redeat
3074 823 3141 872 ad
3168 836 3274 873 rem
3305 837 3489 889 propo-

1900 902 2050 955 sitam
2077 903 2275 972 sermo)
2303 913 2408 957 tota
2446 907 2672 960 auctoris
2699 908 2753 961 in
2782 924 2839 962 eo
2871 920 3099 977 poemate
3139 912 3275 964 circa
3316 912 3489 978 dupli-

1900 1009 2006 1046 cem
2053 996 2316 1064 sapientia:
2353 998 2570 1066 gradum
2620 1010 2851 1053 versatur
2893 1002 3125 1069 intentio,
3176 1014 3231 1057 ut
3268 1007 3489 1072 primum

1901 1084 2264 1151 impedimenta
2296 1092 2573 1157 facessant,
2600 1106 2712 1158 qua:
2740 1102 2855 1144 sunt
2878 1096 3035 1147 animi
3062 1097 3483 1165 perturbationes,

1902 1185 1950 1230 et
1974 1177 2194 1246 fortuna:
2238 1181 2464 1249 ferientis
2483 1183 2663 1249 jacula
2688 1198 2708 1236 :
2727 1184 2911 1238 deinde
2950 1189 3221 1256 perspicua
3259 1193 3491 1244 succedat

1902 1269 2129 1323 veritatis
2172 1272 2416 1342 cognitio,
2441 1290 2597 1343 quam
2638 1276 2961 1344 philosOphia
3007 1289 3054 1331 et
3098 1282 3359 1346 sapientice
3383 1290 3491 1335 stu-

1903 1363 2045 1415 dium
2085 1365 2272 1418 invehit
2298 1381 2452 1419 :cum
2496 1368 2561 1421 sit
2600 1366 2695 1420 illa
2742 1368 2946 1437 quidem
2981 1388 3149 1423 rerum
3190 1374 3417 1425 omnium
3446 1384 3493 1427 et

1906 1454 2196 1506 divinarum
2231 1465 2275 1507 et
2309 1456 2649 1511 humanarum
2692 1460 2931 1528 cognitio,
2957 1463 3050 1513 tua:
3077 1462 3319 1527 veritatis,
3343 1474 3493 1530 atque

1905 1544 2096 1598 idcirco
2123 1546 2228 1599 dua:
2252 1548 2386 1613 vitae,
2412 1550 2654 1602 virtutum
2675 1551 2926 1619 venatrim,
2950 1553 3189 1605 vitiorum
3214 1555 3488 1623 expultrix.

1906 1634 2123 1690 Animus
2164 1648 2335 1691 noster
2378 1640 2503 1693 caelo
2541 1651 2902 1711 comparatur,
2928 1644 3065 1709 quod
3111 1660 3245 1697 nunc
3279 1645 3492 1699 nubibus

1910 1727 2236 1795 tenebrescit,
2271 1745 2407 1782 nunc
2454 1746 2630 1784 serena
2668 1742 2961 1802 tempestate
3000 1735 3139 1788 nitet.
3187 1734 3255 1789 Et
3296 1739 3495 1791 animus

1824 1813 2075 1876 Bnoster
2121 1834 2257 1872 nunc
2302 1823 2762 1890 perturbationibus
2808 1826 3161 1893 confunditur,
3200 1838 3249 1881 et
3296 1831 3495 1899 magnis

1908 1904 2207 1975 implicatur
2250 1911 2526 1973 erroribus,
2567 1929 2701 1966 nunc
2740 1915 2938 1969 sincera
2984 1928 3029 1971 et
3079 1920 3347 1988 perspicua
3393 1921 3497 1975 veri

1907 2002 2194 2069 cognitione
2220 2004 2394 2058 claret.
2432 2006 2627 2072 Quibus
2672 2011 2941 2063 contrariis
2967 2028 3029 2064 ex
3055 2014 3204 2064 rebus
3234 2015 3494 2067 contraria

1907 2107 2107 2161 quoque
2136 2095 2355 2148 miseria:
2380 2107 2425 2150 et
2454 2098 2715 2166 felicitatis
2738 2102 2902 2153 oritur
2930 2103 3079 2156 ratio.
3113 2103 3260 2167 Quod
3283 2108 3324 2156 si
3353 2122 3497 2174 qua:-

1908 2188 1981 2239 ris
2012 2186 2134 2254 quid
2174 2190 2238 2240 sit
2278 2189 2558 2244 luminibus
2589 2192 2808 2260 priorem
2838 2195 3004 2248 redire
3031 2197 3285 2267 vigorem,
3319 2197 3374 2250 id
3399 2215 3499 2252 non

1910 2278 2191 2333 absurdum
2224 2281 2289 2334 sit
2329 2284 2656 2350 interpretari
2698 2287 2978 2338 secundum
3026 2285 3262 2341 Platonis
3298 2299 3502 2343 senten-

1912 2374 2057 2439 tiam,
2087 2376 2177 2443 qui
2205 2376 2431 2427 animum
2474 2378 2702 2430 divinum
2746 2387 2792 2431 et
2830 2388 3077 2432 aeternum
3113 2385 3312 2443 asserit,
3346 2392 3394 2433 et
3424 2400 3501 2435 re-

1912 2477 2027 2515 rum
2046 2466 2270 2518 omnium
2291 2468 2575 2532 cognitione
2596 2469 2894 2539 perfectum,
2913 2486 3112 2525 carcere
3132 2489 3248 2525 vero
3270 2476 3501 2541 corporis

1914 2568 1962 2609 et
1989 2560 2155 2611 carnis
2171 2560 2427 2631 ergastulo
2448 2564 2711 2633 confundi,
2731 2577 2879 2634 atque
2898 2566 3237 2619 immemorem
3260 2567 3395 2633 ﬁeri,
3414 2570 3502 2621 sed

1915 2652 2085 2703 studio
2115 2662 2160 2703 et
2190 2654 2547 2706 exercitatione
2594 2657 2861 2719 pristinam
2910 2674 3209 2724 recuperare
3247 2660 3498 2711 notitiam.

1917 2740 2018 2794 Aut
2060 2742 2124 2811 (si
2147 2743 2201 2795 id
2227 2759 2328 2795 non
2359 2746 2628 2814 probatur)
2656 2746 2909 2800 hominem
2949 2750 3187 2819 intelligit
3234 2749 3503 2805 Severinus

1917 2844 2068 2887 antea
2093 2836 2144 2886 in
2173 2834 2511 2903 philosophia:
2556 2850 2807 2892 versatum
2850 2842 3053 2904 studiis,
3091 2852 3137 2895 et
3178 2844 3365 2895 idcirco
3396 2847 3507 2897 luce

1920 2927 2146 2980 veritatis
2190 2928 2541 2995 illustratum,
2590 2932 2681 2985 sed
2730 2950 2819 2999 per
2865 2934 3024 2986 animi
3077 2936 3505 3003 perturlationem

1920 3027 2072 3088 atque
2093 3034 2355 3073 maerorem
2385 3021 2597 3075 oblitum
2637 3025 2825 3092 prioris
2864 3027 3130 3082 claritatis.
3161 3044 3361 3079 rursum
3391 3029 3506 3096 phi-

1922 3111 2171 3179 losOpItia:
2192 3114 2361 3168 studia
2378 3125 2698 3183 repetentem.
2714 3118 2981 3187 pristinam
2999 3136 3194 3189 quoque
3217 3122 3319 3174 veri
3334 3125 3507 3190 cogni-

227 3194 322 3251 Sol
362 3196 625 3266 signiﬁcat
651 3197 864 3249 rationis
890 3196 1075 3261 lucem,
1106 3205 1253 3265 atque
1282 3195 1631 3268 intelligentia:
1661 3195 1816 3248 clari-
1842 3192 1891 3259 c
1922 3209 2109 3260 ιίοηεηι
2153 3210 2395 3277 recipere.
2452 3209 2639 3263 υινιηη
2679 3213 2745 3265 εει
2786 3214 3114 3281 probabilius,
3146 3225 3231 3268 ηιο
3277 3218 3506 3285 relinquo

224 3294 399 3340 tatem.
452 3285 617 3340 Corus
668 3286 926 3340 nimbosus
974 3295 1173 3351 ventus,
1224 3287 1540 3340 adversantis
1592 3287 1818 3357 fortunw

224 3375 472 3443 impetum
519 3391 581 3429 ac
620 3377 903 3430 savissima
933 3380 1052 3431 tela.
1084 3374 1266 3431 Nubes
1306 3387 1475 3431 atram
1504 3390 1700 3431 noctem
1728 3381 1819 3431 ob-

225 3468 437 3532 ducens,
465 3468 749 3537 graviorem
778 3470 938 3522 animi
972 3468 1428 3539 perturbationem,
1468 3477 1620 3537 atque
1663 3469 1821 3537 a'gri-

225 3556 481 3621 tudinein,
514 3573 627 3625 qua
657 3558 887 3612 obductis
922 3558 1137 3612 tenebris
1165 3560 1495 3628 quibusdam,
1528 3560 1711 3614 mentis
1739 3561 1821 3629 ip-

227 3649 331 3702 sius
362 3648 541 3702 lumen
568 3665 630 3701 ac
651 3649 900 3701 rationein
928 3650 1179 3703 obscurat.

350 3739 494 3849 [Vlapg
516 3736 817 3850 si;'TIiraicia
836 3738 1006 3791 boreas
1030 3739 1228 3792 emissus
1249 3740 1311 3791 ab
1333 3746 1469 3792 arcto

491 3814 542 3850 er
600 3838 610 3849 .

491 3814 610 3851 cret.

232 3882 365 3935 Nam
398 3883 576 3937 boreas
604 3884 700 3956 (ita
728 3882 895 3938 (ἕνωεὶ
921 3885 1207 3953 appellant,
1240 3901 1388 3953 quem
1418 3883 1591 3937 Latini
1621 3884 1824 3953 aquilo-

228 3992 345 4029 nem
383 3976 584 4047 dicunt)
628 3979 764 4047 ﬂans
807 3978 961 4031 nubes
990 3978 1157 4045 solvit,
1191 3988 1237 4031 et
1271 3977 1474 4033 easdem
1514 3976 1824 4031 verberando

221 4067 477 4139 dispellit,
519 4081 669 4141 atque
711 4071 782 4124 ita
827 4071 1060 4124 clausum
1096 4082 1287 4126 reserat
1327 4071 1479 4126 diem.
1511 4072 1617 4125 Alii
1650 4073 1826 4142 legunt

221 4171 373 4212 antro
415 4158 679 4224 Thraicio,
716 4164 851 4229 quod
896 4164 948 4214 in
975 4164 1138 4217 antris
1178 4176 1226 4216 ct
1269 4165 1402 4218 cavis
1447 4167 1557 4235 ejus
1604 4166 1827 4233 regionis

221 4250 487 4317 speluncis
524 4253 655 4305 venti
685 4254 860 4315 creati,
884 4253 1084 4324 spirant
1108 4254 1291 4308 exinde
1319 4255 1731 4319 vehementiores,
1764 4270 1828 4308 ac

222 4344 382 4395 nubes
416 4342 633 4410 pellunt.
662 4344 766 4397 Alii
787 4344 848 4398 ab
874 4354 1016 4398 arcto
1038 4347 1210 4416 legunt
1234 4348 1421 4413 potius.
1449 4346 1633 4401 Arctus
1658 4356 1828 4400 autem

220 4435 647 4499 septentrionalis
702 4435 859 4507 plaga
909 4445 1016 4504 est,
1067 4447 1123 4490 ut
1176 4438 1309 4491 illud
1354 4439 1407 4492 in
1454 4449 1596 4494 sexto
1644 4438 1829 4494 [Εηεί-

220 4528 319 4579 dos
348 4544 368 4580 :

355 4616 554 4669 Gelidas
576 4618 732 4669 enavit
754 4620 821 4670 ad
844 4628 1020 4671 arctos.

220 4702 401 4757 Graeci
444 4704 576 4756 enim
617 4706 861 4763 ἀνατολήν
891 4706 1149 4770 orientem,
1182 4704 1330 4761 δύσιν
1359 4708 1692 4775 occidentem,
1722 4726 1827 4763 me-

216 4797 416 4850 ridiem
440 4799 1196 4872 psmpépim,septentrionem
1218 4798 1400 4876 ἄρκτον
1429 4814 1629 4857 vocant.
1656 4801 1828 4877 Igitur

216 4893 436 4962 rejectis
465 4908 525 4945 ac
557 4892 783 4963 depulsis
809 4894 871 4946 ab
897 4895 1134 4962 aquilone
1168 4898 1411 4967 nubibus,

363 4981 563 5053 Emicat,
590 4993 633 5034 ct
658 4984 808 5053 subito
832 4987 1041 5053 vibratus
1064 4986 1242 5053 lumine
1270 4992 1494 5053 Phoebus,

424 5046 656 5097 Mirantes
678 5045 843 5099 oculos
867 5051 1023 5100 radiis
1048 5050 1173 5113 ferit.

221 5126 485 5197 Phcbus,
510 5130 647 5184 idem
668 5132 755 5199 qui
780 5144 825 5185 et
847 5131 965 5201 Sol,
993 5136 1417 5203 quemadmodum
1444 5138 1593 5193 Luna
1617 5137 1827 5196 Phoebe.

224 5222 331 5277 Sol
364 5232 533 5277 autem
562 5227 679 5293 fons
703 5225 912 5279 luminis
942 5238 1035 5292 est,
1065 5236 1119 5281 ut
1146 5228 1319 5283 Cicero
1360 5232 1548 5301 inquit,
1578 5248 1639 5286 ac
1664 5235 1829 5287 subito

218 5316 441 5381 emicat,
477 5332 580 5369 non
607 5315 775 5371 solum
805 5334 917 5371 cum
942 5336 1131 5372 aurora
1159 5334 1419 5391 praeeunte
1444 5337 1656 5380 cunctas
1690 5342 1828 5379 com-

218 5410 387 5481 plevit
427 5411 617 5464 lumine
652 5424 834 5477 terras,
863 5414 952 5467 sed
976 5424 1023 5467 et
1054 5431 1171 5467 cum
1215 5416 1447 5471 abscessu
1494 5420 1702 5473 nubium
1742 5436 1829 5474 re-

221 5511 387 5570 pente
410 5501 741 5567 diffunditur,
767 5514 811 5557 et
832 5503 1005 5557 orbem
1030 5506 1318 5559 universum
1340 5523 1433 5559 sua
1453 5511 1561 5561 luce
1588 5510 1824 5581 complet.

228 5591 506 5659 Vibratus,
536 5598 789 5665 crispatus
840 5597 1045 5660 dicitur,
1071 5608 1117 5649 et
1163 5608 1265 5650 tam
1309 5599 1529 5653 vibratus
1576 5618 1725 5669 quam
1754 5604 1833 5667 fe-

222 5688 369 5741 riens
422 5690 595 5741 oculos
646 5690 866 5752 dicitur,
904 5708 933 5742 a
986 5692 1085 5744 telo
1136 5692 1470 5745 translatione
1516 5706 1832 5762 suinpta;et

226 5777 454 5851 fulgenti
496 5780 670 5851 gladio
716 5783 863 5853 cujus
894 5793 1163 5853 utrumque
1203 5783 1466 5853 proprium
1496 5795 1593 5856 est,
1624 5798 1727 5845 tum
1751 5790 1829 5844 νε.

1911 3298 2137 3371 judicio.
2161 3302 2224 3352 At
2249 3318 2359 3355 mea
2389 3306 2636 3357 sententia
2663 3314 2929 3373 utrumque
2958 3324 3061 3359 non
3082 3308 3275 3376 injuria
3303 3311 3508 3377 probari

1920 3393 2100 3459 possit,
2123 3400 2170 3444 et
2198 3394 2505 3461 prwcipuam
2532 3395 2938 3466 philosophantis
2963 3400 3234 3455 utilitatem
3265 3404 3507 3457 ostendit.

1923 3482 2038 3536 Nos
2065 3484 2292 3537 divinum
2320 3486 2541 3553 fatemur
2561 3492 2808 3554 animum,
2831 3501 2877 3542 et
2904 3491 2958 3543 id
2985 3492 3129 3547 nobis
3152 3510 3265 3547 cum
3294 3493 3510 3548 Platone

1922 3578 2170 3630 convenit.
2204 3577 2308 3632 Sed
2336 3580 2583 3643 divinum,
2614 3584 2707 3635 hoc
2734 3591 2806 3635 est
2825 3598 2858 3635 a
2882 3581 2988 3636 Deo
3018 3594 3243 3638 creatum
3266 3587 3511 3658 intelligi-

1926 3682 2037 3722 mus
2060 3678 2209 3737 atque
2230 3671 2456 3740 infusum
2476 3676 2695 3738 corpori,
2714 3691 2907 3744 semper
2930 3692 3045 3729 vero
3069 3678 3228 3745 fuisse
3243 3694 3507 3748 negamus,

1926 3762 2159 3827 futurum
2200 3778 2395 3832 semper
2421 3780 2521 3815 non
2550 3764 2861 3828 inﬁciamur.
2896 3763 3185 3830 Postremo,
3220 3777 3273 3820 ut
3313 3770 3512 3823 brevius

1926 3866 2038 3918 qua:
2064 3853 2201 3905 dicta
2228 3863 2345 3906 sunt
2391 3856 2561 3907 omnia
2590 3857 3027 3926 prwstringamus,
3059 3859 3185 3911 scito
3223 3875 3342 3928 ergo
3370 3860 3507 3928 quod

1927 3946 2171 3999 dividitur
2196 3944 2291 3998 hoc
2323 3962 2499 4011 poema
2531 3946 2581 3999 in
2610 3947 2742 4000 duas
2769 3957 2959 4017 partes.
2990 3946 3057 4001 In
3093 3950 3259 4017 prima
3283 3950 3513 4003 declarat

1926 4036 2133 4091 Boetius
2172 4038 2507 4106 philosophia:
2556 4040 2840 4092 accedentis
2884 4038 3153 4105 effectum,
3190 4042 3243 4095 in
3283 4042 3509 4095 secunda

1927 4131 2156 4183 eumdem
2184 4147 2272 4199 per
2294 4130 2677 4184 similitudinem
2702 4132 2961 4201 patefacit.
2987 4131 3215 4197 Effectus
3242 4132 3512 4186 advenien-

1929 4223 1992 4274 tis
2035 4221 2372 4291 philosophiae
2420 4222 2615 4290 duplex
2662 4231 2764 4288 est,
2808 4224 3108 4293 ignorantia:
3156 4228 3386 4277 tenebras
3426 4226 3514 4279 de-

1929 4313 2133 4383 pellere,
2164 4323 2209 4366 et
2249 4315 2413 4367 lucem
2437 4315 2675 4370 inducere
2719 4316 2964 4369 veritatis.
2992 4314 3071 4368 De
3100 4316 3264 4383 primo
3290 4317 3513 4373 dicitur:

1933 4404 2073 4459 Tunc
2122 4405 2450 4477 philosophia
2491 4409 2872 4471 interveniente,
2909 4410 3122 4463 tenebrae
3148 4409 3336 4464 scilicet
3364 4410 3515 4480 igno-

1930 4500 2113 4553 rantiae
2137 4499 2391 4567 liquerunt
2413 4515 2512 4568 me,
2533 4501 2761 4554 discussa
2782 4512 2943 4566 nocte,
2966 4501 3271 4557 obscuritate
3290 4502 3509 4558 sublata.

1852 4564 1909 4627 Β
1937 4591 2013 4645 De
2041 4593 2262 4647 secundo
2292 4594 2477 4647 dicitur
2501 4612 2519 4649 :
2546 4593 2613 4648 Et
2645 4596 2783 4663 prior
2808 4596 2970 4665 vigor,
3000 4596 3054 4649 id
3080 4605 3150 4649 est
3176 4605 3314 4649 certa
3341 4607 3386 4650 et
3415 4597 3517 4653 veri

1934 4687 2136 4748 notitia,
2184 4687 2367 4753 rediit,
2412 4698 2739 4755 recuperatas
2789 4699 2863 4741 est
2910 4688 3215 4753 luminibus,
3256 4689 3393 4755 quod
3439 4696 3511 4743 est

1934 4778 2114 4831 mentis
2142 4778 2320 4832 oculis.
2348 4778 2544 4833 Deinde
2564 4781 2771 4833 additur
2793 4780 3094 4834 similitudo.
3114 4781 3327 4835 Animus
3348 4793 3520 4837 noster

1934 4872 2058 4925 caelo
2088 4880 2434 4940 comparatur.
2459 4870 2654 4926 Caelum
2684 4888 2819 4927 nunc
2850 4874 3137 4927 tenebrescit
3165 4873 3364 4937 nubilo,
3386 4890 3520 4927 nunc

1936 4980 2116 5018 sereno
2148 4966 2287 5017 nitet.
2331 4964 2399 5017 Et
2442 4966 2642 5020 animus
2678 4977 2846 5020 noster
2875 4983 3011 5021 nunc
3054 4967 3520 5037 perturbationibus

1934 5065 1981 5109 et
2008 5058 2263 5111 erroribus
2310 5057 2603 5127 implicatur
2651 5068 2804 5129 atque
2843 5060 3213 5130 confunditur,
3246 5078 3379 5114 nunc
3420 5060 3521 5113 veri

1937 5148 2223 5217 cognitione
2250 5150 2466 5203 nitescit.
2502 5149 2603 5215 υτ,
2635 5150 2688 5203 id
2717 5160 2789 5205 est
2814 5154 2948 5206 velut
2973 5169 3088 5205 cum
3108 5154 3277 5205 sidera
3305 5152 3519 5222 conglo-

1936 5237 2141 5305 bantur,
2174 5241 2457 5310 prtecipiti,
2496 5242 2697 5309 rapit'm.
2746 5241 2920 5310 Cono,
2969 5253 3114 5297 vento
3156 5242 3219 5297 ab
3262 5244 3521 5296 occidente

1935 5332 2093 5401 ﬂante
2116 5341 2195 5385 :et
2224 5332 2417 5399 Pows,
2443 5333 2497 5386 id
2527 5345 2597 5387 est
2620 5334 2800 5387 caelum
2831 5335 2924 5388 hac
2951 5335 3006 5389 in
3037 5345 3181 5405 parte
3207 5334 3363 5399 stetit,
3387 5343 3522 5389 stare

1935 5423 2073 5476 visus
2115 5434 2185 5477 est
2208 5440 2227 5478 :
2247 5442 2362 5479 cum
2401 5435 2657 5480 astrorum
2685 5442 2868 5481 cursus
2905 5427 3124 5480 maxime
3148 5426 3382 5482 ostendat
3412 5428 3522 5481 caeli

1940 5528 2151 5583 motum,
2185 5529 2238 5571 ut
2264 5520 2533 5573 latentibus
2557 5520 2706 5573 astris
2733 5528 2866 5571 stare
2893 5520 3074 5571 caelum
3104 5520 3353 5575 videatur.
3388 5520 3521 5575 Nm-

1940 5624 2079 5664 Βοειε
2131 5626 2407 5677 IIBRIBUS,
2451 5613 2504 5666 id
2548 5623 2643 5675 est,
2666 5611 3108 5681 impetuosioribus
3155 5613 3358 5681 pluviis.
3409 5614 3519 5669 SOI.

1944 5717 2134 5767 ιΑτετ,
2165 5706 2493 5759 absconditur
2515 5748 2527 5770 ,
2560 5708 2785 5759 nondum
2825 5706 2949 5761 caelo
2992 5703 3302 5761 venientibus
3346 5708 3520 5775 astris,

1939 5798 2077 5862 quod
2106 5794 2220 5863 fieri
2239 5796 2366 5852 solet
2392 5805 2503 5867 post
2542 5797 2666 5852 solis
2706 5810 2961 5855 occasum.
2994 5794 3139 5864 Nox,
3170 5796 3225 5852 id
3260 5804 3333 5853 est
3364 5799 3519 5866 nocti,
