4010 6372
496 331 599 389 905

1134 327 1476 386 APPENDIX
1517 325 1607 382 AD
1639 323 1881 381 LIBROS
1924 320 2012 377 DE
2051 317 2569 377 CONSOLATIONE
2609 316 3101 375 PHILOSOPHUE.

3642 328 3744 382 903

492 450 770 506 obscuritas
798 448 1010 518 desuper
1051 446 1105 500 in
1143 458 1327 502 terram
1372 446 1627 517 funditur,
1663 443 1931 506 emittitur,
1954 448 2071 492 ante
2096 438 2149 498 Λ
2176 436 2324 504 probi
2356 436 2595 491 Boetium
2625 446 2678 491 et
2698 436 2851 489 exosi
2882 445 3080 490 suntet
3105 434 3388 506 criminati,
3410 436 3551 507 quod
3577 439 3748 509 philo-

495 554 689 613 tempus
712 556 813 595 nox
832 540 979 594 terris
1006 539 1234 593 incubat.
1259 540 1364 606 A'r,
1394 538 1483 591 sed
1503 536 1808 600 econtrario,
1824 536 1869 589 si
1895 534 2070 587 boreas

494 636 706 703 emissus
732 634 794 688 ab
818 642 988 701 arcto,
1030 650 1063 687 a
1100 631 1486 703 septentrionali
1526 632 1699 703 plaga,
1729 628 1805 682 vel
1849 626 2095 681 Thracio.

492 736 672 791 antro,
702 725 838 797 quod
868 742 931 780 ea:
956 725 1089 779 cavis
1116 726 1278 778 antris
1307 724 1436 777 venti
1478 722 1889 794 proﬁciscantur.
1923 719 2069 774 Ven-

495 834 685 882 BERET,
713 819 905 872 scilicet
941 817 1121 872 coelum
1160 826 1206 872 et
1251 816 1407 871 nubes
1436 825 1522 870 :et
1550 816 1821 880 Bessum,
1849 813 2068 881 aperiat,

495 910 746 977 clausum,
777 909 969 964 scilicet
1008 925 1097 981 per
1141 909 1350 963 nubium
1384 908 1757 973 obscuritatem,
1789 905 1940 967 diem,
1970 905 2072 958 diei

491 1000 802 1056 claritatem.
843 1000 1099 1065 Priamus,
1125 1002 1223 1055 sol.
1273 999 1500 1065 EHICAT,
1531 996 1868 1068 splendescit;
1911 1004 1954 1048 et
1982 993 2071 1048 Vt-

492 1108 712 1161 BRATUS,
740 1093 1031 1163 crispatus;
1066 1092 1282 1157 Suarro,
1314 1091 1574 1160 repentino
1603 1088 1810 1152 lumine,
1836 1088 2072 1165 fulgore;

492 1183 681 1251 FERH‘,
700 1186 923 1239 verberat
936 1200 955 1252 ;
982 1184 1281 1249 MIRANTES,
1301 1189 1613 1252 aspectantes
1636 1179 1840 1243 oculos;
1862 1176 2068 1239 Rsnns,

491 1294 597 1332 sua:
622 1276 733 1331 luce
755 1276 1021 1331 claritatis.
1072 1274 1176 1330 Sed
1198 1274 1303 1327 hinc
1324 1271 1617 1326 delibavisse
1643 1271 1767 1323 satis
1798 1269 1864 1321 sit
1901 1267 2073 1320 hacte-

491 1389 609 1426 nus.
657 1370 753 1434 Tu,
783 1372 916 1437 vale,
959 1378 1005 1423 et
1053 1368 1235 1422 studiis
1261 1365 1512 1433 incumbe,
1545 1374 1592 1419 et
1632 1373 1677 1418 te
1722 1360 2072 1433 hujuscemodi

493 1466 933 1521 exercitationibus
957 1462 1265 1517 vehementer
1288 1458 1499 1514 oblecta.
1528 1512 1529 1515 η

1027 1553 1095 1608 ΙΝ
1128 1551 1403 1609 PROSAM
1443 1550 1528 1605 III.

564 1648 756 1704 Narrat
783 1662 924 1703 nunc
964 1645 1181 1702 Boetius
1211 1640 1662 1715 quemadmodum
1698 1639 1927 1709 pristino
1970 1638 2071 1693 sibi

492 1740 675 1809 vigore
702 1740 966 1804 restituto,
998 1736 1229 1807 agnitam
1258 1732 1659 1801 Philosophiam
1692 1730 1763 1785 sit
1783 1730 2067 1794 allocutus,

2172 530 2374 598 sophus
2402 539 2545 583 esset
2570 538 2625 584 et
2649 529 2870 599 jnstitiae
2896 529 3087 584 cultor.

2245 622 2472 694 Scilicet]
2505 624 2568 690 ρ.
2599 624 2653 677 d.
2684 624 2920 679 Minime.

2243 714 2449 787 Censes]
2474 717 2724 788 Nunquid
2750 719 2976 773 censes?
3006 718 3120 774 haec
3147 718 3288 776 enim
3321 734 3415 793 per
3443 722 3749 793 interroga-

2173 808 2371 864 tionem
2402 818 2524 863 sunt
2548 808 2794 879 legenda.

2242 900 2570 971 Lacessitam]
2599 901 2963 968 Provocalam,
2997 902 3317 973 impetitam.

2245 992 2426 1047 Nostri
2450 991 2707 1065 Platonis]
2735 993 3182 1064 Philosophorum
3214 994 3489 1066 principis,
3517 1004 3572 1052 et
3593 1012 3756 1067 quem

2174 1093 2231 1139 tu
2265 1099 2477 1155 quoque
2506 1084 2561 1141 in
2602 1086 2708 1141 isto
2752 1101 2913 1155 opere
2951 1088 3284 1156 potissimum
3316 1090 3563 1145 imitaris.
3604 1090 3757 1145 Plato

2173 1178 2520 1234 Atheniensis
2564 1178 3004 1247 philosophorum
3056 1180 3329 1249 gentilium
3376 1184 3756 1251 prmstantissi-
3856 1163 3862 1169 ’

2172 1284 2314 1336 mus,
2348 1270 2585 1325 Socratis
2617 1270 2932 1340 discipulus,
2973 1271 3278 1327 Aristotelis
3312 1283 3636 1343 praeceptor,
3668 1290 3759 1329 cu-

2174 1365 2262 1434 jus
2315 1364 2475 1420 vitam
2538 1364 2811 1418 memoriae
2866 1362 3101 1433 prodidit
3156 1364 3417 1434 Diogenes
3471 1366 3755 1432 Laertius,

2175 1453 2370 1510 deinde
2411 1455 2678 1510 Guarinus
2724 1454 3065 1519 Veronensis,
3118 1466 3170 1509 et
3211 1456 3476 1511 Marsilius
3518 1458 3758 1513 Ficinus.

2177 1546 2327 1599 Plato
2358 1555 2411 1600 et
2440 1548 2553 1615 ipse
2583 1545 2635 1599 in
2668 1545 2915 1599 maximis
2949 1546 3221 1615 periculis,
3265 1563 3330 1602 eo
3357 1549 3497 1618 quod
3524 1549 3762 1619 philoso-

2177 1635 2315 1706 phus
2364 1646 2528 1701 esset,
2578 1647 2819 1692 versatus
2856 1648 2959 1703 est,
3004 1653 3166 1706 super
3212 1653 3323 1708 quo
3371 1640 3441 1693 Μ.
3475 1640 3686 1696 'l‘ullius
3713 1643 3763 1695 in

2178 1728 2421 1782 oratione
2450 1742 2545 1797 pro
2567 1727 2631 1784 C.
2664 1727 2903 1782 Rabirio.
2947 1729 3151 1796 Virum,
3183 1730 3374 1799 inquit,
3404 1747 3570 1785 unum
3605 1734 3765 1789 totius

491 1848 660 1902 eaque
722 1833 1224 1890 benevolentissime
1283 1828 1659 1899 responderit,
1720 1826 2074 1894 docueritque
2103 1815 2153 1875 B
2181 1816 2401 1872 Gratcie
2425 1818 2582 1873 facile
2607 1819 2972 1873 doctissimum
3004 1818 3302 1888 Platonem,
3329 1824 3619 1892 iniquitate
3648 1826 3763 1881 Dio-

491 1923 618 1977 olim
651 1923 726 1979 ita
753 1930 1119 1991 comparatum
1150 1936 1288 1986 esse,
1321 1930 1381 1975 ut
1408 1918 1667 1987 improbis
1696 1916 1823 1970 odio
1849 1917 1959 1971 sint
1980 1916 2078 1969 vir-

493 2024 662 2070 tutum
693 2030 757 2071 ac
797 2016 1071 2085 sapientia:
1102 2012 1356 2079 studiosi;
1391 2010 1617 2082 proinde
1646 2009 1813 2078 magis
1839 2008 2076 2078 gauden-

492 2109 615 2162 dum
647 2108 722 2163 illi
748 2124 903 2180 quam
931 2109 1217 2164 dolendum
1247 2121 1388 2173 esse,
1432 2106 1478 2160 si
1506 2107 1575 2159 ob
1603 2119 1811 2158 morum
1843 2103 2077 2157 dissimi-

491 2198 772 2254 litudinem
819 2201 1052 2270 pessimo
1093 2199 1285 2268 cuique
1340 2197 1645 2267 displiceat,
1691 2204 1747 2249 et
1799 2195 2077 2263 sapientia:

493 2290 631 2345 vallo
678 2292 917 2346 munitus
946 2292 1213 2346 incassum
1244 2288 1483 2359 profante
1514 2285 1872 2341 multitudinis
1911 2284 2077 2339 armis

492 2384 802 2453 impetatur.
1336 2368 1338 2371 V

569 2475 730 2528 Haud
754 2471 924 2545 aliter]
957 2473 1072 2530 Non
1114 2474 1218 2528 alio
1258 2473 1439 2542 modo,
1482 2487 1641 2543 quam
1671 2471 1963 2528 serenitate
1991 2484 2076 2525 re-

495 2566 650 2622 ducta
675 2566 804 2621 solis
825 2560 1076 2635 aspectus
1098 2566 1359 2622 redditur.

570 2657 760 2729 Hausi]
793 2658 1023 2729 InSpexi.

571 2749 905 2821 Medicantis]
962 2752 1251 2807 Oculorum
1309 2751 1524 2822 caligini
1585 2748 1882 2808 remedium
1946 2747 2077 2804 aﬂ‘e-

495 2847 684 2901 rentis.

567 2937 783 3011 Diduxi]
822 2937 1041 3007 Aperui.
1074 2938 1335 2994 Diducere
1372 2940 1514 2994 enim
1555 2937 1794 2993 dividere
1843 2944 1945 3003 est,
1986 2944 2079 2988 aut

494 3030 723 3099 aperire.
770 3029 1045 3085 Deducere
1087 3044 1238 3097 vero,
1271 3030 1519 3085 deorsum
1568 3029 1784 3083 ducere.
1827 3028 1967 3081 Cave
2010 3042 2079 3080 ne

497 3125 581 3180 hic
612 3124 807 3180 deduxi
838 3126 1001 3194 legas,
1047 3124 1151 3178 nisi
1178 3124 1447 3193 intelligas
1480 3124 1721 3178 Boetium
1764 3123 1816 3176 in
1847 3120 2076 3175 editiore

2178 1913 2318 1984 nysii
2374 1912 2570 1969 Sicilire
2620 1916 2855 1985 tyranni,
2912 1915 2999 1969 cui
3049 1930 3108 1969 se
3154 1916 3247 1970 ille
3294 1919 3670 1985 commiserat,
3717 1924 3760 1976 in

2178 2006 2428 2060 maximis
2460 2007 2719 2074 periculis
2752 2008 3064 2078 insidiisque
3094 2024 3216 2065 esse
3246 2021 3519 2067 versatum
3553 2029 3735 2084 accept

2178 2112 2321 2153 mus.
2354 2099 2713 2154 Calisthenem
2742 2100 2960 2155 doctum
2985 2103 3281 2170 hominem,
3306 2105 3560 2160 comitem
3593 2107 3759 2177 Magni

2179 2188 2498 2255 Alexandri,
2530 2190 2598 2244 ab
2626 2191 2931 2246 Alexandro
2961 2202 3228 2249 necatum.
3259 2196 3592 2253 Demetrium
3626 2210 3752 2255 etet

2179 2280 2451 2349 republica
2501 2282 2747 2347 Athenis,
2795 2298 2951 2352 quam
2997 2286 3199 2354 optime
3244 2287 3566 2357 digesserat,
3611 2302 3668 2345 et
3704 2306 3758 2345 ex

2179 2370 2420 2425 doctrina
2450 2372 2682 2428 nobilem
2709 2386 2759 2427 et
2792 2376 3019 2443 clarum,
3051 2378 3141 2446 qui
3170 2377 3465 2434 Phalereus
3503 2383 3761 2437 vocitatus

2179 2472 2283 2533 est,
2314 2465 2365 2518 in
2410 2466 2600 2521 eodem
2636 2467 2775 2530 loco,
2805 2467 3062 2539 [Egyptio
3104 2486 3291 2541 regno,
3335 2472 3528 2542 aspide
3560 2474 3619 2527 ad
3644 2488 3753 2528 cor-

2180 2568 2278 2623 pus
2306 2555 2542 2625 admota,
2569 2558 2676 2612 vita
2708 2574 2828 2614 esse
2860 2561 3144 2629 privatum.
3178 2562 3450 2618 Haetenus
3484 2564 3691 2619 Cicero.

2253 2648 2521 2704 Certamen
2562 2651 2883 2723 certavimus]
2928 2654 3161 2725 Elegans
3209 2657 3429 2723 locutio,
3463 2658 3640 2728 qualis
3668 2659 3755 2713 illa

2180 2748 2377 2804 Lucilii
2409 2768 2420 2802 :

2304 2840 2524 2902 Pugnam
2550 2844 2871 2905 pugnavimus
2897 2856 3141 2905 magnam.

2253 2921 2471 2993 Eodem]
2500 2925 2739 2979 Platone.

2257 3013 2565 3086 Superstite]
2599 3016 2789 3071 Adhuc
2821 3017 3055 3074 vivente.

2254 3106 2519 3177 Socrates]
2544 3106 2640 3161 Hic
2662 3107 3004 3165 Atheniensis
3026 3108 3381 3179 philosophus
3408 3111 3753 3178 clarissimus,

495 3216 678 3272 lectuli
709 3224 858 3286 parte
883 3191 1190 3282 cubantem,
1235 3191 1519 3271 deduxisse
1541 3215 1669 3285 (hoc
1701 3225 1783 3270 est
1820 3216 2072 3269 deorsum

2185 3197 2318 3253 [ilius
2345 3198 2695 3267 Sophronisci
2734 3202 3071 3256 marmorarii
3096 3213 3148 3256 et
3169 3202 3480 3257 Phanarette
3513 3204 3758 3258 obstetri-

496 3307 742 3380 duxisse)
768 3308 954 3362 oculos
987 3307 1039 3360 in
1072 3307 1472 3374 PhilosOphiam
1500 3308 1740 3377 ejusdem
1771 3307 1955 3363 [eetuli
1982 3321 2075 3362 ex-

496 3409 667 3455 trema
694 3401 749 3455 in
778 3409 927 3470 parte
952 3399 1339 3455 considentem.

494 3520 512 3545 .-
567 3492 642 3548 Ab
671 3490 1035 3562 adolescentia]
1076 3490 1151 3546 Ea
1183 3505 1414 3561 namque
1441 3499 1573 3547 tetas
1614 3490 1932 3546 inchoandis
1957 3489 2077 3559 phi-

498 3588 760 3658 losophia:
781 3585 974 3641 studiis
997 3595 1076 3641 est
1105 3586 1315 3641 idonea.

576 3678 619 3734 Ο
646 3679 875 3733 omnium
918 3678 1165 3748 magistra
1192 3677 1457 3750 virtutum]
1497 3678 1683 3735 Cicero
1712 3678 1765 3733 in
1794 3680 1979 3749 quinto
2011 3679 2078 3733 li»

497 3764 597 3829 bro
623 3771 1044 3828 Tusculanarum
1075 3769 1440 3836 Quaestionum
1473 3789 1485 3823 :
1515 3771 1560 3825 Ο
1592 3771 1712 3825 vitae
1738 3770 2076 3840 philosophia

499 3865 627 3931 dux,
679 3879 712 3918 ο
762 3861 971 3917 virtutis
1016 3861 1346 3931 indagatrix,
1383 3862 1758 3932 expultrixque
1808 3862 2075 3927 vitiorum,

499 3958 624 4027 quid
652 3972 757 4011 non
789 3955 948 4009 modo
966 3969 1087 4021 nos,
1118 3954 1212 4009 sed
1253 3955 1474 4009 omnino
1504 3960 1613 4009 vita
1645 3955 1919 4009 hominum
1959 3956 2078 4009 sine

498 4056 553 4102 te
590 4060 710 4101 esse
752 4044 1049 4114 potuisset?
1075 4044 1156 4099 Tu
1186 4045 1348 4101 urbes
1376 4045 1655 4115 peperisti,
1693 4055 1748 4101 tu
1793 4046 2079 4114 dissipatos

501 4138 746 4193 homines
774 4138 826 4191 in
860 4136 1170 4192 societatem
1203 4138 1324 4191 vita:
1352 4138 1679 4205 convocasti,
1730 4148 1783 4192 tu
1814 4152 1909 4192 eos
1938 4140 2078 4193 inter

497 4246 556 4287 se
584 4233 757 4302 primo
775 4230 1079 4297 domiciliis,
1105 4230 1299 4286 deinde
1323 4231 1605 4300 conjugiis,
1637 4242 1747 4286 tum
1778 4231 2077 4286 litterarum

497 4334 553 4378 et
578 4338 769 4377 vocum
796 4323 1175 4379 communione
1200 4322 1467 4391 junxisti;
1494 4333 1547 4377 tu
1580 4323 1844 4378 inventrix
1875 4323 2074 4393 legum,

497 4425 554 4469 tu
591 4415 839 4484 magistra
873 4430 1080 4470 morum
1105 4425 1159 4470 et
1187 4415 1467 4485 disciplina
1491 4416 1660 4472 fuisti.
1691 4416 1772 4471 Ad
1800 4426 1852 4473 te
1883 4417 2073 4471 confu-

500 4514 696 4583 gimus,
723 4528 751 4566 a
782 4520 836 4568 te
864 4528 1018 4583 opem
1048 4512 1294 4581 petimus.
1321 4512 1441 4567 Tibi
1472 4528 1569 4568 nos
1595 4522 1650 4566 ut
1697 4524 1856 4569 antea
1883 4527 2076 4582 magna

2180 3291 2281 3359 cis,
2332 3290 2593 3346 moralem
2650 3290 3041 3362 philosophiam
3081 3294 3294 3349 abunde
3347 3296 3611 3349 tractavit.
3662 3295 3765 3349 Hic

2184 3392 2308 3432 cum
2336 3377 2624 3448 aliquando
2651 3381 2885 3448 Anytum
2916 3380 3303 3436 Atheniensem
3324 3381 3501 3436 virum
3530 3382 3771 3451 locuple-

2183 3482 2288 3527 tem
2338 3480 2393 3526 et
2442 3473 2718 3527 factiosum
2768 3472 2971 3528 rideret
3009 3475 3078 3528 ob
3120 3475 3237 3543 ejus
3267 3475 3517 3544 ineptias,
3564 3474 3773 3530 Aristo-

2183 3565 2387 3633 phanes
2433 3566 2673 3618 comicus
2717 3566 2908 3619 doctus
2955 3567 3191 3635 quidem,
3245 3567 3338 3621 sed
3381 3569 3545 3622 homo
3586 3582 3771 3637 parum

2182 3657 2459 3728 probatus,
2500 3668 2719 3728 accepta
2763 3659 2958 3729 grandi
3006 3661 3227 3730 pecunia
3259 3661 3327 3715 ab
3352 3662 3553 3732 Anyto,
3584 3671 3772 3716 contra

2182 3747 2462 3803 Socratem
2506 3749 2827 3805 comoediam
2885 3751 3119 3821 scripsit,
3161 3753 3315 3821 cujus
3362 3754 3652 3824 inscriptio
3699 3762 3772 3808 est

2181 3839 2411 3911 Νεφέλαι,
2442 3838 2495 3893 id
2520 3847 2603 3894 est
2632 3839 2801 3894 nubes
2846 3856 2938 3895 seu
2972 3842 3179 3897 nebulae
3208 3860 3221 3895 :
3250 3858 3353 3913 qua
3377 3844 3598 3912 quidem
3642 3845 3769 3898 inter

2186 3941 2412 3987 czeteras
2438 3932 2844 3989 criminationes
2890 3934 3019 3989 illud
3058 3936 3339 4005 conﬁnxit,
3387 3938 3457 3992 ab
3501 3954 3570 3993 eo
3602 3940 3761 3991 nebu-

2183 4022 2262 4077 las
2301 4023 2431 4091 coli,
2468 4035 2528 4077 et
2571 4024 2981 4080 Atheniensium
3030 4027 3319 4097 religiones
3356 4028 3673 4089 obtrectari.
3716 4035 3763 4081 et

2181 4123 2378 4184 praeter
2402 4115 2502 4171 hoc
2526 4116 2783 4185 juvenum
2813 4129 3019 4173 mentes
3046 4118 3125 4173 sic
3152 4119 3341 4184 imbui,
3369 4130 3428 4174 ut
3457 4118 3757 4188 parentibus

2183 4221 2374 4262 minus
2398 4208 2596 4263 inferre
2628 4209 2713 4277 pie
2735 4219 2788 4264 et
2811 4210 3051 4265 officiose
3078 4220 3317 4280 possent.
3351 4211 3485 4278 Qua:
3509 4226 3594 4266 res
3629 4225 3767 4266 accu-

2182 4296 2426 4352 santibus
2446 4299 2641 4370 Anyto,
2667 4300 2902 4371 Lycone,
2923 4313 2977 4357 et
2999 4302 3180 4357 Melito
3202 4302 3287 4373 (ut
3309 4301 3464 4357 Plato
3491 4305 3547 4359 in
3572 4306 3611 4358 A
3627 4308 3769 4375 polo.

2182 4391 2265 4459 gia
2298 4407 2394 4460 pro
2426 4392 2647 4448 Socrate
2675 4393 2886 4466 scribit)
2918 4410 3040 4450 cum
3073 4395 3385 4451 universum
3420 4398 3689 4468 populum
3724 4397 3767 4451 in

2184 4482 2456 4538 Socratem
2484 4485 2833 4553 concitasset,
2868 4486 3045 4543 furore
3084 4490 3315 4558 quodam
3352 4498 3409 4545 et
3434 4491 3517 4544 ira
3539 4530 3553 4554 ,
3591 4501 3767 4547 morte

497 4564 762 4673 sint;
789 4564 2079 4677 glutinauit.1.15.51.I..‘igt;;.‘."tr.ci
2104 4564 2157 4627 Ῑ)
2185 4574 2467 4677 ξίέιιηηίξιξιε
2496 4586 2598 4677 εἰςιν
2632 4580 2722 4677 qui
2754 4589 2994 4649 ρειιθτθτη
3031 4583 3224 4677 ciente
3281 4584 3571 4654 ρυωίείιυε
3595 4589 3771 4643 datam

499 4708 656 4755 tenus
682 4697 889 4753 Cicero.

571 4789 739 4858 Super
768 4789 998 4861 cardine]
1027 4790 1104 4846 De
1126 4791 1284 4847 cmlo.

568 4878 670 4951 An]
694 4881 930 4937 Subaudi
962 4883 1084 4939 ideo
1117 4882 1170 4937 in
1201 4882 1298 4938 has
1328 4881 1505 4939 exsilii
1536 4885 1707 4941 nostri
1752 4884 2069 4941 solitudines

499 4974 715 5031 venisti.

577 5065 809 5139 Quoque]
839 5068 1035 5125 Etiam.

572 5158 680 5214 Rea
723 5157 953 5232 agiteris]
999 5161 1303 5217 Accuseris.
1350 5163 1521 5219 Reum
1570 5179 1750 5236 agere,
1796 5177 1879 5225 est
1922 5182 2081 5224 accu-

500 5264 641 5306 sare.
674 5251 940 5321 Peragcre
968 5266 1096 5308 vero
1122 5268 1295 5322 reum,
1327 5257 1709 5314 condemnare.

576 5342 703 5415 Illa]
734 5345 1102 5416 Philosophia.

573 5438 810 5511 Alumne]
844 5438 1015 5507 Boeti,
1047 5454 1206 5509 quem
1232 5442 1360 5498 alui.

574 5528 865 5600 Sarcinam]
898 5533 1066 5587 Onus.

576 5621 828 5696 Partircr]
878 5625 1133 5681 Partitam
1181 5629 1533 5699 susciperem,
1578 5642 1673 5688 aut
1719 5633 1854 5689 ultro
1902 5635 2081 5705 potius

504 5711 619 5782 ejus
649 5721 854 5781 partem
878 5715 1135 5773 subirem.

578 5804 745 5872 Quam
769 5810 867 5872 mei
903 5812 1121 5868 nominis
1153 5812 1345 5872 invidia
1385 5818 1659 5893 sustulisti]
1703 5821 1776 5880 Eo
1802 5821 1945 5879 enim
1980 5823 2080 5882 im-

2189 4667 2457 4737 intrepide
2505 4670 2721 4739 hausit,
2776 4682 3089 4744 tantumque
3131 4676 3334 4745 abfuit,
3398 4688 3458 4733 ut
3517 4680 3765 4736 ultionem

2189 4770 2473 4830 quaereret,
2520 4772 2580 4817 ut
2608 4766 2948 4821 contenderit
2987 4783 3203 4839 semper
3239 4770 3392 4826 illum
3436 4773 3766 4830 miseriorem

2190 4868 2312 4907 esse
2349 4854 2442 4924 qui
2478 4853 2640 4909 faciat
2677 4872 2837 4926 quam
2876 4862 2966 4928 qui
3010 4860 3241 4915 afficitur
3279 4861 3497 4931 injuria.
3545 4865 3777 4935 Populus

2190 4952 2368 4998 autem
2409 4944 2751 5002 Atheniensis
2781 4957 3013 5004 mortem
3054 4951 3170 5020 ejus
3213 4967 3338 5007 mox
3388 4953 3466 5007 ita
3500 4955 3698 5022 doluit,
3725 4965 3781 5010 ut

2190 5046 2533 5093 accusatores
2573 5039 2716 5095 illius
2754 5041 2837 5096 vel
2866 5052 3038 5098 morte
3067 5045 3152 5098 vel
3180 5045 3371 5101 exsilio
3402 5047 3692 5118 plecteret,
3729 5060 3783 5105 et

2190 5128 2294 5199 ipsi
2322 5129 2531 5186 Socrati
2552 5138 2785 5186 statuam
2810 5148 3007 5189 aeream
3034 5134 3327 5192 dedicaret.
3361 5138 3555 5195 Greece
3585 5140 3781 5196 scribi-

2192 5229 2278 5273 tur
2325 5224 2621 5299 Σωκράτηςς
2648 5223 2769 5278 hinc
2818 5225 2991 5293 prima
3028 5240 3241 5297 semper
3281 5238 3364 5285 est
3404 5232 3781 5299 producenda.

2192 5310 2369 5376 Quare
2414 5313 2589 5368 obiter
2642 5314 2938 5371 studiosum
2988 5317 3238 5374 lectorem
3283 5321 3640 5378 admonemus
3668 5364 3685 5386 ,
3729 5333 3782 5379 ut

2194 5406 2447 5462 emendet
2478 5409 2797 5464 versiculum
2827 5410 2881 5465 in
2910 5411 3048 5467 libro
3070 5422 3257 5468 nostro
3279 5414 3640 5484 Epistolarum
3668 5432 3780 5475 αισα

2194 5499 2409 5566 ralium,
2443 5500 2522 5555 sic
2551 5500 2869 5570 impressum
2902 5503 3126 5573 epistola
3156 5504 3397 5560 decima:

2318 5615 2540 5665 Mortuus
2565 5625 2640 5667 est
2662 5617 2907 5680 Socrates,
2938 5625 3159 5670 mortuus
3184 5628 3358 5684 estque
3382 5621 3543 5676 Plato.

2195 5720 2286 5777 Sic
2310 5721 2452 5777 enim
2481 5721 2763 5791 legendum
2792 5723 3135 5794 scripsimus:

2321 5832 2537 5886 Mortuus
2556 5832 2798 5888 Isocrates
2842 5842 3002 5891 mortu
3085 5843 3260 5898 estque
3283 5840 3440 5895 Plato.
