4010 6372
296 318 396 378 905

1309 307 1682 365 ΜυηΜιίιιιι
1723 307 1807 362 ΕΤ
1846 305 2212 362 AClllCOLIB
2249 308 2755 363 COMMENTARIA.

3432 303 3537 363 906

307 434 489 495 linittii
511 433 652 488 enim
677 446 858 487 sumus
878 430 1135 485 Catonem
1168 425 1750 497 Majorem‘Ciceronis.
1779 420 1866 477 ubi
1899 426 1944 481 Α
1977 422 2212 492 losophia
2243 423 2410 477 divisa
2436 434 2534 478 est.

302 542 354 584 ct
399 525 640 580 Isocratis
689 533 742 577 et
783 520 1016 576 Platonis
1067 520 1326 581 meminit,
1368 533 1592 587 quorum
1636 526 1860 583 uterque

308 622 566 686 longmvus
607 615 723 666 fuit.
755 615 808 666 ln
847 613 1033 666 eadem
1063 611 1288 679 epistula
1318 624 1594 679 perperam
1627 608 1857 677 legitur:

417 706 576 754 Valida
597 705 742 753 solvit
766 705 813 752 in
836 705 956 750 orbe
981 715 1142 760 manu,

306 804 398 859 pro
435 789 602 841 stet-it.
655 788 782 840 Item
828 785 879 838 in
923 784 1153 837 secunda
1193 781 1439 849 epistola,
1471 777 1728 846 Quamvis
1771 792 1859 846 pa-

311 894 444 938 rum,
496 891 592 944 pro
621 890 884 944 quamque
923 889 1127 942 parum.
1169 872 1274 926 Sed
1305 888 1442 924 nunc.
1482 886 1586 924 non
1633 877 1748 923 erat
1778 867 1863 921 hic

307 973 484 1023 locus:
515 983 680 1037 quare
713 968 826 1021 haec
859 967 1016 1020 inissa
1051 965 1322 1026 faciamus,
1353 964 1417 1016 ad
1450 963 1751 1016 institutum
1781 975 1871 1013 re-

304 1059 597 1115 vertentes.‘

375 1150 662 1206 Promeruit
682 1148 937 1203 victorian:
961 1147 1169 1220 injustas
1189 1146 1366 1198 mortis
1389 1160 1466 1197 me
1491 1140 1706 1214 astante]
1736 1139 1865 1194 Nam

2045 511 2368 582 I’annicnlis]
2405 513 2688 576 Ftuetulis,
2725 512 3015 580 particulis.

2044 604 2226 659 Nostri
2248 601 2468 672 habitus]
2502 606 2554 658 ld
2586 617 2665 659 est
2694 605 2856 659 vesuis
2887 615 3103 656 nostra.

2045 693 2292 764 Vestigin]
2324 696 2506 762 Signa.

2042 783 2436 856 Imprudentia]
2492 784 2724 840 Stultitia
2767 801 2884 854 qua:
2931 783 3282 854 philosophia!
3330 798 3543 852 semper

1972 879 2300 932 adversatur.

2047 970 2339 1023 Nonnultos
2357 965 2552 1038 corum]
2583 969 2710 1021 Pota
2759 968 3102 1038 Cyrenaicos,
3135 969 3448 1038 Epicureos,
3491 976 3541 1019 et

1977 1067 2026 1122 id
2055 1082 2223 1133 genus
2250 1067 2504 1134 reliquos.

2047 1156 2311 1228 Profana’]
2345 1157 2574 1211 lndocta:
2617 1165 2671 1211 et
2711 1152 3065 1225 philosophia:
3107 1153 3275 1208 sacris
3306 1170 3409 1208 non
3447 1152 3547 1207 ini-

309 1243 684 1312 philosoiihicis
737 1241 1182 1310 disputationibus
1231 1239 1522 1308 approbata
1569 1237 1868 1289 animorunt

305 1337 721 1399 immortalitate,
762 1335 1024 1403 intrepide
1054 1347 1317 1386 venenum
1345 1332 1500 1392 bibit,
1543 1339 1874 1396 mortemque

305 1429 552 1495 injustam
591 1427 735 1490 vicit,
782 1437 837 1480 et
875 1425 1175 1478 innocentia
1215 1439 1311 1478 sua
1349 1421 1579 1490 iniquam
1622 1420 1702 1473 sui
1748 1435 1877 1472 con-

306 1520 696 1574 demnationem
724 1517 776 1572 in
814 1527 1160 1571 accusatores
1192 1516 1408 1569 retorsit
1437 1511 1579 1581 jttste
1620 1510 1878 1566 condem-

307 1622 477 1666 natos.
2056 1613 2336 1684 Perrertit]
2390 1614 2751 1682 Depravavlt,
2805 1621 2858 1666 et
2910 1629 2937 1664 a
2995 1613 3221 1665 veritate
3278 1610 3546 1666 alienavit.

373 1701 531 1771 Cujus
564 1701 902 1753 Ittrrcditatem
937 1715 1052 1750 cum
1091 1697 1326 1761 deinceps
1365 1694 1666 1764 Epicureum
1697 1694 1879 1762 vulgus

2059 1707 2205 1772 Quod
2231 1707 2275 1758 si
2302 1722 2392 1758 nec
2414 1707 2735 1776 Anaxagora!
2767 1703 2958 1775 fugam]
2986 1705 3256 1772 Exemplis
3282 1702 3554 1758 convincit

299 1812 365 1848 ac
396 1795 648 1857 Stoicum,
677 1791 962 1863 cretei-ique]
997 1793 1176 1861 Magna
1221 1790 1337 1844 laus
1380 1790 1636 1850 Socratis,
1677 1789 1764 1857 qui
1791 1803 1878 1840 vc-

2012 1814 2195 1866 emper
2223 1797 2567 1866 philosophos
2593 1796 2818 1850 indocta:
2851 1796 3170 1848 multitudini
3223 1795 3386 1848 fuisse
3419 1794 3553 1846 invi-

309 1902 418 1940 ratn
446 1886 792 1953 philosopha:
813 1887 1202 1952 possessionem
1223 1883 1470 1935 habuisse
1494 1881 1710 1944 dicitur,
1738 1880 1878 1934 unde
1984 1904 2073 1942 ευε
2101 1898 2258 1957 atque
2282 1901 2493 1940 εχοςος,

1979 1253 2142 1305 tiatur.

2053 1341 2260 1413 Errare]
2293 1341 2444 1394 Falsa
2485 1341 2817 1408 opinatione,
2849 1339 2988 1408 quod
3023 1339 3271 1408 voluptas
3307 1337 3376 1391 sit
3401 1352 3548 1391 sum-

1981 1451 2122 1489 mnm
2151 1435 2349 1488 bonmn
2377 1444 2429 1487 et
2456 1433 2596 1506 quod
2618 1432 2798 1487 divina
2831 1433 3163 1501 providentia
3189 1430 3417 1484 mundus
3443 1446 3547 1483 non

1978 1525 2320 1594 gubernetur.

312 1977 551 2043 plerique
581 1976 960 2042 discipulorum
985 1977 1097 2041 ejus
1121 1986 1320 2028 tantum
1347 1974 1446 2026 sibi
1480 1973 1765 2040 particulas
1795 1971 1880 2024 di-

309 2068 609 2132 ripuerunt.
650 2068 896 2120 Sorrates
933 2067 1074 2119 enim
1122 2066 1324 2134 primus
1369 2064 1605 2117 omnium
1649 2062 1884 2132 philoso-

311 2161 537 2228 phorum
567 2160 632 2213 de
661 2159 764 2212 vita
796 2169 846 2211 et
877 2160 1111 2212 moribus
1136 2157 1442 2226 disputavit,
1478 2157 1568 2208 sed
1595 2155 1725 2207 mira
1750 2167 1880 2222 qua-

309 2250 428 2303 dam
466 2251 658 2312 ironia,
708 2259 762 2303 ct
798 2249 1018 2318 singulis
1048 2249 1115 2302 de
1155 2250 1314 2302 rebus
1346 2249 1414 2300 ita
1461 2249 1803 2301 vehementer
1835 2247 1885 2299 in

312 2349 592 2407 utramque
633 2350 857 2408 partem,
893 2348 950 2393 ut
987 2339 1179 2407 singuli
1221 2355 1353 2407 pene
1381 2339 1496 2407 ejus
1531 2338 1774 2406 discipuli
1809 2339 1889 2408 (ut

313 2443 430 2484 sunt
479 2431 680 2484 diversi
722 2431 1072 2484 humanorum
1116 2429 1446 2497 ingeniorum
1491 2429 1726 2497 captus),
1781 2442 1884 2480 non

309 2521 451 2590 quod
483 2522 579 2574 ille
606 2520 850 2586 sentiret,
885 2520 981 2574 sed
1018 2519 1158 2588 quod
1194 2519 1292 2572 sibi
1335 2518 1568 2570 maxime
1607 2527 1891 2570 eoosenta-

317 2628 475 2665 ueum
509 2611 802 2672 \idt-retur,
843 2625 906 2663 ex
953 2607 1254 2677 bujusmodi
1298 2606 1748 2675 disputationibus
1790 2605 1888 2658 sibi

317 2704 643 2770 arriperent.
680 2702 813 2755 llittc
841 2711 1045 2754 exortae
1070 2710 1195 2752 sunt
1220 2699 1382 2752 varia:
1412 2698 1742 2764 diversthue
1773 2696 1892 2764 phi-

315 2792 663 2862 losophorum
715 2804 892 2846 sectas.
941 2790 1237 2858 Disputavit
1279 2788 1598 2858 quandoque
1645 2790 1892 2843 Socrates

310 2887 381 2940 de
408 2888 657 2962 corporis
690 2885 977 2956 voluptate,
1026 2885 1122 2938 sed
1157 2885 1207 2938 in
1248 2893 1524 2950 utramque
1552 2890 1753 2950 part'm
1783 2880 1892 2934 dis-

316 2980 542 3046 putavit.
600 2977 659 3031 lli
710 2978 904 3046 igitur,
956 2991 1180 3046 quorum
1233 2975 1501 3042 ingenium
1553 2975 1603 3026 in
1642 2986 1758 3026 eam
1800 2973 1898 3024 fuit

317 3069 663 3141 propensius,
698 3085 801 3123 non
829 3085 942 3138 quae
967 3069 1058 3123 ille
1079 3075 1368 3130 assereret,
1397 3067 1488 3120 sed
1512 3079 1630 3134 qua:
1656 3064 1756 3118 sibi
1783 3079 1896 3116 ma-

2057 1978 2392 2051 Anaxagora']
2427 1979 2522 2032 llic
2550 1977 2920 2033 Clazomenius
2961 1990 3177 2044 genere,
3210 1973 3552 2042 philosophus

1991 2073 2214 2140 insignis
2245 2072 2360 2125 fuit.
2385 2072 2485 2138 Qui
2519 2069 2744 2124 Athenis
2776 2069 3061 2136 impietatis
3082 2077 3378 2140 accusatus,
3413 2065 3552 2134 quod

1989 2163 2153 2218 solem
2189 2161 2502 2215 candentem
2546 2161 2742 2213 dixerit
2775 2159 3048 2226 laminam,
3092 2171 3151 2210 ac
3182 2139 3392 2225 penitus
3425 2155 3553 2224 igni-

1993 2265 2118 2320 tam,
2166 2253 2280 2322 fug.
2313 2253 2514 2321 judicio
2554 2266 2611 2304 se
2647 2250 2930 2314 subtraxit,
2976 2259 3030 2301 ut
3069 2248 3280 2315 quidem
3321 2246 3554 2299 tradunt.

1991 2344 2124 2397 Sunt
2165 2355 2341 2397 tamen
2376 2344 2462 2411 qui
2502 2342 2682 2396 dicunt
2711 2356 2830 2396 eum
2878 2342 2926 2392 in
2949 2339 3203 2407 judicium
3241 2337 3478 2397 venisse,
3507 2343 3555 2387 et

1999 2432 2365 2487 misericordia
2396 2431 2635 2500 judicum
2668 2429 2831 2484 fuisse
2863 2431 3175 2482 relaxatum.
3208 2427 3558 2494 Lampsacum

1996 2535 2176 2594 postea
2210 2527 2496 2593 prolectus,
2529 2523 2636 2576 illic
2660 2523 2799 2575 diem
2829 2537 2982 2574 suum
3014 2520 3166 2582 obiit,
3203 2519 3290 2572 tibi
3332 2517 3562 2585 roganti-

1995 2618 2091 2671 bns
2111 2633 2231 2669 eum
2257 2614 2586 2683 principibus
2607 2612 2833 2665 civitatis
2865 2612 3098 2672 nunquid
3125 2608 3235 2662 lteri
3263 2610 3560 2670 mandaret,

1991 2709 2216 2778 jussisse
2243 2709 2442 2769 lerunt,
2476 2715 2532 2758 ut
2569 2705 2716 2770 pueri
2746 2704 3033 2772 quotannis
3063 2717 3167 2769 quo
3211 2714 3393 2754 mense
3420 2698 3563 2752 defe-

1997 2801 2156 2855 cisset
2209 2800 2395 2852 ludere
2441 2798 2894 2865 permitterentur,
2950 2793 3256 2860 servarique
3310 2791 3564 2843 hactenus

1997 2909 2113 2947 cam
2144 2889 2602 2945 consuetudinem.
2636 2893 2833 2942 Auctor
2853 2885 3114 2939 Laertius.

2067 2981 2308 3054 Zenonis]
2339 2983 2582 3036 Zenones
2611 2990 2731 3035 octo
2766 2978 2926 3032 fuisse
2959 2977 3121 3031 tradit
3153 2974 3434 3029 Laertius:
3467 2972 3564 3024 ho-

2002 3093 2116 3130 rum
2146 3076 2251 3129 duo
2281 3073 2515 3127 illusti'e's
2555 3070 2879 3141 philosophi,
2921 3069 3055 3122 alter
3085 3066 3152 3120 de
3196 3081 3304 3134 qtto
3337 3064 3567 3119 diximus

310 3163 394 3230 gis
437 3161 737 3231 placerent,
784 3162 907 3215 inde
943 3171 1238 3226 sumi-mes,
1290 3174 1508 3212 suavem
1556 3156 1608 3210 in
1651 3155 1888 3210 sensibus

2008 3169 2194 3223 Stoica:
2242 3164 2539 3234 disciplina:
2579 3171 2763 3216 auctor
2800 3160 2944 3215 Zeno
2980 3158 3231 3219 Cittietts;
3272 3155 3406 3209 alter
3444 3170 3568 3206 vero

318 3264 562 3317 motum,
612 3253 662 3307 id
701 3263 783 3306 est
819 3253 1178 3320 voluptatem,
1238 3263 1505 3304 summum
1545 3248 1737 3301 bonum
1778 3261 1898 3301 esse

313 3345 592 3399 dixerunt.
639 3345 785 3398 Zeno
829 3355 1006 3398 autem
1051 3343 1296 3404 Citticus,
1341 3351 1396 3395 et
1436 3341 1524 3410 qui
1567 3340 1636 3393 ab
1675 3355 1741 3393 eo
1776 3345 1901 3392 sunt

313 3437 489 3489 exorti
542 3434 729 3499 Stoici,
777 3437 826 3488 in
859 3436 971 3488 sola
1005 3435 1199 3487 vit-tute
1242 3432 1546 3486 felicitatem
1586 3436 1897 3499 posuerunt.

318 3527 419 3580 Ahi
449 3543 587 3581 vero
615 3530 715 3580 alia
754 3540 995 3591 sensere,
1030 3536 1086 3579 ιιι
1112 3524 1320 3578 erudite
1346 3522 1635 3576 Beroaldus
1665 3520 1900 3590 explicat

316 3618 370 3672 in
397 3634 467 3674 eo
494 3635 655 3688 quem
679 3619 744 3672 de
769 3619 1041 3673 Felicitate
1067 3617 1405 3684 conscripsit,
1432 3614 1613 3668 libello

393 3710 712 3779 Epicureum
751 3707 952 3780 vulgus]
988 3709 1246 3775 Epicurus
1293 3706 1633 3761 Atheniensis
1665 3703 1900 3774 philoso-

319 3801 482 3870 phus,
532 3803 829 3854 dialectica:
882 3809 1240 3867 contemptor,
1286 3799 1526 3866 corporis
1572 3798 1898 3863 voluptatem

312 3891 453 3944 dixit
498 3905 626 3944 esse
663 3904 930 3942 smnmum
972 3890 1190 3942 bonum.
1231 3887 1363 3942 lline
1396 3885 1639 3953 Epicurei
1665 3888 1779 3950 e,’us
1810 3900 1899 3937 se-

317 3991 580 4036 ctatores.
618 3980 758 4034 Bene
797 3991 970 4033 autem
995 3982 1127 4033 dixit
1166 3981 1484 4048 Epicureum
1525 3979 1742 4044 vulgus,
1779 3978 1900 4043 quia

315 4077 537 4145 plurimi
584 4086 723 4128 sunt.
764 4075 915 4129 Unde
947 4075 1248 4128 L-ctantius
1287 4075 1337 4126 in
1369 4075 1502 4126 libro
1533 4072 1598 4124 de
1639 4071 1766 4122 falsa
1803 4070 1901 4123 Sa-

318 4171 549 4234 pientia,
583 4181 702 4234 eap.
738 4169 796 4220 Π
825 4183 838 4217 :
870 4167 1080 4229 Epicuri
1119 4165 1403 4230 disciplina
1445 4165 1611 4216 multo
1639 4161 1904 4214 eelebrior

316 4273 541 4324 srtnper
573 4259 664 4312 iuit
694 4275 848 4329 quam
879 4268 1190 4312 cit-terorum
1217 4273 1231 4310 :
1262 4272 1368 4309 non
1407 4256 1526 4324 quia
1559 4255 1668 4308 veri
1699 4253 1900 4322 aliquid

313 4350 530 4413 alit-rat,
569 4351 659 4405 sed
690 4352 808 4419 quia
834 4351 1028 4403 multos
1055 4351 1120 4402 ad
1153 4350 1407 4418 populare
1439 4363 1631 4400 nomen
1660 4348 1901 4415 volupta-

315 4447 386 4496 tis
419 4446 630 4496 imitat.
667 4445 831 4496 Nemo
857 4446 996 4497 enim
1029 4459 1132 4495 non
1167 4444 1216 4495 in
1251 4441 1374 4494 vitia
1405 4455 1604 4520 pronus
1629 4451 1732 4493 est.

2009 3259 2098 3327 (de
2135 3273 2240 3326 quo
2275 3271 2417 3310 nunc
2455 3252 2763 3320 dicendum)
2796 3252 3003 3304 Eleates
3041 3248 3349 3302 dialectices
3395 3246 3568 3298 inven-

2007 3361 2107 3411 tor,
2142 3360 2196 3401 ut
2226 3359 2277 3401 et
2316 3364 2472 3417 supra
2506 3345 2755 3398 diximus.
2806 3343 2853 3396 ις
2894 3344 3010 3396 curii
3044 3339 3341 3394 Nearchum
3389 3345 3570 3409 tyran-

2007 3460 2129 3496 num
2168 3445 2279 3495 sive
2309 3441 2736 3505 Diomedonte-ru,
2783 3437 2868 3492 vel
2893 3437 2971 3504 (ut
3003 3435 3090 3488 alii
3120 3432 3352 3501 tradunt)
3388 3431 3570 3484 l‘hala-

2007 3538 2103 3588 rint
2134 3535 2367 3600 dejicere
2411 3548 2472 3585 ac
2511 3530 2791 3600 proﬂigare
2832 3528 3110 3590 voluisset,
3155 3522 3570 3592 comprehensus

2005 3636 2109 3680 est.
2140 3627 2254 3691 Quo
2281 3635 2519 3692 tempore
2546 3638 2665 3676 cum
2689 3622 2756 3676 de
2783 3621 3016 3674 consciis
3044 3618 3423 3687 inquireretnr,
3455 3629 3574 3666 om-

2009 3735 2104 3771 nes
2146 3720 2287 3770 illius
2314 3719 2510 3770 amicos
2555 3714 2942 3781 coniurationis
2979 3728 3099 3766 esse
3145 3711 3388 3764 conscios
3418 3705 3573 3759 dixit.

2012 3808 2208 3860 Deinde
2241 3823 2358 3858 eum
2393 3805 2662 3874 quidpiam
2691 3818 2749 3856 se
2779 3804 2830 3856 in
2871 3818 3054 3854 aurem
3101 3802 3307 3869 Ι)1ἰ11ηῘ
3340 3799 3474 3850 clam
3510 3801 3574 3850 lo-

2005 3901 2094 3969 qui
2124 3899 2260 3951 velle
2285 3897 2654 3962 signilicasset,
2684 3909 2798 3947 eam
2833 3891 3100 3946 mordicus
3130 3905 3158 3943 c
3198 3900 3426 3956 rreptatn
3471 3906 3574 3942 non

2008 4001 2133 4046 ante
2164 3990 2386 4052 dimisit,
2419 4003 2574 4056 quam
2611 3995 2755 4050 rapta
2787 3999 2912 4037 aure
2939 3983 3243 4051 pupulalutn
3273 3989 3430 4045 caput
3458 3980 3576 4030 relia

2007 4085 2231 4153 quisset.
2268 4079 2504 4132 Valerius
2538 4078 2796 4130 Maximus
2828 4092 2838 4126 :
2871 4073 3136 4141 patictttim
3161 4072 3402 4138 exempla
3448 4075 3575 4120 dno-

2009 4177 2106 4227 bus
2135 4172 2442 4226 Zeronilms
2473 4169 2725 4236 assignat.
2759 4166 3004 4221 Laertius
3035 4174 3088 4217 et
3124 4163 3230 4223 alii.
3266 4163 3353 4215 ttni
3378 4161 3578 4216 Zetioni

2000 4268 2235 4325 Elealm,
2274 4265 2462 4320 Cicero
2494 4266 2544 4316 in
2577 4263 2811 4316 st-Condo
2855 4259 3279 4314 Tusculanarum
3319 4255 3581 4322 Quutjg.

2013 4375 2135 4409 nnm
2164 4375 2176 4412 :
2201 4357 2346 4410 Zeno
2386 4362 2715 4423 proponatur
2759 4351 2993 4413 E'eates,
3045 4349 3135 4417 qni
3172 4362 3452 4417 perpessus
3498 4360 3582 4402 est

2011 4450 2188 4502 omnia
2218 4447 2391 4518 potius
2427 4462 2583 4515 quam
2623 4446 2868 4498 conscios
2898 4443 3138 4496 delenda:
3169 4441 3467 4511 tyrannidis
3501 4441 3580 4494 in-

391 4533 658 4604 Stoicum]
681 4534 845 4589 Stoici
873 4551 1062 4586 nmnen
1092 4534 1262 4586 sortiti
1290 4546 1410 4586 sunt
1435 4549 1462 4585 a
1490 4534 1700 4585 Pnl‘llt-tl
1729 4531 1899 4584 Athe-
1930 4520 1986 4582 Β
2011 4540 2061 4593 (η
2098 4549 2231 4592 arci,
2278 4538 2418 4590 luem
2471 4538 2520 4588 in
2568 4536 2726 4588 ιιοΓιίο
2781 4534 2847 4587 de
2886 4533 3078 4587 Natum
3120 4533 3339 4586 deorum
3372 4550 3383 4583 ε
3419 4531 3581 4584 Amr.

315 4625 520 4689 triensi,
559 4625 609 4676 in
643 4642 740 4691 qua
781 4625 924 4678 Zeno
951 4625 1194 4686 Cittiens,
1222 4627 1289 4676 ah
1321 4605 1519 4692 Oppido
1547 4625 1707 4692 Cypri
1733 4623 1902 4676 Cittio

317 4718 522 4780 dietns,
555 4716 867 4784 diSputavit.
913 4717 1036 4769 Στοά
1070 4715 1210 4767 enim
1245 4715 1454 4775 Grarce,
1486 4714 1671 4768 Latine
1703 4713 1901 4766 dicitur

316 4820 442 4877 port
470 4824 595 4869 cus,
629 4809 820 4872 fornix,
864 4809 1092 4862 testudo.
1138 4809 1269 4862 lline
1308 4809 1543 4872 στωίκὸς,
1589 4829 1615 4860 ο
1649 4823 1809 4877 parvo
1853 4810 1906 4863 in

317 4915 582 4963 magnum
617 4909 838 4963 mutato,
871 4900 1104 4954 Stoicus.

392 4990 505 5044 Pro
532 5009 625 5045 sua
655 4991 817 5063 parte]
841 4993 1140 5046 Secundum
1176 4993 1316 5047 vires
1345 5007 1490 5046 suas.

393 5079 664 5153 Quisquis]
701 5083 944 5148 Figurale
969 5084 1391 5137 subaudiendum
1416 5083 1716 5138 moliretur.

392 5175 632 5244 Ruptum
663 5171 755 5242 ire]
785 5175 1018 5242 Incipere
1051 5189 1270 5249 rapere.

391 5263 731 5336 Molirentnr]
760 5265 1066 5328 Tentarent,
1096 5267 1421 5320 niterentur.

397 5349 810 5423 Reclamantern]
864 5357 1244 5424 ltecusantem,
1288 5357 1646 5426 reiragautem
1687 5367 1904 5411 contra-

315 5463 428 5517 que
458 5461 563 5500 eos
593 5448 933 5500 clamantem.
1581 5442 1590 5448 l

403 5535 634 5608 Vestem]
665 5537 968 5606 PhiloSoplti
996 5553 1114 5592 eam
1153 5537 1576 5605 disputationem
1625 5539 1791 5592 solida
1825 5554 1916 5594 ve-

319 5632 492 5687 ritate
520 5632 902 5693 cohmrentem,
935 5631 1002 5684 de
1035 5646 1136 5700 qua
1165 5646 1323 5697 supra
1360 5631 1414 5686 in
1447 5631 1615 5701 prima
1650 5647 1831 5700 prosa.

399 5717 761 5790 Discidrrunt]
793 5721 901 5776 lloc
932 5722 1054 5774 ideo
1078 5721 1218 5790 quod
1251 5723 1300 5776 in
1333 5723 1526 5776 multis
1571 5732 1746 5778 sectas
1785 5722 1911 5793 phi-

584 5810 851 5874 Puaos.
885 5811 1106 5874 LXIII.

2012 4629 2168 4683 cltum
2199 4625 2589 4681 Demovriteum
2619 4639 2646 4676 a
2678 4623 2870 4693 Cyprio
2903 4634 3125 4694 tyranno
3153 4623 3584 4675 excarniﬁcatum

2014 4723 2341 4787 accepimus,
2389 4717 2661 4770 Zenonem
2712 4715 2852 4768 Elea:
2897 4714 2948 4767 in
2991 4713 3270 4767 tormentis
3320 4724 3583 4766 necatum.

2013 4813 2380 4867 Tertullianns
2412 4809 2462 4861 in
2491 4808 2873 4877 Apologetico:
2905 4805 3050 4858 Zeno
3084 4804 3290 4857 lib-otes-
3314 4802 3586 4856 consultus

2015 4921 2043 4957 a
2075 4904 2344 4974 Dionysio,
2374 4901 2627 4970 quidnam
2663 4898 2998 4968 philosophia
3029 4906 3326 4966 praestaret,
3353 4910 3470 4947 cum
3505 4909 3587 4946 re-

2019 4996 2330 5064 spomlisset
2363 5000 2762 5060 :contemptum
2798 4988 3010 5052 mortis,
3053 4986 3469 5054 itopassiliilibus
3498 4983 3588 5036 lla-

2019 5087 2174 5156 gellis
2203 5088 2410 5158 tyranni
2437 5085 2703 5153 objectus,
2735 5082 3050 5136 sententiam
3084 5095 3232 5130 suam
3265 5076 3328 5128 ad
3362 5085 3588 5128 "loriam

2021 5196 2190 5250 Usque
2233 5183 2486 5234 servavit.
2519 5178 2672 5247 Apud
2701 5177 2915 5232 Snidam
2963 5174 3039 5227 sic
3067 5183 3150 5228 est
3183 5189 3195 5224 :
3223 5171 3367 5224 Zeno
3399 5168 3587 5220 Telon.

2023 5281 2222 5339 tagorte
2270 5272 2432 5334 titius,
2468 5271 2702 5332 Eleates,
2741 5276 3034 5322 assectator
3062 5274 3116 5318 et
3145 5263 3361 5330 mqualis
3406 5259 3590 5330 Pytha-

2020 5376 2169 5428 gora:
2214 5361 2606 5425 Democritique
2645 5357 2790 5427 (nam
2824 5355 3000 5409 ﬂoruit
3037 5351 3340 5423 Olympiade
3368 5352 3457 5414 78)
3502 5349 3588 5401 Ze-

2027 5453 2288 5518 nophanis
2316 5451 2524 5503 auditor
2563 5447 2680 5502 fuit.
2715 5450 2762 5500 Is
2792 5463 2910 5500 cum
2953 5452 3211 5500 tentasset
3251 5457 3278 5492 a
3313 5441 3592 5511 tyrannide

2029 5543 2276 5606 Nearehi,
2334 5542 2417 5595 vel
2449 5543 2528 5608 (ut
2570 5541 2683 5606 ali)
2733 5539 3096 5592 Diomedontis
3141 5539 3322 5590 lileztm
3371 5538 3593 5602 patriam

2029 5639 2280 5704 liberare,
2314 5635 2754 5704 comprehensus,
2780 5643 2829 5686 et
2863 5631 3098 5684 indicare
3119 5631 3362 5695 CttlGClQS
3389 5627 3590 5694 jussus,

2030 5731 2258 5797 linguam
2302 5741 2449 5780 suam
2485 5723 2752 5780 mordicus
2783 5721 3073 5789 amputavit
3100 5734 3259 5788 atque
3291 5718 3341 5772 in
3375 5724 3588 5795 tg'rstini

3090 5809 3168 5876 29
