4010 6372
480 286 584 344 9οἳ

1130 283 1469 339 APPENDIX
1507 283 1600 340 AD
1637 280 1879 339 LIBROS
1924 284 2009 338 DE
2046 280 2561 340 CONSOLATIONE
2600 276 3085 335 PlllLOSOPll|.E.

3627 274 3728 330 908

486 400 679 457 faciem
699 405 931 469 exspuit.
950 398 1169 451 Demnm
1190 396 1467 465 coniectus
1497 398 1548 453 in
1583 396 1914 461 mortarium,
1938 410 2052 450 cre-
2084 399 2131 457 Α
2160 395 2489 464 metaphora.
2514 393 2648 460 Quid
2675 393 2814 448 enim
2836 392 2978 447 aliud
2999 392 3099 447 hoc
3125 404 3375 445 SfBCUlUlll
3403 405 3561 460 quam
3583 403 3728 443 mare

480 488 591 543 bris
619 487 809 543 ictibus
833 496 1104 549 contusus,
1135 486 1414 555 expiravit.

549 572 850 647 Peregrina]
880 574 1130 628 Externa.

548 666 631 737 At]
662 667 789 728 Sed,
823 666 905 719 vel
936 667 1147 720 saltem.
1182 665 1276 718 Est
1304 672 1484 719 autem
1515 663 1629 719 haec
1660 663 1919 733 particula
1949 663 2047 717 hoc

469 758 593 812 loco
641 767 724 812 ter
755 757 996 825 legenda,
1036 771 1134 825 pro
1178 772 1279 823 qua
1321 754 1521 808 indocti
1574 754 1756 822 legunt
1796 762 1905 806 aut.
1956 753 2047 807 Sic

475 848 617 901 enim
642 848 889 917 repetita,
923 847 1040 916 plus
1065 847 1313 913 ponderis
1339 845 1522 914 adjicit
1551 844 1801 898 orationi.

541 940 752 1013 Curtios]
785 941 977 996 Plurali
1018 955 1243 995 numero
1272 940 1484 1009 propria
1519 938 1737 992 nomina
1766 951 2044 1003 expressa,

473 1032 731 1099 majorem
760 1033 811 1085 in
840 1033 1081 1087 oratione
1109 1034 1213 1084 vim
1250 1030 1464 1084 habent.
1498 1030 1703 1097 Quippe
1735 1043 1838 1081 non
1871 1028 1904 1081 ii
1939 1039 2049 1081 tan-

472 1134 583 1179 tum
628 1122 993 1192 significantur
1048 1137 1273 1191 quorum
1329 1122 1419 1174 illa
1472 1120 1683 1173 nomina
1737 1129 1900 1186 sunt,
1951 1119 2045 1174 sed

471 1215 630 1270 etiam
659 1216 747 1269 alii
782 1217 873 1285 qui
903 1216 1107 1270 similes
1140 1216 1355 1267 illorum
1401 1212 1567 1266 fuere.
1603 1212 1801 1266 Canius
1835 1210 2049 1264 Gadita-

470 1321 573 1361 nus
614 1316 767 1375 poeta
797 1308 911 1373 fuit,
958 1305 1219 1359 facundiae
1263 1302 1398 1356 leuis
1444 1311 1497 1356 et
1532 1301 1807 1371 jucundm,
1836 1299 1903 1354 de
1931 1312 2044 1368 quo

470 1400 722 1455 Martialis
751 1401 887 1453 libro
916 1401 1088 1468 primo
1119 1397 1575 1463 Epigrammatnm
1604 1411 1617 1447 :

715 1490 940 1539 Gaudent
958 1491 1122 1552 jocose
1150 1488 1298 1536 Canio
1320 1498 1409 1533 suo
1434 1486 1609 1533 Gades.

539 1570 691 1625 Hunc
716 1570 930 1624 tradunt
960 1571 1176 1639 quidam
1215 1574 1598 1640 reprehensum
1630 1585 1659 1623 a
1687 1570 1835 1623 Livio
1882 1568 2041 1623 Pata-

467 1660 612 1724 viuo,
641 1663 787 1730 gravi
812 1671 865 1716 et
894 1662 1061 1715 nobili
1096 1662 1540 1731 historiograplio.
1582 1663 1723 1730 quod
1755 1661 2041 1715 multarum

466 1751 721 1817 gauderet
769 1751 1060 1815 amoribus,
1113 1750 1197 1804 his
1239 1754 1417 1806 verbis
1459 1771 1470 1804 :
1506 1752 1751 1805 Nostram
1804 1740 2044 1819 philoso-

465 1843 642 1911 phiam
681 1843 1001 1912 participare
1030 1859 1138 1898 non
1168 1846 1393 1912 poteris,
1424 1845 1552 1899 dum
1584 1861 1613 1897 a
1649 1853 1724 1897 tot
1755 1844 2041 1911 participa-

465 1935 557 1989 ris.
598 1934 711 1989 Non
741 1936 881 1989 enim
909 1952 972 1991 co
999 1935 1181 2003 jecore
1208 1936 1463 1990 Latonam
1487 1944 1629 1990 amat
1655 1935 1863 2005 Tityus,
1892 1934 2040 2003 quod

466 2024 619 2078 multi
666 2025 903 2079 vultures
952 2025 1178 2079 multum
1232 2024 1518 2079 divellunt.
1564 2021 1660 2077 Cui
1712 2020 1908 2076 Canius
1940 2040 1951 2073 :
1987 2022 2041 2078 Si

466 2115 681 2184 quando
714 2116 887 2181 labor,
927 2130 1145 2183 resurgo
1186 2115 1431 2168 cautius:
1479 2114 1526 2165 si
1560 2112 1831 2181 paululum
1863 2111 2043 2179 oppri-

466 2221 603 2271 mor,
649 2205 881 2259 alacrius
939 2219 1155 2259 resumo
1198 2220 1401 2258 aerem.
1445 2204 1603 2257 Vices
1644 2202 1879 2256 noctium
1929 2201 2044 2255 dies

462 2294 694 2348 reddunt
726 2294 976 2347 leniores.
1026 2291 1131 2347 Sed
1185 2292 1524 2347 tenebrarum
1571 2290 1921 2360 perpetuitas,
1955 2288 2041 2341 in.-

464 2398 576 2442 star
604 2386 795 2442 inferni
826 2396 927 2442 est.
959 2388 1050 2443 Sic
1082 2387 1190 2441 lilia
1239 2388 1513 2455 priniteva,
1558 2387 1708 2441 verni
1747 2386 1879 2439 solis
1908 2384 2043 2438 deli-

464 2488 579 2532 cata
618 2478 944 2547 temporibus
974 2479 1232 2532 varietate
1279 2489 1388 2532 tum
1427 2480 1564 2537 euri.
1619 2487 1728 2532 tum
1761 2477 1897 2540 noti,
1931 2485 2040 2531 tum

463 2568 684 2637 zephyri
718 2568 901 2622 laititia
932 2567 1183 2623 effusiore
1223 2568 1528 2633 lasciuiunt,
1564 2564 1763 2638 ﬁnibus
1794 2584 1901 2621 uno
1935 2567 2043 2635 spi-

464 2656 567 2709 ritu
611 2656 897 2713 fulminans
927 2656 1068 2728 Lybs
1101 2657 1433 2717 incumbens.
1476 2672 1727 2711 occasum
1770 2656 1911 2710 facit.
1946 2656 2043 2710 Sic

462 2744 605 2798 Mars
652 2746 820 2814 ruptis
868 2745 1153 2800 tendiculis
1202 2746 1255 2800 in
1307 2761 1488 2799 mensa
1535 2745 1741 2800 caelesti
1782 2743 2044 2799 recumbit

463 2835 687 2888 conviva
729 2850 1004 2904 superum.
1032 2850 1062 2889 a
1094 2851 1197 2905 qua
1231 2836 1448 2890 uxorius
1488 2836 1742 2889 Mulciber
1784 2850 1881 2889 suo
1914 2833 2038 2889 fure

462 2922 618 2991 longe
658 2924 933 2993 religatur.
978 2924 1070 2978 Sic
1110 2924 1280 2978 levius
1322 2925 1484 2991 ligant
1532 2925 1693 2978 multa
1728 2924 1837 2989 fila,
1876 2940 2035 2993 quam

462 3012 572 3066 sola
604 3024 809 3067 catena.
840 3011 930 3068 Sic
961 3013 1088 3066 mihi
1112 3013 1202 3077 sit,
1228 3030 1254 3064 τι
1283 3013 1615 3082 philosophia
1647 3014 1738 3067 tibi
1766 3016 2037 3066 Sillalimll.

462 3100 612 3156 llunc
640 3101 799 3171 igitur
843 3104 896 3155 in
944 3101 1161 3165 modum
1186 3101 1374 3169 jocose
1412 3100 1589 3155 ferunt
1634 3101 1856 3155 Canium
1888 3101 2040 3155 Livio
2070 3124 2114 3185 ρ

462 3191 825 3260 respondisse.
876 3190 1071 3245 Verum
1118 3205 1260 3244 nunc
1290 3190 1432 3259 quod
1478 3190 1543 3243 ad
1597 3205 1710 3244 rem
1743 3191 2037 3244 institutam

461 3289 709 3357 pertinet,
740 3287 1057 3342 referamus.
1084 3285 1281 3341 Canius
1311 3301 1376 3340 eo
1398 3286 1539 3355 quod
1569 3286 1635 3339 ab
1668 3286 2036 3354 improborum

461 3379 701 3433 moribus
723 3378 1055 3443 dissentiret,
1100 3392 1129 3430 a
1161 3378 1289 3430 Caio
1317 3377 1530 3431 Caesare
1570 3376 1872 3431 Germanici
1903 3378 2035 3447 ﬁlio,

460 3470 711 3523 conscius
758 3476 945 3523 contra
975 3483 1035 3524 se
1088 3467 1241 3523 facta:
1284 3467 1668 3537 conjurationis
1711 3468 1883 3522 dictus
1929 3478 2033 3523 est.

462 3560 555 3615 Cui
583 3561 660 3615 sic
692 3559 968 3629 respondit
995 3577 1009 3613 :
1032 3560 1088 3616 Si
1131 3575 1230 3630 ego
1258 3562 1502 3623 scissem,
1544 3570 1598 3614 tu
1630 3561 1914 3616 nescisses.
1944 3562 2035 3616 Ni.

467 3650 576 3704 hilo
616 3660 791 3704 tamen
820 3651 997 3705 secius
1022 3650 1090 3704 ab
1121 3650 1213 3705 illo
1246 3650 1531 3705 crudeliter
1571 3661 1654 3706 est
1693 3661 1929 3705 necatus.
1963 3653 2038 3708 De

468 3741 567 3795 hoc
594 3742 781 3796 eodem
812 3740 866 3795 in
898 3741 1140 3810 proxima
1174 3757 1351 3809 prosa.

530 3834 593 3883 At
632 3824 878 3903 Senecas]
921 3830 988 3885 Μ.
1024 3831 1241 3886 Anueus
1273 3832 1475 3887 Seneca
1515 3831 1895 3897 Cordubensis,
1923 3831 2033 3885 Ro-

458 3938 598 3978 mam
631 3924 777 3978 venit
805 3924 1137 3979 declamator
1158 3922 1423 3994 egregius,
1455 3926 1701 3995 quamvis
1726 3939 1887 3993 Opera
1918 3924 2035 3994 ejus

456 4016 522 4070 ad
556 4026 798 4085 posreros
838 4030 947 4071 non
994 4016 1355 4086 pervenerint.
1389 4016 1486 4071 llic
1532 4018 1711 4071 statim
1745 4032 1907 4086 eques
1956 4018 2035 4071 fa-

459 4118 596 4172 ctus,
642 4107 878 4163 bottores
928 4107 1143 4174 meruit,
1193 4108 1482 4177 habuitque
1530 4110 1750 4175 liberos,
1797 4124 1930 4179 quos
1978 4110 2029 4164 iu

457 4199 707 4269 llispania
737 4209 1047 4270 susceperat
1074 4216 1135 4256 ex
1168 4200 1319 4255 Elbia
1347 4216 1536 4267 uxore,
1568 4200 1632 4258 Ι...
1661 4207 1907 4257 Anneum
1932 4202 2032 4257 Se-

460 4306 677 4355 necam,
728 4290 943 4347 Junium
1000 4291 1245 4346 Anneum
1294 4292 1627 4360 Gallionem,
1679 4302 1734 4348 et
1788 4292 2031 4348 Auneum

457 4383 718 4439 Meleam:
749 4383 951 4440 Seneca
991 4382 1339 4454 philosophus
1376 4383 1532 4437 simul
1572 4392 1628 4438 et
1677 4382 2027 4447 declamator,

456 4484 510 4531 et
551 4486 702 4545 poeta
752 4477 974 4546 insignis
1011 4476 1199 4531 evasit.
1244 4476 1353 4531 Sub
1388 4475 1599 4529 Nerone
1640 4488 1879 4529 mortuus
1926 4486 2028 4537 est,

456 4568 644 4621 solutis
673 4567 845 4622 venis.
878 4566 952 4620 De
981 4568 1081 4620 hoc
1107 4568 1256 4635 plura
1279 4567 1524 4621 dicentur
1555 4566 1711 4620 infra.
1746 4568 1825 4621 An
1849 4578 2026 4621 autem

455 4658 543 4714 hic
571 4658 708 4713 idem
746 4657 906 4713 fuerit
929 4658 1019 4727 qui
1051 4658 1337 4728 tragmdias
1365 4673 1484 4727 qua:
1523 4666 1756 4722 exstant,
1788 4658 2023 4727 scripsit,

455 4765 643 4816 necne,
670 4749 808 4804 inter
836 4748 1173 4804 doctissimos
1213 4748 1449 4802 nondum
1481 4747 1735 4802 convenit
1768 4763 1781 4799 :
1815 4748 2025 4801 tametsi

453 4840 579 4909 quid
607 4854 768 4908 super
811 4839 911 4894 hoc
949 4838 1201 4895 Sidonius
1240 4837 1561 4908 Apollinaris
1607 4839 1863 4905 scriptum
1894 4838 2023 4891 reli-

452 4933 648 5003 querit,
677 4946 783 4987 non
814 4929 1072 5000 ignorem.

521 5023 586 5076 At
624 5018 872 5092 Soranoa]
911 5019 1155 5076 Valerius
1194 5016 1434 5074 Soranus
1484 5028 1639 5088 poeta
1685 5034 2023 5088 summopere

453 5112 794 5184 famigeratus
836 5110 952 5167 fuit.
989 5110 1089 5179 Qui
1134 5111 1339 5180 primus
1377 5110 1444 5164 de
1480 5110 1589 5163 Deo
1628 5113 1861 5163 maximo
1903 5125 2024 5164 vera

451 5210 838 5258 commentatus
865 5210 968 5270 est,
998 5209 1156 5271 atque
1184 5200 1254 5253 ob
1290 5199 1339 5253 id
1370 5200 1606 5254 creditur
1633 5202 1696 5252 ah
1730 5200 2020 5269 impiorum

452 5291 695 5347 manibus
727 5292 780 5347 in
808 5306 1024 5348 crucem
1053 5290 1315 5345 sublatus.

521 5384 838 5458 Pervetusta]
865 5383 1034 5440 Nimis
1063 5383 1303 5452 antiqua.

448 5547 455 5555 ι
520 5474 815 5547 Incclebria]
846 5475 1173 5547 lnfrequens,
1202 5490 1306 5529 non
1329 5473 1581 5555 celebris.

428 5564 431 5567 “
523 5568 589 5625 1η
616 5569 836 5643 cladem]
860 5570 921 5627 1n
952 5571 1260 5639 perniciem.
1496 5582 1501 5583 ί

520 5658 592 5718 In
617 5660 715 5718 hoc
743 5661 863 5717 vita?
884 5658 1016 5728 salo]
1046 5661 1099 5715 ltl
1140 5669 1219 5715 est
1253 5658 1401 5712 mari.
1437 5658 1576 5713 Sane
1604 5670 1759 5724 quam
1795 5656 2020 5724 elegans

2155 485 2551 555 procellosum?
2583 485 2743 537 Divus
2782 483 3094 537 Ambrosius
3144 480 3199 534 in
3228 479 3452 548 epistola
3498 478 3563 532 ad
3589 476 3726 532 Cou-

2155 576 2408 630 stantium
2441 573 2769 642 :Suscepisti
2813 585 3004 626 munus
3043 570 3348 633 sacerdotii,
3379 570 3509 623 etin
3550 584 3727 639 puppe

2156 664 2409 719 Ecclesia:
2453 664 2667 727 sedens,
2706 664 2887 716 navim
2919 662 3176 716 adversus
3218 660 3407 714 [luctus
3433 660 3723 729 gubernas.

2152 755 2297 810 Tene
2318 758 2523 810 clavum
2547 756 2690 820 fidei,
2726 764 2780 809 ut
2808 764 2857 808 te
2886 769 3073 823 graves
3100 753 3256 820 hujus
3292 753 3473 807 szeculi
3508 752 3726 806 turbare

2154 862 2257 901 non
2289 847 2492 915 possint
2512 847 2781 916 procellae.
2812 846 2955 901 Mare
2981 846 3193 915 quidem
3234 861 3482 914 magnum
3515 856 3569 899 et
3599 861 3725 913 spa-

2153 936 2368 1005 tiosum,
2391 937 2485 993 sed
2510 938 2619 991 uoli
2643 938 2811 992 vereri
2832 954 2846 992 ;
2864 938 2986 1007 quia
3008 938 3121 1006 ipse
3159 953 3319 1006 super
3346 938 3513 991 maria
3538 936 3725 991 funda-

2150 1032 2225 1085 vit
2245 1046 2387 1097 eam,
2408 1041 2463 1085 et
2487 1046 2647 1100 super
2670 1031 2885 1085 flumina
2908 1031 3221 1099 prmparavit
3248 1047 3386 1084 eam.
3412 1030 3597 1100 Itaque
3616 1046 3725 1085 nou

2150 1122 2415 1202 immerito
2448 1124 2587 1177 inter
2614 1132 2691 1176 tot
2717 1124 2899 1177 mundi
2924 1123 3056 1176 freta
3092 1123 3331 1177 Ecclesia
3363 1123 3576 1177 Domini
3608 1132 3725 1175 tan-

2149 1229 2306 1282 quam
2337 1229 2497 1282 supra
2526 1215 2873 1281 apostolicam
2907 1214 3220 1267 mdiﬁCatam
3246 1224 3451 1283 petram
3479 1213 3726 1267 immobi-

2150 1303 2216 1357 lis
2261 1317 2460 1371 manet,
2494 1317 2549 1359 et
2577 1308 2893 1361 inconcusso
2922 1307 3203 1361 adversum
3239 1308 3466 1375 impetus
3501 1307 3724 1360 saevien-

2150 1394 2218 1448 tis
2256 1395 2354 1449 sali
2396 1408 2700 1463 perseverat
2740 1398 3068 1452 fundaunnc.
3112 1399 3343 1451 Alluitur
3381 1397 3565 1462 undis,
3614 1411 3721 1450 non

2148 1490 2396 1556 quatitur.
2433 1491 2611 1544 Saltim
2640 1491 2833 1545 dicitur
2863 1506 3006 1545 mare
3035 1506 3063 1543 a
3096 1506 3285 1558 sapore
3313 1491 3463 1545 salis.
3492 1489 3715 1560 Virgil.:

2393 1581 2588 1644 Perque
2612 1583 2762 1630 undas
2786 1592 3051 1643 superante
3076 1583 3191 1633 salo.

2220 1661 2473 1732 Quorum]
2505 1665 2883 1718 Pessintorntn.

2074 1767 2121 1826 Β
2218 1753 2559 1825 Numerosus]
2583 1757 2876 1825 Frequens.

2220 1844 2446 1916 Temere]
2494 1846 2833 1915 lnconsulte,
2880 1848 2997 1903 sine
3035 1848 3293 1914 consilio,
3335 1845 3538 1916 absque
3594 1861 3719 1915 pru-

2148 1934 2343 1991 dentia.

2217 2022 2442 2094 Passim]
2480 2024 2638 2080 Modo
2682 2026 2805 2094 huc,
2848 2028 3006 2081 modo
3050 2027 3194 2091 illuc,
3242 2028 3386 2081 nullo
3426 2034 3577 2081 certe
3618 2024 3721 2081 lino

2148 2114 2446 2184 proposito.

2221 2183 2564 2255 Lympliante]
2601 2184 2799 2239 Furore
2828 2195 3074 2240 vexante.

2216 2277 2469 2349 Lympho]
2499 2278 2701 2334 Furore
2728 2294 2890 2346 vexo,
2923 2280 3073 2333 Vale.
3105 2279 3219 2334 Sta.
3246 2278 3499 2333 Flaccos:

2912 2371 3267 2435 Lympbaverat
3292 2372 3483 2421 urbem.

2268 2432 2312 2481 lt
2335 2430 2614 2495 lymphante
2642 2433 2763 2481 Deo.

2148 2514 2298 2570 Unde
2324 2516 2577 2585 lymphati
2606 2518 2719 2570 sive
2763 2515 3067 2584 lymphatici
3099 2513 3349 2569 dicuntur
3388 2514 3602 2582 furiosi,
3632 2531 3711 2571 νει

2144 2606 2282 2672 sani,
2335 2605 2718 2663 bacchabundi.
2766 2607 2855 2675 qui
2905 2606 3090 2659 vitium
3145 2621 3208 2660 ex
3248 2621 3383 2675 aqua
3430 2615 3712 2661 contraxe-

2145 2707 2290 2760 runt,
2317 2700 2456 2765 quod
2486 2710 2563 2751 est
2598 2699 2699 2752 huc
2722 2708 2882 2767 atque
2915 2699 3037 2752 illuc
3064 2697 3386 2753 discurrere.

2220 2786 2345 2858 Qui]
2378 2788 2657 2844 Exercitus
2686 2790 3060 2859 pessimorum.

2215 2878 2407 2949 Aciem]
2462 2880 2714 2935 Ordinem
2760 2892 2814 2936 et
2870 2881 3272 2936 instructionem
3318 2880 3608 2938 militarem
3642 2882 3709 2938 ad

2140 2971 2248 3040 jam
2271 2972 2654 3025 dimicandum.

2217 3062 2455 3133 Struens]
2486 3063 2779 3118 lustruens.

2216 3155 2411 3211 Nostra
2430 3156 2557 3227 dux]
2590 3157 2751 3212 llecta
2771 3159 2907 3213 ratio
2931 3176 2945 3213 :
2974 3173 3037 3214 ea
3066 3159 3209 3215 enim
3238 3159 3346 3214 dux
3368 3168 3452 3215 est
3478 3159 3703 3228 philoso-

2150 3247 2398 3315 phorum.

2215 3340 2401 3411 Copiaa
2429 3338 2570 3411 suas]
2614 3338 2917 3394 Exercitum
2947 3353 3101 3395 suum
3128 3355 3195 3396 ex
3226 3341 3510 3395 virtutibus
3545 3339 3709 3395 scien-

2146 3427 2335 3498 tiisque
2362 3431 2739 3497 compositum.

2212 3519 2277 3574 In
2307 3520 2494 3591 arcem]
2526 3521 2579 3574 In
2610 3521 2773 3575 animi
2808 3521 3163 3585 intellectum,
3185 3535 3341 3588 quem
3374 3520 3633 3575 Platonici
3658 3521 3711 3575 iu

2140 3614 2362 3668 cerebro
2387 3625 2636 3683 tanquam
2668 3615 2720 3667 in
2743 3629 2870 3668 arce
2899 3614 3250 3668 constituunt.
3281 3613 3514 3668 Pulchre
3538 3623 3713 3670 autem

2141 3714 2343 3772 perstat
2371 3706 2420 3758 in
2449 3706 2783 3773 metaphora.

2208 3797 2498 3869 Contra/iit]
2528 3799 2757 3868 Colligit,
2786 3808 3094 3868 congregat.

2208 3888 2321 3960 Illi]
2355 3889 2577 3944 Pessimi
2605 3888 3042 3958 philosophorum
3075 3890 3277 3945 hostes.

2208 3979 2431 4034 Inutiles
2460 3979 2766 4051 sarcinulas]
2798 3981 2942 4034 Bona
2970 3992 3190 4035 externa
3222 3990 3274 4035 et
3298 3981 3568 4050 corporis.

2208 4069 2459 4209 $93553]
2482 4141 2555 4193 Ex
2585 4153 2709 4195 arce
2736 4139 3224 4209 contemplationis.

2216 4232 2478 4285 Vilissima
2497 4248 2706 4301 quicque
2728 4232 2916 4302 rerum]
2946 4232 3195 4298 Corporis
3219 4241 3272 4286 et
3298 4231 3527 4286 fortuna:
3550 4233 3706 4289 bona.

2135 4338 2253 4394 quae
2281 4338 2390 4391 prre
2420 4322 2576 4377 bonis
2604 4323 2767 4376 animi
2797 4322 3162 4378 sordidissima
3192 4331 3337 4375 sunt.

2207 4415 2408 4486 Securi]
2467 4415 2675 4469 Nullam
2724 4430 2905 4470 curam
2958 4415 3243 4477 habentes,
3286 4422 3706 4481 contemptores.

2062 4496 2114 4554 D
2139 4506 2390 4569 Securus,
2436 4505 2779 4574 tranquillus,
2817 4504 2905 4572 qui
2943 4504 3058 4559 sine
3096 4518 3219 4557 cura
3244 4514 3345 4566 est,
3384 4506 3535 4572 quasi
3563 4518 3710 4556 seni-

2136 4613 2253 4653 sum
2279 4614 2306 4650 a
2338 4612 2485 4652 cura.
2519 4596 2788 4652 Interdum
2813 4606 3171 4665 contemptor.
3202 4596 3384 4650 Maro:

3004 4686 3218 4736 Securus
3242 4698 3460 4734 amorqu

2255 4749 2527 4797 Germanae.

2210 4828 2386 4900 Vallo]
2412 4830 2736 4884 Munimento
2758 4828 3032 4883 virtutum.

2206 4924 2341 4996 Quo]
2370 4925 2447 4979 Ad
2478 4925 2619 4993 quod
2644 4925 2860 4978 vallum.

2203 5014 2489 5085 Crasaanti]
2518 5014 2819 5069 Gradiendo
2843 5016 3081 5071 saevienti

2201 5104 2461 5175 Aspirare]
2488 5106 2639 5159 Juxta
2665 5108 2939 5171 accedere,
2960 5107 3127 5162 adire.

2202 5196 2307 5251 Fas
2338 5214 2438 5250 non
2468 5196 2555 5267 ait]
2598 5198 2649 5251 ld
2676 5205 2757 5251 est
2778 5213 2891 5251 nou
2940 5198 3115 5251 liceat.
3152 5196 3395 5251 Valerius
3422 5197 3703 5251 Maximus.

2132 5291 2290 5345 Bonae
2342 5291 2534 5344 mentis
2586 5290 2882 5359 usurpatio.
2915 5292 3114 5344 nullum
3166 5289 3420 5345 tristioris
3480 5290 3704 5344 fortuna-

2132 5381 2318 5450 recipit
2344 5382 2632 5434 incursum.

2654 5472 2717 5525 IN
2757 5471 3048 5526 METRUM
3079 5471 3160 5526 IV.

2196 5564 2327 5619 Cum
2352 5563 2663 5633 vigesimum
2702 5564 2874 5618 :etatis
2910 5579 3104 5618 annum
3128 5578 3311 5632 agens,
3358 5564 3410 5618 in
3444 5560 3700 5632 frequenti

2127 5657 2417 5721 eademque
2446 5658 2783 5711 ornatissima
2816 5656 3089 5713 Saxonum
3120 5655 3254 5711 urbe
3286 5656 3392 5720 (cui
3442 5657 3700 5712 Monaste-
