4010 6372
313 292 412 347 909

1218 291 1591 349 MURMELIJI
1632 292 1717 347 ΕΤ
1758 289 2121 347 AGRICOLAE
2156 290 2671 347 COMMENTARIA.

3470 297 3571 353 910

314 406 392 459 rio
416 420 610 461 nomen
637 409 745 475 est)
795 406 963 461 bonas
1001 409 1146 461 artes
1178 405 1365 461 audaci
1392 406 1469 476 (ut
1511 405 1682 475 inquit
1725 404 1891 457 Hora-
1925 407 1971 462 Α
2002 402 2156 469 huius
2203 405 2436 470 generis.
2493 405 2689 459 laedere
2745 415 2996 472 possunt;
3031 421 3128 461 nos
3169 422 3325 475 vero,
3360 409 3464 465 hoc
3489 420 3570 465 est

312 498 437 567 tius)
478 505 791 567 paupertate
855 495 1143 566 impulsus,
1180 511 1285 549 non
1332 495 1613 549 inleliciter
1655 495 1889 564 proliteri

309 589 591 657 cepissem
638 588 901 642 beneﬁcio
945 588 1167 643 Joannis
1194 586 1399 651 Grovii,
1431 586 1884 650 Monasteriensis,

312 679 409 731 viri
458 693 587 732 sane
636 693 793 747 quam
850 678 1111 743 litterati,
1164 687 1219 732 et
1270 678 1521 731 omnibus
1575 676 1885 731 liberalibus

308 770 546 837 apprime
574 767 867 837 disciplinis
915 768 1129 833 eruditi,
1162 771 1618 838 plurimorumque
1649 768 1885 822 doctoris

310 858 687 925 laudatissimi,
720 872 782 913 ac
812 860 893 912 vel
927 859 1169 927 longiore
1197 860 1325 924 vita,
1359 860 1441 913 vel
1470 861 1645 913 minus
1667 858 1887 912 misera-

309 952 398 1004 bili
426 950 613 1004 mortis
640 964 835 1019 genere
850 950 1015 1019 digni,
1048 959 1401 1019 pervenerunt
1431 950 1483 1004 in
1516 964 1705 1004 manus
1738 964 1885 1004 meas

308 1040 509 1108 aliquot
563 1042 767 1109 pagina:
813 1038 1053 1109 Rodophi
1100 1040 1357 1108 Agricola:
1399 1039 1589 1103 Frisii,
1621 1039 1722 1094 viri
1774 1049 1883 1093 tum

310 1130 647 1196 doctissimi,
689 1140 800 1185 tum
845 1132 1316 1200 eloquentissimi,
1369 1132 1423 1186 in
1468 1133 1881 1201 subsequentem

308 1223 462 1291 primi
495 1224 653 1293 hujus
684 1224 805 1278 libri
839 1236 1042 1292 partem
1091 1224 1320 1294 (ultimo
1350 1225 1585 1279 carmine
1617 1223 1882 1293 excepto)

306 1315 675 1368 enarrationes
700 1314 1057 1383 autographas
1076 1317 1583 1383 continentes,quas
1602 1314 1691 1370 ille
1717 1329 1884 1385 quon-

307 1406 430 1459 dam
459 1405 745 1475 Groninga:
796 1407 1085 1474 scripserat
1125 1415 1307 1476 rogatu
1351 1406 1617 1460 Lamberti
1651 1406 1882 1460 Gronin-

305 1496 507 1565 gensis,
541 1496 815 1549 medicina:
836 1496 1092 1563 doctoris,
1121 1498 1370 1565 singulari
1398 1508 1445 1550 et
1477 1498 1718 1550 doctrina
1745 1514 1879 1565 prac-

305 1585 401 1639 diti
424 1595 481 1640 et
504 1586 839 1654 experientia
858 1627 873 1650 ,
901 1601 1021 1640 eum
1049 1588 1129 1655 (ut
1159 1604 1222 1640 ex
1266 1604 1330 1639 eo
1361 1588 1521 1640 fando
1555 1587 1881 1643 familiariter

305 1676 523 1746 accepi)
545 1679 596 1731 in
624 1678 792 1747 patria
820 1692 913 1731 sua
946 1678 1201 1732 librorum
1232 1678 1299 1732 de
1357 1679 1717 1747 Philosomtize
1743 1679 1878 1733 Con-

1996 503 2226 547 ntcntem
2296 505 2561 557 nostram,
2603 511 2762 565 quem
2823 506 2904 550 est
2954 499 3392 565 praestantissima
3448 514 3569 568 pars

1996 585 2186 648 nostri,
2217 583 2415 637 la-dere
2448 602 2552 638 non
2578 597 2818 654 possunt.
2850 587 3139 642 Aontcona.

2064 673 2329 744 Quisquis]
2356 676 2405 727 Id
2430 685 2511 729 est
2534 680 2871 744 quicunque;
2903 678 3205 746 bujusmodi
3222 680 3364 734 enim
3381 680 3569 734 dictio-

1993 782 2090 819 nes
2116 762 2400 832 geminata:
2451 766 2552 820 hoc
2591 767 2762 835 ipsum
2805 767 3125 837 signiﬁcant,
3153 772 3291 835 quod
3319 788 3438 825 eum
3472 773 3569 828 bac

1990 855 2242 923 particula
2301 869 2512 923 cunque
2562 856 2883 925 conjunctae.
2931 858 2997 913 Ut
3043 860 3324 915 Terentius
3368 862 3419 915 in
3462 863 3568 917 Eu-

1990 946 2152 1000 nuclt.
2188 963 2201 997 :
2233 945 2314 1000 Tu
2358 957 2592 1015 quantus
2628 958 2859 1015 quantus
2893 966 2973 1015 es,
3020 952 3069 1003 id
3098 964 3179 1006 est
3210 964 3568 1021 quantuscun-

1988 1053 2089 1107 que
2113 1052 2210 1091 es:
2243 1048 2297 1093 et
2332 1040 2383 1092 in
2425 1041 2612 1092 eadem
2652 1042 2915 1095 commdia
2938 1085 2951 1106 ,
2992 1043 3090 1098 Ubi
3126 1046 3211 1098 ubi
3257 1056 3357 1111 est,
3404 1048 3453 1100 id
3486 1061 3569 1103 est

1989 1129 2292 1199 ubicunque
2324 1138 2426 1184 est.
2462 1134 2752 1185 Δοιιιεοωι.

2056 1225 2383 1297 Composito]
2424 1226 2760 1295 Componere
2810 1229 3096 1296 aliquando
3154 1229 3438 1295 ordinare,
3482 1234 3566 1286 vel

1986 1330 2131 1374 recte
2159 1321 2437 1374 instituere
2478 1322 2759 1390 signiﬁcat,
2793 1332 2847 1374 ιιι
2884 1323 2986 1377 hoc
3018 1324 3133 1376 loco
3174 1341 3184 1373 :
3228 1335 3283 1377 et
3312 1325 3565 1395 Virgilius

1985 1412 2037 1464 in
2063 1412 2236 1480 primo
2269 1411 2521 1465 XEneidos
2550 1430 2559 1462 :

2170 1522 2227 1571 Et
2253 1524 2445 1571 tandem
2468 1521 2651 1583 placida
2675 1532 2948 1583 eumpostus
2971 1540 3088 1585 pace
3113 1527 3337 1587 quiescit.

1988 1606 2289 1675 Aliquando
2318 1606 2579 1673 signiﬁcat
2606 1622 2816 1673 pacare.
2852 1608 3099 1675 Virgilius
3132 1610 3183 1661 in
3209 1609 3422 1661 Bucol.:

2169 1696 2274 1744 Non
2302 1703 2515 1745 nostrum
2544 1698 2671 1745 inter
2697 1711 2779 1745 vos
2805 1706 2962 1746 lautas
2987 1712 3281 1760 componere
3311 1700 3435 1749 lites.

304 1768 572 1822 solatione
600 1768 1029 1835 esplanationem
1069 1768 1394 1837 auspicatus,
1428 1769 1492 1821 ad
1540 1771 1641 1823 hoc
1666 1784 1879 1823 carmen

1997 1781 2285 1849 Aliquando
2310 1793 2645 1848 comparare.
2680 1781 2819 1835 Idem
2854 1783 2903 1834 in
2938 1784 3150 1837 llucol.:

312 1861 666 1928 pervenisset.
713 1860 964 1929 Quisquis
990 1862 1287 1929 composito
1340 1877 1560 1916 serenus
1607 1877 1741 1916 aevo.
1770 1862 1885 1929 Quo

305 1951 504 2007 factum
552 1961 653 2017 est,
695 1961 749 2006 ut
780 1951 903 2005 hinc
932 1952 1324 2006 eruditissimus
1358 1953 1603 2021 Agricola
1633 1968 1879 2021 sumpse-

304 2042 380 2095 rit
408 2041 639 2102 initium,
667 2041 867 2109 reliqua
893 2050 1211 2095 tractaturus
1228 2043 1595 2110 opportuniori
1622 2053 1881 2111 tempore,

305 2133 354 2188 si
411 2148 505 2202 per
552 2133 681 2186 alias
725 2132 1121 2201 occupationes,
1167 2144 1223 2188 et
1268 2133 1603 2188 immaturam
1658 2143 1881 2189 mortem

303 2225 567 2280 licuisset.
594 2204 825 2294 Scripsii
846 2225 1120 2294 aliquanto
1168 2225 1318 2295 plura
1348 2226 1399 2281 in
1430 2226 1693 2290 Boetium,
1724 2241 1883 2292 quam

303 2318 371 2371 ad
399 2333 487 2372 me
532 2326 910 2386 pervenerunt,
937 2333 1056 2386 quae
1082 2329 1355 2387 receperat
1409 2319 1536 2373 mihi
1571 2319 1884 2374 Lambertus

302 2410 475 2475 idem,
505 2412 656 2478 cujus
709 2408 867 2463 modo
924 2408 1164 2473 memini,
1202 2424 1261 2462 se
1307 2408 1794 2475 commodaturum,
1829 2419 1888 2463 ut

301 2516 365 2556 ea
394 2514 606 2570 quoque
636 2499 765 2554 mihi
807 2498 1166 2569 studiosisque
1201 2498 1560 2554 exscriberem
1598 2518 1609 2551 :
1642 2514 1883 2553 commo-

300 2592 593 2661 dassetque
611 2606 739 2645 sane
764 2606 921 2659 quam
945 2590 1137 2655 libens,
1161 2591 1259 2644 nisi
1283 2592 1557 2661 repentina
1574 2590 1691 2659 ejus
1708 2600 1885 2644 trans-

302 2683 557 2751 migratio
596 2682 875 2749 quominus
906 2680 956 2734 id
987 2680 1157 2745 ﬁeret,
1178 2682 1489 2735 obstitisset.
1520 2683 1651 2735 Cum
1707 2689 1884 2735 autem

301 2774 422 2828 haec
444 2788 567 2842 qua:
617 2774 933 2839 transcripta
968 2782 1112 2835 sunt,
1165 2773 1288 2826 talia
1329 2772 1457 2826 mihi
1499 2772 1799 2839 videantur,
1828 2785 1886 2825 ut

302 2870 668 2925 studiosorum
701 2869 869 2923 Boetii
897 2867 1125 2924 lectione
1150 2868 1257 2919 sint
1284 2864 1615 2934 dignissima,
1635 2881 1737 2917 non
1764 2879 1885 2933 pos-

299 2975 423 3015 sum
452 2975 517 3015 ea
540 2974 645 3012 non
683 2960 730 3012 Ιιι
754 2974 783 3013 ε
809 2959 926 3013 loco
967 2958 1254 3027 subjicere,
1284 2973 1349 3010 ne
1378 2957 1501 3025 quid
1542 2956 1724 3024 gloria:
1754 2956 1881 3009 mihi

300 3051 556 3106 credulus
590 3051 755 3105 lector
782 3066 845 3104 ex
874 3051 1050 3104 alieno
1074 3049 1274 3103 tribuat
1298 3048 1504 3109 labore,
1536 3062 1669 3101 neve
1696 3047 1882 3101 candi-

2172 1871 2252 1920 Sic
2278 1872 2438 1933 parvis
2461 1883 2755 1930 componere
2780 1885 2951 1931 magna
2977 1874 3209 1921 solebam.

1986 1953 2286 2023 Aliquando
2308 1955 2652 2023 conjungere.
2689 1954 2931 2007 Persius:

2169 2046 2264 2095 Co:t
2284 2048 2491 2107 positum
2512 2045 2588 2105 jus
2612 2046 2782 2106 fasque
2806 2048 2965 2093 animi.

1986 2128 2077 2182 Sic
2105 2129 2335 2182 dicimus
2357 2130 2679 2197 componi-re
2704 2129 2919 2193 librum,
2946 2141 2995 2182 et
3016 2144 3344 2199 componere
3365 2132 3555 2200 ignem.

1988 2224 2278 2274 Acntcou.

2058 2308 2304 2379 Serenus]
2335 2312 2376 2364 A
2424 2311 2659 2364 serendo
2686 2311 2884 2365 dictum
2918 2323 3029 2379 est,
3059 2314 3212 2381 quasi
3241 2324 3448 2382 tempus
3472 2329 3559 2366 ac~

1985 2400 2383 2455 commodatum
2412 2402 2627 2456 sationi.
2665 2402 2793 2455 Nam
2825 2404 2891 2456 de
2924 2414 3162 2473 tempore
3190 2404 3402 2472 proprie
3429 2404 3562 2458 dici-

1988 2500 2074 2546 tur
2102 2507 2378 2555 serenutn,
2408 2496 2547 2547 sicut
2578 2509 2847 2548 amoenum
2878 2496 3017 2565 quod
3065 2507 3247 2565 aptum
3297 2496 3486 2560 amari,
3514 2506 3564 2551 et

1987 2598 2214 2651 egenum
2239 2584 2307 2636 ab
2323 2584 2552 2652 egendo,
2583 2593 2636 2638 ct
2665 2587 2878 2653 plenum
2908 2603 2935 2640 a
2952 2588 3101 2657 plere
3130 2590 3379 2643 inusitato
3402 2588 3566 2644 verbo

1985 2674 2201 2728 dicitur.
2223 2675 2511 2729 Acatcou.

2058 2765 2272 2837 Afvum]
2302 2768 2347 2821 Α
2378 2766 2565 2821 Graeco
2596 2771 2716 2823 αἰὼν
2742 2769 2957 2832 d.ci‘ur,
3002 2772 3141 2839 quod
3173 2773 3360 2827 Latine
3387 2788 3561 2828 sarcu-

1988 2856 2097 2909 lum
2124 2856 2390 2926 signiﬁcat
2422 2876 2432 2908 :
2467 2857 2519 2911 id
2552 2858 2645 2911 alii
2670 2868 2877 2928 tempus
2907 2861 3309 2931 quinquaginta,
3334 2866 3565 2918 aliieen-

1989 2961 2097 3002 tum
2122 2964 2381 3004 annorum
2414 2965 2534 3004 esse
2564 2953 2767 3004 volunt.
2802 2954 3021 3022 Capitur
3052 2954 3136 3008 hic
3162 2971 3254 3024 per
3304 2959 3565 3027 synecdo-

1985 3042 2123 3097 chen
2154 3056 2249 3111 pro
2277 3042 2406 3107 vita,
2437 3057 2593 3110 quam
2621 3042 2705 3096 hic
2730 3045 3048 3114 peragimus.
3081 3047 3367 3101 AGRICOLA.

300 3142 551 3197 dissima:
573 3143 877 3211 margarita:
905 3141 1101 3195 diutius
1134 3141 1185 3194 in
1228 3154 1348 3195 mea
1371 3138 1739 3209 dactylotheca
1768 3140 1881 3195 sine
1912 3126 1955 3187 C
2061 3131 2268 3205 Fatum]
2302 3133 2510 3188 Dictum
2555 3144 2633 3188 est
2666 3136 2786 3204 quia
2834 3136 2971 3190 Deus
3002 3137 3052 3191 id
3095 3139 3231 3194 ratus
3260 3150 3363 3203 est,
3404 3142 3452 3194 id
3482 3151 3564 3195 es:

301 3231 518 3287 honore
544 3233 866 3287 dititrscant.
925 3232 1129 3287 Addam
1164 3243 1341 3286 autem
1388 3231 1701 3299 quibusdam
1753 3232 1885 3285 locis

299 3339 424 3388 mea
480 3325 869 3393 qualiacunque
898 3339 1067 3392 eaque
1122 3324 1301 3393 paucis
1348 3323 1645 3392 perSIricta,
1679 3340 1744 3379 ne
1774 3324 1883 3377 for-

298 3425 451 3470 tasse
486 3415 759 3481 prolixitas
804 3416 1018 3470 ta-dium
1070 3416 1259 3485 pariat,
1298 3430 1656 3485 nauseamque
1698 3416 1882 3470 lectori

294 3508 561 3564 delicato.

373 3598 627 3668 Quisquis
653 3600 966 3670 rotttpost'to]
991 3600 1212 3653 Metrum
1254 3610 1335 3653 est
1359 3599 1877 3669 hendecasyllabum,

295 3686 351 3741 Id
382 3698 474 3742 est
504 3687 750 3742 undecim
805 3689 1153 3759 syllabarum.
1202 3689 1567 3755 Phaleucium,
1618 3690 1822 3745 dictum
1854 3706 1882 3743 a

294 3776 580 3831 Phalenco
606 3787 824 3833 auctore
852 3778 990 3848 ejus,
1020 3790 1429 3848 pentametrum,
1447 3792 1699 3835 constans
1726 3797 1887 3849 spon-

294 3865 431 3931 deo,
463 3866 701 3937 dactylo,
737 3867 907 3923 tribus
936 3869 1207 3922 trochaeis.
1242 3869 1519 3923 Sententia
1544 3872 1659 3939 ejus
1681 3872 1883 3941 depen-

292 3954 393 4011 det
425 3972 495 4010 ει
520 3971 586 4010 eo
630 3957 770 4026 quod
820 3958 1070 4025 praedixit
1117 3959 1215 4013 sub
1246 3974 1471 4028 persona
1525 3960 1885 4029 PhilosOpltite

290 4051 605 4117 sapientem
632 4062 701 4102 eo
739 4048 990 4102 virtutum
1023 4050 1353 4104 munimento
1387 4062 1553 4104 tutum
1602 4062 1656 4106 et
1699 4051 1885 4107 defen-

291 4154 421 4194 sum
454 4154 601 4205 esse,
638 4139 781 4207 quod
834 4140 979 4193 nulla
1035 4141 1317 4194 stultorum
1372 4151 1463 4195 aut
1519 4140 1879 4211 improborum

290 4229 585 4285 hominum
623 4231 700 4285 vis
751 4240 805 4285 et
854 4230 1043 4299 ittjuria
1077 4233 1244 4300 possit
1296 4247 1658 4300 perrumpere.
1692 4235 1882 4288 Subdit

288 4336 433 4391 ergo
468 4340 481 4373 :
517 4322 766 4391 Quisquis
800 4322 1034 4376 animum
1081 4338 1236 4379 suum
1279 4334 1426 4380 recte
1475 4326 1794 4394 composuit,
1827 4338 1882 4381 et

288 4428 463 4468 casus
494 4429 672 4467 rerum
705 4414 1055 4468 humanarum
1086 4417 1425 4485 contempsit,
1452 4418 1599 4471 illum
1625 4417 1755 4472 nihil
1790 4434 1881 4486 po-

1988 3225 2143 3288 dixit,
2179 3226 2278 3279 hoc
2304 3234 2386 3280 est
2405 3226 2565 3295 jussit
2592 3237 2647 3279 ut
2676 3228 2845 3282 ﬁeret.
2869 3229 3157 3285 AGRICOLA.

2058 3318 2165 3372 Sub
2184 3319 2397 3386 pedidus
2442 3318 2601 3390 dedit]
2644 3319 2947 3389 Legendum
2978 3332 3061 3376 est
3113 3339 3217 3378 non
3257 3326 3394 3395 egit,
3425 3325 3566 3379 sicut

1989 3410 2205 3479 plminti
2259 3412 2381 3466 libri
2431 3411 2648 3465 habent.
2683 3413 2864 3481 Neque
2895 3414 3038 3468 enim
3078 3418 3231 3471 alter
3262 3418 3421 3470 stabit
3452 3434 3566 3473 ver-

1987 3518 2100 3567 sus,
2143 3504 2299 3571 cujus
2328 3504 2543 3558 tertium
2578 3505 2767 3573 pedem
2824 3512 3116 3563 trochaeum
3169 3526 3289 3564 esse
3317 3522 3563 3581 Oportet:

1987 3594 2079 3662 qui
2106 3595 2151 3648 si
2204 3594 2332 3663 egit,
2362 3604 2416 3647 et
2467 3610 2571 3649 non
2602 3595 2750 3650 dedit
2796 3598 3025 3665 dicatur,
3070 3600 3275 3654 iambus
3306 3605 3413 3656 liet.
3450 3604 3566 3661 Fuit

1989 3696 2165 3740 autem
2213 3686 2500 3742 dicendum
2562 3688 2767 3752 noetio,
2821 3692 2919 3744 sub
2974 3693 3135 3758 pedes
3166 3694 3334 3751 dedit.
3364 3706 3417 3748 et
3460 3712 3563 3749 non

1989 3778 2235 3846 pedibus,
2289 3794 2357 3833 ex
2400 3790 2586 3834 natura
2643 3782 3042 3849 prtepositionis
3098 3785 3395 3853 ειιιῄιιιιιειίιε
3441 3802 3562 3839 cun

1989 3870 2155 3923 verbo
2184 3869 2568 3937 quod'motum
2600 3872 2664 3923 ad
2722 3872 2893 3925 locum
2937 3873 3220 3941 signiﬁcat.
3256 3874 3562 3943 Legettdum

1989 3976 2117 4031 ergo
2147 3969 2229 4015 est
2271 3960 2511 4030 ﬁgurate.
2542 3972 2598 4015 ut
2642 3961 2711 4015 sit
2756 3978 2856 4016 una
2880 3962 3043 4017 dictio
3071 3967 3169 4017 sub
3216 3975 3269 4019 et
3316 3965 3483 4033 dedit,
3511 3978 3563 4020 et

1991 4070 2085 4121 per
2130 4054 2344 4107 tmesim
2375 4054 2596 4122 ﬁguram
2630 4070 2748 4124 quae
2788 4056 2955 4110 sectio
3003 4056 3190 4111 Latine
3232 4058 3562 4128 intelligitur,

1991 4147 2365 4216 interpositum
2398 4148 2467 4200 sit
2496 4148 2740 4216 pedibus,
2770 4157 2829 4202 ut
2856 4149 2921 4203 sit
2946 4150 3045 4203 sub
3072 4151 3291 4217 pedibus
3318 4150 3485 4215 dedit,
3513 4153 3563 4206 id

1988 4253 2071 4293 εει
2101 4240 2330 4293 subdidit
2363 4240 2604 4306 pedibus.
2633 4243 2917 4296 Acntcou.

2065 4331 2372 4403 Fortunam]
2405 4332 2637 4386 Fortuna
2663 4348 2690 4386 a
2718 4333 2827 4386 fors
2844 4334 3057 4396 dicitur,
3093 4350 3249 4403 quem
3273 4350 3301 4387 a
3344 4336 3561 4389 ferendo

1988 4422 2131 4476 dicta
2159 4430 2275 4475 est:
2309 4421 2429 4490 quia
2464 4436 2551 4477 res
2590 4421 2847 4476 humanas
2873 4422 3036 4485 ferat,
3070 4423 3170 4477 hoc
3210 4434 3292 4478 est
3325 4425 3487 4493 agitet
3511 4443 3563 4480 et

286 4515 404 4561 test
432 4505 633 4560 deinde
666 4505 974 4574 perturbare
994 4506 1195 4573 animo,
1221 4520 1313 4562 aut
1342 4520 1573 4563 mentem
1599 4511 1715 4578 ejus
1740 4526 1879 4565 com-
1910 4497 1963 4554 D
1991 4520 2158 4581 regat.
2177 4511 2413 4565 Dicimus
2438 4522 2614 4566 autem
2639 4513 2979 4581 singulariter
3003 4513 3267 4567 fortunam
3298 4516 3377 4568 vel
3408 4515 3560 4569 deant

284 4613 526 4653 movere
567 4614 583 4650 :
624 4612 731 4652 non
764 4597 999 4668 pericula
1030 4601 1214 4664 maris,
1246 4615 1351 4655 non
1392 4611 1651 4657 terrarum
1706 4614 1882 4658 motus

281 4700 384 4745 aut
410 4689 688 4757 incendia,
718 4704 824 4744 non
852 4691 993 4746 aeris
1032 4692 1271 4747 turbines
1302 4703 1395 4746 aut
1428 4694 1879 4761 perturbationes.

281 4794 393 4835 nec
424 4778 595 4835 etiam
624 4780 825 4834 saevitia
855 4791 944 4834 aut
973 4780 1222 4836 violentia
1278 4782 1530 4846 humana,
1561 4783 1655 4838 sed
1702 4785 1882 4838 omnia

280 4871 542 4943 negligit,
569 4880 625 4927 et
664 4888 759 4942 pro
789 4874 958 4928 nihilo
1005 4874 1171 4929 ducit.
1221 4872 1415 4929 Contra
1459 4891 1606 4939 vero,
1639 4877 1726 4945 qui
1770 4894 1877 4931 non

279 4973 367 5017 est
400 4965 712 5033 composito
750 4974 803 5018 et
831 4964 986 5019 ﬁrmo
1016 4966 1218 5031 animo,
1249 4966 1341 5019 sed
1370 4965 1521 5019 timet
1564 4968 1760 5037 aliquid
1792 4970 1875 5022 vel

277 5066 468 5125 Optat,
497 5055 609 5123 ille,
632 5060 751 5126 quia
782 5073 885 5112 non
914 5069 995 5111 est
1030 5058 1110 5111 sui
1138 5058 1288 5126 juris,
1324 5058 1413 5111 sed
1442 5074 1506 5112 ex
1537 5070 1678 5113 metu
1716 5062 1876 5115 alieni

276 5149 442 5217 ntali,
471 5148 562 5202 vel
590 5164 684 5217 spe
704 5148 862 5203 alieni
893 5150 1017 5203 boni
1048 5151 1261 5217 pendet,
1300 5150 1497 5218 abjecit
1525 5151 1791 5221 clypeum,
1824 5153 1874 5205 id

273 5250 365 5294 est
393 5239 798 5293 munimentum
832 5240 1042 5294 virtutis
1072 5256 1202 5304 suae,
1226 5241 1546 5311 etdepulsus
1577 5260 1605 5295 a
1634 5243 1751 5297 loco
1778 5259 1878 5297 suo

272 5348 332 5387 tn
393 5346 519 5402 quo
573 5332 767 5397 stabat,
793 5341 851 5387 et
893 5349 1050 5402 quem
1087 5334 1375 5389 defendere
1429 5335 1679 5403 debebat,
1714 5340 1879 5393 noetit

269 5432 568 5488 catenam,
594 5438 695 5491 qua
719 5423 891 5477 valeat
910 5426 1070 5490 trahi,
1096 5426 1145 5478 id
1172 5436 1272 5489 est,
1299 5428 1379 5480 via
1410 5428 1607 5495 praebet
1627 5444 1725 5497 qua
1756 5444 1878 5497 pos-

268 5516 349 5570 sit
390 5513 510 5567 sibi
555 5516 732 5568 noceri
764 5531 776 5567 :
806 5515 1095 5569 secundum
1128 5518 1447 5570 sententiam
1486 5519 1627 5571 enim
1668 5518 1878 5573 Stoico-

268 5622 427 5671 rum,
453 5619 621 5660 nemo
637 5606 847 5661 laeditur
865 5608 965 5661 nisi
980 5624 1007 5660 ε
1022 5608 1219 5676 seipse.
1244 5608 1345 5661 Alii
1368 5609 1509 5662 enim
1525 5624 1612 5663 res
1638 5620 1869 5675 nostras,

268 5701 384 5754 hoc
410 5705 510 5753 est
542 5694 751 5755 divitias
788 5699 875 5754 vel
912 5699 1163 5764 honores,
1192 5699 1274 5754 vel
1315 5699 1531 5767 famam,
1561 5702 1641 5758 vel
1670 5704 1877 5771 reliqua

1996 4605 2079 4670 (ut
2098 4612 2337 4657 vetustas
2378 4604 2602 4683 putavit)
2636 4605 2719 4657 vel
2747 4621 2950 4669 rasum,
2980 4622 3071 4672 per
3091 4621 3248 4675 quem
3281 4621 3367 4659 res
3396 4607 3564 4660 homi-

1994 4713 2121 4751 num
2148 4698 2434 4751 volvuntur
2457 4698 2731 4751 instabiles
2757 4710 2811 4753 et
2839 4699 3078 4765 incertae,
3134 4701 3413 4767 pluraliter
3435 4718 3563 4755 vero

1993 4803 2091 4857 pro
2117 4788 2270 4844 bonis
2304 4788 2535 4843 fortuna:
2576 4797 2631 4843 et
2659 4791 2925 4859 praecipue
2968 4808 3063 4859 pro
3104 4792 3301 4847 divinis
3337 4792 3563 4847 dicimus

1993 4879 2252 4937 fortunas.
2277 4883 2564 4937 Acmcom.

2067 4968 2508 5042 Vultum]Vul:us
2534 4989 2562 5027 a
2594 4972 2726 5029 facie
2750 4974 2947 5037 differt,
2994 4976 3116 5045 quia
3155 4976 3318 5031 facies
3343 4986 3423 5030 est
3470 4976 3535 5032 ba

1991 5065 2176 5120 bitudo
2200 5066 2457 5119 naturalis
2484 5066 2640 5120 ittsi'a
2682 5069 2888 5137 cuique.
2927 5067 3113 5123 Vultus
3140 5085 3203 5121 ex
3235 5069 3429 5137 gaudio
3449 5070 3561 5123 sive

1989 5157 2200 5210 tristitia
2225 5166 2478 5221 mutatur,
2508 5156 2643 5211 sicut
2663 5159 2926 5212 voluntas.
2950 5160 3077 5211 Nam
3107 5175 3133 5211 a
3164 5159 3373 5212 valendi
3394 5158 3560 5212 verbo

1986 5249 2166 5302 vultus
2196 5248 2489 5303 descendit.
2526 5250 2709 5305 Facies
2731 5266 2759 5303 a
2785 5250 3178 5305 faciendodieta
3202 5264 3302 5313 est,
3328 5252 3450 5320 quia
3478 5268 3560 5305 res

1988 5340 2065 5392 sic
2103 5340 2169 5391 sit
2214 5340 2347 5393 facta
2382 5357 2394 5391 :
2428 5340 2757 5410 dirimusque
2803 5356 2906 5394 non
2953 5344 3121 5395 solum
3165 5342 3416 5405 hominis,
3466 5344 3557 5395 Sed

1985 5440 2039 5485 et
2079 5431 2295 5499 pecudis
2332 5440 2386 5485 et
2432 5432 2530 5485 loci
2586 5433 2792 5497 faciem,
2830 5433 2929 5486 hoc
2960 5444 3037 5485 est
3070 5434 3290 5487 formam
3320 5436 3401 5488 vel
3434 5434 3558 5495 ﬁgu-

1988 5539 2121 5577 ram.
2156 5522 2341 5576 Vultus
2370 5523 2536 5576 solius
2556 5532 2633 5576 est
2665 5522 2915 5575 hominis.
2945 5526 3233 5578 AGRICOLA.

2061 5611 2277 5682 Pontus]
2306 5611 2457 5681 Apud
2488 5622 2668 5681 poetas
2701 5613 3013 5683 plerumque
3045 5629 3143 5683 pro
3180 5616 3312 5669 mari
3359 5616 3557 5682 accipi-

1992 5716 2075 5761 tur
2114 5722 2210 5775 per
2252 5707 2649 5776 synecdochen,
2695 5718 2881 5777 estque
2932 5722 3054 5777 pars
3106 5708 3267 5764 maris
3314 5707 3556 5778 quaedam
