4010 6372
457 349 549 404 Hi

1091 349 1430 406 APPENDIX
1468 349 1568 403 AD
1609 346 1846 406 LIBROS
1886 346 1970 401 DE
2010 345 2526 404 CONSOLATIONE
2571 340 3060 398 PHILOSOPHUE.

3619 337 3722 390 9ii

459 464 595 518 ultra
636 460 1147 531 Constantinopolim
1196 464 1386 530 posita,
1421 477 1578 530 quam
1633 459 1787 515 hodie
1839 469 2035 514 natura:
2066 463 2118 520 Α
2140 459 2458 518 desertoris.
2499 457 2636 527 quod
2671 466 2754 511 est
2800 456 3082 533 ῥίψασπις,
3123 451 3175 506 id
3202 461 3281 506 est
3311 444 3724 522 projector'cly.

462 565 655 610 vocant
698 567 846 607 mare
880 553 1094 617 Leonis,
1134 568 1162 606 a
1206 568 1305 623 qua
1339 554 1527 607 vicine
1567 563 1754 622 gentes
1803 553 2034 607 Panticzn

458 655 735 699 vocantur.
765 644 1006 698 Gnaeum
1055 659 1251 698 nomen
1295 654 1376 698 est
1416 651 1628 712 pontus,
1658 644 1856 699 dictum
1886 645 2036 714 quasi

457 735 778 796 laboriosus,
811 734 931 802 quia
962 748 1176 802 semper
1203 736 1608 803 tempestatibus
1634 735 1890 804 agitatur:
1914 751 2032 788 naut

459 826 603 886 πόνος
632 824 817 879 Graece
841 825 1074 878 laborent
1103 825 1385 894 Significat.
1421 828 1712 880 AGRICOLA.

528 915 760 986 Ais-tum]
787 916 992 978 Aistus,
1036 932 1064 967 a
1111 932 1216 984 quo
1257 927 1415 970 {cstas
1455 917 1596 970 dicta
1638 925 1739 979 est,
1775 916 2036 968 fervi-rem

458 1005 741 1074 significat,
776 1007 912 1060 unde
942 1015 993 1059 et
1025 1019 1197 1060 tnotus
1226 1008 1314 1060 ille
1346 1009 1506 1060 maris
1528 1008 1614 1073 qui
1642 1010 1693 1058 iit
1723 1023 1814 1074 per
1839 1006 2037 1059 fluxum

459 1108 511 1152 et
551 1097 832 1159 rcﬂuxuni,
859 1108 1020 1151 aestus
1041 1098 1106 1151 ab
1130 1099 1435 1151 auctoribus
1465 1097 1662 1151 Latinis
1685 1099 1898 1161 dicitur,
1916 1100 2038 1166 quia

459 1202 609 1240 mare
648 1196 876 1242 aestuare
922 1198 975 1242 et
1015 1197 1263 1257 tanquam
1309 1190 1534 1242 ebullire
1577 1189 1806 1243 videtur.
1855 1189 2038 1257 Itaque

459 1275 663 1330 Plinius
694 1279 998 1332 testuarium
1026 1279 1164 1332 dixit
1185 1281 1354 1332 locum
1379 1278 1431 1331 itt
1457 1295 1611 1347 quem
1643 1295 1702 1332 se
1731 1289 1892 1333 aestus
1923 1296 2038 1331 nia-

461 1369 532 1420 ris
562 1367 878 1422 effunderet.
910 1367 1018 1438 Ego
1063 1370 1224 1424 etiam
1282 1370 1598 1424 crediderim
1647 1371 1835 1442 (quam
1880 1370 2040 1424 hodie

462 1459 686 1514 barbare
712 1461 904 1514 stulam
938 1478 1204 1524 iocamus,
1240 1463 1532 1516 secundum
1583 1477 1772 1516 sonum
1819 1463 2038 1518 Genna-

417 1543 420 1546 ’
463 1547 594 1602 ιιίοω
617 1548 837 1620 linguas)
874 1552 988 1620 ejus
1021 1568 1212 1606 nomen
1243 1554 1310 1608 ab
1350 1552 1602 1607 aestuario
1646 1563 1950 1622 corruptum
1987 1566 2040 1608 et

465 1639 804 1706 depravatum
856 1656 1011 1707 es.~e,
1058 1658 1175 1696 eam
1231 1644 1432 1696 Plinius
1477 1643 1770 1697 caldariam
1809 1645 2034 1698 vocavit.
2082 1662 2085 1665 ’

466 1727 594 1782 Nam
641 1727 728 1782 ubi
772 1729 1043 1797 lavamur,
1082 1732 1329 1786 balneum
1382 1732 1594 1802 proprie
1630 1733 1841 1788 dicitur.
1876 1738 2035 1788 Acnt‘

467 1830 615 1872 COLA.

530 1910 792 1982 Cominus]
817 1912 859 1966 Α
875 1919 1078 1985 mitium
1103 1913 1310 1980 Graece,
1341 1915 1484 1984 quod
1507 1928 1587 1971 est
1613 1917 2034 1982 ardeo,dieitur;

467 2019 582 2060 eum
619 2005 804 2061 Latine
848 2009 1100 2062 Martialis
1133 2009 1419 2064 furnariam
1457 2014 1666 2064 vocavit
1713 2029 1726 2064 :
1786 2013 1886 2065 hoc
1924 2013 2040 2066 loco

467 2111 558 2164 per
585 2098 950 2166 metaphoram
981 2101 1238 2168 accipitur
1262 2115 1358 2169 pro
1376 2109 1530 2154 antro
1556 2103 1638 2154 vel
1664 2116 1914 2168 caverna,
1947 2118 2042 2170 per

468 2201 620 2256 quam
654 2186 889 2244 Vesevus
917 2189 1158 2244 flammas
1184 2193 1396 2244 emittit.
1433 2191 1668 2246 Vesevus
1701 2209 1852 2262 mons
1883 2193 2038 2247 estin

470 2278 775 2349 Batnpania,
805 2297 907 2336 non
943 2283 1097 2352 longe
1137 2299 1164 2335 a
1196 2283 1413 2352 Neupoli
1463 2297 1676 2352 semper
1705 2285 1921 2353 ardens,
1952 2287 2040 2355 qui

423 2429 426 2432 ,
470 2384 842 2440 noiinunquam
876 2374 1034 2427 tantis
1054 2373 1336 2428 ardoribus
1383 2376 1610 2444 agitatur
1645 2384 1699 2429 et
1740 2385 1952 2441 aestuat,
1986 2388 2043 2431 ut

471 2464 641 2518 omnia
677 2466 851 2520 vicina
880 2475 1034 2521 terra:
1073 2469 1306 2521 motibus
1357 2468 1604 2522 maximis
1649 2472 2042 2532 concutiuntur,

471 2557 576 2624 agri
605 2567 846 2626 tegantur
871 2558 1156 2613 citat-ribus.
1191 2558 1283 2613 Est
1304 2567 1357 2613 et
1383 2559 1519 2613 alius
1550 2560 1823 2615 immensa:
1852 2560 2045 2614 altitu-

473 2647 606 2702 dinis
633 2649 686 2702 in
711 2650 951 2718 Alpibus,
981 2649 1069 2719 qui
1106 2649 1348 2714 Vesulus,
1383 2666 1485 2704 non
1525 2650 1759 2705 Vesevus
1807 2653 1885 2720 (ut
1915 2665 2047 2704 non-

474 2738 600 2793 nulli
633 2739 825 2797 indocti
855 2739 1058 2808 dicunt)
1095 2754 1333 2796 vocatur.
1366 2744 1657 2799 Acmcou.

543 2831 734 2902 Celsos]
763 2834 805 2886 A
837 2833 971 2887 rello
1011 2832 1263 2888 inusitato
1306 2835 1470 2888 verbo
1515 2835 1731 2904 dicitur,
1763 2835 1900 2890 unde
1932 2852 2052 2904 per-

475 2925 630 2988 cello,
655 2924 880 2986 excelle,
908 2926 1171 2980 antecello
1201 2925 1465 2979 dicuntur.
1493 2925 1784 2980 Acmcou.

540 3013 740 3086 Turris]
763 3015 923 3084 Quasi
947 3017 1123 3081 terris,
1150 3017 1270 3086 quia
1312 3017 1493 3071 hostes
1525 3026 1742 3080 terreat,
1776 3017 1916 3071 dicta
1950 3028 2053 3072 est.

477 3109 766 3164 AGMCOLA.

547 3200 787 3272 Fulmen]
816 3200 964 3256 Sicut
992 3199 1172 3271 fulgur
1199 3217 1227 3256 a
1252 3199 1502 3271 fulgendo
1529 3200 1730 3254 dictum
1761 3209 1862 3255 est.
1892 3201 2054 3255 Acat—
2081 3209 2129 3270 ο

479 3309 632 3349 ιοιλ.

548 3384 838 3456 Tymanos]
866 3385 1050 3440 Graece
1077 3385 1366 3456 principem
1397 3386 1675 3455 signiﬁcat.
1710 3385 1839 3440 Inde
1869 3385 2056 3454 Virgil.

483 3477 613 3530 tlixit
641 3479 692 3531 in
717 3493 785 3530 vtt
816 3477 1029 3531 IEneid.
1056 3494 1068 3503 ·

665 3613 785 3660 Pars
809 3611 926 3660 mihi
951 3613 1077 3674 pacis
1101 3613 1214 3671 erit,
1238 3611 1461 3661 dextram
1482 3614 1707 3674 tetigisse
1727 3620 1912 3676 tyranni

484 3737 612 3804 Quia
666 3752 792 3790 vero
823 3737 995 3791 Graeci
1042 3753 1256 3807 semper
1311 3737 1594 3806 cupierunt
1641 3751 1759 3790 esse
1805 3736 1958 3791 liberi
2007 3746 2063 3793 et

484 3832 598 3886 sine
639 3831 875 3898 regibus,
928 3828 1126 3884 idcirco
1176 3829 1391 3900 tyranni
1449 3844 1644 3883 nomen
1689 3828 1828 3897 apttd
1857 3844 1972 3898 eos,
2007 3840 2061 3883 et

480 3923 605 3978 hinc
627 3921 763 3992 apud
793 3936 980 3975 omnes
999 3923 1137 3976 inter
1163 3920 1474 3974 delcSIanda
1499 3930 1580 3972 est
1611 3919 1870 4001 habitum.
1895 3920 2055 3974 Acm-

483 4031 640 4072 εοιΑ.

554 4103 932 4176 Exarmaveris]
961 4104 1062 4158 Pro
1083 4103 1408 4166 exarmahis,
1440 4113 1496 4156 ut
1543 4103 1650 4156 fere
1695 4101 1805 4155 vult
1837 4101 2066 4155 Priscia-

489 4213 590 4254 nus
624 4198 791 4266 accipi
821 4196 875 4250 in
904 4195 1205 4266 liujnsmodi
1236 4196 1365 4248 locis
1383 4194 1778 4263 coiijuuctivum
1813 4208 1907 4261 pro
1930 4192 2066 4246 iudi-

486 4293 682 4357 cativo,
712 4305 1014 4362 quanquam
1060 4298 1236 4343 tamen
1283 4287 1418 4342 forte
1467 4287 1663 4341 rectius
1695 4285 2068 4354 interpretabi-

487 4399 606 4438 mur
635 4398 728 4453 per
762 4383 948 4452 poteris
981 4395 1244 4434 exarmare
1275 4378 1388 4442 vel,
1426 4389 1498 4432 est
1535 4389 1586 4431 ut
1626 4392 1872 4430 exarmes.
1900 4376 2064 4429 Aoni-

487 4495 642 4534 COLA.

562 4565 846 4640 Impotens]
873 4567 1141 4636 Impotens
1183 4554 1377 4620 dicitur
1421 4564 1730 4632 plerumque
1786 4560 1839 4613 in
1873 4559 2062 4613 malam

490 4674 716 4731 portent,
741 4669 799 4714 nt
823 4676 927 4714 non
965 4659 1034 4714 sit
1081 4659 1222 4712 idem
1252 4656 1390 4726 quod
1418 4653 1606 4709 debilis
1633 4652 1717 4706 vel
1765 4651 2064 4716 imbecillis,

490 4755 582 4809 sed
611 4755 699 4824 qui
723 4768 830 4806 non
860 4761 1048 4821 potens
1095 4750 1198 4813 sui,
1231 4759 1290 4804 ut
1335 4755 1459 4801 sunt
1490 4745 1801 4814 plerumque
1826 4743 2068 4797 homines

492 4848 544 4900 in
564 4859 752 4915 magna
784 4844 993 4898 fortuna
1026 4842 1202 4911 positi.
1227 4840 1297 4894 lta
1330 4839 1458 4892 dicit
1489 4837 1690 4891 Plinius
1713 4835 1762 4888 in
1790 4835 2069 4904 epistolis:

490 4937 618 4994 Scio
644 4950 802 5007 quam
825 4935 894 4989 sit
935 4948 1084 4988 amor
1115 4932 1379 5001 impotens
1409 4943 1638 4998 semper.
1679 4928 1766 4982 Sic
1793 4929 1954 4982 etiam
1988 4927 2072 4980 di-

495 5031 664 5082 cimus
684 5025 1043 5093 impatientem
1068 5025 1286 5087 amoris,
1312 5021 1674 5091 impatientem
1693 5018 1803 5084 irae,
1825 5017 2069 5086 nonquia

495 5133 603 5174 non
630 5118 880 5188 patiatur,
914 5115 1006 5170 sed
1027 5114 1146 5185 quia
1181 5129 1282 5166 non
1332 5112 1616 5167 commode
1637 5111 1886 5182 patiatur.
1915 5115 2074 5167 Acm-

497 5229 652 5269 COLA.

567 5305 763 5377 Abjecit
783 5304 1036 5373 clypeum,
1062 5298 1274 5370 locoque
1300 5295 1488 5368 motus]
1528 5296 1886 5366 Periphrasis,
1916 5295 1966 5350 id
1993 5305 2075 5351 est

499 5397 897 5456 circumlocutio
923 5404 1005 5451 est
1029 5392 1340 5458 desertoris,
1365 5390 1453 5460 qui
1484 5391 1659 5445 locum
1711 5390 1761 5443 in
1785 5391 1897 5444 acie
1920 5389 2019 5443 sibi
2044 5405 2072 5442 a

500 5493 635 5548 duce
666 5495 987 5559 assignatum
1010 5484 1282 5556 relinquit.
1308 5482 1422 5537 Non
1448 5481 1586 5537 enim
1613 5481 1808 5536 licebat
1831 5479 2076 5533 instituto

502 5585 704 5641 militia:
721 5584 914 5639 veteris
943 5580 1147 5636 moveri
1174 5577 1314 5641 loco,
1338 5576 1438 5630 nisi
1461 5573 1682 5629 feriendi
1707 5573 1873 5627 ilOSlis
1895 5586 2073 5635 causa,

503 5678 586 5731 vel
628 5676 870 5731 servandi
921 5673 1084 5735 civis,
1129 5671 1212 5725 vel
1250 5667 1551 5725 resnmendi
1596 5666 1706 5721 teli.
1767 5665 1916 5731 Quod
1952 5663 2080 5718 dicit

503 5777 703 5835 autem,
737 5765 919 5834 abjecit
949 5763 1204 5834 clypeum,
1235 5760 1416 5816 allusit
1472 5759 1536 5813 ad
1587 5759 1831 5814 Grtccum
1884 5769 2076 5810 nomen

2141 553 2241 621 pei.
2271 553 2562 606 AGRICOLA.

2212 645 2433 696 Metruui
2464 641 2602 710 quod
2634 639 2883 710 Agricola
2914 650 2967 692 et
3012 638 3102 692 alii
3152 654 3254 691 non
3289 639 3437 707 pauci
3485 637 3725 691 Plialen-

2140 737 2277 788 cium
2307 743 2516 794 vocant,
2550 732 2786 797 plerique
2813 746 2904 796 per
2931 747 2974 782 a2
2998 730 3362 797 diphthongo"
3394 731 3567 798 potius
3603 730 3727 782 l'la-

2143 826 2350 879 ltecium
2384 825 2608 878 dicunt:
2643 822 2880 875 nonnulli
2922 820 3287 882 Plialeciuutn,
3330 821 3420 874 alii
3455 819 3727 873 l’lialt-uti-

2141 927 2260 966 cum
2289 931 2300 964 :
2330 913 2424 967 sed
2470 912 2762 966 cavendum
2799 911 3049 976 oninino,
3079 924 3146 965 ne
3189 926 3338 964 more
3387 909 3726 964 indoctorum

2143 1019 2235 1074 per
2264 1021 2295 1056 η
2321 1004 2598 1057 falcncium
2627 1014 2865 1056 vocetur.

2212 1095 2459 1164 Serenus]
2489 1094 2721 1147 Nubibus
2743 1092 3197 1160 perturbatiomtm
3216 1107 3442 1145 vacuus:
3465 1093 3725 1157 quemad-

2145 1187 2362 1240 modum
2392 1198 2576 1241 coutra
2605 1187 2656 1239 iti
2689 1186 2876 1240 nltitno
2911 1187 3064 1254 hujus
3092 1187 3331 1239 carmine
3361 1185 3542 1239 nubila
3574 1200 3729 1241 mens

2142 1279 2355 1342 dicitur,
2389 1282 2565 1347 pravis
2589 1277 2956 1333 affectionibus
2982 1277 3230 1332 obducta.
3265 1279 3446 1332 0vid.:

2326 1366 2544 1416 Carmina
2572 1369 2863 1428 proveniunt
2886 1369 3046 1415 animo
3069 1367 3275 1414 deducta
3301 1379 3502 1415 Sereno.

2144 1452 2405 1505 Marsilius
2445 1453 2660 1506 Ficinus
2693 1454 2742 1504 in
2777 1454 2870 1507 lib.
2897 1453 3090 1506 l’lotini
3138 1456 3205 1507 de
3239 1455 3602 1520 Beatitmline,
3634 1471 3726 1509 ca-

2144 1543 2250 1609 pite
2285 1543 2376 1597 12:
2401 1542 2635 1596 Serenus
2664 1552 2841 1596 autem
2864 1559 3074 1610 semper
3101 1556 3180 1595 est
3219 1546 3434 1612 probus,
3454 1557 3731 1608 statusun

2143 1631 2259 1701 ejus
2308 1633 2542 1701 quietus,
2593 1632 2915 1700 allectioqne
2966 1632 3260 1698 suflieiens,
3309 1648 3464 1702 quam
3523 1636 3730 1688 nullum

2144 1724 2364 1775 οηιιιῐιιυ
2411 1739 2618 1788 eorum,
2667 1723 2757 1792 qui
2790 1724 2926 1777 mala
2955 1725 3233 1788 dicuntur,
3259 1728 3301 1779 si
3331 1727 3488 1780 modo
3534 1730 3733 1795 probus

2070 1838 2112 1895 Β
2144 1815 2231 1867 ille
2262 1814 2343 1874 sit,
2372 1814 2665 1880 perturbat.

2213 1899 2424 1972 Fatum]
2456 1903 2590 1968 Quid
2624 1904 2692 1954 sit
2725 1902 2860 1955 infra
2887 1902 2936 1954 in
2971 1919 3019 1955 tv
3046 1903 3136 1955 lib.
3167 1903 3377 1957 dicitur.
3429 1904 3526 1958 llic
3557 1913 3732 1957 autem

2144 2008 2237 2060 per
2264 1993 2426 2045 fatum
2459 1994 2640 2060 accipi
2666 2033 2680 2054 ,
2728 2009 2790 2044 ex
2842 1993 2947 2045 fato
2979 1993 3268 2048 venientia.
3305 1995 3523 2049 Videtur
3553 2006 3734 2050 autem

2143 2085 2406 2149 imitatus,
2435 2083 2559 2136 illud
2593 2083 2777 2152 Virgil.
2810 2084 2860 2136 in
2893 2101 2925 2137 ti
2957 2082 3184 2153 Georg.:

2329 2175 2488 2230 Felix,
2513 2176 2593 2236 qui
2623 2179 2775 2234 potuit
2796 2189 2958 2222 rerum
2990 2189 3293 2237 cognoscere
3316 2187 3509 2237 causas,

2331 2239 2489 2296 Atque
2516 2245 2674 2285 metus
2694 2251 2881 2294 omnes,
2913 2246 2960 2283 et
2985 2238 3221 2284 inexorah
3243 2238 3286 2283 le
3313 2238 3462 2285 fafnm

2328 2298 2548 2359 Subjecit
2571 2300 2796 2360 pedibus,
2815 2301 3176 2360 strepitumque
3208 2301 3501 2348 Acheruntis
3523 2301 3673 2349 avari.

2148 2382 2212 2436 Et
2234 2380 2361 2434 illud
2385 2385 2602 2435 Seneca:
2633 2383 2813 2449 tragici
2849 2383 2899 2434 in
2928 2382 3148 2436 llercule
3177 2382 3364 2438 OElieo
3401 2402 3416 2438 :

2333 2471 2562 2532 Quisquis
2586 2473 2676 2517 sub
2705 2471 2909 2531 pedibus
2931 2471 3024 2518 fata
3050 2473 3259 2530 rapat-ia,

2332 2533 2391 2594 Εἰ.
2414 2546 2623 2594 puppem
2647 2535 2803 2593 po~uit
2832 2534 3023 2579 luminis
3046 2534 3222 2593 ultimi,

2332 2593 2438 2642 Non
2462 2596 2646 2654 captiva
2669 2597 2803 2640 dabit.
2833 2595 3027 2640 brachia
3057 2595 3276 2653 vinculis,

2335 2655 2439 2704 Nec
2468 2669 2652 2716 pompae
2677 2657 2844 2704 Veniet
2868 2657 3033 2703 nobile
3059 2655 3311 2704 fereulum.

2153 2738 2284 2792 Item
2315 2737 2552 2806 ejusdem
2608 2753 2792 2790 vorsus
2819 2737 3268 2804 elegantiSSimos,
3312 2737 3404 2807 qui
3433 2746 3561 2790 surt
3598 2738 3647 2790 in
3681 2755 3739 2792 ca

2155 2827 2431 2896 tragtedia,
2460 2827 2545 2880 cui
2575 2827 2760 2879 titulus
2782 2826 3079 2896 Thyestes:

2399 2933 2507 2997 Bex
2535 2945 2628 2989 est,
2649 2936 2731 2996 qui
2754 2938 2912 2997 posuit
2937 2944 3116 2996 metus,

2405 2995 2461 3044 Ει
2482 2999 2572 3044 diri
2597 2995 2716 3044 mula
2740 2995 2848 3055 pt-cl
2883 3001 2969 3059 rte,

2405 3059 2560 3120 Quem
2585 3073 2676 3106 non
2697 3060 2896 3105 ambitio
2916 3060 3174 3120 impotens,

2407 3119 2466 3168 Et
2489 3134 2726 3176 nunquam
2751 3121 2940 3167 stab.lis
2959 3122 3092 3168 favvr

2406 3181 2547 3239 Vulgi
2576 3181 2833 3239 ιςῐὲΡείιιίῖιδ
2857 3190 3038 3238 movet,

2409 3241 2511 3306 Non
2534 3243 2762 3306 qttithuit,l
2790 3242 2907 3291 fodit
2930 3243 3178 3306 oet-ideas,

2409 3304 2508 3352 Ant
2529 3305 2654 3350 nuda
2677 3304 2838 3364 '1'..gus
2857 3319 3004 3354 aurea

2406 3366 2546 3412 (Ila'o
2570 3365 2768 3413 devehit
2796 3365 2956 3423 :lveo,

2409 3427 2512 3474 Non
2534 3427 2763 3487 quidquid
2790 3427 2895 3474 [ιω
2909 3431 2977 3475 eis
3010 3429 3122 3476 terit

2412 3487 2633 3536 Fervens
2657 3501 2708 3535 ar
2744 3503 2768 3533 a
2799 3492 3057 3536 messibus.

2408 3551 2565 3606 Qut-tn
2591 3561 2682 3595 non
2704 3552 2954 3598 concutiet
2972 3553 3152 3600 cadens

2414 3609 2608 3672 leiqui
2639 3617 2709 3657 via
2736 3611 2964 3669 fulminis,

2409 3671 2513 3720 Non
2536 3671 2686 3720 eurus
2705 3686 2900 3732 rapeus
2925 3685 3077 3734 mare,

2412 3736 2508 3781 Aut
2530 3746 2659 3780 szevo
2686 3736 2879 3792 rapidus
2905 3734 3032 3782 freto

2411 3795 2614 3843 Venlt'Si
2639 3804 2795 3842 tumor
2827 3797 3008 3855 Atirizr,

2417 3857 2570 3914 Quem
2598 3869 2691 3903 non
2719 3856 2884 3903 laurea
2911 3858 3090 3917 militis,

2410 3918 2515 3982 δοιι
2548 3920 2827 3982 δυ’ξειιιδγιιο
2847 3920 2947 3965 nuit
2971 3921 3189 3982 chalybs,

2414 3980 2506 4036 Qui
2533 3988 2635 4027 tuto
2666 3981 2848 4037 p0>iltls
2876 3981 2994 4037 loz-o,

2417 4040 2546 4089 lnl'ra
2572 4054 2625 4088 se
2653 4043 2784 4089 videt
2806 4043 2982 4100 omnia,

2417 4104 2737 4162 Occurritque
2763 4115 2848 4148 suo
2869 4103 3025 4149 libens

2416 4162 2553 4221 Fato,
2580 4176 2672 4211 nec
2703 4167 2928 4225 queritur
2952 4164 3090 4213 mori.

2245 4263 2386 4337 Egit]
2417 4265 2628 4334 Optime
2673 4267 2866 4333 placet,
2926 4267 3067 4336 quod
3115 4268 3364 4339 Agricola
3400 4276 3587 4342 sentit,
3611 4273 3743 4333 dedit

2172 4358 2580 4423 restituendum,
2609 4367 2668 4411 nt
2696 4373 2884 4411 versus
2915 4368 3146 4414 constet.

2247 4449 2531 4504 Fortunam
2551 4447 2838 4520 utramque]
2867 4449 2932 4503 Et
2953 4465 3262 4520 prosperam
3293 4464 3347 4508 et
3368 4453 3671 4510 adversam.

2245 4540 2432 4611 Tuens]
2464 4541 2698 4593 lninens.

2243 4628 2451 4701 Rectus]
2483 4629 2729 4684 lnllexns.
2758 4627 3081 4683 Cleobulus:
3119 4630 3247 4684 Dum
3280 4635 3515 4688 secunda
3549 4636 3750 4688 fortuna

2173 4725 2392 4790 arridet,
2437 4723 2714 4793 superbire
2771 4725 2918 4776 noli;
2962 4723 3180 4777 adversa
3226 4740 3614 4796 perstrepente,
3647 4730 3752 4781 noli

2173 4817 2362 4885 frangi.
2408 4814 2657 4868 Fortunm
2709 4815 3031 4868 mutationes
3082 4813 3291 4870 fortiter
3329 4817 3502 4875 disce.
3546 4821 3754 4874 Perian-

2176 4909 2272 4963 der
2297 4925 2308 4959 :
2341 4907 2481 4960 Inter
2504 4905 2766 4960 secundas
2790 4921 2875 4961 res
2899 4914 3016 4959 esto
3043 4905 3369 4971 moderatus,
3401 4910 3542 4963 inter
3573 4913 3759 4964 adver-

2174 5013 2260 5054 sas
2282 4997 2533 5067 prudens.

2250 5092 2528 5162 Iuvit-tum]
2563 5090 2929 5153 Constantem,
2961 5090 3188 5144 fortuna:
3239 5091 3627 5149 mutationibus
3652 5107 3758 5148 non

2179 5187 2635 5242 succumbentem.

2250 5277 2373 5331 Non
2418 5278 2564 5330 illum
2613 5274 2818 5340 rabies,
2868 5272 3011 5345 etc.]
3051 5275 3143 5330 Sic
3194 5275 3447 5332 Horatius
3484 5276 3536 5330 in
3573 5292 3627 5331 tu
3661 5276 3760 5330 lib.

2179 5371 2362 5427 Carm.
2386 5383 2399 5425 :

2366 5458 2556 5507 Justtnn
2581 5466 2630 5505 et
2653 5464 2875 5506 tenacem
2901 5459 3130 5517 preposili
3155 5459 3324 5516 virum,

2364 5519 2467 5567 Non
2492 5521 2663 5566 civium
2686 5520 2825 5567 ardor
2851 5532 2993 5576 prava
3015 5520 3305 5577 join-utinm,

2367 5581 2470 5630 Non
2495 5583 2656 5630 vultus
2679 5581 2904 5631 instantis
2929 5580 3111 5640 tyranni

2368 5643 2531 5704 Mt‘llle
2558 5645 2712 5704 quatit
2735 5643 2903 5704 solila,
2930 5644 3281 5704 nequeauster

2372 5703 2476 5764 llux
2506 5703 2710 5764 inquieti
2736 5703 2958 5751 turbidus
2991 5703 3170 5764 Aldriae,

2366 5763 2468 5814 Nec
2493 5763 2788 5814 fulminantis
2811 5774 2984 5823 magna
3007 5763 3141 5812 lovis
3163 5773 3351 5810 manus.
