4010 6372
305 375 409 434 915

487 490 537 537 Si
564 490 737 537 fractus
764 490 983 540 illabatttr
1007 494 1156 549 orbis.

486 550 780 611 impavidum
809 554 986 603 ferient
1012 557 1179 604 ruinte.

372 627 683 703 Excitantis]
718 634 804 687 Fic
832 635 1131 702 legendum,
1166 646 1223 689 ut
1250 638 1549 693 rectissime
1572 642 1738 693 sentit
1767 642 1875 694 tto-

302 719 528 787 dulphus
580 722 836 789 Longius,
890 739 995 777 non
1049 725 1394 793 exagitanlis,
1443 739 1498 780 ut
1552 730 1705 797 vulgo
1749 744 1877 783 con-

303 822 381 866 tra
420 814 571 866 metri
604 817 862 869 rationem
893 818 1082 886 legitur
1106 820 1157 872 iu
1192 821 1586 888 exemplaribus
1609 823 1872 891 deprava-

303 905 388 959 tis.

377 992 614 1065 Vesevus]
647 996 742 1049 llic
774 1012 939 1065 prope
970 996 1240 1067 Neapolim
1272 1015 1424 1055 mons
1455 1009 1537 1056 est
1572 1002 1623 1055 in
1652 1002 1877 1072 Campa-

300 1085 403 1147 nia,
434 1086 522 1149 qui
569 1098 769 1139 mutato
810 1088 976 1154 priori
1031 1091 1244 1145 nomine
1296 1092 1513 1146 Summa
1562 1092 1776 1148 dicitur.
1828 1094 1876 1147 ls

299 1175 590 1241 aliquando
618 1176 981 1245 conflagravit,
1016 1189 1073 1233 nt
1105 1181 1304 1234 Plinius
1336 1181 1385 1234 in
1421 1184 1660 1247 epistolis
1689 1185 1872 1248 refert,

300 1264 585 1319 Suetonius
614 1277 665 1320 et
703 1268 981 1336 Eusebius,
1012 1272 1308 1340 imperante
1337 1274 1457 1329 Tito
1480 1284 1683 1329 tantum
1713 1292 1781 1330 ex
1817 1292 1876 1331 se

299 1354 528 1409 incendii
560 1359 757 1423 emisit,
791 1369 847 1413 ιιι
896 1361 1098 1415 vicinas
1123 1364 1384 1431 regiones,
1416 1376 1470 1420 et
1501 1382 1618 1420 cum
1645 1367 1876 1421 homini-

297 1444 396 1496 bus
444 1449 600 1498 urbes
632 1458 898 1502 exureret.
931 1451 1089 1505 Divus
1142 1454 1497 1525 llieronymus
1545 1456 1597 1509 in
1641 1458 1869 1527 quadam

295 1537 518 1601 epismla
554 1556 567 1593 :
599 1538 711 1593 Non
748 1543 943 1595 etenim
1005 1545 1171 1613 ignes,
1235 1563 1337 1601 non
1390 1548 1638 1603 Vulcania
1692 1552 1871 1615 tellus,

298 1642 403 1679 non
439 1628 670 1691 Vesevus
698 1645 749 1686 et
772 1634 1025 1704 Olympus
1056 1639 1215 1692 tantis
1235 1641 1515 1694 ardoribus
1536 1652 1786 1708 :estuant,
1814 1653 1874 1698 ut

295 1717 559 1780 iuveniles
591 1720 835 1777 medulla:
890 1725 1015 1777 vino
1059 1728 1228 1793 plena:
1286 1737 1339 1782 et
1381 1730 1606 1798 dapibus
1664 1732 1873 1785 inflam-

295 1821 473 1862 matae.
524 1811 726 1867 Dicitur
763 1827 816 1869 et
859 1816 1135 1873 Vesuvius.
1186 1820 1319 1874 llinc
1357 1821 1674 1878 Vesuvinus.
1716 1825 1872 1891 Papi-

294 1914 413 1953 ntus
446 1918 459 1953 ε

416 1992 521 2061 ᾕοιι
551 1993 670 2061 adeo
696 1996 969 2045 Vesuvinus
1001 2012 1149 2061 apex,
1179 2010 1227 2051 et
1252 2003 1470 2051 flammea
1496 2006 1586 2054 dirl

418 2053 594 2103 Montis
620 2058 775 2105 hiems
799 2061 1016 2121 trepidas
1033 2053 1269 2114 exhausit
1293 2066 1481 2114 civibus
1502 2053 1664 2117 urbes.

363 2135 539 2191 Celsos
566 2142 746 2211 terras]
775 2142 1023 2199 lloratius
1053 2163 1067 2198 :

478 2251 664 2319 Saepius
685 2258 845 2304 ven'is
867 2258 1075 2314 agi'atur
1101 2260 1275 2319 ingens

475 2311 644 2379 l_‘inns,
672 2323 721 2363 et
741 2321 884 2365 celsm
899 2311 1128 2379 graviore
1152 2311 1263 2369 casu

476 2372 712 2443 Decidult
741 2372 931 2432 [ιιι-ιη·δῖ
945 2380 1223 2443 feriuntque
1244 2396 1455 2433 summos

662 2437 731 2486 Fu
753 2454 869 2499 gnra
893 2452 1098 2491 montes.

358 2533 524 2589 Fero:
556 2539 818 2610 tyrannos]
843 2541 931 2595 Sic
962 2543 1243 2611 legendum
1270 2554 1373 2612 est,
1405 2561 1510 2600 non
1567 2561 1759 2615 szevos,
1809 2560 1867 2604 ut

288 2624 601 2696 Rodolphus
655 2628 887 2701 Langius
938 2634 1218 2690 duodecim
1256 2638 1451 2694 abhinc
1503 2655 1669 2695 annos
1723 2657 1751 2695 a
1784 2659 1868 2697 me

287 2722 582 2785 c0nsultus,
613 2738 671 2776 se
701 2724 751 2776 itt
776 2727 1063 2794 exemplari
1097 2730 1324 2796 quodam
1355 2731 1543 2799 legisse
1573 2733 1861 2800 respondit.

357 2814 554 2877 Abjecit
581 2815 834 2889 clypeum]
863 2819 1093 2874 Auctore
1112 2821 1431 2877 Philostrato
1455 2824 1590 2879 libro
1606 2826 1863 2891 secundo,

286 2906 601 2972 Apollonius
626 2910 696 2986 ad
745 2912 1015 2967 Damidem
1064 2918 1309 2973 comitem
1344 2931 1495 2973 suum
1528 2921 1603 2974 sic
1658 2922 1863 2978 locutus

284 2999 584 3065 estzQImd
630 3002 672 3055 si
732 3005 835 3056 tuis
888 3008 1181 3061 rationibus
1222 3025 1507 3077 persuasus
1556 3013 1859 3081 hujusmodi

283 3092 543 3156 pecunias
572 3094 893 3163 acciperem,
938 3114 1115 3153 nonne
1156 3117 1239 3153 me
1271 3111 1488 3155 avarum
1543 3113 1591 3156 et
1626 3105 1860 3173 philoso-

280 3181 425 3251 phiae
473 3195 893 3254 centemptoretn
949 3191 1154 3245 diceres
1210 3208 1270 3247 ac
1318 3196 1477 3249 etiam
1539 3195 1856 3252 deteriorem

281 3289 444 3343 quam
473 3278 691 3340 milites,
724 3282 812 3348 qtti
846 3281 898 3335 in
923 3297 1093 3353 pugna
1116 3286 1359 3354 clypeum
1391 3288 1681 3355 abjiciunt?
1710 3291 1856 3361 Abji-

278 3366 448 3419 cienti
480 3370 620 3422 enim
651 3370 893 3440 clypeum
918 3373 1030 3427 dari
1063 3392 1270 3429 rursum
1304 3388 1479 3446 potest
1525 3381 1662 3435 alius
1693 3383 1859 3437 nihilo

279 3458 467 3525 priore
515 3459 749 3515 deterior
781 3465 859 3535 (ut
909 3464 1079 3533 inquit
1110 3469 1497 3541 Archilochus)
1524 3472 1857 3542 philosophia

278 3561 415 3601 vero
455 3565 559 3618 quo
596 3563 748 3619 pacto
788 3557 1091 3624 recuperari
1134 3570 1303 3625 potest
1346 3563 1413 3615 ab
1457 3578 1522 3616 eo
1568 3565 1653 3633 qui
1696 3566 1857 3619 semel

280 3640 429 3695 illam
463 3648 850 3715 contempserit
877 3657 969 3702 aut
996 3650 1284 3718 abjecerit?
1314 3653 1561 3709 Horatius
1591 3657 1641 3709 in
1662 3658 1862 3726 episto-

280 3728 344 3785 lis
381 3750 395 3787 :

472 3826 691 3899 Perdidit
710 3841 863 3899 arma,
892 3830 1046 3899 locum
1074 3836 1267 3883 virtutis
1289 3836 1531 3898 deseruit,
1556 3841 1639 3899 qui

474 3888 683 3949 Semper
707 3892 754 3938 in
780 3894 1000 3950 augenda
1022 3899 1213 3943 lestinat
1241 3906 1291 3945 et
1315 3888 1535 3947 obru:tur
1558 3888 1630 3946 r'e.

282 3969 383 4022 Est
413 3979 587 4023 autem
640 3975 917 4027 translatio
946 3991 973 4026 a
1025 3992 1082 4029 re
1113 3958 1348 4032 militari.
1381 3979 1509 4032 Nam
1561 3981 1712 4035 militi
1743 3995 1862 4035 cum

282 4060 475 4127 primis
533 4062 942 4132 ignominiosum
997 4078 1146 4136 erat,
1194 4071 1261 4123 sit
1302 4081 1391 4124 aut
1427 4072 1598 4125 locum
1652 4074 1702 4127 in
1752 4074 1867 4130 acie

284 4149 617 4207 deseruisset
698 4164 790 4208 aut
830 4158 1025 4211 viventi
1065 4160 1165 4213 sibi
1203 4175 1347 4214 arma
1391 4164 1457 4217 ab
1501 4166 1654 4218 hoste
1691 4164 1869 4219 forent

280 4247 492 4307 erepta.

822 4339 883 4393 IN
925 4339 1139 4397 PROSA
1151 4345 1196 4398 Μ
1236 4344 1321 4398 1V.

355 4424 618 4493 Sentisne,
644 4429 825 4501 inquit]
846 4431 953 4485 [loc
969 4433 1085 4486 loco
1110 4435 1340 4500 Boetius,
1359 4446 1412 4488 ut
1434 4436 1619 4491 ordine
1642 4439 1866 4507 quodam

278 4513 345 4566 ad
370 4516 795 4572 consolationem
822 4523 1079 4576 malorum
1104 4538 1315 4578 suorum
1341 4528 1867 4597 perveniat,cxpnttit

278 4612 333 4655 et
364 4605 613 4672 deplorat
642 4622 823 4662 casum
854 4626 1027 4677 suum,
1060 4615 1375 4682 ostendique
1402 4632 1558 4685 quam
1590 4617 1639 4671 in
1670 4595 1864 4684 justam
1896 4595 1950 4655 D

280 4691 427 4746 hanc
458 4704 512 4747 et
547 4710 761 4763 gravem
811 4700 1187 4756 adversitatem
1240 4704 1464 4758 fortuna)
1514 4707 1771 4774 patiatur,
1816 4718 1873 4762 ut

280 4786 373 4851 qni
418 4787 751 4855 iniquissime
789 4792 1169 4846 condemnatus
1214 4795 1283 4847 sit
1322 4812 1334 4847 :
1380 4796 1520 4864 quod
1552 4797 1765 4865 quidem
1795 4800 1870 4853 sic

280 4877 485 4933 factum
532 4896 649 4936 esse
696 4887 840 4939 omni
881 4902 944 4939 ex
998 4898 1146 4956 parte
1195 4890 1509 4959 colligitur:
1545 4894 1770 4959 primum
1803 4910 1867 4948 ex

280 4985 514 5037 persona
542 4986 659 5037 sua,
692 4975 882 5031 deimle
910 4994 973 5032 ex
1007 4994 1229 5048 persona
1264 4992 1653 5046 accusatorum,
1685 4996 1866 5053 postea

279 5074 345 5112 ex
377 5062 723 5127 criminibus,
757 5082 873 5134 qua:
904 5066 1034 5121 falso
1079 5080 1171 5123 aut
1216 5071 1410 5137 injuste
1434 5073 1825 5142 objiciebantur
1854 5094 1867 5129 :

278 5162 395 5203 tum
426 5168 494 5205 ex
540 5170 761 5217 persona
799 5157 1053 5225 judicium
1103 5173 1157 5215 ct
1203 5174 1440 5226 senatus,
1493 5176 1749 5234 pra-terea
1796 5185 1864 5222 ex

278 5242 447 5293 modo
471 5244 652 5310 judicii
686 5265 696 5299 :
720 5247 826 5315 jam
854 5251 1009 5304 etiam
1042 5269 1104 5306 ex
1136 5253 1268 5306 falso
1289 5257 1510 5310 crimine
1534 5270 1620 5311 aut
1647 5260 1867 5327 magiae,

276 5343 369 5385 aut
404 5334 625 5389 deorum
656 5339 878 5393 cultura:
908 5345 1135 5397 conficto
1163 5362 1175 5396 :
1212 5355 1320 5398 tum
1361 5348 1573 5401 demum
1606 5350 1747 5403 velut
1776 5367 1868 5418 per

276 5425 502 5505 modum
538 5430 765 5499 epilogi,
802 5436 1033 5487 ostendit
1065 5452 1166 5489 non
1199 5438 1357 5490 modo
1387 5445 1620 5508 graiiter
1658 5442 1771 5497 her
1802 5445 1866 5497 de

273 5531 346 5570 eo
377 5520 602 5574 conﬁcta
632 5538 770 5587 esse,
802 5528 894 5580 sed
923 5529 1081 5581 etiam
1109 5532 1174 5581 ab
1203 5531 1461 5598 imperitis
1493 5534 1659 5598 credi,
1689 5546 1743 5588 et
1768 5550 1863 5605 pro

276 5608 431 5662 veris
458 5611 661 5677 haberi,
692 5625 745 5668 et
783 5618 1027 5673 omnibus
1054 5619 1247 5674 deinde
1290 5621 1447 5675 bonis
1480 5638 1544 5676 ex
1595 5640 1690 5678 suo
1737 5641 1862 5680 casu

272 5696 459 5753 simile
487 5703 778 5767 periculum
809 5707 1119 5774 imminere,
1168 5720 1344 5779 partes
1375 5727 1563 5767 omnes
1601 5717 1712 5769 suis
1761 5718 1860 5772 loci

276 5793 552 5852 dicentur.
591 5796 764 5849 Primo
802 5799 960 5869 igitur
994 5800 1328 5871 Philosophia
1352 5848 1363 5870 ,
1407 5811 1463 5857 ut
1500 5814 1685 5859 evocet
1730 5823 1857 5875 que-

1212 386 1584 442 MUBMELLH
1628 388 1713 441 ET
1754 386 2119 442 AGRICOLE
2159 390 2674 447 (ΣΟΜΜΕΝΤΑΒΙᾹ.

1913 500 1963 556 Α
1988 499 2149 551 relam
2176 500 2363 565 Boetii,
2390 512 2444 555 et
2467 503 2643 557 eliciat
2662 517 2725 558 ex
2754 518 2819 559 eo
2840 520 3053 561 causam
3075 508 3295 575 doloris,
3320 527 3385 567 ex
3410 528 3560 569 more

3454 404 3556 458 9H

1980 588 2313 658 dialogorum
2348 591 2640 663 interrogat
2667 610 2787 650 eum
2812 612 2876 650 an
2901 598 3163 669 intelligat
3192 617 3252 656 ea
3278 618 3397 672 qua:
3425 605 3559 660 dixit

1982 678 2091 746 ipsa
2121 682 2396 748 superius,
2423 684 2663 739 hortatur
2692 702 2903 756 quoque
2950 700 3005 743 ut
3048 692 3203 760 plane
3251 693 3393 749 dicat
3431 696 3555 765 quid

1980 769 2183 824 doleat.
2211 772 2343 825 llinc
2374 774 2622 843 Boetius,
2651 788 2862 846 sumpto
2894 780 3070 846 initio,
3101 780 3230 836 dicit
3258 784 3387 837 nihil
3424 800 3557 853 opus

1978 874 2098 914 esse
2126 864 2326 929 verbis,
2357 878 2475 917 cum
2502 868 2613 934 ipsa
2646 867 2799 922 facile
2828 871 2994 938 possit
3036 886 3103 926 ex
3151 885 3368 942 aSpectu
3417 876 3552 945 loci,

1980 952 2081 1006 hoc
2109 961 2193 1009 est
2219 956 2451 1009 careeris
2475 957 2527 1010 in
2559 972 2663 1026 quo
2688 968 2802 1011 erat
2820 1001 2834 1026 ,
2857 974 3070 1015 causam
3091 962 3290 1019 doloris
3318 965 3401 1018 sui
3430 981 3556 1035 per-

1978 1045 2184 1112 Spicere
2228 1062 2243 1100 :
2294 1047 2433 1116 quod
2480 1063 2547 1103 eo
2586 1048 2854 1119 indignius
2894 1052 3099 1107 accidat
3150 1055 3271 1122 sibi,
3322 1070 3444 1110 eum
3488 1059 3555 1112 ad

1978 1135 2363 1202 rempublicam
2409 1136 2881 1193 administrandam
2923 1145 3073 1197 velut
3112 1144 3263 1213 jussu
3313 1145 3553 1202 Philoso-

1980 1226 2117 1295 phize
2146 1230 2450 1295 accesserit,
2471 1239 2525 1284 et
2552 1232 2732 1285 omnia
2765 1247 2862 1300 pro
2884 1248 3036 1303 teque
3066 1245 3118 1290 et
3143 1236 3281 1290 bono
3302 1236 3354 1291 in
3376 1252 3437 1292 ea
3464 1252 3555 1294 co-

1978 1330 2136 1375 natus
2178 1322 2285 1387 sit,
2335 1338 2433 1376 nec
2476 1322 2789 1392 cujusquam
2838 1325 3017 1381 odium
3056 1328 3339 1383 timuerit:
3380 1330 3556 1400 itaque

1975 1408 2263 1479 Conigasto
2292 1422 2346 1467 et
2371 1412 2676 1483 Terguillre,
2706 1424 2759 1469 et
2798 1416 3021 1485 reliquis
3060 1418 3301 1474 barbaris
3343 1434 3557 1490 semper
3612 1484 3633 1506 ο.

1976 1502 2246 1558 obstitisse
2272 1520 2361 1569 se,
2395 1520 2460 1559 ne
2498 1508 2692 1575 ubique
2723 1522 2819 1577 pro
2849 1508 3069 1564 libidine
3106 1526 3203 1565 sua
3243 1512 3556 1568 imbecillio-

1977 1607 2063 1646 res
2085 1595 2467 1662 opprimerent.
2500 1595 2839 1666 Campaniam
2872 1599 3052 1654 itidem
3085 1601 3247 1667 dicit,
3276 1611 3335 1656 ut
3369 1602 3555 1657 defen-

1975 1684 2112 1740 derit
2141 1686 2207 1741 ab
2236 1689 2432 1756 exitio,
2466 1704 2587 1745 cum
2631 1691 2785 1745 famis
2818 1702 3056 1763 tempore
3102 1697 3380 1764 praafectus
3422 1712 3557 1765 pra:-

1977 1779 2097 1832 torii
2125 1794 2282 1834 omne
2318 1780 2639 1836 frumentum
2683 1797 2931 1839 coemere
2959 1786 3234 1842 voluisset.
3274 1789 3363 1842 Sic
3392 1788 3553 1842 etiam

1900 1857 1950 1917 B
1980 1879 2032 1922 ut
2063 1869 2360 1926 defenderit
2396 1872 2674 1928 Paulinum
2709 1884 2762 1930 et
2791 1876 3040 1930 Albinum
3072 1879 3214 1932 viros
3244 1879 3556 1935 consulares

1974 1958 2042 2013 ab
2074 1960 2261 2027 injuria
2288 1972 2654 2017 accusatorum
2680 2009 2695 2033 ,
2742 1966 2933 2034 quibus
2963 1966 3121 2022 rebus
3159 1978 3376 2036 pr0pter
3406 1983 3554 2023 amo-

1974 2064 2087 2103 rem
2114 2050 2335 2119 justitia:
2371 2054 2550 2109 odium
2590 2054 2955 2125 improborum
2994 2058 3047 2111 in
3091 2073 3149 2114 se
3186 2058 3549 2115 concitaverit.

1976 2140 2251 2194 Acmcou

2047 2230 2242 2302 Sentis]
2273 2232 2484 2287 Senttre
2515 2235 2727 2303 pr0prie
2753 2236 2946 2292 dicitur
2972 2239 3148 2309 aliquo
3175 2240 3407 2311 quinque
3430 2256 3552 2299 sen-

1971 2334 2125 2375 suum
2168 2323 2443 2392 percipere
2488 2341 2505 2383 :
2558 2329 2873 2383 transfertur
2909 2343 3086 2385 autem
3129 2332 3438 2403 plerumque
3481 2336 3569 2389 ad-

1970 2426 2184 2466 omnem
2214 2408 2534 2483 cognitionis
2566 2420 2983 2488 perceptionem.
3016 2422 3103 2477 Sic
3132 2421 3428 2488 Juvenalis,
3466 2424 3550 2478 in-

1969 2502 2103 2571 quit,
2132 2506 2343 2572 qualem
2377 2522 2582 2574 nequeo
2606 2519 2933 2578 monstrare,
2966 2521 3021 2566 et
3048 2512 3220 2566 sentio
3248 2522 3472 2580 tantum,
3497 2516 3549 2570 id

1969 2600 2051 2645 est
2081 2593 2315 2661 intelligo
2346 2599 2931 2669 tantum.\Quattdoque
2962 2601 3251 2671 accipitur,
3281 2610 3339 2657 ut
3368 2603 3437 2659 sit
3460 2604 3549 2674 ju-

1969 2683 2167 2740 dicare.
2198 2685 2411 2740 Persius
2436 2704 2448 2739 :

2339 2777 2411 2826 De
2437 2778 2558 2828 Jove
2582 2780 2694 2841 quid
2712 2780 2899 2830 sentis?

1968 2858 2022 2913 ld
2050 2860 2379 2928 estjudicas.
2412 2862 2679 2916 Juvenalis
2709 2881 2722 2916 :

2094 2954 2216 3016 Quid
2241 2956 2424 3016 sentire
2450 2961 2586 3016 putas
2610 2968 2780 3005 omnes
2806 2954 2997 3005 Calvine
3022 2958 3211 3006 recenti

2091 3013 2167 3062 De
2190 3015 2419 3064 scelere?

1966 3098 2257 3149 Acntcout.

2037 3185 2346 3259 lllabuntur]
2384 3188 2581 3243 Ornate
2622 3188 2774 3253 dixit,
2826 3190 3018 3259 duplex
3059 3191 3203 3245 enim
3247 3192 3543 3246 translatio.

1964 3280 2094 3332 Nam
2136 3288 2190 3333 et
2232 3280 2393 3333 verba
2437 3280 2615 3345 illabi,
2647 3290 2701 3335 et
2730 3280 2871 3335 illabi
2915 3282 3093 3335 animo
3136 3292 3419 3351 utrumque
3450 3297 3544 3350 per

1968 3369 2364 3423 translationem
2398 3370 2593 3425 dicitur
2626 3388 2639 3424 :
2677 3387 2799 3426 nam
2842 3388 3117 3442 corporea:
3153 3374 3229 3427 rei
3268 3373 3540 3441 proprium

1965 3472 2044 3517 est
2075 3462 2199 3516 labi.
2232 3462 2522 3517 ΑοιιιςοιΑ.

2034 3553 2164 3629 ’Ἄρα
2199 3552 2245 3608 εἴ
2282 3554 2393 3615 ὄνος
2421 3558 2549 3631 πρὸς
2576 3553 2753 3629 λύραν]
2784 3556 3026 3612 Graecum
3070 3558 3408 3628 proverbium
3437 3566 3542 3624 est,

1965 3653 2103 3715 quod
2136 3648 2271 3716 apud
2298 3664 2389 3703 cos
2420 3650 2575 3717 vulgo
2597 3648 2791 3702 dicitur
2821 3652 2899 3704 eis
2943 3666 3165 3720 quorum
3196 3653 3355 3706 rudes
3381 3650 3544 3704 animi

1970 3754 2151 3804 parum
2182 3736 2290 3805 apti
2336 3747 2460 3791 sunt
2487 3737 2553 3790 ad
2599 3752 2659 3792 ea
2701 3754 2818 3807 qua:
2860 3739 3109 3793 dicuntur
3156 3741 3493 3809 percipienda
3528 3758 3539 3792 :

1967 3830 2228 3899 significat
2255 3839 2453 3894 autem,
2478 3831 2556 3882 An
2585 3844 2645 3883 es
2670 3831 2851 3884 asinus
2881 3830 2947 3883 ad
2976 3832 3179 3900 lyram?
3207 3836 3493 3888 AGRICOLA.

2043 3920 2179 3985 Quid
2202 3918 2314 3989 [les]
2342 3919 2452 3984 Sic,
2483 3921 2608 3988 quid
2639 3918 2805 3973 tristis
2845 3922 2939 3974 es?
2977 3920 3099 3990 quid
3132 3923 3309 3976 rides?
3353 3922 3545 3976 dicitur

1968 4024 2062 4081 per
2085 4009 2354 4077 eclip~im,
2408 4009 2457 4062 id
2490 4020 2571 4063 est
2610 4011 3113 4079 prtctermissionem
3156 4013 3240 4067 vel
3277 4012 3553 4067 defectum

1970 4101 2361 4171 praepositionis
2382 4112 2619 4171 propter,
2639 4112 2698 4156 ut
2718 4101 2807 4167 sit,
2832 4111 3050 4172 prepter
3071 4102 3195 4172 quid
3226 4101 3357 4157 lies?
3388 4106 3545 4157 Acm-

1969 4210 2123 4250 ςοιΑ.

2044 4284 2307 4354 Lacrymis
2356 4284 2572 4356 manus]
2636 4285 2897 4341 Similiter
2954 4285 3306 4356 Hieronymus
3365 4297 3545 4342 noster

1972 4374 2106 4428 dixit
2157 4375 2221 4428 ad
2271 4375 2446 4429 Titum
2498 4375 2701 4429 Livium
2748 4377 2918 4430 lacteo
2961 4377 3281 4444 eloquentia:
3329 4377 3547 4431 flumine

1975 4475 2301 4520 manantem.
2369 4466 2538 4520 Aliter
2598 4466 2847 4522 Horatius
2903 4467 2954 4521 in
3015 4467 3253 4535 epistolis
3306 4466 3373 4522 de
3424 4468 3571 4522 vino.

1974 4557 2101 4611 dicit
2126 4575 2140 4612 :

2376 4640 2511 4706 Qudd
2535 4661 2646 4697 cum
2668 4662 2755 4709 spe
2781 4650 2932 4699 divite
2956 4658 3123 4701 manet

2098 4709 2152 4759 In
2178 4722 2345 4767 venas.
2373 4712 2683 4773 animumque
2710 4715 2893 4762 meum.

1974 4793 2064 4848 Sic
2089 4805 2142 4849 et
2171 4794 2224 4847 in
2251 4793 2439 4849 eodem
2472 4810 2484 4845 :

2376 4885 2514 4935 Licet
2538 4885 2603 4935 illi
2632 4886 2836 4948 plurima
2860 4894 3029 4936 manet

2104 4946 2349 5008 Lacryma.

1976 5030 2142 5084 Aliter
2176 5031 2225 5083 in
2253 5030 2440 5085 eodem
2470 5048 2481 5081 :

2319 5119 2453 5167 Fidis
2479 5120 2609 5167 enim
2633 5133 2832 5168 manare
2861 5125 3048 5181 poetica
3073 5120 3217 5169 mella

2097 5180 2170 5229 Te
2192 5179 2363 5230 Solum.

1974 5264 2046 5316 Ita
2080 5265 2323 5317 videntur
2367 5278 2522 5332 posse
2554 5262 2735 5318 dicere
2767 5281 2780 5315 :
2811 5278 2967 5317 mano
3007 5262 3291 5332 lacrymis,
3331 5271 3571 5315 manant.

1972 5332 2098 5409 mihi
2124 5353 2393 5422 lacrymm,
2419 5364 2469 5405 et
2500 5367 2657 5407 mano
2688 5353 2966 5422 lacrymas.
2998 5354 3286 5407 AGRICOLA.

2040 5445 2425 5516 Ἐξομολὸγησαί
2449 5464 2504 5496 τε
2532 5446 2588 5497 σέ
2610 5441 2794 5512 λυπεῖ]
2828 5442 2879 5494 Id
2911 5451 2993 5496 cst
3033 5441 3286 5496 confitere
3334 5438 3457 5509 quid
3499 5446 3573 5492 te.

1968 5539 2270 5590 contristet.
2302 5536 2593 5589 AGRICULA.

2042 5624 2282 5697 Operam]
2309 5627 2448 5680 Inter
2478 5639 2611 5691 opus
2638 5632 2691 5676 et
2721 5636 2937 5689 operam
2968 5622 3091 5691 quid
3127 5622 3370 5686 intersit,
3401 5634 3550 5673 com-

1967 5717 2277 5771 modissime
2352 5715 2560 5770 videtur
2633 5714 2914 5768 Terentius
2965 5714 3016 5764 in
3085 5712 3553 5766 lleautontintomr

1965 5823 2122 5864 ireno
2152 5808 2419 5876 explicare
2444 5824 2452 5855 τ
