4010 6372
449 350 553 405 915

570 461 624 511 Si
646 459 773 521 quod
799 470 962 520 opera:
981 458 1224 505 consumis
1242 457 1292 505 in
1318 468 1470 517 opere
1491 455 1740 505 faciundo:

451 552 510 598 ut
555 543 624 596 sit
670 555 830 610 opera
889 540 1069 601 labor,
1124 553 1259 606 opus
1326 553 1451 592 vero
1528 538 1731 593 fructus
1786 549 1839 594 et
1904 540 2024 594 linis

450 647 649 703 operte,
686 632 738 687 id
778 640 860 686 est
890 628 1105 684 laboris.
1138 629 1388 683 Horatius
1428 628 1480 681 in
1531 629 1702 697 primo
1750 628 2023 698 Epistola-

451 738 613 776 τυηιε

1221 807 1491 869 Odiumque
1519 806 1702 857 libellis

573 870 781 921 Sedulus
800 871 1032 933 importes
1050 882 1203 932 opera
1220 871 1519 919 vehemente
1540 872 1778 919 minister.

448 955 700 1025 Virgilius
723 955 775 1009 in
802 954 973 1023 primo
1000 952 1262 1007 {Eneidos
1307 972 1317 1003 :

572 1046 800 1097 Pendeat
821 1057 971 1107 opera
995 1047 1284 1105 interrupta.

448 1132 739 1187 AGRICOLA.

519 1218 831 1291 Expectas]
867 1221 1193 1290 Exspectare
1235 1219 1553 1290 quandoque
1601 1218 1906 1273 desiderare
1949 1221 2026 1273 si-

450 1318 686 1387 gnilicat.
709 1318 900 1373 Cicero
920 1318 987 1372 ad
1014 1316 1299 1372 Curionem
1332 1333 1345 1370 :
1376 1315 1546 1382 Quam
1574 1316 2022 1384 exspectationem

452 1407 530 1462 tui
556 1408 869 1473 concitasti,
906 1423 1025 1463 eam
1065 1408 1332 1462 sustinere
1369 1414 1427 1460 ut
1465 1407 1655 1473 possis.
1697 1405 2026 1476 Quandoque

452 1499 747 1555 attendere.
770 1497 989 1555 Ovidius
1009 1500 1063 1555 in
1091 1516 1146 1555 Ill
1176 1501 1526 1568 Metamorph.

1312 1590 1490 1640 Ultima
1512 1603 1712 1653 semper

574 1648 910 1714 Exspectanda
931 1650 1040 1701 dies
1064 1652 1268 1701 homini.

454 1735 751 1789 AGMCOLA.

1098 343 1439 399 APPENDIX
1479 345 1571 399 AD
1609 344 1848 401 LIBROS
1885 348 1972 398 DE
2015 344 2530 402 CONSOLATIONE
2567 343 3057 401 PlllLOSOPllliE.

3597 344 3697 399 916

2050 458 2098 515 Α
2130 455 2394 511 Salustius
2421 460 2474 511 in
2500 456 2742 512 Catilina.
2769 458 2869 523 Qui
2892 456 3062 511 Enen
3088 456 3221 510 duce
3252 456 3457 526 profugi
3486 457 3700 513 sedibus

2129 546 2345 600 incertis
2374 549 2719 616 vagabantur.
2754 546 3005 615 Virgilius
3028 546 3081 598 in
3111 546 3283 612 primo
3306 545 3523 601 Eneid.
3562 563 3577 599 2

2556 637 2713 686 Sedes
2735 638 2815 684 ubi
2841 636 2935 685 fata
2958 636 3148 698 quietas

2250 697 2534 747 Ostenduut.

2129 778 2183 833 ld
2216 794 2341 832 vero
2372 779 2781 832 insuumentum
2804 819 2819 841 .
2860 778 2944 831 cui
2980 777 3300 840 insidemus,
3332 775 3465 830 sella
3506 774 3703 830 rectius

2129 867 2343 922 dicitur.
2369 867 2553 934 Virgil.
2588 867 2641 920 in
2670 884 2717 919 tv
2753 886 2764 917 :

2255 958 2311 1005 Et
2336 957 2505 1005 sellam
2530 960 2671 1018 regni
2696 958 3016 1017 trabeamque
3040 958 3247 1017 insignia
3272 958 3441 1005 nostri.

2132 1044 2418 1096 Acmcou.

2202 1132 2437 1205 Laribus]
2470 1135 2570 1187 Lar
2595 1135 2789 1187 dicitur
2812 1135 2956 1189 Deus
2980 1135 3326 1201 domesticus,
3352 1136 3443 1203 qui
3467 1145 3521 1190 et
3544 1148 3706 1203 μεως

2130 1233 2210 1278 tes
2232 1223 2478 1278 dicuntur
2508 1243 2520 1278 :
2552 1225 2674 1293 quia
2707 1227 2864 1294 ρειιυὶ
2893 1234 3160 1294 praesunt,
3188 1225 3273 1279 vel
3308 1226 3431 1294 quia
3466 1224 3705 1293 penitus.

2132 1316 2231 1368 hoc
2257 1324 2342 1369 Cal
2368 1315 2502 1369 intra
2536 1314 2752 1369 domum
2780 1315 3047 1369 coluntur.
3081 1314 3227 1383 Virg.
3276 1313 3327 1367 in
3368 1330 3418 1367 tv
3447 1312 3662 1367 Alneid.
3690 1329 3706 1365 :

2311 1406 2369 1456 Et
2386 1420 2579 1468 sparsos
2602 1407 2810 1456 fraterna
2833 1406 2968 1457 caede
2994 1414 3215 1467 penates.

2131 1489 2347 1544 Plautus
2369 1490 2420 1543 in
2444 1489 2714 1543 Aulularia
2742 1506 2756 1543 :

2313 1579 2417 1643 Ego
2439 1594 2546 1629 sum
2571 1580 2640 1629 lar
2660 1579 2905 1629 familiaris
2929 1578 3100 1631 ex'bac
3122 1580 3315 1630 familia.

2132 1662 2399 1719 iuvenalis
2430 1682 2444 1717 :

2322 1755 2520 1804 Laribus
2539 1758 2731 1805 cristam
2755 1758 3038 1818 promittere
3058 1754 3179 1806 Galli

532 1822 754 1894 Vulnus]
775 1824 831 1879 ld
858 1835 961 1893 est,
992 1824 1134 1895 quod
1163 1826 1211 1879 vi
1246 1827 1321 1891 lit,
1348 1834 1400 1881 et
1430 1840 1618 1881 recens
1644 1832 1747 1879 est.
1777 1822 2027 1892 Virgilius
2059 1815 2106 1873 B
2195 1814 2301 1865 Non
2320 1818 2519 1869 audent.

454 1915 508 1968 in
538 1914 859 1969 duodecimo
885 1933 901 1969 :

577 2004 683 2053 Nec
704 2016 819 2054 sese
835 2002 1003 2054 [Encas
1023 2003 1221 2065 jactavit
1244 2004 1447 2053 vulnere
1471 2006 1743 2068 quisquam.

454 2088 653 2143 lluicus
674 2089 814 2158 quod
839 2096 1102 2143 vetustate
1131 2088 1475 2156 computruit,
1496 2088 1707 2157 abitqtte
1731 2088 1923 2142 vulnus
1940 2102 2030 2142 ve-

456 2190 654 2237 tustate
683 2181 734 2234 in
761 2180 985 2246 hulcus,
1007 2182 1145 2248 quod
1178 2192 1319 2234 recte
1340 2179 1542 2235 Seneca
1579 2181 1630 2233 iu
1666 2180 2031 2235 consolatione

456 2272 523 2327 ad
552 2271 791 2327 Martiam
832 2271 1171 2341 significavit.
1202 2270 1333 2325 Nam
1374 2271 1651 2325 vulnerum
1692 2286 1904 2341 quoque
1948 2286 2032 2324 sa-

455 2365 595 2419 nitas
623 2363 795 2418 facilis
821 2372 925 2428 est,
958 2362 1085 2417 dum
1108 2377 1138 2415 a
1169 2360 1426 2431 sanguine
1451 2363 1685 2416 recentia
1712 2371 1854 2415 sunt.
1889 2360 2030 2416 Sub-

457 2454 534 2510 dit
565 2470 580 2507 :
613 2452 713 2509 Ubi
741 2461 989 2522 corrupta
1024 2453 1076 2506 in
1114 2453 1310 2505 malum
1344 2453 1529 2507 ltulcus
1558 2461 1865 2518 verterunt,
1893 2452 2027 2506 dim.

457 2545 611 2599 cilius
655 2554 911 2599 curantur
965 2562 980 2598 :
1034 2544 1084 2599 id
1138 2545 1279 2598 enim
1331 2546 1470 2614 quod
1514 2558 1610 2598 nos
1653 2545 1810 2613 vulgo
1844 2544 2032 2600 hulcus

457 2636 713 2698 dicimus,
763 2635 901 2702 quod
946 2631 1116 2687 Graeci
1154 2644 1427 2702 apostema
1474 2645 1683 2698 vocant,
1724 2634 1909 2690 Latine
1953 2635 2032 2690 fu-

457 2726 712 2779 runculus
742 2734 980 2778 vocatur.
1008 2723 1206 2776 Plinius
1235 2724 1285 2776 in
1312 2723 1562 2792 Epistolis
1592 2725 1800 2779 videtur
1823 2725 2030 2780 clavum

458 2817 679 2871 dixisse.
730 2815 865 2879 Erit,
914 2815 1104 2884 inquit,
1148 2814 1195 2870 ei
1248 2824 1401 2869 natus
1445 2816 1625 2870 clavus
1672 2816 2031 2875 insanabilis:

458 2907 609 2976 sique
641 2904 843 2959 Gallice
870 2921 1010 2959 nunc
1036 2906 1195 2960 etiam
1218 2915 1455 2960 vocatur.
1490 2910 1780 2962 AGBICOLA.

533 2996 799 3068 ViresjVis
824 2996 876 3050 in
903 2996 1156 3066 singulari
1179 3005 1232 3049 et
1253 2996 1417 3050 robur
1442 2996 1719 3065 significat.
1746 2997 2031 3052 Sallustius

458 3088 513 3143 in
541 3085 762 3141 Catilina
790 3103 803 3138 :
839 3086 1021 3155 Magna
1047 3086 1094 3138 vi
1119 3085 1281 3139 animi
1306 3094 1361 3140 et
1381 3086 1619 3154 corporis
1652 3103 1663 3137 :
1691 3087 1955 3155 significat
1982 3097 2035 3140 et

459 3177 785 3233 violentiam.
809 3175 1061 3230 Martialis
1092 3176 1148 3228 in
1170 3191 1219 3228 vt
1254 3191 1268 3229 :

582 3267 686 3317 Non
709 3268 773 3316 de
801 3269 865 3328 vi,
892 3279 1051 3327 neque
1077 3268 1233 3327 caede,
1257 3279 1351 3315 nec
1375 3279 1567 3315 veneno
1591 3267 1649 3314 lis
1669 3276 1745 3317 est
1767 3269 1901 3317 mihi.

460 3351 520 3405 ln
552 3349 740 3419 plurali
772 3348 937 3402 robur
976 3356 1178 3401 tantum
1210 3350 1491 3416 significat.
1516 3349 1794 3404 Cornelius
1819 3350 2033 3405 Tacitus

462 3448 642 3493 autem
668 3438 720 3491 in
743 3437 975 3507 genitivo
1003 3438 1222 3505 protulit
1250 3439 1300 3491 in
1333 3438 1425 3492 lib.
1459 3440 1526 3492 de
1554 3438 1739 3493 Causis
1768 3454 2035 3509 corrupta:

463 3527 813 3597 eloquentiae,
842 3542 1047 3597 magna:
1082 3529 1196 3593 vis,
1238 3545 1339 3597 qua
1380 3531 1586 3585 ratione
1629 3532 1898 3588 videretur
1941 3549 2035 3603 per

463 3634 651 3674 omnes
670 3633 827 3675 casus
852 3619 1135 3689 singularis
1156 3620 1362 3674 numeri
1396 3635 1551 3689 posse
1570 3620 1853 3676 declinari.
1878 3625 2037 3678 Actu-

464 3732 623 3772 εοιΑ.

536 3809 760 3881 Eminet]
791 3811 887 3866 llic
928 3811 1106 3880 posuit
1148 3825 1242 3878 pro
1278 3820 1530 3878 apparet,
1560 3825 1858 3880 quanquam
1906 3812 2040 3865 emi-

467 3915 594 3956 nere
614 3900 878 3968 significat
900 3901 1114 3969 proprie
1138 3914 1298 3968 supra
1324 3900 1424 3953 alia
1449 3907 1680 3965 exstare,
1704 3900 1773 3954 ab
1803 3917 1830 3954 e
1852 3910 1905 3955 et
1939 3917 2043 3953 nta-

470 4014 586 4054 neo.
620 3997 870 4065 Virgilius
903 3999 954 4050 in
984 3998 1157 4067 primo
1183 3996 1400 4051 1Eoeid.
1436 4014 1448 4047 :

715 4087 1052 4149 Gradicnsque
1074 4088 1193 4136 deas
1214 4094 1553 4149 supereminet
1575 4098 1764 4135 omnes.

469 4173 734 4227 Aontcou
747 4212 760 4225 .

541 4258 835 4330 Swvientis]
870 4259 1069 4314 SmVlre
1106 4260 1424 4330 quandoque
1466 4259 1727 4328 signiﬁcat
1769 4257 2041 4314 crudelem

472 4367 612 4407 esse.
643 4351 916 4405 Juvenalis
943 4367 954 4401 :

596 4441 650 4490 ln
673 4440 872 4490 chorum
891 4444 1040 4502 atque
1056 4451 1227 4490 eurum
1246 4439 1414 4489 solitus
1434 4440 1610 4490 saevire
1634 4438 1862 4503 ﬂagellis.

472 4520 801 4589 Quandoque
846 4536 953 4574 non
1001 4521 1106 4589 pati
1156 4530 1440 4575 rectorem.
1479 4520 1656 4575 Livius
1700 4522 1751 4573 in
1797 4536 1886 4575 xxt
1931 4539 1944 4571 :

474 4611 687 4680 quando
709 4610 898 4665 bellua:
917 4614 1187 4667 sazvirent.
1221 4613 1508 4666 Acmcou.

544 4700 829 4771 Asperitas]
859 4703 1140 4770 Asperum,
1164 4703 1303 4770 quod
1339 4702 1541 4770 absque
1577 4716 1704 4767 spe,
1749 4700 1885 4753 sicut
1924 4715 2048 4769 pro-

475 4804 690 4859 sperum
719 4790 859 4859 quod
892 4805 987 4859 pro
1015 4806 1131 4859 spe,
1162 4790 1213 4844 id
1242 4800 1324 4845 est
1354 4789 1644 4844 secundum
1674 4804 1823 4858 spem
1849 4789 2047 4855 evenit,

477 4879 673 4934 dicitur
694 4888 974 4949 utrumque
999 4896 1027 4933 a
1050 4881 1333 4949 sperando.
1360 4886 1647 4934 AGRICOLA.

548 4968 824 5041 Hteccine]
871 4971 1127 5035 Veteres,
1176 4980 1233 5024 ut
1276 4974 1350 5024 ait
1388 4970 1605 5024 Servius
1651 4971 1702 5023 in
1756 4969 2048 5033 Donatum,

479 5059 652 5125 hicce,
675 5060 873 5129 ltmcce,
905 5062 1065 5117 hocce
1094 5062 1361 5125 dicebam,
1389 5063 1511 5116 inde
1535 5071 1737 5115 mutato
1764 5079 1791 5115 e
1822 5064 1871 5115 in
1897 5063 1914 5115 ἱ
1940 5063 2050 5117 hic-

478 5150 600 5206 cine
626 5166 722 5215 pro
748 5152 903 5206 hicne
928 5152 1136 5207 dicitur.
1172 5152 1463 5207 AGltICOI.A.

550 5240 882 5314 Bibliotheca]
911 5243 1301 5311 Repositorium
1348 5243 1600 5295 librorum
1632 5263 1645 5295 ;
1678 5245 1867 5315 βίϐλων
1908 5245 2050 5298 enim

480 5333 665 5389 Graece
710 5334 903 5389 librum
951 5334 1250 5403 significat,
1303 5340 1359 5387 et
1401 5334 1521 5393 θήκη
1571 5334 1986 5388 reconditorium
2040 5352 2053 5388 :

479 5439 646 5495 quare
670 5425 788 5479 libri
812 5426 1093 5495 utriusque
1119 5425 1442 5479 Testameuti
1467 5442 1570 5480 non
1600 5425 1765 5480 Biblia
1784 5467 1799 5490 ,
1831 5428 2011 5481 Biblia:
2040 5469 2053 5490 ,

481 5517 584 5577 dici
610 5516 887 5584 deberent,
912 5520 1052 5588 quod
1085 5534 1276 5573 nomen
1300 5535 1397 5573 nec
1420 5520 1663 5574 Cra-cum
1692 5536 1789 5575 nec
1810 5522 2052 5575 Latinum

482 5615 585 5673 est,
615 5608 708 5662 sed
744 5608 911 5663 Btblia
931 5650 947 5676 ,
978 5626 1124 5664 orum
1144 5652 1159 5676 ,
1192 5610 1260 5665 ab
1288 5626 1354 5664 eo
1388 5610 1527 5678 quod
1566 5609 1762 5664 Itiblion
1802 5610 2051 5665 diximus.

482 5700 775 5766 Acstcout.

559 5786 767 5860 Sedeut]
796 5791 1011 5863 Proprie
1043 5793 1213 5848 locum
1244 5792 1467 5849 dicimus
1496 5794 1547 5846 Tn
1569 5808 1675 5863 quo
1697 5794 1814 5864 quis
1838 5794 2053 5849 residet.

2131 1897 2402 1964 Accipitur
2421 1908 2472 1951 et
2495 1913 2589 1967 per
2606 1897 2985 1968 synecdochen
3019 1897 3105 1953 Itic
3130 1914 3226 1969 pro
3250 1899 3433 1954 domo.
3461 1900 3710 1957 Horatius

2132 1990 2184 2043 in
2203 2003 2218 2041 ι
2244 1988 2599 2057 Epistolarum
2631 2005 2643 2040 :

2255 2078 2558 2129 Gaudentem
2580 2082 2837 2140 pravisque
2861 2078 3103 2127 sodalibus
3120 2086 3173 2129 et
3194 2078 3297 2128 lare
3312 2086 3467 2129 certo.

2132 2164 2419 2217 Acutcou.
2962 2180 2971 2197 ι

2206 2252 2448 2324 Habitus]
2478 2253 2594 2307 Non
2634 2253 2848 2323 proprie
2879 2253 3081 2317 vestis,
3117 2253 3255 2306 sicut
3295 2251 3455 2321 vulgo
3492 2250 3712 2317 dicitur,

2133 2345 2227 2399 sed
2258 2352 2366 2399 tota
2397 2343 2541 2399 velut
2572 2345 2739 2397 forma
2768 2344 3027 2410 hominis,
3074 2345 3125 2396 in
3174 2359 3331 2414 quam
3380 2359 3440 2399 se
3485 2359 3710 2412 compo—

2135 2434 2259 2487 suit.
2293 2434 2497 2488 Plinius
2528 2434 2579 2487 in
2623 2434 2878 2502 Epistolis
2923 2451 2936 2487 :
2986 2433 3323 2502 Compositus
3371 2435 3421 2486 in
3471 2434 3709 2489 habitum

2134 2524 2421 2579 studentis.
2454 2523 2607 2579 Uude
2641 2522 2857 2578 Terent.
2903 2524 2952 2577 iu
3003 2522 3257 2577 Eunucho
3300 2523 3466 2588 dixit,
3510 2523 3569 2577 Si
3606 2540 3708 2593 qua

2136 2615 2296 2682 paulo
2330 2614 2590 2676 habitior,
2624 2614 2849 2683 pugilem
2878 2614 3099 2673 dicunt,
3134 2612 3183 2666 id
3220 2622 3301 2668 est
3330 2613 3490 2682 paulo
3518 2629 3711 2683 corpu—

2136 2703 2348 2757 lentior.
2379 2702 2568 2757 Cicero
2592 2702 2645 2755 in
2674 2702 2846 2770 primo
2872 2702 3217 2757 Tusculanar.
3253 2719 3267 2754 :
3303 2703 3455 2770 Quod
3485 2706 3528 2758 si
3562 2714 3705 2758 tanta

2136 2795 2218 2849 vis
2244 2805 2323 2849 est
2351 2794 2415 2848 ad
2452 2794 2685 2848 habitum
2719 2796 2912 2849 mentis
2951 2796 3002 2847 in
3046 2794 3157 2857 bis,
3185 2809 3304 2863 qua:
3338 2795 3625 2864 gignuntur
3654 2796 3709 2849 in

2134 2898 2377 2953 corpore.
2409 2883 2698 2939 Acntcou.

2206 2974 2461 3045 Rimarer]
2489 2974 2539 3028 Id
2563 2982 2667 3039 est,
2690 2983 2936 3042 tanquam
2954 2989 3047 3041 per
3070 2976 3230 3028 rimas
3250 2973 3539 3043 diligenter
3560 2989 3712 3030 scru-

2137 3074 2295 3119 tarer.
2320 3066 2609 3118 AGRICOLA.

2061 3177 2108 3241 ρ
2209 3153 2390 3226 Sidus]
2418 3156 2664 3211 Nounulli
2696 3172 2790 3226 per
2821 3174 2852 3227 y
2898 3156 3135 3211 Grmcam
3166 3158 3328 3212 scribi
3358 3158 3579 3225 volunt;
3609 3175 3711 3229 ego

2142 3252 2384 3308 Latinum
2415 3271 2443 3307 a
2476 3254 2695 3307 sidendo
2722 3256 2915 3309 dictum
2949 3256 3141 3317 credo,
3171 3257 3296 3324 quia
3330 3256 3557 3309 firmiter
3582 3256 3712 3307 insi-

2138 3347 2227 3401 dat
2250 3347 2405 3401 caelo.
2444 3346 2807 3415 Difl'eruntque
2837 3347 2936 3399 stcl
2962 3363 2988 3399 a
3019 3356 3073 3400 et
3116 3346 3263 3400 sidus
3312 3364 3324 3398 :
3370 3346 3524 3399 stella
3568 3344 3712 3398 enim

2137 3437 2289 3507 quaSi
2317 3436 2458 3490 stilla
2488 3435 2626 3489 dicta
2658 3446 2761 3497 est,
2786 3451 2946 3487 unum
2974 3436 3238 3503 singulare
3269 3436 3445 3489 lumen
3470 3438 3705 3489 caeleste.

2140 3526 2291 3597 Virg.
2316 3526 2368 3580 in
2396 3542 2411 3579 ι
2444 3524 2637 3595 Georg.
2666 3543 2680 3579 :

2264 3615 2453 3676 Frigida
2476 3628 2574 3677 quo
2596 3627 2707 3664 sese
2727 3615 2919 3664 Saturni
2944 3615 3084 3663 stella
3110 3622 3355 3676 receptet.

2145 3700 2215 3754 At
2238 3699 2385 3755 sidus
2412 3698 2729 3769 quandoque
2754 3713 2849 3766 pro
2874 3698 3027 3751 stella
3052 3698 3275 3766 capitur.
3304 3698 3550 3751 Lucanus
3578 3698 3629 3751 in
3659 3713 3715 3751 ιτ

2576 3788 2883 3850 Venerisque
2905 3788 3105 3837 salubre

2267 3851 2408 3900 Sidus
2428 3851 2597 3899 hebet.

2145 3914 2476 4001 Qu'ondoque
2505 3947 2600 4000 pro
2628 3931 2779 4000 signo
2806 3932 3036 3991 caelesti.
3064 3932 3202 3999 quod
3239 3946 3305 3985 ex
3335 3932 3516 3986 multis
3555 3933 3713 3986 stellis

2146 4033 2381 4087 constat,
2414 4032 2470 4076 ut
2500 4021 2649 4075 sidus
2677 4024 2893 4087 Arietis,
2924 4022 3115 4087 Tauri,
3133 4034 3187 4076 et
3214 4033 3558 4079 cancrorum.
3582 4024 3715 4090 Virg.

2150 4117 2205 4173 il
2230 4115 2411 4170 Bttcol.
2441 4130 2457 4171 :

2278 4207 2553 4270 IEIhiOpum
2579 4220 2833 4256 versemus
2856 4218 2974 4255 oves
2994 4206 3084 4254 sub
3104 4203 3270 4254 sidere
3294 4204 3484 4255 Cancri.

2153 4292 2372 4345 Astrum
2405 4299 2581 4343 autem
2621 4290 2867 4343 Graecum
2911 4296 3034 4352 est,
3076 4287 3217 4355 quod
3261 4286 3411 4341 sidus
3450 4287 3719 4357 signiﬁcat,

2154 4381 2293 4436 sicut
2317 4391 2372 4436 et
2397 4385 2583 4456 ἀστὴρ,
2606 4380 2748 4451 quod
2770 4380 2999 4433 stellam.
3020 4384 3308 4433 Acntcou.

2231 4470 2473 4541 Badium]
2502 4471 2631 4523 Puto
2657 4485 2753 4539 pro
2782 4484 2846 4523 eo
2874 4469 3015 4536 quod
3050 4469 3308 4523 circinum
3336 4469 3592 4535 dicimus,
3612 4472 3723 4539 pani

2033 4522 2041 4529 .
2502 4519 2516 4523 -
2545 4519 2571 4523 γ-
2606 4519 2624 4523 η
2659 4519 2746 4539 ,η
2789 4519 2838 4523 -_
3004 4519 3014 4521 -
3342 4519 3722 4539 -_-----_-,r-..

1988 4519 2043 4575 δ’
2078 4545 2130 4604 Ῑ)
2152 4578 2180 4615 a
2209 4562 2585 4628 similitudine,
2617 4576 2645 4612 a
2684 4575 2789 4629 qua
2822 4560 2999 4613 radios
3037 4560 3195 4615 etiam
3219 4560 3453 4614 diximus
3475 4572 3725 4615 rotarum.

2156 4654 2407 4721 Virgilius
2430 4653 2479 4705 iu
2506 4653 2686 4706 Bucol.
2717 4669 2731 4706 :

2282 4745 2547 4806 Descripsit
2573 4747 2704 4794 radio
2723 4752 2875 4795 totum
2898 4748 2983 4808 qui
3004 4746 3238 4807 gentibus
3260 4747 3451 4795 orbem.

2157 4828 2345 4884 Cicero
2370 4848 2381 4881 :
2411 4828 2665 4883 Excitabo
2687 4829 2777 4881 tibi
2800 4844 2981 4883 senem
3005 4844 3033 4881 a
3068 4831 3282 4897 pulvere
3302 4838 3357 4884 et
3377 4830 3555 4886 radio.
3588 4834 3727 4886 Acan

2157 4940 2309 4979 COLA.

2235 5012 2534 5082 lia-entplar]
2563 5013 2642 5066 Ah
2669 5013 2843 5066 cximo
2863 5012 3061 5066 dietum
3086 5022 3186 5077 est,
3209 5014 3333 5082 quia
3364 5014 3437 5068 ab
3456 5030 3524 5068 eo
3543 5016 3730 5083 aliquid

2160 5105 2445 5169 eximatur,
2462 5113 2645 5170 estque
2666 5105 2937 5172 exemplar
2968 5121 3050 5157 res
3071 5106 3136 5157 atl
3160 5105 3311 5172 cujus
3334 5105 3730 5160 similitudinem

2161 5195 2359 5264 aliquid
2392 5198 2467 5249 fit.
2496 5196 2807 5263 Exemplum
2839 5210 2966 5249 vero
2995 5196 3106 5248 ltzrc
3135 5194 3240 5263 ipsa
3273 5196 3597 5259 simflitudo,
3622 5213 3730 5265 qua!

2160 5290 2497 5359 exprimitur.
2522 5292 2811 5345 Acmcou.
2866 5314 2879 5327 ο

2233 5381 2415 5434 Beatus
2443 5384 2580 5450 fore,
2607 5380 2734 5451 etc.]
2773 5380 2893 5433 llzec
2920 5382 3177 5434 sententia
3206 5382 3443 5434 Platonis
3468 5382 3536 5433 ab
3566 5382 3725 5435 omni-

2164 5472 2263 5525 bus
2289 5473 2565 5525 decantata
2595 5471 2647 5523 in
2684 5486 2749 5525 eo
2776 5471 2911 5523 libro
2933 5471 3023 5538 qui
3046 5470 3348 5525 Alcibiades
3372 5472 3521 5539 prior
3548 5471 3726 5525 inscri-

2159 5562 2325 5631 bitur,
2341 5563 2632 5630 colligitur.
2664 5563 2820 5626 Fore,
2839 5562 3079 5623 confore,
3106 5563 3291 5629 ati'ore,
3312 5561 3505 5615 futura:
3527 5578 3726 5631 semper

2160 5662 2282 5707 sunt
2309 5653 2734 5721 significationis.
2765 5652 3015 5706 Horatius
3040 5653 3091 5705 in
3122 5653 3291 5719 primo
3318 5652 3660 5708 Scrmouum.

2596 5743 2770 5808 Neque
2806 5758 2861 5795 se
2883 5744 2985 5795 fore
3005 5747 3201 5808 posthac

2289 5806 2406 5855 Tant
2432 5805 2487 5853 fat
2505 5805 2616 5854 ilem
2640 5806 2784 5853 dicat.
