4010 6372
278 383 373 436 917

1184 390 1559 446 MUBMELLH
1602 393 1687 446 ET
1728 390 2090 449 ACRICULE
2129 401 2633 468 COMMENTARIA.

3424 426 3527 481 9l8

281 495 464 549 Furem
492 506 667 552 autem
713 499 849 554 sicut
884 515 1092 566 essem,
1136 504 1376 573 ejusdem
1420 507 1844 577 signiﬁcationis.
1880 506 1929 564 A
1955 511 2264 577 gistratibus
2289 525 2416 588 suis,
2450 530 2548 581 sub
2579 532 2975 602 magistratibus
3005 550 3056 595 et
3089 541 3289 610 legibus
3326 544 3526 601 Roma-

292 596 562 639 \GRICOLA.

346 673 610 747 Publicus]
643 677 694 731 ld
718 689 819 744 est,
856 682 1153 749 populicas,
1187 700 1305 754 qua:
1339 689 1519 757 populi
1557 700 1681 744 sunt
1713 691 1844 745 dici-

276 781 409 817 mus.
444 772 735 824 AGRICOLA.

342 852 584 928 Studere]
614 860 810 917 Favere
841 864 1123 933 signilicat,
1153 870 1471 941 quandoque
1494 873 1733 942 jungitur
1753 875 1845 929 da-

273 943 398 1000 tivo.
434 947 679 1003 Horatius
706 952 757 1004 in
792 954 962 1020 primo
988 956 1343 1025 Epistolarum
1376 978 1387 1013 :

390 1034 465 1083 Ne
484 1036 642 1084 studio
662 1044 817 1089 nostri
845 1054 1037 1102 pecces.

268 1112 325 1169 ld
366 1128 449 1172 est
494 1118 676 1175 favore
724 1140 737 1175 ε
784 1128 1099 1197 quandoque
1143 1133 1353 1186 conari.
1401 1133 1615 1189 Terent.
1657 1137 1708 1190 in
1743 1139 1840 1191 liu-

271 1209 463 1262 nueh.:

388 1302 514 1351 Dum
534 1306 708 1354 studeo
733 1308 820 1356 tibi
841 1322 1056 1359 sororem
1081 1313 1314 1364 reddere.

274 1388 339 1440 Et
364 1388 605 1459 jungitur
628 1398 951 1460 accusativo,
974 1402 1292 1471 quandoque
1321 1404 1527 1460 discere
1553 1407 1835 1475 signiﬁcat.

265 1478 453 1533 Cicero
491 1481 544 1533 in
585 1484 770 1551 quinto
796 1487 863 1540 de
912 1488 1132 1544 Finibus
1169 1494 1425 1549 honorum
1448 1507 1501 1551 et
1532 1501 1787 1554 malorum
1822 1520 1837 1557 :

266 1572 346 1625 vel
390 1573 516 1627 illud
546 1576 715 1643 ipsum
756 1582 895 1649 iptod
926 1585 1131 1650 studet,
1167 1587 1341 1643 facere
1373 1595 1539 1659 possit
1576 1597 1837 1661 ornatius,

264 1661 446 1731 sicque
469 1666 771 1733 promiscue
790 1675 1093 1730 accusativo
1117 1686 1173 1731 et
1191 1679 1373 1735 dativo
1389 1684 1648 1754 jungitur.
1678 1686 1840 1744 Acm-

263 1769 416 1812 COLA.

1952 606 2033 659 nis
2057 611 2352 669 tenebatur.
2384 618 2534 675 Unde
2560 622 2842 681 Suetonius
2873 632 2922 683 in
2947 633 3063 687 Vita
3096 606 3290 691 Tiberii
3322 640 3527 709 :Cujtts

1949 705 2002 749 et
2039 714 2259 769 regnum
2306 707 2358 760 in
2400 709 2620 766 formam
2657 720 2943 785 provincia!
2980 725 3199 794 redegit.
3256 729 3400 785 Dicta
3437 705 3527 787 est

1949 791 2217 855 provincia
2266 799 2412 865 quasi
2458 816 2637 869 porro,
2689 806 2740 859 id
2781 819 2865 863 est
2911 827 3126 880 prorsus
3170 819 3326 874 victa.
3360 822 3521 878 Acut-

1940 894 2099 934 Δ(ΣΟΙιΑ.

2020 970 2277 1047 Praeterii]
2310 977 2623 1041 Prtetorium
2668 990 2719 1045 in
2763 996 2951 1050 castris
2993 998 3191 1054 dicitur
3234 1002 3383 1060 locus
3427 1007 3520 1063 ubi

1949 1062 2195 1117 tendebat
2235 1067 2538 1142 imperator,
2577 1089 2631 1133 et
2658 1079 2781 1137 inde
2820 1085 2870 1138 in
2919 1089 3169 1153 urbibus,
3201 1093 3289 1149 ubi
3326 1108 3523 1165 prtetor

1946 1154 2026 1205 vel
2048 1168 2289 1214 summus
2314 1165 2653 1234 magistratus
2676 1172 2945 1233 habitabat
2973 1180 3200 1247 publice.
3229 1154 3521 1245 Prtelectus

1946 1338 2287 1411 versabatur,
2327 1354 2381 1398 et
2420 1350 2679 1407 militibus
2720 1369 2966 1423 prmerat.
3008 1362 3354 1421 Consularem
3395 1383 3516 1424 eum

1942 1423 2201 1496 dicimus,
2232 1436 2323 1500 qui
2350 1435 2448 1492 fuit
2471 1444 2682 1498 consul.
2710 1445 2972 1504 Consules
2999 1452 3141 1507 enim
3176 1455 3283 1509 duo
3305 1471 3519 1528 semper

1944 1514 1997 1568 in
2026 1518 2262 1588 singulos
2292 1539 2459 1583 annos
2508 1534 2828 1590 creabantur
2876 1539 3080 1609 Romae,
3123 1546 3212 1614 qui
3254 1558 3519 1615 praterant

1940 1611 2146 1663 senatui
2163 1650 2179 1674 ,
2206 1612 2307 1669 hoc
2336 1626 2419 1671 est
2441 1623 2675 1678 concilio
2701 1628 2934 1697 publico,
2963 1633 3115 1702 cujus
3138 1611 3225 1705 qui
3253 1611 3518 1709 particeps

1940 1706 2079 1763 erat,
2106 1713 2323 1760 senator
2344 1711 2655 1769 vocabatur.
2687 1718 2981 1775 Acmcou.

2012 1788 2280 1850 Palatinos
2320 1803 2488 1873 canes]
2535 1805 2736 1861 Avidos
2785 1812 3059 1869 ministros
3107 1818 3285 1885 palatii
3342 1833 3511 1878 vocat.

328 1848 634 1924 Autoritate]
662 1858 935 1914 Autoritas
964 1864 1178 1933 proprie
1202 1866 1397 1922 dicitur
1444 1870 1721 1927 honestior
1741 1888 1829 1929 aut
1863 1872 1910 1929 B
1938 1884 2229 1939 AGRICOLA.

260 1939 470 2009 dignior
510 1944 591 1999 de
624 1945 837 2004 homine
882 1952 1060 2021 aliquo
1105 1958 1286 2026 opinio
1310 2000 1325 2025 ,
1361 1976 1453 2029 per
1483 1978 1640 2031 quam
1682 1967 1833 2023 facile

259 2029 387 2095 quid
418 2034 641 2089 suadere
671 2047 763 2092 aut
808 2039 1119 2101 dissuadere
1165 2058 1341 2116 potest
1391 2070 1402 2104 :
1451 2029 1590 2110 sicut
1633 2059 1834 2115 autoris

257 2122 471 2191 dicitur,
496 2128 646 2194 cujus
669 2130 890 2200 imperio
919 2137 1111 2217 aliquid
1140 2141 1225 2207 ﬁt,
1254 2147 1406 2213 cujus
1432 2151 1661 2205 nominis
1691 2154 1829 2208 mul-

258 2219 419 2285 tiplex
450 2223 602 2290 origo
623 2226 759 2291 apud
788 2227 1028 2285 diversos
1064 2246 1396 2293 recensetur.
1421 2242 1526 2297 Alii
1566 2244 1635 2300 ab
1660 2262 1831 2317 augeo

255 2308 594 2365 scribendum
628 2329 721 2381 per
745 2332 799 2381 c,
833 2322 970 2386 quod
1022 2327 1248 2381 nominis
1291 2334 1596 2400 proprietati
1644 2308 1827 2406 parum

254 2403 520 2456 convenit.
554 2404 655 2458 Alii
686 2408 752 2461 ab
781 2413 931 2467 αὐτὸν
958 2414 1144 2471 Gra'co
1172 2418 1459 2488 deducunt,
1485 2429 1626 2494 quod
1645 2403 1827 2498 ipsum

253 2492 545 2559 signiﬁcat;
574 2498 667 2552 sed
698 2511 751 2554 ct
784 2501 883 2557 hoc
914 2506 1122 2576 longius
1151 2516 1428 2577 qumsitum
1462 2492 1691 2575 videtur:
1725 2524 1828 2577 Alii

252 2581 488 2639 aliunde.
531 2586 656 2642 Mihi
697 2591 812 2648 sine
850 2612 878 2647 ο
915 2599 1252 2656 scribendum
1295 2605 1519 2673 videtur,
1553 2621 1607 2663 et
1635 2613 1770 2667 sicut
1798 2631 1825 2667 a

250 2672 406 2728 faveo
451 2678 690 2747 fautum,
721 2684 798 2738 sic
840 2686 908 2740 ab
961 2703 1094 2744 aveo
1138 2705 1341 2759 autum,
1373 2702 1512 2765 quod
1559 2711 1639 2755 est
1678 2714 1827 2759 extra

249 2776 409 2818 usum
444 2784 455 2818 :
486 2777 541 2822 et
570 2770 691 2826 inde
717 2784 873 2830 autor
900 2777 1225 2838 descendere
1256 2786 1480 2851 videtur,
1508 2794 1755 2859 quoniam
1785 2798 1828 2851 is

247 2854 315 2908 sit
343 2857 443 2925 qui
466 2874 576 2914 rem
622 2860 808 2918 laetam
850 2879 1035 2935 aveat,
1065 2871 1165 2928 hoc
1192 2885 1273 2929 est
1302 2879 1500 2945 cupiat.
1527 2854 1823 2939 ‘AGRICOLA.

315 2953 703 3030 Magistratum]
732 2960 1065 3031 Magistratus
1094 2978 1146 3022 ct
1169 2970 1529 3039 magisterium
1554 2976 1823 3045 diﬁ'erunt,

248 3042 591 3112 magistratus
618 3058 853 3117 potestas
874 3052 1081 3115 dicitur,
1107 3060 1464 3127 magisterium
1480 3105 1494 3125 ,
1518 3042 1821 3121 artificium.

244 3131 511 3191 Conscius
540 3146 593 3192 et
619 3141 973 3207 conscientia,
1009 3149 1145 3213 apud
1180 3158 1385 3206 veteres
1423 3153 1732 3225 plerumque
1774 3161 1823 3211 in

246 3226 447 3279 malam
476 3236 679 3296 partem
710 3232 981 3290 dicuntur.
1009 3236 1280 3293 .luvenalis
1309 3257 1323 3294 :

363 3335 490 3394 Quis
511 3352 635 3388 nunc
656 3340 873 3401 diligitur
894 3346 981 3392 nisi
1002 3350 1222 3397 conscius
1248 3352 1264 3399 ?

243 3416 498 3473 lloratius
526 3421 576 3475 in
608 3423 779 3491 primo
812 3426 1165 3495 Epistolarum
1201 3450 1211 3484 :

362 3509 447 3560 Nil
472 3516 689 3564 conscire
713 3517 824 3577 sibi,
852 3518 981 3567 nulla
1007 3522 1278 3582 pallescere
1302 3526 1457 3590 culpa.

242 3590 536 3647 Sallustius
566 3595 617 3647 in
640 3595 896 3666 Jugurtha
938 3618 949 3651 :
980 3601 1057 3656 Ne
1083 3605 1201 3671 quis
1246 3609 1556 3665 modestiam
1598 3614 1647 3667 in
1690 3630 1819 3670 con-

241 3683 524 3739 scientiam
552 3686 858 3743 deduceret.
900 3690 1091 3747 Contra
1124 3695 1371 3765 Virgilius
1403 3701 1531 3755 dixit
1558 3722 1569 3754 :
1595 3703 1819 3762 Conscia

240 3772 447 3839 virtus;
481 3784 535 3829 et
563 3777 784 3843 Quintil.
820 3781 875 3834 in
910 3785 1093 3837 matris
1138 3787 1348 3842 infamia
1389 3806 1402 3844 :
1439 3794 1483 3845 0
1510 3792 1663 3848 bona:
1692 3812 1819 3852 con-

239 3864 483 3918 scientia:
514 3869 719 3922 iucauta
750 3872 901 3940 simpl
927 3875 1078 3929 citas.
1110 3878 1399 3935 AGRICOLA.

308 3954 611 4033 Imbecillis]
643 3963 803 4027 Quasi
839 3966 955 4019 sine
992 3968 1210 4036 baculo,
1241 3972 1290 4025 id
1328 3984 1409 4027 est
1445 3976 1565 4031 sine
1597 3977 1820 4034 admini-

236 4048 357 4102 culo
388 4060 485 4104 aut
507 4053 718 4108 robore.
753 4060 1040 4114 AGtthOLA.

306 4139 619 4211 Calumniisl
663 4145 800 4201 Dicit
838 4148 1143 4209 Priscianus
1184 4169 1213 4208 a
1258 4159 1421 4213 veteri
1463 4161 1624 4216 verbo
1652 4165 1814 4232 calvo,

234 4230 376 4294 quod
399 4241 488 4285 est
512 4233 721 4303 decipio
742 4277 758 4302 ,
784 4239 1103 4296 calumniam
1126 4245 1319 4301 dictam
1347 4263 1465 4304 esse
1492 4256 1631 4321 quod
1661 4258 1818 4310 modo

232 4321 505 4390 signiﬁcat
550 4324 735 4380 falsam
783 4333 1218 4401 accusationem,
1264 4341 1423 4395 modo
1480 4346 1814 4401 vexationem

230 4410 464 4480 alicujus
492 4413 543 4468 in
568 4415 746 4472 liihus
768 4434 860 4488 per
880 4421 1181 4495 fraudemct
1206 4427 1625 4489 frustrationem.
1654 4437 1813 4491 Acm-

227 4515 387 4557 εοιΑ.

2007 1974 2315 2050 Ambitione]
2363 1982 2457 2037 Hic
2508 1992 2684 2053 posuit
2722 1992 2773 2046 in
2829 1998 3037 2063 propria
3087 1999 3510 2072 signiﬁcatione,

1935 2075 2090 2129 quam
2114 2070 2432 2139 etymologia
2460 2077 2691 2132 nominis
2714 2083 2907 2147 reddit,
2944 2102 3049 2141 non
3071 2093 3337 2158 quomodo
3362 2070 3512 2150 more

1932 2161 2202 2212 communi
2233 2160 2421 2219 Latine
2462 2167 2790 2237 loquentium
2828 2178 3053 2246 capitur.
3098 2182 3331 2238 Ambitio
3367 2188 3511 2240 enim

1932 2245 2126 2313 cupido
2148 2249 2366 2308 honoris
2386 2264 2469 2310 est
2500 2276 2516 2312 :
2539 2260 2660 2329 quia
2684 2265 2769 2332 qui
2793 2245 3044 2334 petebant
3072 2272 3299 2330 honores
3324 2286 3377 2331 et
3398 2293 3512 2333 ma-

1931 2336 2181 2404 gistratus
2203 2386 2218 2409 ,
2251 2347 2524 2405 ambibant
2566 2365 2619 2408 et
2658 2357 2955 2416 circuibant
2992 2365 3175 2431 cives,
3208 2380 3423 2425 orantes
3452 2382 3509 2427 ttt

1930 2427 2032 2484 sibi
2064 2433 2339 2492 laverent:
2367 2441 2510 2496 unde
2532 2444 2762 2501 ambitus
2791 2452 3057 2519 signiﬁcat
3092 2427 3316 2526 idqnoil
3350 2459 3508 2517 hodie

1930 2522 2118 2590 vulgus
2159 2527 2443 2584 simoniam
2483 2546 2656 2589 vocat.
2695 2537 2789 2593 Hic
2825 2552 3001 2597 autem
3032 2544 3202 2611 diiit,
3253 2552 3523 2617 quoniam-

1928 2612 2203 2668 ambibant
2225 2616 2433 2683 judices
2454 2634 2505 2677 et
2527 2630 2822 2684 sententias
2841 2634 3108 2690 emebant.
3140 2639 3431 2695 AGRICOLA.

2000 2705 2226 2779 Aulicos]
2260 2710 2477 2780 Pmprie
2518 2716 2746 2774 dicimus
2775 2737 2870 2777 eos
2907 2728 2996 2792 qui
3033 2727 3085 2781 in
3131 2731 3265 2785 aulis
3309 2734 3505 2800 princi-

1931 2810 2053 2860 pum
2100 2798 2319 2869 vivunt,
2361 2819 2495 2872 quos
2541 2807 2700 2863 hodie
2742 2811 2968 2871 barbare
3012 2820 3243 2876 curiales
3289 2834 3500 2880 vocant.

1929 2885 2118 2957 Virgil.
2151 2890 2203 2944 in
2226 2907 2263 2945 tt
2290 2893 2483 2965 Georg.
2518 2916 2531 2950 :

2235 2984 2507 3037 Penetrant
2530 2991 2663 3040 aulas
2694 3000 2745 3044 et
2766 2995 2932 3045 limina
2958 3011 3147 3060 regum.

1928 3060 2057 3115 Nam
2085 3067 2229 3120 curia
2258 3082 2289 3121 a
2315 3083 2444 3125 cura
2475 3072 2668 3129 dicitur
2700 3076 2866 3143 locus,
2903 3082 2991 3135 ubi
3023 3085 3289 3151 publicum
3318 3090 3500 3141 conci-

1930 3152 2059 3208 lium
2090 3154 2334 3213 habetur.
2366 3161 2656 3220 Adntcou.

1854 3235 1899 3297 C
2002 3243 2139 3299 Esne
2168 3244 2283 3308 ὄνος
2312 3253 2438 3323 πρὸς
2459 3252 2632 3327 λύραν]
2662 3257 2751 3312 Sic
2789 3258 2966 3329 lcgere
2998 3275 3080 3318 est
3116 3266 3169 3321 iu
3213 3268 3528 3337 exemplari~

1927 3335 2065 3401 quod
2091 3335 2323 3393 Joannes
2349 3343 2614 3400 Czrsarius
2645 3348 2802 3401 homo
2833 3352 3172 3409 doctiSsimus
3197 3359 3326 3413 mihi
3356 3335 3523 3415 cum-7

1927 3424 2162 3479 modavit
2195 3444 2206 3479 :
2239 3432 2379 3498 quod
2410 3434 2801 3503 interpretatur,
2828 3442 3026 3499 Asinus
3055 3463 3113 3501 es
3136 3448 3201 3501 ad
3230 3450 3416 3519 lyram.
3447 3453 3511 3506 In

1923 3517 2159 3584 ejusdem
2213 3528 2450 3592 margine
2496 3526 2611 3582 haec
2656 3529 2920 3589 habentur
2966 3538 3195 3606 ascripta
3240 3517 3261 3592 τῇ
3296 3542 3329 3599 ἦ
3374 3544 3505 3617 πρὸς

1922 3608 2078 3682 λύραν
2108 3607 2217 3671 ὄνος
2242 3614 2418 3679 τελεῖς,
2448 3616 2497 3669 id
2527 3628 2629 3684 est,
2663 3620 2743 3675 An
2792 3625 2856 3677 ad
2900 3626 3065 3696 lyram
3109 3631 3289 3685 asinus
3305 3634 3400 3687 es?
3445 3635 3503 3688 ln

1923 3702 2151 3768 epistula
2193 3720 2321 3760 vero
2367 3709 2434 3763 ab
2476 3709 2765 3767 Edicollio
2794 3717 2859 3770 ad
2890 3735 2975 3772 me
3003 3720 3157 3786 data,
3188 3723 3266 3777 An
3297 3739 3357 3779 es
3394 3724 3502 3787 ὄνος

1922 3792 2109 3867 λύραςῖ
2137 3796 2392 3863 subaudi,
2424 3804 2706 3875 ἁκροάτης,
2739 3808 2790 3860 id
2823 3818 2926 3876 est,
2959 3826 3018 3864 es
3047 3812 3225 3867 asinus
3250 3816 3376 3884 lyra:
3407 3834 3501 3871 au-

1922 3885 2194 3939 scultator.
2232 3888 2538 3960 liodolphus
2574 3898 2822 3964 Agricola
2860 3904 3099 3955 exaravit
3126 3902 3309 3959 Graeca
3356 3906 3501 3961 Lati-

1922 3975 2004 4027 nis
2039 3976 2228 4031 litteris
2249 4020 2263 4043 ,
2295 3980 2512 4037 forsitan
2548 4000 2614 4039 eo
2651 3988 2793 4056 quod
2827 3990 2871 4044 is
2900 3991 3053 4059 cujus
3096 3997 3210 4049 usui
3241 3996 3500 4054 scriberet

1920 4066 2102 4121 Crzeea
2140 4072 2387 4127 nesciret.
2429 4074 2565 4130 Sunt
2603 4089 2780 4134 autem
2812 4080 2925 4136 huic
2957 4098 2971 4135 :
3002 4081 3134 4159 ’Δρα
3162 4083 3210 4140 εἴ
3231 4084 3341 4149 ὄνος
3369 4092 3523 4163 πρὸς,

1918 4157 2101 4235 tum;
2151 4161 2202 4215 id
2247 4174 2347 4229 est,
2390 4167 2470 4220 An
2502 4183 2562 4223 es
2607 4171 2788 4227 asinus
2830 4175 2896 4228 ad
2928 4157 3135 4245 lyram?
3165 4180 3366 4234 Dicitur
3397 4157 3500 4237 hoc

1918 4252 2160 4321 adagiut‘n
2194 4254 2245 4308 in
2285 4271 2379 4311 eos
2414 4259 2503 4326 qui
2535 4260 2711 4315 hebeti
2742 4274 2865 4318 sunt
2886 4264 3130 4335 ingenio,
3163 4269 3359 4325 crassis
3402 4286 3527 4326 au-.

1918 4344 2085 4410 ribus,
2118 4348 2417 4419 nulliusque
2444 4352 2655 4417 judicii,
2682 4355 2750 4408 ita
2781 4366 2837 4409 ut
2862 4372 2924 4412 ea
2964 4375 3085 4427 qua:
3126 4361 3373 4415 dicuntur
3396 4365 3498 4416 mi-

1918 4450 2016 4488 nus
2063 4438 2375 4507 intelligant.
2418 4441 2579 4496 Divus
2633 4445 2989 4517 Hieronymus
3039 4447 3104 4501 ad
3140 4450 3490 4505 Marcellam:

1918 4527 2080 4580 Asino
2124 4530 2318 4597 quippe
2368 4532 2476 4601 lyra
2522 4536 2786 4601 sup'erllue
2837 4538 2999 4591 canit.
3050 4538 3193 4593 Idem
3239 4540 3494 4598 adversus

296 4594 677 4669 Barbararum]
703 4599 871 4656 Omne
900 4602 1184 4661 humanum
1231 4626 1397 4679 genus
1445 4631 1472 4665 a
1520 4618 1718 4673 Gratcis
1762 4620 1811 4672 in
1844 4594 1894 4654 Ῐ)
1925 4616 2264 4685 Vigilautium
2322 4638 2334 4673 :
2383 4622 2691 4693 Quanquam
2737 4628 2900 4681 Stulte
2952 4630 3135 4684 iaciam
3165 4671 3182 4697 ,
3241 4634 3496 4702 magistro

226 4689 495 4746 barbaros
533 4701 588 4747 et
633 4696 849 4751 Grrecos
894 4699 1055 4754 dividi
1103 4705 1313 4759 solebat
1357 4726 1369 4760 :
1409 4722 1526 4776 post
1570 4714 1666 4766 hoc
1699 4714 1809 4769 Itali

224 4796 445 4849 quoque
478 4782 803 4841 humanitate
829 4798 883 4843 ct
907 4792 1205 4849 eruditioue
1233 4813 1259 4849 a
1290 4798 1529 4854 barbaris
1556 4810 1808 4871 exempti.

220 4869 522 4926 Christiani
567 4876 855 4943 scriptorcs
904 4882 1213 4951 plerumque
1236 4902 1375 4942 nunc
1403 4904 1499 4957 pro
1522 4894 1809 4958 gentilibus

220 4962 500 5028 accipiunt
521 4962 791 5019 barbaros.
827 4969 1117 5028 AGlthOLA.

300 5050 671 5127 Vectigalibus]
708 5056 938 5127 Vectigal
973 5062 1229 5119 tributum
1260 5069 1471 5135 dicitur,
1506 5073 1644 5141 quod
1678 5090 1809 5141 pen-

218 5140 365 5196 ditur
392 5142 465 5197 de
499 5147 657 5199 rebus
688 5162 807 5215 qua:
844 5151 1111 5207 vehuntur
1152 5172 1163 5206 :
1196 5140 1531 5215 consuetudo
1554 5140 1724 5219 tenuit
1753 5177 1809 5220 ut

219 5245 317 5296 pro
347 5233 501 5286 omni
534 5235 751 5304 tributo,
782 5240 976 5297 deinde
1007 5259 1102 5313 pro
1132 5248 1275 5301 oumi
1304 5266 1463 5303 censu
1494 5253 1800 5323 accipiatur.

220 5320 373 5375 Unde
397 5326 675 5394 vectigalis
695 5344 851 5398 ager,
898 5349 962 5388 ex
989 5350 1094 5403 quo
1117 5337 1354 5394 redditus
1378 5320 1654 5411 capiuntur
1670 5387 1685 5411 ,
1713 5364 1805 5401 vo-

213 5423 392 5469 catur.
414 5416 705 5475 AGRICOLA.

285 5505 651 5583 Campaniam]
682 5514 725 5569 A
750 5513 926 5585 Capua
955 5519 1087 5575 urbe
1111 5522 1186 5589 ﬁt,
1214 5522 1408 5578 dicitur
1428 5527 1559 5583 civis
1581 5529 1801 5600 Campa-

212 5610 336 5651 nus.
371 5596 534 5655 Unde
562 5610 616 5655 et
638 5603 948 5674 Campania,
973 5610 1222 5680 quidquid
1270 5615 1368 5667 sub
1388 5615 1586 5675 ditioue
1607 5596 1801 5691 Cap-uae

208 5688 340 5742 olim
375 5689 502 5745 fuit.
532 5693 808 5752 Provincia
834 5698 1033 5766 dicitur
1054 5716 1176 5771 pars
1197 5705 1370 5773 aliqua
1401 5716 1657 5766 terrarum
1686 5732 1801 5782 utne

206 5780 503 5851 subjugata
528 5799 555 5836 a
588 5785 857 5859 Romanis,
883 5792 1099 5849 remotis
1126 5795 1202 5850 vel
1234 5797 1559 5867 principibus
1586 5802 1665 5859 vel
1690 5780 1800 5859 ma-

1921 4716 2230 4762 cunctorum
2272 4715 2548 4779 magistros
2580 4731 2852 4785 qua-rere,
2894 4727 2949 4772 et
2986 4720 3033 4773 ei
3064 4722 3285 4778 modum
3326 4725 3496 4794 impo-

1922 4810 2074 4857 nere,
2100 4799 2186 4865 qui
2231 4799 2371 4869 loqui
2405 4804 2605 4868 nescit,
2635 4819 2684 4859 et
2717 4816 2893 4862 tacere
2931 4826 3035 4863 non
3068 4822 3261 4878 potest.
3296 4813 3491 4869 Verum

1917 4901 1995 4941 est
2027 4889 2152 4943 illud
2186 4894 2324 4959 apud
2364 4894 2580 4949 (ἐι-ίυοοὲ
2610 4901 2974 4966 prov’erbium,
3004 4900 3153 4965 "Ova;
3178 4906 3354 4980 λύρας.
3390 4908 3493 4960 Lu-

1917 4980 2102 5034 cianus
2129 4983 2195 5036 de
2227 4984 2291 5036 iis
2317 4987 2403 5053 qui
2436 4989 2680 5044 mercede
2706 4994 2945 5047 Serviunt
2976 5013 2986 5046 :
3014 4996 3147 5060 Quid
3180 5000 3491 5053 commercii

1914 5074 2065 5125 asino
2090 5087 2208 5126 cum
2239 5075 2387 5144 lyra?
2409 5077 2709 5151 ἑξαόδαψὴ
2721 5087 2856 5137 κεῦθε
2878 5086 2988 5157 νόῳ.
3013 5087 3293 5140 lnCmsarii
3312 5089 3491 5143 libello

1912 5164 2025 5216 haec
2046 5164 2230 5219 Crteea
2262 5178 2415 5233 sunt,
2445 5186 2563 5238 quae
2595 5173 2671 5226 sic
2708 5174 3124 5244 interpretantur
3157 5196 3169 5230 :
3200 5179 3486 5247 Eloquere,

1911 5270 1976 5308 ne
1997 5258 2237 5312 occultas
2263 5260 2567 5317 intellecturi.
2592 5266 2759 5329 Quam
2791 5268 2939 5322 dedit
2965 5270 3285 5326 Aiilicollius
3305 5274 3370 5326 ad
3399 5289 3486 5328 me

1909 5347 2184 5414 epistolam
2234 5351 2346 5404 hate
2388 5352 2541 5406 habet
2580 5374 2593 5409 :
2633 5355 2856 5429 Ἐξηγέου
2900 5363 3035 5430 ἐμοὶ,
3090 5365 3139 5414 ἐν
3180 5367 3267 5433 μὲν
3319 5363 3505 5437 ἀδήλῳ,

1912 5438 2136 5492 τίθεσθαι
2158 5443 2215 5492 οὐ
2239 5444 2418 5505 πείθω,
2450 5459 2565 5512 qua:
2590 5446 2668 5499 sic
2711 5448 2834 5501 licet
2869 5450 3234 5515 interpretari,
3267 5452 3485 5518 Expone

1908 5526 2059 5593 mihi,
2094 5528 2145 5580 in
2172 5531 2376 5585 incerto
2404 5533 2618 5602 quidem
2646 5535 2766 5603 poni
2797 5552 2899 5589 non
2928 5537 3145 5590 suadeo.
3172 5538 3484 5608 liodolphus

1907 5623 2033 5694 legit
2074 5624 2186 5681 haec
2222 5628 2405 5685 Grteea
2433 5648 2444 5681 :
2487 5632 2866 5703 Ἐξομολόγησαι
2886 5674 2896 5693 ,
2929 5634 2977 5686 τί
3000 5652 3056 5685 σε
3086 5632 3260 5700 λυπεῖ,
3298 5633 3349 5688 id
3375 5642 3480 5693 est.

1904 5714 2175 5773 Conﬁtere
2197 5719 2321 5788 quid
2352 5729 2402 5774 te
2430 5721 2730 5776 contristet.

1980 5814 2320 5873 Bibliotheca,
2351 5809 2533 5865 Graece
2563 5812 2882 5882 βιϐλιοθήκῃ,
2911 5816 3283 5883 reposntorium
3316 5815 3505 5873 libro--
