4010 6372
488 402 592 460 919

1142 392 1476 447 aeream):
1520 393 1610 445 AD
1651 388 1890 443 uanos
1933 385 2018 438 or;
2057 365 2572 435 cessaturum
2611 375 3104 432 etttLosoenmz.

3647 374 3752 429 99f!

489 531 628 572 rum.
659 515 833 574 Βίϐλος
863 511 1003 566 enim
1045 510 1420 576 interpretatur
1445 518 1705 573 papyrus,
1745 503 1936 570 juncus
1978 511 2067 550 co-
2095 496 2144 554 Α
2173 492 2253 546 his
2284 508 2409 560 ergo
2438 492 2544 560 jam
2577 491 2729 544 satis.
2767 487 3039 543 Cltccratis
3069 496 3245 540 autem
3273 501 3454 540 curam
3488 483 3752 540 habemus

490 609 612 672 dex,
642 603 793 669 liber,
821 602 1068 671 bombyx.
1094 598 1345 673 Nonnulli
1369 597 1608 650 scribunt
1634 609 1727 663 per
1756 617 1812 655 υ,
1838 591 2067 644 maxime

493 697 804 752 Theodorus
828 695 988 750 Gaza.
1012 693 1278 746 Invenitur
1299 701 1351 744 et
1376 690 1569 749 Βίϐὶος,
1598 686 1724 739 urbs
1758 682 2064 745 thnieim,

490 803 606 853 qua:
635 801 727 853 per
755 809 786 838 υ
824 797 1033 850 semper
1067 781 1315 835 scribitur
1343 796 1357 832 :
1385 777 1680 830 ditfereutia
1723 775 1872 840 cujus
1911 770 2070 840 pleri-

489 891 593 945 que
623 877 794 946 (nimo,-
828 889 922 941 pro
951 873 1132 927 codice
1163 886 1256 940 per
1283 897 1300 927 ι
1332 869 1492 922 scribi
1517 868 1802 929 affirmant,
1837 878 1930 932 per
1956 877 2067 915 niu-

493 969 749 1022 tationem
781 965 1021 1020 dichroui
1047 966 1098 1018 in
1122 963 1461 1023 dielirouuin,
1484 969 1543 1012 ut
1573 959 1798 1010 lsaccius
1827 957 1876 1007 in
1903 955 2070 1023 Lyco-

492 1061 716 1130 phronis
747 1058 1184 1125 interpretatione
1228 1063 1468 1107 testatur.
1514 1050 1614 1103 Per
1658 1045 2068 1100 diminutionem

494 1161 685 1205 neutro
710 1164 904 1218 genere
933 1146 1126 1200 diritur
1151 1145 1342 1217 βίϐλων
1374 1141 1650 1202 volumen,
1683 1137 1917 1198 libellus;
1951 1136 2069 1191 θήκη

492 1253 668 1296 autem
699 1240 882 1293 Latine
912 1238 1102 1292 dicitur
1132 1231 1534 1300 theca,vagina,
1565 1229 1888 1295 sepulcrum,
1921 1226 2070 1278 locu-

496 1331 602 1396 lus,
633 1330 1029 1400 repusitorium.
1064 1328 1132 1380 Μ.
1157 1326 1362 1378 Tullius
1393 1324 1444 1376 in
1479 1337 1570 1373 itm
1603 1319 1956 1386 Epistolarum
1997 1316 2072 1368 fa-

500 1421 784 1476 miliarium
816 1437 829 1473 :
861 1419 1141 1488 Dionysius
1167 1430 1353 1469 servus
1379 1411 1652 1479 meus,qui
1684 1423 1852 1462 meam
1879 1405 2073 1460 biblio-

497 1511 707 1566 thecam
733 1511 1024 1564 multorum
1055 1520 1390 1560 nummorum
1421 1502 1696 1565 tractavit,
1728 1516 1846 1553 cum
1879 1499 2073 1552 multos

499 1599 666 1654 libros
695 1599 1068 1668 surripuisset,
1095 1613 1191 1652 nec
1219 1613 1276 1650 se
1309 1599 1522 1663 impune
1560 1594 1786 1646 laturum
1834 1600 2073 1660 putaret,

498 1693 719 1762 aufugit.
748 1691 935 1746 Latine
981 1691 1192 1744 libraria
1240 1688 1460 1753 dicitur,
1513 1701 1616 1754 quo
1655 1687 1814 1739 etiam
1863 1682 2074 1736 nomine

499 1782 827 1850 signﬁeatur
858 1783 1006 1835 locus
1034 1780 1117 1832 ubi
1143 1779 1262 1832 libri
1291 1778 1508 1831 venales
1533 1785 1882 1844 reponuntur.
1910 1773 2074 1826 Aulus

2171 586 2220 637 in
2247 582 2523 651 prznsentia
2542 622 2556 646 ,
2586 579 3003 647 habebimusque
3042 577 3094 630 in
3127 587 3393 646 poSIerum
3412 618 3426 641 ,
3451 585 3503 629 et
3528 576 3600 628 tui
3631 590 3749 643 gra-

2171 674 2239 726 tia
2264 714 2278 736 ,
2303 684 2350 726 et
2381 672 2544 738 patris
2569 671 2684 739 ejus
2715 668 3069 740 l’hryuiouis,
3093 677 3147 721 et
3177 675 3392 736 pr0pter
3419 667 3596 736 ipsum
3625 665 3752 719 adeo

2173 766 2480 817 lescentetn.

2247 855 2440 920 Quibus
2471 864 2638 906 autem
2679 847 3040 922 deferentibus]
3068 849 3282 917 Colligit
3320 847 3637 916 gravitatem
3667 862 3756 899 ca-

2172 961 2261 997 sus
2301 961 2363 997 ex
2407 945 2717 1011 indignitate
2762 950 3160 1003 accuSatorum,
3207 955 3237 992 e
3283 939 3472 1006 quibus
3525 939 3758 991 Basilius

2171 1051 2290 1088 cum
2331 1045 2474 1089 esset
2511 1042 2719 1086 amotus
2751 1047 2781 1085 e
2825 1032 2986 1084 domo
3026 1031 3198 1097 regis,
3249 1041 3469 1097 propter
3520 1029 3754 1094 in0piain

2173 1137 2387 1180 cunctus
2417 1136 2498 1178 est
2523 1142 2644 1178 eum
2672 1138 2945 1178 accusare.
2968 1122 3144 1189 Opilio
3164 1129 3219 1173 et
3245 1119 3599 1182 Gaudentius,
3634 1133 3759 1170 eum

2171 1229 2348 1272 essent
2388 1217 2522 1285 jussi
2553 1218 2630 1269 ire
2660 1217 2714 1268 in
2755 1215 3002 1268 exsilium
3038 1221 3252 1280 propter
3296 1213 3498 1264 scelera
3542 1225 3639 1262 sua
3663 1251 3679 1274 ,
3709 1223 3761 1262 et

2175 1317 2353 1375 postea
2381 1322 2439 1358 se
2481 1305 2728 1373 prmsidio
2757 1305 2994 1356 locorum
3033 1316 3308 1354 sacrorum
3335 1311 3637 1357 luerentur.
3666 1301 3761 1352 ite-

2176 1415 2397 1467 rumque
2430 1399 2705 1452 statuisset
2733 1413 2826 1452 rex
2851 1437 2864 1460 ,
2903 1397 3005 1449 nisi
3041 1396 3175 1448 intra
3206 1405 3413 1448 certum
3445 1395 3594 1446 diem
3642 1394 3758 1445 aliis

2174 1498 2292 1542 rent
2311 1489 2375 1540 ab
2395 1487 2529 1541 urbe
2547 1488 2818 1550 Ravenna,
2845 1487 3090 1554 stigmata
3117 1484 3458 1537 inurerentur
3491 1483 3760 1535 [rentibus

2174 1595 2358 1634 eorum
2385 1596 2399 1633 :
2427 1578 2615 1632 eodem
2647 1589 2818 1630 tamen
2843 1577 2929 1631 die
2957 1591 3062 1645 quo
3089 1575 3321 1643 iusserat
3352 1577 3448 1627 ista
3483 1591 3604 1637 rex,
3639 1590 3758 1626 cum

2175 1671 2550 1740 profiterentur
2592 1680 2931 1724 accusatores
2980 1685 3038 1722 se
3080 1669 3280 1733 Boetii,
3317 1668 3486 1722 factus
3516 1678 3602 1722 est
3639 1682 3761 1721 reus

2178 1762 2312 1829 ipse,
2345 1769 2399 1814 et
2446 1759 2520 1813 illi
2565 1759 2728 1812 auditi
2768 1769 2910 1812 sunt.
2940 1757 3075 1824 Quid
3103 1773 3230 1825 ergo
3270 1757 3544 1825 indignius
3595 1757 3762 1824 potuit

498 1874 697 1927 Gellius
715 1873 850 1927 libro
869 1872 1111 1926 Noctium
1138 1871 1426 1924 Atticarum
1452 1869 1656 1937 quinto.
1680 1882 1709 1920 c
1729 1867 1851 1934 ipite
1865 1875 2070 1934 quarto:

2194 1851 2318 1912 ieri,
2343 1866 2502 1920 quam
2531 1851 2577 1904 si
2606 1866 2703 1904 nec
2736 1850 2949 1904 Boetius
2977 1849 3172 1903 meruit
3198 1850 3458 1916 accusari,
3491 1858 3550 1902 et
3577 1850 3660 1904 illi
3681 1849 3760 1902 in-

497 1967 648 2035 Apud
669 1967 916 2035 sigillaria
941 1964 1074 2017 forte
1097 1965 1146 2017 in
1166 1961 1380 2017 libraria
1403 1974 1501 2028 ego
1521 1968 1574 2013 et
1594 1958 1652 2011 L.
1675 1957 1868 2010 Paulus
1900 1965 2074 2023 poeta,

497 2065 579 2120 vir
600 2063 851 2120 memoria
886 2071 1065 2117 nostra
1097 2059 1439 2113 doctissimus
1458 2095 1472 2117 ,
1499 2053 1932 2108 consederamus.

567 2154 650 2206 ‘Ad
694 2153 904 2206 caelestis
947 2151 1141 2204 ordinis
1173 2144 1464 2216 exemplar]
1492 2144 1643 2200 Sicut
1668 2142 1810 2198 enim
1841 2141 2076 2196 ctelestia

502 2243 805 2308 certissimo
835 2241 1136 2309 diriguntur
1163 2237 1349 2293 ordine
1369 2276 1384 2299 ,
1416 2243 1672 2304 perpetuo
1707 2239 1954 2284 constant
1996 2238 2078 2284 te-

501 2353 634 2394 nore
669 2349 985 2403 summaque
1028 2338 1410 2387 conservantur
1451 2325 1732 2381 ceucordia
1772 2341 1785 2377 :
1824 2323 1894 2376 ita
1938 2330 1990 2375 et
2023 2322 2076 2374 in

502 2431 718 2488 homine
743 2444 936 2499 corpus
981 2436 1063 2482 est
1100 2425 1262 2480 animi
1301 2423 1528 2492 imperio
1574 2420 1993 2488 subjuganitum,
2024 2427 2080 2471 et

502 2523 767 2595 appetitus
793 2533 935 2577 recta
963 2521 1166 2575 ratione
1206 2516 1563 2571 moderandus
1584 2554 1598 2578 ,
1633 2521 1791 2581 atque
1829 2512 1878 2564 in
1909 2510 2081 2562 omni—

506 2615 606 2669 bus
628 2613 1016 2675 convenientia,
1047 2610 1202 2674 ordo,
1232 2613 1734 2676 temperamentum,
1764 2599 2077 2655 concordia-

506 2722 610 2777 que
638 2705 920 2775 diligenter
948 2701 1300 2757 observanda.

573 2797 757 2851 Beatus
801 2800 909 2866 fore
959 2789 1305 2863 respublicas]
1351 2788 1590 2842 Valerius
1637 2785 1896 2839 Maximus
1944 2783 2081 2835 libro

506 2891 732 2959 septimo
758 2907 770 2941 :
800 2889 914 2943 Jam
949 2887 1184 2942 Platonis
1222 2882 1401 2937 verbis
1444 2881 1687 2941 astricta,
1727 2877 1818 2930 sed
1863 2890 2078 2929 sensum

508 2982 802 3049 pra-valens
832 2981 1094 3034 sententia
1126 2996 1138 3030 :
1173 2977 1394 3043 quitum
1425 2974 1636 3025 demum
1672 2972 1880 3023 beatum
1916 2979 2081 3020 terra—

505 3088 622 3127 rum
648 3071 831 3126 orbem
877 3069 1108 3123 futurum
1154 3063 1491 3135 praedicavit,
1527 3077 1648 3114 cum
1681 3069 1770 3111 aut
1815 3058 2081 3124 sapientes

505 3179 760 3234 regnare,
790 3173 876 3217 aut
910 3176 1061 3228 reges
1101 3172 1290 3227 sapere
1324 3154 1631 3222 coepi-sent.
1671 3151 1840 3204 .lulius
1868 3148 2082 3215 Capito-

505 3218 647 3310 linuus
676 3254 727 3308 in
750 3218 874 3305 'Vita
909 3218 986 3303 lii:
1009 3218 1222 3302 Antonii
1265 3218 1567 3310 PhilosOphi
1603 3240 1822 3293 Romani
1855 3239 2081 3306 impera—
2110 3218 2155 3278 Ο

511 3346 641 3399 toris
674 3341 990 3398 :Sentcntia
1019 3337 1252 3392 Platoais
1293 3349 1504 3401 semper
1542 3333 1594 3385 in
1641 3346 1733 3384 ore
1782 3331 1925 3384 illius
1966 3329 2080 3391 fuit,

508 3443 733 3497 Florere
759 3441 1032 3503 civitates,
1064 3436 1107 3489 si
1143 3444 1232 3488 aut
1258 3429 1555 3502 philosophi
1595 3428 1947 3494 imperarent,
1995 3430 2087 3475 aut

509 3533 858 3600 imperatores
900 3526 1421 3597 philosopharentur.
1463 3519 1781 3574 Prudentius
1830 3518 1882 3570 in
1930 3515 2085 3584 Sym-

511 3619 754 3676 machum
782 3630 1048 3674 oratorem
1083 3634 1096 3672 :

659 3728 893 3777 Nimirum
922 3727 1123 3789 pulchre,
1148 3727 1343 3787 quidam
1357 3725 1677 3789 doctissimus
1694 3729 1837 3789 esset

657 3790 856 3840 Publica
880 3786 981 3850 res,
1008 3789 1186 3850 inquit,
1213 3798 1326 3850 tunc
1351 3786 1588 3834 fortunata
1613 3788 1747 3850 satis,
1776 3786 1817 3831 si

661 3850 754 3901 Vel
781 3865 930 3911 reges
955 3848 1206 3912 saperent,
1234 3849 1310 3897 vel
1337 3855 1606 3910 regnarent
1630 3848 1895 3902 sapientes.

581 3933 658 3987 Tu
695 3934 922 4000 eiusdem
965 3933 1058 3985 viri
1103 3929 1221 4000 ore]
1261 3931 1444 3982 Exstat
1480 3926 1716 3981 Platonis
1757 3923 1977 3992 epistola
2020 3921 2085 3976 ad

508 4018 1164 4095 Architamfl‘arentinum,
1181 4035 1334 4088 quam
1349 4018 1614 4072 Marsilius
1631 4017 1842 4070 Ficiuus
1871 4017 2009 4068 hunc
2037 4016 2085 4067 in

511 4115 726 4169 modum
766 4115 1143 4181 interpretatus
1179 4121 1260 4164 est
1293 4129 1304 4162 :
1342 4111 1488 4163 Plato
1525 4111 1755 4162 Archita:
1798 4107 2087 4159 Tarentino

511 4209 647 4261 bene
686 4220 863 4274 agere.
904 4205 1180 4258 Venerunt
1227 4203 1292 4254 ad
1332 4216 1427 4253 nos
1466 4197 1719 4267 Archippi
1768 4195 2088 4250 Phil0uidis-

510 4313 612 4366 que
639 4298 948 4360 familiares,
976 4295 1206 4348 ferentes
1236 4291 1514 4361 epistolam
1542 4305 1701 4358 quam
1732 4287 1808 4340 eis
1838 4287 2082 4350 dederas,

512 4401 572 4440 ac
611 4387 676 4441 de
717 4385 878 4440 rebus
917 4384 1022 4437 tuis
1067 4399 1183 4452 qua:
1224 4379 1458 4449 oportuit
1502 4377 1826 4431 nuntiantes.
1872 4374 2086 4428 Publica

511 4478 724 4546 quidem
755 4477 983 4530 civitatis
1029 4473 1234 4542 negotia
1274 4472 1475 4538 absque
1516 4468 1829 4522 difficultate
1871 4480 2088 4533 perege-

511 4583 653 4627 runt.
685 4571 866 4637 Neque
893 4569 1033 4622 enim
1058 4567 1342 4619 admodum
1376 4562 1635 4616 laboriosa
1663 4568 1832 4614 erant.
1863 4559 1938 4610 Te
1960 4572 2086 4610 vero

510 4669 862 4715 narraverunt
903 4657 1222 4724 permoleste
1261 4654 1422 4719 ferre,
1451 4651 1592 4721 quod
1637 4665 1664 4701 a
1712 4648 1934 4717 publicis
1960 4648 2090 4700 civi-

511 4754 634 4804 tatis
681 4749 1119 4816 occupationibus
1165 4755 1217 4799 te
1265 4745 1494 4798 liberare
1543 4757 1648 4796 non
1695 4741 1893 4793 valeas.
1937 4738 2088 4803 Quod

512 4847 671 4913 igitur
694 4843 1057 4896 dulcissimum
1088 4841 1210 4892 vita!
1241 4853 1408 4904 genus
1434 4838 1502 4888 sit
1533 4849 1690 4900 agere
1718 4846 1834 4896 sua,
1863 4845 2087 4898 prmser-

510 4937 603 4989 tim
632 4933 676 4986 si
703 4932 820 5002 quis
848 4932 966 4984 talia
988 4930 1208 4996 elegerit
1238 4925 1494 4987 facienda,
1530 4922 1702 4992 qualia
1737 4931 1813 4982 tu,
1842 4917 2090 4971 omnibus

508 5029 678 5083 ferme
701 5035 776 5079 est
812 5023 1169 5078 manife~tutn.
1204 5020 1307 5074 Sed
1337 5017 1466 5072 ilfnd
1510 5029 1720 5084 quoque
1757 5023 1806 5066 te
1843 5011 2090 5066 conside-

507 5135 628 5176 rare.
659 5127 898 5185 oportet,
931 5116 1133 5168 nullum
1176 5123 1414 5166 nostrum
1464 5109 1560 5164 sibi
1603 5107 1699 5161 soli
1741 5114 1921 5158 natum
1947 5121 2087 5169 esse,

507 5211 600 5266 sed
631 5221 776 5262 ortus
804 5206 970 5261 nostri
1005 5213 1205 5273 partem
1244 5201 1342 5255 sibi
1374 5200 1604 5268 patriam
1636 5196 1938 5254 vindicare,
1973 5210 2090 5261 par-

508 5312 612 5355 tem
660 5307 941 5370 parentes,
988 5304 1190 5364 partem
1233 5291 1432 5343 amicas
1471 5305 1486 5340 :
1534 5287 1698 5340 multa
1745 5287 1962 5350 insuper
1997 5297 2090 5348 pro

507 5400 803 5459 temporum
850 5385 1159 5439 diversitate
1200 5379 1354 5434 nobis
1400 5375 1645 5430 accidere
1673 5415 1688 5438 ,
1739 5375 1931 5441 quibus
1985 5372 2088 5425 vita

507 5490 688 5535 nostra
716 5487 972 5548 occupata
999 5483 1101 5529 est.
1133 5473 1365 5525 Vocante
1399 5469 1554 5537 igitur
1587 5476 1636 5521 te
1673 5468 1839 5536 patria
1881 5468 1990 5534 ipsa
2023 5465 2088 5519 ad

509 5581 890 5648 rempublicam
923 5576 1351 5650 gubernandum.
1385 5569 1674 5625 absurdum
1724 5568 1899 5621 forsan
1947 5575 2089 5619 esset

508 5686 613 5736 non
638 5685 849 5739 parere,
873 5669 1168 5738 prtcsertim
1201 5682 1318 5719 cum
1348 5664 1504 5718 simul
1537 5662 1742 5714 accidat
1764 5704 1778 5724 ,
1819 5667 1876 5711 ut
1914 5658 2087 5710 aditus

510 5759 684 5826 pravis
719 5759 1024 5813 hominibus
1053 5758 1384 5824 relinquatur
1415 5772 1427 5807 ε
1460 5752 1549 5821 qui
1583 5751 1722 5804 nulla
1752 5749 1919 5816 ipsius
1942 5748 2086 5817 quod

513 5846 765 5917 optimum
794 5855 908 5910 est,
943 5847 1149 5905 ratione
1197 5847 1604 5913 Proliciscuntur
1637 5839 1704 5895 ad
1751 5838 1977 5906 publica.
2015 5837 2088 5890 De

2180 1941 2321 2010 digni
2347 1952 2497 1994 erant
2526 1941 2614 2008 qui
2637 1949 2972 1993 accusarent.
3002 1941 3289 1994 Acatcout.

2252 2031 2630 2104 Defert-cutibus]
2661 2032 2879 2085 Deferre
2910 2030 3123 2099 proprie
3152 2030 3418 2098 significat
3449 2038 3764 2099 apportare.

2182 2128 2368 2196 Virgil.
2396 2129 2448 2180 in
2476 2143 2525 2180 Iv
2557 2125 2770 2179 Aﬁneid.
2809 2143 2822 2176 :

2614 2217 2791 2264 Eadem
2817 2217 2956 2275 impia
2983 2215 3103 2263 fama
3123 2214 3301 2264 furenti

2304 2277 2492 2325 Detulit
2516 2279 2690 2324 armari
2717 2277 2940 2325 tlassem.

2183 2361 2385 2414 Deinde
2429 2361 2698 2412 detortum
2745 2357 3134 2412 consuetudine
3181 2357 3230 2409 id
3275 2357 3498 2410 verbum
3534 2358 3589 2411 in
3623 2356 3767 2425 pejo-v

2180 2463 2292 2502 rem
2337 2448 2811 2516 significationem,
2860 2457 2919 2500 ιιι
2969 2446 3228 2513 signiticet
3257 2447 3540 2500 criminari
3580 2463 3766 2516 quem-

2181 2555 2359 2610 quam,
2385 2549 2438 2592 et
2467 2540 2673 2593 occulte
2701 2537 3024 2590 insimulare.
3058 2536 3367 2590 Juvisualis:

2306 2631 2498 2679 Stoicus
2519 2630 2692 2678 occidit
2711 2629 2918 2677 Borean
2952 2628 3142 2676 delator
3167 2629 3388 2677 amicum.

2181 2713 2468 2767 AGRICOIA.

2252 2797 2512 2869 Percussi]
2545 2799 2731 2853 Melius
2761 2799 2865 2851 erit
2904 2797 3129 2866 perculsi
3163 2807 3221 2850 ιιι
3251 2797 3482 2863 legatur.
3517 2795 3611 2850 Sic
3637 2793 3768 2849 Cor.

2185 2892 2352 2945 nelias
2383 2890 2596 2943 Tacitus
2627 2906 2640 2940 :
2674 2887 2926 2941 Percul-o
2965 2889 3187 2948 Seneca,
3221 2894 3525 2954 promptum
3553 2885 3652 2937 fuit
3674 2886 3763 2938 Se-

2184 2985 2331 3038 nium
2361 2983 2550 3034 Rufum
2579 2981 2912 3034 imminuere.
2941 2982 3230 3033 Acntcoma

2257 3069 2573 3141 Ilinisterio]
2633 3069 2889 3122 llilTertmt
2942 3070 3216 3122 Servitium
3269 3076 3324 3120 et
3383 3065 3764 3118 ministerium.

2185 3163 2468 3217 Servitium
2511 3163 2650 3215 enim
2681 3162 2820 3214 sicut
2863 3171 2918 3213 et
2957 3162 3210 3220 servitus,
3244 3156 3608 3210 conditionem
3646 3155 3767 3207 vitm

2188 3254 2470 3323 significat,
2494 3267 2596 3316 qua
2625 3251 2741 3316 quis
2775 3251 3076 3303 libertatem
3106 3250 3314 3301 amittit.
3350 3246 3593 3299 Tibullus
3623 3261 3638 3297 :

2310 3344 2398 3392 Hic
2421 3345 2537 3390 mihi
2564 3336 2714 3390 ser'tit
2735 3355 2811 3388 um
2839 3339 2995 3397 iideb,
3019 3340 3354 3394 doniinam'iue
3381 3344 3616 3400 paratam,

2369 3406 2472 3451 Jum
2499 3404 2615 3451 mihi
2639 3404 2838 3450 libertas
2861 3402 2940 3449 illa
2965 3409 3089 3463 pater
3106 3415 3164 3448 na
3189 3401 3312 3447 vale.

2189 3486 2537 3539 Iliuisterium
2566 3500 2691 3538 vero
2713 3499 2924 3537 onmem
2948 3497 3162 3550 operam
3192 3497 3308 3548 quae.
3331 3479 3493 3532 etiam
3518 3479 3596 3530 vel
3629 3492 3769 3531 mer-

2190 3575 2321 3630 cede
2343 3577 2422 3629 vel
2449 3575 2633 3642 qnaris
2662 3573 2966 3626 conditione
2995 3572 3278 3639 praebetur.
3307 3574 3596 3622 Acmcora.

2261 3669 2427 3721 Alieni
2453 3667 2591 3732 teris]
2623 3665 2719 3720 Ais
2750 3666 2978 3718 alienum
3008 3661 3142 3731 apud
3179 3671 3388 3714 veteres
3416 3660 3655 3711 debitum
3679 3672 3766 3709 vo-

2191 3771 2362 3814 catur.
2387 3759 2511 3812 lnde
2540 3768 2591 3811 et
2618 3755 2865 3810 lloratius
2891 3757 2942 3808 in
2969 3769 3004 3806 tt
3042 3753 3397 3820 Epi~tolaruni
3427 3749 3599 3801 dixit:

2683 3848 2791 3895 illeo
2813 3853 2919 3895 sum
2939 3857 3121 3907 pauper
3141 3846 3186 3891 in
3213 3857 3330 3890 acre.

2192 3938 2354 4005 Quasi
2381 3937 2620 4000 diceret,
2655 3934 2772 4001 lpse
2804 3937 2985 3999 parum
3023 3931 3180 3992 aeris,
3231 3929 3328 3980 hoc.
3359 3937 3444 3978 est
3493 3923 3766 3992 pecuniae,

2195 4030 2394 4090 habeo;
2416 4028 2508 4079 sed
2544 4034 2646 4078 non
2670 4024 2840 4077 habeo
2867 4039 2940 4076 aes
2961 4021 3219 4087 alienum,
3244 4020 3344 4070 hoc
3369 4027 3476 4081 est,
3499 4016 3634 4070 nulli
3655 4030 3771 4067 sum

2192 4117 2418 4171 debitor.
2453 4116 2742 4169 AGRICOLA.

2264 4203 2518 4285 Fraudes]
2548 4204 2846 4274 Aliquando
2876 4205 3017 4255 fraus
3044 4201 3220 4254 dolum
3247 4200 3467 4263 malum,
3501 4198 3552 4250 id
3579 4207 3661 4250 cst
3680 4196 3766 4249 de~

2193 4297 2514 4369 captionem,
2539 4295 2821 4365 significat.
2847 4294 3032 4362 Virgil.
3062 4295 3111 4346 in
3140 4309 3186 4344 vt
3222 4309 3234 4343 :

2689 4387 2745 4435 Et
2770 4388 2899 4433 fraus
2919 4390 3096 4433 innexa
3121 4383 3306 4432 clienti.

2192 4471 2490 4541 Aliquando
2536 4470 2790 4523 delictum
2845 4469 3134 4536 significat,
3193 4474 3252 4518 ut
3302 4464 3406 4517 hic.
3466 4462 3671 4516 Plinius
3715 4463 3768 4516 in

2118 4588 2170 4646 Ι)
2196 4569 2366 4637 primo
2390 4564 2658 4618 Naturalis
2699 4562 2942 4615 llistorim
2974 4579 2984 4613 :
3015 4558 3219 4614 Nemini
3264 4558 3436 4610 fraudi
3479 4557 3606 4621 fuit,
3643 4571 3768 4625 quo-

2194 4671 2404 4722 cunque
2435 4653 2592 4707 modo
2624 4662 2800 4719 posset
2828 4651 2956 4703 deos
2983 4649 3179 4702 colere.
3208 4652 3504 4702 AGttttJOLA.

2264 4744 2522 4817 Censura]
2567 4743 2789 4810 Proprie
2833 4741 3099 4808 significat
3145 4739 3513 4806 magistratum
3543 4777 3557 4799 ,
3615 4752 3770 4804 quem

2196 4839 2328 4910 gerit
2357 4851 2568 4891 censor.
2611 4833 2773 4886 Erant
2802 4841 2975 4884 autem
3011 4831 3117 4882 duo
3147 4841 3403 4882 censores
3436 4827 3649 4892 ltnmte,
3681 4826 3766 4893 qui

2195 4926 2464 4983 censendo
2494 4927 2710 4992 pupulo,
2736 4921 2834 4972 hoc
2865 4930 2946 4972 est
2967 4918 3314 4971 munerandis
3341 4916 3556 4969 civibus
3582 4917 3796 4968 ηοω--

2197 5022 2307 5084 nis,
2341 5029 2394 5071 et
2431 5019 2685 5085 cujusque
2712 5013 2917 5075 censui,
2949 5010 3051 5064 hoc
3079 5021 3160 5063 est
3189 5007 3392 5061 divitiis
3421 5006 3766 5071 mstitnandis,

2196 5119 2460 5183 pra-crant
2482 5119 2534 5162 et
2566 5106 2803 5158 moribus
2837 5119 2853 5157 :
2885 5101 3024 5154 unde
3045 5109 3098 5152 et
3125 5099 3358 5168 magistri
3388 5113 3598 5151 morum
3627 5098 3766 5149 dice-

2196 5205 2405 5258 bantur.
2437 5198 2584 5252 Unde
2607 5193 2876 5248 .luvenalis
2911 5210 2923 5244 :

2318 5291 2413 5340 Dat
2435 5290 2620 5336 veniam
2655 5279 2830 5339 corvis,
2854 5290 3001 5332 vexat
3022 5291 3229 5331 censura
3254 5278 3522 5325 columbas.

2200 5373 2294 5429 Ubi
2326 5384 2500 5424 tamen
2532 5387 2624 5439 per
2647 5365 3016 5437 synecdochen
3038 5377 3132 5431 pro
3156 5359 3472 5414 Censorihus
3495 5357 3762 5425 accipitur,

2200 5467 2287 5520 hic
2314 5463 2498 5517 itidem
2529 5476 2624 5530 per
2661 5456 3033 5530 synecdochen
3063 5443 3159 5522 pro
3185 5450 3493 5521 cognitione
3523 5449 3608 5502 vel
3634 5449 3765 5516 iud:-

2199 5561 2283 5612 cio
2308 5554 2548 5610 censoris
2573 5550 2787 5603 dicitur.
2821 5551 3108 5600 Acincum.

2269 5645 2506 5716 ﬁdium]
2556 5643 2723 5698 {Edes
2765 5638 3015 5707 singulari
3063 5647 3282 5688 numero
3325 5645 3421 5699 pro
3463 5645 3614 5683 sacra
3663 5625 3765 5680 teda

2199 5741 2448 5810 ponitur:
2483 5736 2560 5788 sic
2589 5731 2836 5785 dicebant
2874 5735 3121 5778 veteres:
3157 5721 3323 5776 :edcm
3356 5719 3565 5787 Vesui,
3606 5716 3763 5770 tndem

2196 5829 2503 5886 Concordic
2535 5841 2628 5894 pro
2661 5822 2902 5892 templis;
2935 5819 3119 5889 plurali
3152 5832 3276 5872 vero
3315 5829 3543 5884 numero
3574 5821 3762 5867 tantum
