4010 6372
272 348 364 403 921
1193 343 1565 399 MURMELIJI
1608 345 1695 399 ET
1736 346 2099 401 AGRICOLE
2144 348 2650 408 COMMENTARIA.

3417 363 3522 418 922

274 456 559 524 profertur,
590 452 800 523 quando
821 453 1037 507 domum
1066 454 1331 522 significat
1364 472 1377 506 :
1405 464 1715 524 tantumque
1745 470 1838 509 no-
1872 463 1915 517 Α
1946 457 2043 511 bus
2068 460 2437 515 continebatur
2476 465 2659 519 conari
2690 480 2808 520 eum
2845 475 2901 520 ut
2938 466 3185 536 pupulum
3219 466 3515 525 Romanum

274 549 453 601 bilintn
502 545 692 598 domus
728 544 869 599 aedes
911 544 1156 597 dicuntur
1189 560 1202 597 :
1235 543 1397 597 credo
1441 555 1662 615 utraque
1700 547 1837 600 dicti

272 640 362 700 ita,
388 638 507 704 quia
536 636 729 703 templa
752 644 806 689 et
831 634 1019 688 domus
1051 634 1301 687 nobilium
1324 633 1501 700 editur,
1533 634 1586 689 id
1619 645 1700 689 est
1721 637 1839 689 alta:

272 740 410 783 sunt.
438 732 723 783 Acmcom.

346 821 583 872 llareuua
629 817 786 889 urbe]
851 818 960 871 lloc
1007 827 1127 882 est,
1171 827 1354 870 contra
1406 818 1837 881 stiperstiiinnetti

271 908 733 978 grammaticorum
757 920 1080 969 llOSll‘t)l‘lllll,
1106 909 1190 973 qui
1219 909 1409 960 docent
1440 909 1488 960 in
1513 908 1841 974 oppositione

271 1015 478 1065 Semper
518 999 851 1049 communitis
898 999 1200 1065 prtecedere
1250 1000 1443 1051 debere
1501 1016 1513 1049 :
1569 1000 1655 1052 liic
1696 1000 1838 1054 enim

272 1095 401 1144 urbe
424 1093 561 1151 quod
584 1091 917 1143 communitis
942 1101 1043 1151 est,
1067 1090 1322 1154 sequitur.
1351 1090 1641 1142 Acmon“.

340 1188 509 1242 Notas
551 1189 777 1259 ittsiguili
820 1184 1098 1253 frontibus]
1133 1184 1319 1247 Figura
1366 1185 1613 1245 lo,nendi
1657 1184 1841 1237 Grmra

272 1288 369 1339 est,
392 1294 548 1341 quam
574 1288 746 1329 tamen
778 1277 968 1329 melius
991 1287 1043 1329 et
1067 1276 1448 1341 significantius
1470 1276 1840 1342 t-xptessisset,

271 1371 312 1421 si
340 1369 591 1428 dixisset,
626 1367 764 1419 notis
798 1366 1027 1431 iusigniti
1058 1368 1337 1418 frontibus.
1372 1366 1501 1418 Nota
1530 1366 1669 1418 enim
1704 1366 1841 1431 quod

271 1461 413 1509 Velut
469 1458 874 1508 instrumentum
918 1455 1071 1522 hujus
1121 1457 1262 1507 verbi
1292 1454 1524 1521 insignili
1562 1454 1840 1520 significat,

272 1561 493 1613 prorsus
519 1546 591 1597 illi
626 1547 673 1597 in
704 1549 934 1599 ablativo
962 1546 1112 1612 juugi
1139 1545 1321 1599 debuit
1352 1562 1365 1598 :
1398 1544 1589 1599 deinde
1630 1547 1844 1613 insigni-

271 1648 354 1689 tus
383 1638 632 1698 flantem,
660 1636 795 1688 sicut
822 1637 973 1687 albus
999 1638 1204 1704 pedem,
1238 1637 1408 1691 flavus
1428 1652 1656 1703 comam,
1685 1641 1845 1694 usita-

271 1731 377 1782 tius
402 1741 451 1781 et
484 1728 802 1781 intellectius
825 1729 1029 1782 fuisset.
1062 1732 1352 1783 AGBICOLA.

1946 544 2136 600 iterum
2186 549 2236 600 in
2289 550 2587 606 libertatem
2637 555 2956 609 restitueret.
2992 557 3083 611 llis
3122 559 3393 628 utriusque
3431 574 3512 611 or-

1946 637 2068 689 dine
2099 642 2406 706 respondet.
2454 642 2686 696 Primum
2735 645 2947 709 fatetur,
2990 646 3082 699 sed
3128 646 3253 699 dicit
3283 658 3425 700 recte
3456 661 3519 702 se

1949 726 2157 781 fecsse.
2188 730 2494 782 Secundum
2524 745 2698 801 negat.
2747 734 2879 787 Dicit
2928 749 3055 801 ergo
3098 736 3423 789 sublevando
3464 746 3518 790 et

1942 822 2332 875 contemnendo
2380 826 2621 889 crimen,
2664 826 2802 892 quod
2854 826 3103 893 objicilttr
3145 830 3265 883 sibi.
3313 830 3510 895 Quale,

1945 911 2145 977 inquit,
2187 922 2269 964 est
2309 912 2510 965 crimen
2542 916 2679 979 quod
2707 915 2955 980 olq‘icitnr
2980 918 3137 981 mibi,
3162 919 3203 969 si
3253 919 3331 971 vis
3377 920 3515 971 Scire

1944 1016 2230 1067 summam,
2263 1003 2365 1055 boc
2406 1014 2507 1065 εει,
2538 1013 2704 1056 totum
2738 1008 2919 1071 paucis
2953 1010 3131 1060 verbis
3158 1009 3512 1073 comprehen-

1943 1103 2059 1141 sum
2096 1108 2106 1139 :
2142 1091 2241 1144 buc
2284 1101 2366 1145 est
2392 1094 2595 1146 crimen
2650 1104 2919 1158 uostrmn,
2956 1099 3093 1163 quod
3144 1099 3369 1151 dicinmr
3417 1113 3517 1153 nos

1942 1180 2207 1246 cupivisse
2251 1190 2306 1233 ut
2353 1191 2568 1235 senatus
2614 1199 2716 1235 non
2763 1185 3122 1238 damnaretur.
3166 1186 3219 1242 S.
3251 1192 3331 1239 vis
3376 1189 3515 1240 scire

1943 1271 2210 1339 quomodo
2243 1271 2380 1323 istm]
2413 1271 2695 1325 fecerimus
2724 1289 2735 1323 :
2767 1275 2993 1327 dicimur
3021 1291 3141 1327 eum
3183 1276 3268 1343 qui
3306 1276 3413 1328 ibat
3450 1276 3514 1327 ad

1943 1377 2120 1428 regem
2149 1361 2488 1429 inipediiisse
2526 1380 2591 1415 ne
2623 1364 2880 1431 perferre:
2908 1364 3222 1417 documenta
3250 1374 3303 1418 et
3328 1366 3517 1431 priiba-

1948 1454 2117 1505 tiones
2146 1454 2211 1505 ad
2244 1468 2456 1522 regem,
2492 1454 2684 1521 quibus
2715 1455 3007 1507 conabatur
3045 1456 3237 1508 docere
3274 1467 3516 1507 senatum

1947 1543 2149 1596 ltrsisse
2192 1544 2522 1609 majestatem
2565 1545 2724 1612 regis.
2767 1546 3059 1613 luterrogat
3095 1544 3249 1613 igitur
3281 1545 3518 1597 Pliil0so-

1949 1634 2124 1699 phiatn
2174 1634 2298 1701 quid
2341 1635 2427 1686 illa
2466 1635 2680 1703 jnbeat,
2714 1650 2780 1687 an
2820 1636 3009 1688 debeat
3047 1650 3241 1701 negate
3277 1636 3416 1687 istud
3461 1642 3519 1688 ut

1950 1728 2378 1787 inaneatsalvus,
2411 1738 2462 1778 et
2494 1728 2544 1777 in
2578 1741 2799 1793 persona
2831 1742 2921 1779 sua
2956 1744 3059 1779 non
3104 1728 3259 1779 laciat
3303 1726 3517 1795 aliquod

342 1818 641 1888 Severitati]
674 1820 931 1873 Severum
981 1821 1393 1885 interpretatur,
1434 1822 1582 1890 quasi
1614 1838 1840 1892 sequens

1947 1816 2177 1868 dedecus
2211 1814 2586 1883 PbdoSOplieze,
2615 1820 2707 1871 sed
2753 1820 2881 1870 dicit
2914 1819 3145 1870 voluisse
3175 1832 3232 1870 se
3263 1818 3397 1870 i~tuil
3444 1820 3520 1870 fa-

272 1925 492 1977 verutn,
532 1912 683 1977 cujus
722 1912 1048 1965 contrarium
1084 1913 1297 1980 pioprie
1338 1925 1417 1965 est
1465 1914 1791 1981 indulgentia
1826 1932 1837 1965 :

270 2006 410 2058 unde
453 2017 506 2057 ct
542 2005 665 2056 alibi
717 2004 855 2057 sicut
904 2015 1149 2069 sanctos,
1181 2007 1250 2057 ita
1298 2018 1516 2058 severos
1555 2006 1762 2073 judices
1792 2006 1844 2059 in

270 2096 425 2151 laude
450 2098 615 2166 ponit.
647 2098 933 2151 Horatius:

704 2186 875 2233 Forum
904 2186 1168 2247 putealique
1196 2188 1391 2234 Libon’s

394 2247 628 2295 Manrlabo
650 2251 810 2307 s'ccis,
835 2250 1038 2295 adimam
1064 2257 1259 2295 cantare
1285 2250 1489 2297 severis.

270 2332 471 2396 Astrui,
499 2333 548 2384 id
578 2342 655 2384 est
686 2332 923 2399 adiungi,
951 2332 1016 2383 ab
1046 2332 1112 2382 ad
1140 2341 1191 2383 et
1215 2344 1373 2386 strue.
1410 2336 1699 2386 Λοιιιεοωι.

339 2421 611 2492 Suscepto]
647 2426 872 2489 Accepta
903 2423 1235 2475 commodius
1257 2424 1451 2475 dictum
1475 2423 1680 2476 fuisset.
1714 2422 1842 2475 Nam

260 2513 565 2566 delationes
615 2516 827 2580 prOprie
873 2514 1199 2579 suscipiunt,
1230 2515 1280 2566 id
1332 2524 1434 2576 est,
1488 2514 1714 2567 subeunt
1757 2523 1846 2564 aut

268 2607 539 2659 sustinent
566 2606 992 2668 accosatiunem,
1015 2606 1179 2675 judex
1218 2606 1459 2675 accipere
1490 2606 1686 2660 reetius
1716 2604 1845 2659 dici-

270 2706 377 2751 tur.
410 2704 695 2751 Acmcou.

340 2785 522 2857 Artes]
551 2788 709 2841 Artes
738 2787 1054 2858 quandoque
1093 2802 1189 2855 pro
1226 2787 1461 2841 moribus
1492 2787 1840 2855 accipiuntur.

269 2878 585 2932 Juvenabs:

706 2967 906 3023 Quando
929 2966 1110 3014 artibus
1131 2967 1331 3029 (inquit)
1359 2966 1575 3015 honestis

400 3028 571 3077 Nullus
594 3031 641 3076 in
667 3036 787 3076 urbe
814 3030 964 3075 loi'us.

269 3112 603 3180 Quandoque
635 3126 728 3174 pro
757 3110 1033 3163 doctrinis.
1064 3120 1117 3161 ιιι
1146 3109 1417 3165 Jttvcnalis
1450 3126 1463 3161 :

523 3204 687 3249 Artem
708 3203 935 3250 scindens
959 3203 1217 3251 'l'lteodori.

269 3287 332 3339 Et
368 3284 651 3338 Terentius
685 3302 698 3338 :

428 3375 563 3432 Quod
585 3373 710 3422 forte
739 3374 935 3430 recidit,
966 3374 1011 3421 id
1032 3382 1137 3423 arte
1162 3381 1213 3424 ut
1237 3377 1471 3433 corrigas.

268 3458 599 3526 Quandoque
628 3469 798 3509 asmni
836 3466 927 3508 ant
968 3458 1165 3511 dolum.
1196 3458 1414 3514 Ovidius
1439 3460 1486 3511 in
1519 3476 1532 3513 ι
1564 3460 1630 3514 dc
1668 3460 1797 3515 Arte
1830 3480 1841 3515 :

426 3547 561 3597 Tunc
582 3548 737 3606 aperit
763 3554 954 3594 mentes
977 3560 1080 3594 :on
1103 3549 1337 3596 rarissima
1364 3557 1526 3599 nostro

520 3610 638 3669 Siuq
655 3608 827 3667 Leitas,
852 3615 985 3656 artes
1006 3618 1287 3659 excutieute
1313 3612 1439 3659 Deo.

265 3692 565 3747 Acntcou.

335 3782 489 3836 Itane
538 3780 669 3834 nihil
720 3781 981 3835 fortunam
1036 3781 1288 3853 puduit?]
1343 3783 1489 3836 Itane
1532 3784 1731 3837 nullius
1769 3785 1844 3837 rei

264 3873 461 3943 puduit
500 3872 801 3925 fortunam?
854 3872 991 3924 Nihil
1042 3876 1255 3938 puduit,
1292 3874 1483 3925 locutio
1510 3882 1591 3925 est
1636 3871 1847 3925 Graeca-

265 3965 409 4018 nica.
436 3966 542 4028 Sic,
568 3973 701 4017 teste
729 3963 1019 4028 l‘risciano,
1048 3964 1331 4018 Terentius
1351 3967 1401 4017 in
1429 3965 1683 4034 Adelphis
1711 3980 1848 4019 novo

266 4070 423 4109 more
445 4057 735 4108 secundum
764 4055 979 4108 Gizccos
1001 4056 1132 4108 dixit
1163 4073 1176 4109 :

520 4150 675 4203 Quem
699 4158 862 4206 neque
891 4147 1039 4206 [.udet
1062 4148 1341 4208 quidquam.

264 4236 333 4281 ιι
366 4226 561 4280 iterum
598 4242 611 4279 :

518 4316 610 4365 Hel
638 4319 776 4378 mihi,
803 4330 895 4366 non
918 4326 967 4366 te
992 4319 1083 4367 lioc
1107 4319 1273 4378 pudet.

335 4400 404 4453 Si
432 4400 619 4468 minus}
649 4400 703 4453 Si
736 4416 872 4465 non,
907 4402 1129 4454 subaudi
1162 4401 1343 4470 puduit
1376 4402 1660 4456 fortunam.
1693 4403 1848 4458 Inno-

257 4490 481 4555 centies,
515 4491 705 4543 subinti
728 4491 849 4559 llige
878 4507 1030 4545 meae.

1944 1920 2099 1967 cere,
2151 1915 2203 1958 et
2244 1920 2453 1974 semper
2499 1908 2658 1960 velle.
2708 1906 2903 1970 Contra
2966 1918 3138 1961 tamen
3195 1908 3238 1961 si
3294 1907 3521 1961 fateatur

1946 1996 2116 2059 istud,
2162 1997 2371 2049 delator
2404 1997 2511 2063 jam
2562 1999 2800 2065 perficiet
2842 2000 2939 2051 ilOl'.
2981 1999 3120 2066 quod
3167 1998 3432 2065 cogitavit,
3465 2006 3518 2051 et

1947 2107 2051 2143 non
2098 2091 2288 2160 poterit
2335 2092 2577 2159 impediri
2621 2093 2687 2143 ab
2716 2092 3075 2145 accusatione.
3110 2092 3299 2145 Subdtt
3328 2092 3518 2145 deitth

1946 2194 2149 2235 rectum
2179 2198 2296 2235 esse
2319 2182 2456 2249 quod
2482 2184 2643 2235 voluit
2664 2195 2903 2236 senatuin
2932 2184 3134 2236 salvum
3168 2199 3289 2237 esse
3314 2202 3327 2235 :
3353 2199 3518 2249 quau-

1946 2289 2101 2341 quam
2134 2286 2349 2325 senatus
2397 2273 2628 2326 decretis
2678 2275 2789 2325 suis
2835 2276 2958 2341 (hoc
3004 2283 3086 2327 est
3135 2273 3365 2341 statutis)
3412 2282 3518 2327 tatn

1949 2366 2085 2417 male
2121 2365 2187 2416 de
2218 2380 2281 2417 eo
2328 2366 2610 2425 meruerit,
2644 2374 2701 2417 ut
2729 2380 2831 2417 non
2880 2365 3099 2417 deberet
3140 2365 3368 2432 amplius
3408 2379 3521 2417 mc«

1948 2454 2049 2505 tito
2072 2455 2294 2507 salutem
2326 2454 2439 2523 ejus
2469 2465 2677 2524 Optare,
2704 2465 2877 2508 tamen
2903 2454 3253 2524 imprudentia
3280 2465 3519 2520 senatus,

1945 2547 2036 2613 qui
2070 2547 2208 2599 male
2237 2546 2304 2599 de
2339 2562 2403 2600 eo
2430 2556 2718 2612 statuerat,
2752 2563 2856 2601 non
2897 2564 3053 2617 posse
3098 2560 3301 2602 mutare
3332 2548 3518 2601 merita

1950 2654 2159 2703 rerum,
2192 2638 2290 2692 boc
2316 2650 2431 2707 est,
2474 2652 2529 2692 ιιι
2578 2640 2627 2693 id
2673 2642 2812 2713 quod
2860 2652 3061 2693 rectum
3112 2642 3265 2696 fieret
3309 2653 3521 2709 propter

1947 2745 2097 2781 suain
2140 2730 2459 2783 sententiam
2492 2723 2761 2799 iniquum;
2791 2732 2984 2785 deinde
3013 2733 3171 2785 etiam
3202 2740 3267 2785 ex
3298 2747 3522 2787 consue-

1950 2820 2131 2874 tudine
2161 2822 2431 2874 societatis
2461 2823 2679 2889 putabat
2705 2837 2809 2874 non
2844 2822 3003 2875 licere
3037 2822 3136 2874 sibi
3166 2822 3319 2874 aliter
3343 2822 3519 2875 dicere

1947 2927 2105 2979 quam
2146 2927 2229 2964 res
2265 2911 2502 2965 haberet.
2542 2912 2913 2964 Verumtamen
2946 2923 3121 2965 utrum
3159 2913 3255 2965 ista
3283 2922 3423 2966 recte
3451 2926 3519 2965 an

1950 3019 2106 3057 secus
2154 3003 2290 3057 facta
2335 3006 2442 3057 sint
2490 3004 2669 3059 cmteri
2720 3004 2858 3056 docti
2908 3015 2961 3057 et
3013 3004 3278 3071 sapientes
3323 3003 3518 3059 debent

1950 3096 2217 3148 :estimare
2258 3113 2269 3146 :
2319 3097 2439 3163 quia
2491 3112 2602 3149 rem
2644 3096 2896 3165 scriptam
2947 3097 3197 3164 reliquit,
3224 3096 3519 3149 orationem

1874 3174 1917 3233 C
1952 3186 2188 3239 videlicet
2211 3202 2311 3255 qua
2343 3187 2704 3241 defensionem
2735 3186 2965 3257 scripsit.
3017 3187 3250 3254 Deinde,
3280 3187 3419 3241 Nam
3458 3188 3522 3240 de

1951 3279 2269 3346 compositis,
2298 3279 2586 3346 respondet
2628 3279 2860 3333 secundo
2900 3279 3140 3343 crimini,
3170 3279 3354 3332 dicens
3390 3278 3520 3332 nibil

1950 3388 2085 3437 opus
2130 3386 2249 3425 esse
2293 3372 2472 3424 dicere
2518 3372 2583 3423 de
2626 3372 2726 3425 buc
2775 3372 2915 3440 quod
2964 3372 3149 3424 litterae
3196 3370 3340 3424 falsa:
3368 3377 3522 3423 erant

1950 3467 2284 3531 Composita},
2316 3465 2505 3532 quibus
2527 3464 2803 3518 dicebatur
2827 3465 2938 3531 ipse
2962 3464 3189 3517 voluisse
3215 3463 3435 3516 Romam
3467 3461 3525 3514 in

1953 3557 2251 3611 libertatem
2284 3558 2587 3620 νίιιιΙιοειιὈ,
2618 3557 2759 3624 quod
2794 3556 2944 3611 facile
2971 3557 3227 3623 potuisset
3252 3571 3316 3609 ex
3347 3555 3527 3609 verbis

1954 3650 2085 3717 ipsis
2137 3661 2543 3711 accusatorum,
2602 3649 2647 3701 si
2698 3651 2993 3716 potuissent
3040 3648 3116 3700 illi
3166 3654 3349 3700 contra
3402 3659 3527 3699 eum

1950 3742 2155 3793 audire.
2192 3740 2393 3793 Deinde
2416 3740 2543 3792 dicit
2571 3738 2710 3791 istud
2736 3755 2793 3791 se
2823 3754 2926 3792 non
2957 3738 3178 3800 fecisse,
3202 3738 3323 3805 quia
3356 3738 3523 3789 Roma

1946 3834 2054 3901 jam
2086 3835 2157 3887 sit
2187 3844 2291 3885 tam
2318 3848 2593 3901 oppressa,
2619 3843 2672 3883 ut
2698 3847 2799 3884 non
2835 3832 2998 3900 ρος-ιι
3030 3832 3131 3882 ulla
3166 3831 3381 3883 libertas
3412 3844 3529 3881 ams

1958 3926 2095 3991 plius
2128 3924 2329 3990 Sperari
2368 3932 2467 3976 :et
2489 3924 2534 3975 si
2567 3923 2821 3989 potuisset
2864 3921 3038 3988 aliqua
3085 3935 3208 3987 spes
3252 3920 3416 3972 fuisse
3463 3919 3523 3970 li-

1954 4016 2203 4078 bertatis,
2238 4030 2297 4068 se
2327 4015 2428 4067 boc
2474 4024 2578 4067 tam
2606 4016 2812 4068 occulte
2838 4012 3136 4065 habiturum
3168 4012 3359 4073 luisse,
3391 4019 3447 4061 ut
3472 4008 3523 4064 id

1952 4124 2284 4177 nequaquam
2330 4106 2573 4159 debuerit
2615 4104 2680 4159 ad
2732 4106 2972 4157 nmitiam
3020 4105 3160 4172 regis
3207 4104 3523 4172 periit-nire,

1952 4199 2397 4269 quemadmodum
2424 4198 2642 4260 Canius,
2669 4196 2819 4264 cujus
2843 4210 2998 4263 supra
3026 4194 3145 4249 fecit
3171 4196 3525 4259 mentionem,

1953 4290 2040 4357 qui
2072 4300 2122 4339 et
2144 4302 2171 4339 a
2202 4289 2329 4341 Caio
2352 4287 2583 4354 Caligula
2615 4288 2821 4340 Caesare
2856 4287 3063 4340 occisus
3100 4296 3208 4347 est,
3252 4286 3524 4353 res'poudit

1950 4379 2145 4433 Ca’sari
2168 4418 2182 4441 ,
2219 4394 2338 4431 eum
2379 4379 2577 4431 diceret
2606 4378 2657 4430 in
2688 4378 2913 4445 quadam
2940 4376 3312 4441 coniuratione
3341 4387 3526 4431 contra

1951 4472 2218 4525 Caesarem
2244 4472 2376 4524 facta
2402 4471 2571 4537 ipsum
2598 4471 2758 4522 fuisse
2778 4469 3074 4532 conscium,
3103 4468 3287 4521 dicens
3312 4484 3324 4519 :
3350 4468 3403 4521 Si
3425 4482 3525 4533 ego

330 4584 405 4632 At
436 4580 781 4632 accusantium
810 4580 1038 4651 vititatis]
1081 4581 1203 4635 llaec
1230 4592 1312 4635 est
1356 4597 1478 4636 vera
1526 4585 1685 4637 lectio
1726 4601 1843 4651 qua:

1952 4566 2249 4627 scivissem,
2276 4576 2328 4618 ιιι
2356 4564 2693 4629 nescivisses,
2719 4562 2818 4614 boc
2838 4569 2939 4621 est,
2967 4570 3071 4612 tam
3098 4558 3383 4628 prudenter
3413 4573 3524 4612 rem

257 4667 499 4721 habetur
526 4668 580 4721 in
618 4670 911 4725 emendatis
949 4673 1376 4741 exemplaribus,
1420 4673 1843 4730 subaudiendum

256 4770 346 4813 est
384 4761 655 4827 puduisset
679 4779 817 4815 eam.

343 4850 591 4920 Vititmis]
636 4853 989 4920 lmprobitatis
1009 4863 1061 4908 et
1091 4856 1430 4925 impuritatis.
1463 4856 1844 4911 Accusantiom

254 4955 455 4994 eorum
490 4947 575 5009 qui
611 4958 694 4995 me
717 4954 1055 4998 accusarunt.

334 5032 401 5084 At
429 5037 577 5103 cujus
597 5036 819 5087 criminis
845 5036 1178 5107 arguimur?]
1210 5036 1320 5091 lloc
1350 5039 1467 5091 loco
1497 5039 1731 5093 ostendit
1762 5042 1844 5094 in-

255 5123 574 5189 dignitatem
600 5126 952 5179 damnationis
983 5143 1046 5181 ex
1086 5132 1163 5182 eis
1195 5144 1311 5195 qua:
1345 5130 1419 5182 illi
1465 5131 1532 5183 ab
1572 5143 1849 5184 accusato-

254 5214 416 5266 ribus
454 5215 846 5281 olijlciebantur
886 5234 1051 5287 usque
1093 5220 1157 5271 ad
1201 5236 1321 5273 eum
1377 5222 1573 5275 locmn.
1617 5222 1720 5274 Sed
1768 5222 1846 5275 fas

254 5300 424 5353 fuerit
469 5304 697 5357 nefarios
733 5306 993 5362 homines.
1026 5310 1178 5362 Ponit
1209 5309 1387 5378 itaque
1428 5313 1531 5365 duo
1572 5314 1791 5366 crimina
1828 5330 1842 5368 :

254 5404 431 5442 unum
476 5402 590 5444 erat
633 5396 772 5461 quod
812 5396 1086 5448 dicebatur
1119 5398 1459 5465 imped.visse
1502 5403 1744 5454 nuntium
1779 5419 1843 5456 ne

250 5482 325 5535 ad
366 5497 545 5550 regem
587 5487 839 5549 perferret
886 5486 1091 5539 litteras
1129 5504 1197 5555 qu
1224 5488 1319 5541 bus
1360 5492 1730 5544 continebatur
1762 5508 1847 5545 se-

251 5583 450 5626 natum
487 5574 685 5626 sentire
722 5584 901 5628 contra
936 5592 1144 5645 regem,
1174 5590 1231 5631 ut
1262 5582 1338 5632 sic
1370 5593 1587 5648 propter
1618 5584 1716 5635 Iioc
1764 5598 1848 5637 se-

252 5671 426 5715 natus
469 5662 619 5717 fieret
675 5664 811 5723 liesa:
864 5667 1156 5734 majesuztis
1206 5671 1362 5737 regia:
1409 5687 1552 5725 reus.
1604 5672 1842 5726 Alterum

249 5757 469 5811 crimen
506 5764 648 5818 erat,
680 5757 817 5821 quod
855 5759 1133 5813 dicebatur
1169 5760 1368 5813 litteras
1409 5762 1685 5825 scripsisse
1728 5763 1845 5824 qni-

1950 4660 2232 4729 gessissem
2254 4700 2269 4724 ,
2300 4668 2360 4711 ut
2398 4667 2451 4711 tu
2485 4671 2587 4709 non
2632 4654 2892 4724 potuisses
2933 4658 3228 4722 percipere.
3268 4652 3394 4706 Post
3429 4650 3523 4713 ibi,

1955 4751 2067 4816 Qua
2098 4752 2149 4802 in
2179 4767 2232 4802 re
2272 4750 2553 4818 arguimur.
2584 4747 2823 4813 Arguerc
2869 4746 3185 4814 quandoque
3232 4743 3524 4814 reprelien-

1951 4844 2078 4896 dere
2105 4851 2208 4906 est,
2238 4850 2296 4893 ιιι
2324 4840 2427 4905 bic,
2451 4850 2504 4893 et
2531 4838 2716 4907 Virgil.
2745 4838 2795 4891 iu
2830 4852 2879 4890 ιιι
2908 4856 2921 4890 :

2844 4926 3030 4988 Meque
3047 4928 3236 4977 timoris

2080 4993 2265 5053 Argue,
2292 4998 2340 5037 tu
2368 4991 2574 5039 Drance.

1952 5074 2279 5141 Quandoque
2309 5073 2535 5141 probare
2563 5070 2859 5149 significat,
2884 5079 2939 5123 ut
2969 5069 3260 5125 Juvenalis:

2380 5161 2549 5208 Molles
2570 5162 2692 5221 quol
2719 5163 2765 5207 in
2790 5173 2909 5209 aure
2935 5161 3163 5209 fenestra!

2072 5223 2358 5283 Argueriut,
2388 5222 2499 5270 licet
2517 5236 2619 5282 ipse
2647 5234 2845 5281 negem.

1952 5306 2100 5360 Unde
2153 5312 2207 5358 et
2257 5314 2624 5372 argumentum
2670 5304 2911 5355 deliuivit
2957 5302 3145 5356 Cicero
3178 5316 3296 5356 esse
3335 5302 3524 5371 proba~

1954 5397 2056 5448 bile
2104 5396 2373 5449 inventura
2413 5395 2477 5449 ad
2516 5394 2812 5447 faciendum
2838 5394 3016 5446 fidem.
3042 5393 3197 5449 Ovid.
3231 5393 3281 5447 in
3313 5408 3325 5445 ι
3359 5395 3523 5447 Meta-

1952 5490 2158 5556 morpli.
2197 5505 2210 5540 τ

2080 5582 2383 5640 Argumenta
2407 5578 2596 5639 damus,
2620 5590 2713 5639 qua
2735 5579 2885 5626 simus
2907 5578 3094 5638 origine
3121 5578 3234 5625 nati.

1954 5668 2242 5720 Aonicou.

2029 5757 2326 5825 Summum]
2356 5757 2573 5813 Summa
2613 5756 2807 5812 dicitur
2836 5756 3080 5811 collectio
3117 5757 3191 5811 rei
3225 5755 3525 5828 multiplici!
