4010 6372
484 347 589 403 923

1134 347 1479 404 APPENDIX
1520 350 1609 403 AD
1650 347 1890 403 LIBROS
1934 348 2018 401 DE
2056 346 2568 405 CONSOLATIONE
2610 350 3099 409 PHILOSOPHUS.
3637 363 3728 417 924

485 473 575 517 aut
613 476 910 517 numerosa:
955 462 1005 515 in
1051 477 1212 516 unum
1259 463 1574 532 principium
1603 462 1748 516 velut
1772 470 1929 530 caput
1957 476 2060 529 quo
2090 460 2140 519 Α
2165 461 2378 527 quidem
2412 473 2463 516 et
2488 464 2679 517 nefasa
2706 465 2863 518 fando
2891 467 3159 521 dicuntur.
3184 467 3336 523 Unde
3360 470 3613 541 Virgilius
3640 474 3686 529 in
3710 490 3725 527 ι

486 552 686 619 reliqua
719 553 895 605 omnia
925 552 1283 607 continentur.
1313 552 1527 609 Cornel.
1552 553 1767 606 Tacitus
1793 570 1803 604 :
1838 552 2060 606 Flaccus

483 654 744 693 summam
786 655 962 694 rerum
993 641 1042 696 ei
1080 634 1459 710 permisitisic
1504 652 1557 697 et
1584 642 1819 711 pecunia:
1845 653 1934 695 aut
1971 656 2057 694 ra—

484 729 688 782 tionum
729 744 963 783 summas
1005 730 1265 798 dicimus,
1300 732 1400 786 hoc
1421 741 1532 797 est,
1568 747 1846 786 numerum
1892 731 2057 785 colle-

480 826 645 873 ctum.
673 817 946 875 Juvenalis
973 837 985 872 :

1346 914 1574 973 Maiorem
1601 916 1775 963 tertius
1798 913 1878 962 illo

614 972 878 1034 Summam,
900 985 1045 1036 quam
1070 975 1246 1037 patulae
1269 976 1350 1024 vix
1371 972 1573 1039 ceperat
1595 975 1799 1037 angulus
1820 987 1961 1024 arcae.

482 1052 768 1108 Acatcou.

552 1143 824 1218 Senatum]
867 1147 1101 1201 Dicimus
1147 1148 1432 1203 concilium
1472 1148 1761 1217 publicum,
1792 1163 1946 1216 quem
1980 1149 2051 1200 in-

479 1232 623 1289 docti
650 1238 818 1289 nostri
840 1237 1172 1291 consulatum
1196 1247 1410 1293 vocant.
1448 1237 1769 1291 Consulatus
1801 1245 1883 1290 est
1911 1236 2055 1291 enim

480 1321 654 1377 honor
699 1325 962 1391 consulis,
1010 1327 1147 1381 sicut
1189 1334 1419 1394 praetura
1467 1326 1676 1391 honor,
1724 1340 1878 1394 quem
1920 1326 2058 1393 gerit

480 1421 707 1478 prator:
737 1429 895 1482 quem
921 1414 1107 1483 vulgus
1129 1416 1427 1470 consultum
1459 1424 1635 1479 vocat,
1663 1416 1834 1471 dictus
1856 1426 1936 1469 est
1965 1432 2053 1470 se-

481 1510 638 1554 natus
668 1516 698 1554 a
724 1503 895 1568 senio,
928 1514 984 1557 ut
1010 1506 1085 1557 ait
1121 1503 1401 1559 Sallustius
1448 1506 1500 1560 in
1543 1505 1785 1560 Catilina.
1821 1506 2050 1571 Delecti,

479 1589 673 1658 quibus
703 1605 897 1659 corpus
942 1593 1097 1646 annis
1137 1594 1405 1648 inﬁrmum
1431 1633 1446 1657 ,
1487 1595 1753 1664 ingenium
1795 1596 2050 1663 sapientia

481 1678 713 1733 validum
743 1680 951 1750 reipub.
990 1683 1360 1738 consulebant.
1394 1683 1685 1753 Majestatis
1713 1700 1859 1739 reum
1903 1685 2050 1739 illum

478 1766 661 1820 dicunt
683 1768 772 1837 qui
798 1780 1077 1824 accusatur
1107 1772 1332 1840 aliquid,
1364 1775 1504 1842 quod
1531 1774 1581 1827 in
1616 1775 1901 1841 perniciem
1945 1776 2051 1830 rei-

481 1858 702 1924 publicae
745 1867 837 1911 aut
876 1860 1392 1935 principisvcrgat,
1440 1869 1675 1916 tentasse
1717 1879 1729 1914 τ
1780 1864 1861 1916 vel
1891 1862 2049 1916 etiam

476 1948 616 2016 quod
640 1949 690 2002 in
719 1948 953 2004 dedecus
979 1951 1185 2020 insigne
1203 1992 1218 2018 ,
1244 1952 1386 2007 unde
1414 1951 1605 2007 dicitur
1626 1953 1749 2005 lmsa
1776 1952 2047 2019 majestas,

475 2047 528 2093 et
552 2052 672 2092 reus
703 2039 842 2094 lzesa:
867 2042 1181 2108 majestatis,
1209 2054 1261 2096 et
1285 2042 1407 2097 inde
1427 2042 1717 2096 omissione
1743 2043 1889 2096 verbi
1912 2042 2053 2096 laesae

476 2127 769 2196 majestatis
790 2142 915 2198 reus
942 2130 1157 2197 dicitur,
1183 2132 1433 2197 quoniam
1459 2131 1536 2185 sic
1566 2133 1696 2184 satis
1723 2130 2046 2200 intelligitur.

476 2216 645 2272 Reum
686 2233 715 2271 a
765 2235 890 2273 reor
930 2219 1139 2274 videtur
1178 2235 1297 2273 esse
1344 2219 1565 2283 dictum,
1604 2221 1725 2288 quia
1769 2235 1967 2282 remur,
2000 2219 2049 2273 id

476 2319 560 2365 est
577 2312 911 2380 suspicamur
941 2312 1088 2365 illum
1120 2311 1261 2379 quod
1300 2311 1549 2379 objicitur
1587 2311 1637 2364 id
1684 2309 1893 2373 fecisse,
1923 2310 2052 2363 dici-

476 2410 669 2470 turque
699 2401 915 2470 preprie
939 2401 1026 2473 qui
1059 2401 1110 2455 in
1147 2400 1235 2470 jus
1258 2410 1476 2455 vocatus
1505 2410 1607 2454 eSt.
1639 2400 1793 2453 Ovid.
1824 2401 1874 2453 in
1920 2414 1954 2453 tt
1984 2399 2050 2453 de

476 2494 605 2545 Arte
629 2531 642 2544 .
718 2560 823 2609 Non
848 2567 1034 2610 tantum
1059 2562 1277 2623 trepidos
1299 2567 1353 2609 ut
1374 2566 1549 2611 tueare.
1573 2572 1703 2609 reos.

476 2642 740 2699 Vocamus
766 2645 925 2698 etiam
953 2645 1268 2715 quandoque
1294 2660 1443 2699 reum
1475 2659 1595 2698 eum
1636 2643 1722 2711 qui
1766 2643 1874 2712 jam
1915 2643 2050 2698 obli-

476 2746 649 2803 gatus,
684 2735 770 2789 vel
802 2735 1012 2791 debitor
1041 2752 1053 2790 :
1079 2736 1219 2791 unde
1246 2738 1353 2790 voti
1387 2751 1511 2791 reus
1539 2736 1727 2789 dicitur
1767 2738 1856 2805 qui
1902 2750 2049 2790 asse-

476 2836 630 2879 cutus
652 2826 805 2878 estid
833 2841 927 2893 pro
955 2840 1061 2894 quo
1089 2837 1269 2880 votum
1295 2827 1417 2880 fecit
1438 2868 1452 2891 ,
1486 2825 1691 2879 solvere
1720 2826 1925 2895 cogitur
1952 2844 1964 2879 :
1998 2836 2051 2880 et

474 2916 839 2984 iurisconsulti
869 2917 1000 2970 duos
1032 2932 1150 2971 reos
1180 2919 1521 2985 promittendi
1552 2928 1773 2986 vocant,
1804 2922 1893 2987 qui
1930 2936 2051 2989 pro-

477 3005 736 3059 mittendo
758 3020 815 3059 se
841 3005 1061 3074 quisque
1089 3007 1476 3075 obligaverunt.
1510 3012 1800 3062 AGRICOI.A.

548 3092 850 3165 Impedisse]
886 3096 1147 3165 lmpedire
1192 3106 1246 3151 et
1283 3098 1534 3166 expedire
1563 3114 1589 3149 a
1633 3098 1853 3165 pedibus
1883 3098 2050 3166 ligan-

476 3181 557 3238 dis
581 3194 635 3238 et
657 3185 926 3239 solvendis
950 3186 1087 3239 dicta
1117 3195 1242 3240 sunt
1272 3204 1286 3241 :
1315 3187 1507 3242 deinde
1533 3189 1917 3242 consuetudine
1942 3188 2051 3243 sol-
2081 3180 2125 3242 C

476 3288 605 3330 vere
625 3283 679 3328 et
709 3275 893 3344 ligare.
922 3275 1169 3329 Horatius
1205 3276 1256 3328 in
1288 3276 1461 3345 primo
1486 3274 1791 3330 Carminum
1828 3294 1839 3328 :

603 3362 742 3412 Nunc
765 3364 904 3412 viridi
926 3366 1111 3413 crinem
1133 3364 1279 3414 decet
1300 3367 1543 3427 impedire
1564 3374 1735 3429 myrto.

478 3448 683 3504 Deinde
710 3449 988 3518 impedire,
1013 3449 1266 3515 retinere,
1295 3452 1378 3504 vel
1404 3452 1653 3506 resistere
1682 3452 1965 3521 signiﬁcat,
1996 3460 2054 3505 ut

477 3539 583 3593 hic.
611 3539 801 3594 Cicero
824 3542 874 3593 in
906 3539 1075 3608 primo
1101 3540 1408 3595 Officiorum
1433 3558 1447 3595 :
1469 3542 1545 3595 De
1571 3542 1729 3595 rebus
1751 3541 1878 3610 ipsis
1901 3552 2050 3595 utere

478 3639 570 3683 tuo
593 3628 814 3697 judicio,
846 3629 979 3683 nihil
1005 3630 1145 3684 enim
1178 3631 1429 3697 impedio.
1459 3634 1752 3686 Acmcou.

546 3719 809 3791 Cenabit]
866 3720 1089 3775 Cessare
1150 3720 1435 3791 aliquando
1498 3721 1766 3793 signiﬁcat
1820 3723 2048 3777 otiosum

473 3824 614 3866 esse.
648 3810 859 3865 Persius
891 3827 905 3865 :

596 3899 661 3949 At
680 3902 723 3950 si
748 3907 797 3948 tu
822 3914 1006 3963 cesses,
1033 3908 1086 3951 et
1107 3902 1227 3963 figas
1250 3904 1299 3951 in
1323 3908 1437 3953 cute
1460 3903 1630 3953 solem.

473 3988 565 4044 Sic
593 3988 839 4043 Horatius
870 4006 885 4043 :
912 3988 1163 4045 Cessator
1184 3990 1398 4051 Damus,
1429 3990 1480 4043 id
1510 4000 1595 4045 est
1622 3992 1851 4054 otiosus,
1876 3989 2047 4059 piger,

471 4090 754 4135 cunctator
783 4082 1000 4135 Damus.
1032 4081 1334 4150 Aliquando
1358 4082 1623 4150 significat
1643 4083 1892 4136 desinere
1915 4123 1929 4143 ,
1959 4090 2050 4133 aut

473 4174 633 4227 finem
660 4174 852 4239 facere,
877 4183 934 4228 ut
960 4174 1061 4229 hoc
1087 4175 1222 4228 loco.
1256 4174 1473 4230 Ovidius
1497 4176 1548 4228 in
1580 4191 1595 4227 ι
1625 4174 1693 4228 de
1722 4175 1851 4233 Arte
1880 4193 1891 4225 :

595 4265 676 4314 Sic
700 4278 763 4313 ue
796 4266 1081 4327 perdiderit,
1107 4279 1201 4316 non
1224 4273 1385 4316 cessat
1408 4266 1620 4328 perdere
1644 4264 1797 4315 lusor.

474 4345 674 4416 Estque
716 4348 1157 4417 frequentativum
1202 4363 1233 4402 a
1276 4348 1430 4411 cedo,
1463 4349 1585 4418 quia
1612 4359 1851 4403 cessator
1880 4349 2046 4404 labori

471 4440 632 4493 cedit.
664 4442 953 4495 Acmcou.

2162 550 2375 605 lEneid.
2411 569 2505 621 pro
2533 564 2758 623 utroque
2788 557 2919 610 dixit
2944 573 2958 609 :

2289 644 2345 691 At
2366 652 2565 704 Sperate
2589 647 2709 694 deos
2732 660 2975 697 memores
2999 648 3125 697 fandi
3152 656 3299 711 atque
3326 650 3545 712 nefandi,

2161 735 2348 794 eSane
2383 727 2458 780 fas
2499 727 2639 795 quod
2681 728 2789 783 Deo
2817 740 3033 784 auctore
3081 732 3162 785 vel
3212 735 3440 787 naturali
3486 737 3728 793 tenuitate

2161 815 2381 869 facimus
2415 834 2427 869 :
2452 818 2587 870 sicut
2609 818 2714 886 jus,
2744 820 2885 888 quod
2910 820 3182 875 hominum
3201 822 3351 890 jussu
3378 823 3456 877 ﬁt.

2232 904 2438 977 Merita]
2470 907 2573 960 Per
2603 910 2995 964 translationem
3026 927 3123 979 pro
3151 914 3319 981 pretio
3341 914 3495 969 dixit.

2231 999 2496 1051 Socratico
2523 998 2751 1070 decreta]
2792 1001 2921 1067 Quia
2951 1002 3227 1071 Socrates,
3276 1021 3396 1060 cum
3436 1015 3582 1061 esset
3620 1023 3727 1064 mos

2158 1088 2382 1146 Athenis
2410 1101 2468 1145 ut
2510 1109 2604 1147 reo
2637 1094 2739 1148 civi
2786 1096 3181 1163 permitteretur
3222 1102 3487 1155 aastimare
3520 1117 3727 1170 poenam

2158 1195 2316 1247 quam
2341 1197 2400 1236 se
2428 1185 2671 1239 crederet
2698 1187 2945 1241 mer-itum
2965 1229 2979 1252 ,
3009 1190 3166 1257 idque
3191 1201 3441 1246 accusata
3484 1194 3565 1246 illi
3597 1194 3729 1259 judi<

2158 1287 2247 1327 ces
2273 1277 2674 1340 permitterent,
2719 1278 2853 1331 dixit
2894 1280 3134 1333 meritum
3179 1296 3237 1336 se
3278 1292 3335 1335 ut
3376 1284 3591 1351 publice
3632 1286 3725 1339 sibi

2158 1366 2512 1421 Athenienses
2536 1368 2731 1421 victum
2763 1370 2969 1422 darent.
3001 1371 3180 1425 Noluit
3210 1376 3350 1427 enim
3383 1390 3503 1429 cum
3537 1391 3597 1431 se
3632 1379 3728 1430 sci-

2157 1464 2240 1509 ret
2270 1456 2400 1509 nihil
2433 1472 2584 1525 ptena
2616 1458 2833 1525 dignum
2864 1458 3076 1525 fecisse,
3100 1480 3125 1509 τι
3145 1463 3363 1517 stimare
3392 1473 3483 1516 aut
3511 1479 3729 1519 censere

2157 1547 2262 1601 ulla
2295 1563 2447 1616 pmna
2475 1564 2533 1602 se
2555 1550 2805 1618 dignum,
2837 1565 3136 1620 quanquam
3165 1552 3236 1605 ita
3266 1563 3410 1609 esset
3431 1556 3565 1608 iram
3592 1556 3729 1623 judi-

2155 1654 2277 1692 cum
2318 1639 2660 1707 placatiorem
2712 1639 2989 1693 habiturus
3034 1658 3047 1694 :
3097 1656 3203 1711 quo
3250 1652 3356 1696 tam
3413 1644 3588 1698 libero
3648 1662 3728 1700 re-

2156 1742 2351 1797 Sponso
2369 1729 2509 1783 illius
2529 1731 2780 1785 commoti
2799 1730 3030 1799 judices,
3043 1734 3214 1802 quasi,
3228 1744 3599 1791 contemneret
3614 1752 3724 1805 eos,

2083 1824 2129 1882 B
2156 1820 2221 1875 ad
2245 1831 2469 1875 mortem
2499 1838 2621 1876 eum
2652 1823 3161 1880 condemnaverunt.

2223 1911 2457 1984 Decreto]
2502 1914 2555 1968 ld
2596 1924 2708 1981 est,
2740 1914 2881 1983 quod
2922 1917 3107 1971 Grzece
3143 1916 3311 1991 δόγμα
3338 1919 3559 1985 dicitur,
3590 1923 3728 1990 quod

2154 2004 2352 2059 indocti
2402 2022 2498 2074 pro
2537 2004 2775 2060 doctrina
2809 2008 3074 2077 accipiunt
3107 2027 3118 2061 :
3150 2024 3273 2063 cum
3320 2010 3463 2078 apud
3515 2010 3729 2065 Gnaeos

2151 2098 2309 2153 etiam
2343 2098 2595 2168 quidquid
2620 2101 2844 2169 populus
2867 2104 3067 2167 statuit,
3098 2101 3285 2171 dogma
3320 2114 3565 2168 vocetur,
3595 2105 3729 2158 sicut

2151 2191 2289 2260 apud
2322 2207 2416 2243 nos
2446 2191 2720 2246 decretum
2753 2195 2951 2263 populi,
2980 2195 3252 2249 decretum
3276 2194 3555 2263 principis.

2223 2282 2440 2353 Seriem]
2464 2284 2644 2338 Series
2677 2294 2850 2348 potest
2873 2300 2995 2339 esse
3021 2301 3048 2338 a
3092 2286 3321 2339 serendo
3360 2285 3499 2340 dicta
3526 2326 3542 2350 ,
3578 2285 3731 2355 quasi

2151 2374 2283 2428 ordo
2312 2389 2488 2429 rerum
2517 2393 2546 2429 a
2571 2378 2741 2443 primo
2770 2378 2995 2442 semine,
3017 2376 3068 2431 iu
3099 2386 3184 2431 est
3207 2377 3435 2446 origine.
3457 2378 3663 2433 Statius
3678 2379 3731 2433 in

2152 2468 2325 2536 primo
2348 2466 2647 2521 Thebaidos
2672 2485 2683 2519 :

2278 2557 2443 2621 Longa
2461 2566 2596 2608 retro
2620 2573 2793 2609 series.

2150 2640 2436 2696 Acmcou.

2225 2729 2394 2801 Stylo]
2425 2735 2464 2785 A
2492 2731 2676 2787 Gra'co
2721 2734 2921 2797 στύλος,
2953 2734 3004 2787 id
3035 2740 3116 2788 est
3158 2734 3401 2790 columna
3441 2735 3619 2797 venit,
3647 2735 3730 2794 cui

2151 2822 2311 2876 simili
2343 2833 2424 2877 est
2450 2825 2652 2893 stylus,
2694 2825 3055 2894 accipiturque
3103 2842 3198 2892 pro
3241 2826 3527 2895 scriptura.
3582 2826 3732 2880 Unde

2151 2911 2339 2967 Cicero
2373 2917 2422 2966 in
2455 2930 2469 2966 ι
2497 2915 2563 2968 de
2587 2914 2809 2968 Oratore
2849 2916 2980 2967 dixit
3007 2914 3201 2984 stilum
3232 2918 3491 2983 optimum
3521 2916 3731 2971 dicendi

2154 3006 2435 3058 artiﬁcem.
2490 3005 2658 3059 Prisci
2700 3006 2895 3059 ceratis
2943 3007 3134 3061 tabulis
3179 3008 3417 3061 scribere
3465 3008 3730 3062 solebant.

2152 3096 2372 3150 Ovidius
2396 3097 2444 3149 in
2475 3098 2644 3164 primo
2672 3097 2739 3150 de
2765 3097 2894 3151 Arte
2920 3114 2935 3152 :

2342 3185 2465 3234 Cera
2491 3193 2585 3235 tute
2611 3189 2816 3248 primum
2841 3190 3028 3236 conscia
3052 3188 3232 3237 mentis
3256 3196 3353 3237 eat.

2154 3270 2445 3323 AGRICOLA.

2223 3359 2510 3431 Memoriw]
2542 3360 2595 3413 Id
2625 3370 2706 3415 est
2733 3360 3232 3415 commemorationi
3258 3358 3611 3429 posteritatis.

2222 3451 2448 3523 Litteris]
2479 3452 2677 3507 Littera
2720 3453 2907 3507 littera:
2948 3455 2997 3506 in
3038 3453 3291 3520 singulari
3339 3468 3567 3506 numero
3596 3452 3731 3520 apud

2153 3553 2394 3599 oratores
2424 3560 2520 3614 pro
2541 3545 2792 3613 singulari
2822 3546 2982 3614 ligttra
3010 3556 3095 3598 aut
3121 3545 3437 3598 charactere
3461 3560 3569 3613 quo
3598 3544 3729 3597 scri-

2151 3634 2325 3688 bimus
2349 3635 2607 3703 accipitur
2635 3653 2647 3688 :
2676 3646 2733 3689 ut
2754 3649 2829 3691 est
2856 3656 2906 3702 a,
2933 3638 2982 3701 b,
3009 3637 3092 3690 vel
3116 3653 3161 3689 c.
3190 3637 3289 3689 Pro
3309 3636 3541 3704 epistola
3562 3636 3728 3691 solum

2152 3730 2203 3783 in
2230 3729 2416 3798 plurali
2444 3730 2654 3784 dicitur.
2676 3729 2852 3796 Quare
2874 3729 3060 3785 Cicero
3085 3746 3215 3783 unas
3232 3744 3448 3797 semper
3468 3741 3562 3783 aut
3584 3730 3728 3784 binas

2152 3832 2244 3877 aut
2281 3832 2458 3876 ternas
2504 3822 2710 3876 litteras
2751 3823 2898 3876 dicit.
2953 3823 3127 3876 Poette
3177 3831 3353 3875 tamen
3411 3822 3730 3876 necessitate

2153 3916 2310 3969 metri
2340 3916 2392 3969 in
2420 3916 2672 3984 singulari
2702 3931 2798 3983 pro
2825 3916 3050 3983 epistola
3093 3915 3383 3983 accipiunt.
3415 3915 3643 3969 Ovidius
3677 3912 3730 3966 iu

2154 4006 2405 4073 Epistolis
2436 4024 2450 4060 :

2276 4098 2428 4156 Quam
2458 4098 2603 4160 legis,
2634 4112 2661 4147 a
2686 4104 2819 4160 rapta
2844 4099 3112 4161 Breyseide
3138 4097 3300 4147 littera
3328 4100 3484 4147 venit.

2152 4183 2442 4238 AGBICOLA.

2223 4270 2430 4343 Altinet]
2463 4273 2678 4342 proprie
2702 4273 2955 4328 adhibere
3001 4278 3082 4327 vcl
3122 4274 3395 4343 applicare
3432 4274 3727 4343 signiﬁcat,

2153 4366 2220 4419 ab
2246 4368 2314 4419 ad
2343 4377 2396 4420 et
2426 4378 2587 4420 teneo.
2621 4366 2834 4419 Plautus
2859 4366 2908 4419 in
2938 4366 3167 4434 captivis
3195 4366 3403 4419 duobus
3436 4382 3452 4419 :

2274 4459 2410 4507 Nunc
2433 4459 2613 4507 cultros
2634 4458 2827 4506 attinet.

546 4529 774 4600 Ordinis]
799 4531 942 4585 Ordo
971 4543 1052 4586 est
1076 4532 1355 4602 dispositio
1379 4543 1525 4589 certa
1547 4549 1725 4587 rerum
1750 4575 1765 4599 ,
1792 4549 1896 4603 qua
1936 4535 2048 4588 col-
2076 4532 2130 4593 D
2154 4544 2478 4612 Quandoque
2513 4542 2779 4611 signiﬁcat
2808 4541 2858 4593 id
2888 4540 3027 4610 quod
3059 4555 3195 4606 npus
3224 4547 3308 4593 est
3326 4579 3340 4602 ,
3379 4548 3439 4591 ut
3467 4539 3569 4592 hoc
3614 4539 3728 4590 loco

473 4620 679 4675 locatur
721 4622 844 4691 quid
887 4625 1113 4690 primum
1144 4628 1253 4693 sit,
1287 4627 1410 4696 quid
1440 4627 1734 4681 secundum
1764 4667 1779 4691 ,
1823 4638 1877 4680 et
1918 4629 2042 4695 quid

470 4710 746 4782 deinceps.
780 4714 1027 4769 Horatius
1061 4734 1073 4767 :

594 4804 789 4854 Ordinis
812 4807 915 4855 haec
939 4808 1091 4857 virtus
1116 4810 1232 4869 erit,
1257 4813 1309 4857 et
1332 4808 1517 4858 Venus.

473 4888 636 4942 Erant
664 4896 839 4943 autem
866 4894 919 4941 in
950 4892 1144 4957 populo
1166 4890 1405 4945 Romano
1434 4901 1541 4945 tres
1571 4890 1811 4956 ordines,
1848 4891 2041 4958 plebis,

467 4989 524 5035 ct
545 4981 858 5049 patrum,id
889 4992 972 5034 est
998 4991 1246 5043 senatus,
1289 4992 1343 5035 et
1385 4993 1653 5050 equester,
1701 4988 1789 5051 qui
1837 4983 2046 5036 medius

467 5082 585 5126 erat
614 5073 751 5127 inter
781 5072 987 5141 plebem
1017 5084 1069 5126 et
1111 5082 1305 5141 patres.
1342 5075 1614 5143 Equestris
1650 5075 1852 5128 ordinis
1890 5083 2045 5139 sunt,

468 5166 558 5235 qui
590 5166 749 5220 hodie
784 5166 851 5219 ab
897 5165 1124 5219 indoctis
1166 5166 1364 5220 milites
1403 5178 1680 5221 vocantur.
1728 5167 1857 5220 Nam
1893 5168 2045 5219 miles

467 5272 679 5312 onmem
718 5258 865 5312 illum
896 5257 1156 5324 significat
1192 5259 1279 5326 qui
1323 5258 1642 5327 stipendium
1688 5259 1830 5312 bello
1873 5275 2045 5313 mere-

468 5357 574 5413 tur,
607 5364 736 5419 ergo
762 5349 893 5404 dicit
920 5349 1061 5403 illius
1085 5348 1308 5415 ordinis,
1339 5350 1389 5403 id
1420 5358 1502 5403 est
1531 5349 1803 5403 senatorii.

541 5438 726 5512 Nefas]
748 5440 850 5494 Fas
869 5449 922 5495 et
943 5440 1114 5505 nefas,
1142 5440 1277 5494 sicut
1314 5439 1535 5493 damnas
1565 5449 1620 5493 et
1647 5440 1850 5493 inficias
1898 5438 2046 5492 inde-

465 5530 731 5586 clinabilia
758 5541 902 5586 sunt.
938 5532 1175 5586 Dicimus
1202 5542 1381 5585 autem
1413 5532 1614 5586 inﬁcias
1640 5547 1727 5597 eo,
1760 5532 1810 5585 id
1843 5540 1925 5586 cst
1962 5533 2045 5585 in-

468 5618 621 5677 ﬁcior
648 5623 727 5675 vel
756 5637 912 5691 nego,
941 5633 991 5675 et
1014 5622 1383 5689 jurisconsulti
1415 5621 1635 5675 dicunt:
1672 5622 1840 5675 Titius
1872 5620 2045 5678 haeres

472 5720 622 5769 meus
640 5710 772 5767 Telo
797 5722 1005 5769 centum
1028 5714 1250 5768 damnas
1279 5724 1415 5779 esto,
1446 5713 1494 5768 id
1523 5722 1602 5770 est
1629 5713 1909 5782 obligatus.
1943 5714 2047 5770 Fas

2153 4637 2373 4704 Quintil.
2412 4636 2465 4689 in
2496 4651 2564 4688 sit
2594 4634 2985 4688 Institutionum
3021 4651 3031 4687 :
3062 4632 3199 4699 Quid
3228 4633 3423 4686 attinet
3455 4640 3564 4685 tam
3596 4629 3724 4684 mul-

2156 4728 2224 4781 tis
2250 4728 2424 4793 annis,
2450 4737 2553 4781 etc.

2230 4818 2339 4889 Uti]
2370 4819 2499 4873 Utor
2527 4818 2835 4872 accusativo
2856 4816 3115 4885 jungitur.
3140 4814 3363 4881 Quintil.
3400 4814 3453 4867 in
3480 4830 3492 4865 I
3522 4813 3729 4866 Institn-

2153 4908 2354 4961 tionum
2385 4925 2398 4959 :
2435 4907 2695 4961 Utendum
2738 4918 2819 4958 cst
2859 4921 2979 4957 cum
3022 4918 3348 4965 sermonem,
3398 4906 3608 4970 hocque
3654 4916 3734 4951 vc-

2155 5003 2349 5055 tustius
2370 5007 2483 5065 est,
2523 5008 2579 5052 ut
2604 4997 2834 5050 ablativo
2857 4998 3109 5063 jungatur
3138 4994 3392 5048 usitatius
3428 5003 3534 5047 est.
3576 4993 3731 5045 Juve-

2154 5096 2327 5148 nais:

2498 5182 2636 5229 Modo
2658 5182 2747 5228 sub
2772 5179 2928 5229 lodice
2958 5178 3145 5227 relictis

2280 5244 2441 5294 Uteris
2467 5244 2516 5293 in
2540 5245 2697 5292 turba.

2156 5330 2500 5491 Aciliizistet]
2531 5418 2713 5472 Licere
2743 5414 2955 5485 proprie
2986 5412 3179 5467 dicitur
3208 5408 3260 5463 id
3295 5407 3439 5477 quod
3479 5408 3597 5477 jure
3624 5418 3729 5458 non

2156 5524 2382 5569 velatur.
2418 5512 2630 5566 Persius
2657 5526 2670 5562 :

2277 5604 2371 5653 Cur
2392 5603 2504 5651 mihi
2535 5614 2628 5649 non
2653 5600 2812 5657 liceat,
2834 5596 2977 5657 jussit
3001 5593 3326 5656 quodcunque
3354 5584 3616 5637 voluntas?

2158 5709 2423 5779 Accipitur
2454 5705 2611 5761 etiam
2647 5720 2740 5773 pro
2771 5715 2948 5771 posse.
2982 5697 3167 5766 Virgil.
3202 5697 3252 5748 in
3285 5710 3333 5747 tv
3364 5688 3625 5754 £neid.;
