4010 6372
215 353 315 414 925

326 467 434 531 Non
456 465 593 519 licuit
616 468 808 531 thalami
835 472 1092 531 expertem
1116 469 1225 519 sine
1245 472 1448 519 crimine
1474 471 1619 518 vitam

325 529 531 591 Degere
555 542 688 579 more
708 529 824 579 ferae
836 530 861 578 Ὺ

210 616 493 669 Αςιιιεοιλ.

261 703 347 758 Sic
372 713 427 758 et
451 703 556 757 hic.

274 792 506 863 Sperari]
548 792 780 861 Sperare
831 793 1042 861 proprie
1083 792 1345 861 signiticat
1386 792 1509 845 boni
1549 792 1774 861 alicujus

207 883 358 937 futuri
380 882 687 949 Opinionem
718 880 940 948 habere,
974 891 1031 935 ut
1049 881 1153 935 hic.
1176 881 1363 949 Virgil.
1388 880 1439 933 in
1461 896 1508 933 ιν
1528 880 1772 934 Ᾰῦηεὶὠε

321 973 479 1035 Spero
504 972 731 1035 equidem
754 972 927 1020 mediis
952 972 1011 1033 (si
1034 971 1153 1035 quid
1175 973 1250 1033 pia
1274 973 1469 1020 numina
1494 973 1711 1033 possunt)

323 1033 567 1095 Supplicia
601 1035 862 1081 hausurum
884 1033 1111 1095 scopulis.

201 1117 526 1185 Quandoque
582 1132 679 1183 pro
724 1132 790 1171 eo
833 1116 974 1185 quod
1004 1124 1086 1170 est
1125 1116 1359 1169 futurum
1408 1116 1776 1185 qualecunque

200 1218 529 1275 exspectare.
567 1208 816 1275 Virgilius
838 1208 890 1259 in
915 1208 1088 1275 primo
1113 1206 1371 1261 Aineidos
1404 1222 1416 1256 :

315 1298 379 1347 At
401 1308 600 1361 sperate
621 1298 741 1348 deos
762 1311 1011 1347 memores
1033 1296 1159 1346 fandi
1182 1304 1331 1359 atque
1355 1296 1569 1346 nefandi.

199 1379 479 1434 Terentius
511 1381 563 1435 in
595 1381 1057 1435 Heautontimor.:

320 1471 423 1520 Una
447 1484 565 1535 spes
587 1478 685 1533 est,
708 1473 978 1537 esurituros
1000 1485 1089 1521 nos
1112 1473 1247 1523 satis.

200 1557 489 1609 Acntcou.

262 1642 408 1713 Caio]
425 1644 584 1697 Caius
602 1654 656 1699 et
674 1642 872 1712 Cneus,
887 1644 1027 1699 sicut
1043 1645 1285 1698 curculio
1302 1647 1445 1713 quod
1466 1660 1683 1700 vermen
1700 1646 1774 1699 si-

197 1733 427 1801 gnificat,
442 1748 538 1804 per
554 1750 581 1788 c
600 1736 925 1801 scribuntur,
943 1736 1034 1790 sed
1055 1750 1146 1805 per
1159 1752 1191 1805 g
1204 1735 1769 1805 leguntur.Acmcou.

1115 354 1493 411 MUltMELLII
1535 355 1621 409 ET
1664 356 2029 414 AGIllCOL/E
2066 359 2584 422 COMMENTARIA.

3348 362 3455 421 926

1810 475 1855 532 A
1881 473 2034 530 dolor
2055 478 2391 535 adversitatis
2436 482 2657 535 multum
2706 480 3046 551 occupaverit
3072 487 3126 538 et
3150 482 3449 538 turbaverit

1883 576 2137 631 mentem,
2170 569 2403 622 nondum
2434 580 2609 626 tamen
2653 572 2722 625 ita
2758 586 2951 642 expers
3003 571 3247 637 rationis,
3278 579 3338 625 ut
3363 572 3451 625 in-

1879 659 2036 726 digne
2065 659 2231 713 feram
2264 661 2533 728 improbos
2558 673 2894 718 accusatores
2943 672 3162 717 conatos
3190 676 3309 716 esse
3354 675 3453 715 ne-

1881 749 2097 804 fandum
2144 760 2327 805 contra
2375 768 2483 817 me,
2531 753 2653 822 quia
2704 754 2843 809 velle
2884 754 3087 823 pejora,
3132 761 3216 808 est
3250 752 3365 808 fere
3387 767 3454 809 ex

1879 839 2090 893 defectu
2121 851 2172 894 et
2201 841 2506 895 infirmitate
2532 842 2777 896 humana:
2793 853 3027 907 naturae;
3056 844 3150 898 sed
3178 842 3306 896 illud
3335 857 3453 895 ma-

1879 928 1960 997 gis
2004 938 2133 998 puto
2188 930 2509 995 mirandum,
2538 947 2695 1001 posse
2724 933 2896 987 malos
2925 931 3182 1002 perficere
3224 947 3288 987 ea
3335 948 3453 1001 qua:

1880 1018 2065 1072 volunt
2083 1028 2266 1072 contra
2313 1017 2505 1083 bonos,
2555 1035 2674 1074 cum
2701 1020 2841 1076 Deus
2870 1022 2985 1075 sine
3005 1022 3159 1090 cujus
3188 1022 3452 1091 permissu

1880 1109 2011 1164 nihil
2044 1120 2218 1178 potest
2256 1110 2395 1175 fieri,
2424 1109 2475 1164 id
2506 1110 2711 1177 videat;
2755 1113 2967 1165 monstri
2996 1113 3137 1167 enim
3166 1113 3330 1165 simile
3355 1122 3452 1178 est,

1880 1197 1980 1252 hoc
2003 1207 2105 1260 est,
2125 1198 2438 1253 incredibile
2466 1208 2551 1254 est
2588 1199 2639 1254 id
2671 1215 2792 1254 eum
2831 1201 3029 1255 debere
3060 1201 3198 1256 velle
3228 1200 3448 1270 permit-

1879 1297 2010 1355 tere,
2062 1290 2200 1343 sicut
2244 1289 2458 1359 quidam
2509 1289 2854 1360 philosophus
2883 1292 2997 1344 ait:
3040 1292 3094 1346 Si
3142 1301 3223 1346 est
3264 1289 3453 1360 aliquis

1881 1379 2043 1444 Deus,
2074 1379 2342 1448 quomodo
2372 1389 2548 1447 potest
2584 1396 2703 1435 esse
2754 1379 2969 1448 aliquod
3018 1380 3248 1435 malum?
3270 1380 3316 1434 si
3346 1394 3453 1434 non

1877 1482 1960 1527 est
2005 1472 2164 1538 Deus,
2198 1472 2338 1527 unde
2378 1471 2697 1541 proveniunt
2744 1472 2918 1527 bona?
2948 1472 3074 1526 Post
3100 1472 3194 1539 ibi,
3226 1470 3330 1527 Sed
3373 1475 3453 1541 {as

1879 1564 2052 1631 fuerit,
2080 1562 2314 1618 OStendit
2340 1578 2406 1618 ex
2450 1562 2654 1631 judicio
2698 1574 2915 1619 senatus
2945 1563 3162 1632 indigne
3205 1577 3267 1618 se
3292 1562 3361 1617 ab
3386 1576 3453 1617 eo

1876 1656 2310 1723 condemnatum,
2341 1655 2499 1725 idque
2550 1655 2774 1724 primum
2821 1670 2888 1710 ex
2934 1668 3162 1723 persona
3211 1661 3451 1719 senatus,

1876 1762 2032 1815 quem
2058 1756 2362 1802 accusatum
2390 1745 2527 1815 apud
2558 1760 2735 1815 regem
2776 1760 2874 1801 suo
2922 1745 3158 1813 periculo
3194 1759 3450 1800 servave-

260 1824 484 1896 δίειπέ]
515 1827 626 1881 Hoc
654 1842 758 1881 non
782 1837 865 1881 est
893 1828 1167 1896 dignitatis
1195 1843 1411 1895 nomen,
1441 1827 1535 1882 sed
1562 1827 1768 1881 familiai

1880 1845 1961 1891 rat
1994 1855 2005 1889 :
2036 1837 2227 1892 deinde
2248 1851 2315 1893 ex
2337 1836 2526 1891 ordine
2550 1836 2761 1905 judicii,
2792 1836 2913 1904 quia
2944 1836 3140 1890 absens
3168 1850 3273 1890 non
3301 1834 3450 1890 audi-

198 1930 313 1985 qua:
344 1914 530 1970 Romae
560 1914 675 1981 fuit,
709 1932 773 1970 ex
801 1931 904 1986 qua
928 1924 1079 1971 ortus
1124 1916 1223 1971 fuit
1256 1917 1429 1973 Julius
1456 1915 1656 1983 Caesar,
1684 1917 1773 1985 qui

195 2007 398 2074 primus
432 2006 732 2061 libertatem
768 2006 1059 2062 Romanam
1088 2008 1359 2077 oppressit
1386 2026 1399 2061 :
1426 2009 1567 2063 unde
1586 2022 1774 2062 omnes

197 2096 283 2163 qui
317 2098 485 2152 secuti
514 2107 640 2152 sunt
660 2099 1008 2166 imperatores
1041 2099 1142 2158 hoc
1181 2100 1280 2155 sibi
1306 2114 1501 2154 nomen
1526 2108 1773 2169 tanquam

191 2187 401 2241 titulum
431 2188 679 2257 legitima:
730 2190 1090 2244 successionis
1131 2205 1450 2259 sumpsere:
1483 2190 1550 2244 ad
1597 2191 1768 2246 Nero-

191 2289 306 2332 nem
340 2288 516 2332 tamen
540 2294 708 2349 usque
733 2282 1165 2349 autcognatione
1185 2289 1274 2334 aut
1296 2280 1581 2346 adoptione
1604 2281 1774 2349 impe-

192 2379 404 2424 ratores
434 2371 556 2425 huic
574 2371 788 2425 familize
809 2372 1000 2425 annexi
1025 2371 1173 2425 fuere
1204 2387 1220 2425 :
1250 2379 1370 2439 post
1390 2368 1657 2426 Neronem
1686 2386 1773 2425 re—

192 2461 313 2531 liqui
351 2462 523 2518 solum
545 2463 891 2531 usurpatione
920 2462 1046 2516 illud
1074 2477 1374 2531 sumpsere.
1407 2465 1697 2517 Acaicou.

254 2554 570 2625 Germanici]
610 2554 959 2609 Germanicus
992 2554 1116 2618 iste,
1158 2555 1307 2608 Drusi
1338 2554 1564 2608 Neronis
1610 2552 1772 2617 illius,

192 2647 327 2701 hunc
358 2645 547 2702 Caium
579 2647 782 2715 genuit,
814 2654 867 2699 et
887 2646 1228 2716 Agrippinam
1262 2644 1486 2699 Neronis
1524 2652 1769 2704 matrem,

190 2748 448 2809 praeterea
470 2738 605 2792 alios
624 2753 758 2808 quos
777 2737 909 2791 nihil
931 2738 1471 2791 attinetenumerare.
1498 2735 1593 2788 llic
1613 2732 1774 2789 Caius

190 2831 593 2900 cognominatus
622 2838 705 2884 est
732 2829 992 2898 Caligula,
1023 2844 1055 2883 a
1082 2829 1251 2896 caliga
1303 2827 1523 2881 militari
1574 2826 1769 2887 dictus,

188 2937 346 2991 quam
377 2920 566 2989 vulgus
592 2934 802 2974 ocream
828 2929 981 2973 vocat
1007 2935 1019 2970 :
1054 2918 1175 2988 quia
1208 2918 1259 2972 in
1290 2918 1480 2971 castris
1512 2916 1609 2971 fuit
1639 2918 1770 2972 edu-

188 3019 357 3065 catus.
381 3008 511 3063 Nam
542 3009 679 3078 quod
710 3023 806 3062 nos
839 3008 1060 3077 caligam
1100 3009 1255 3076 vulgo
1282 3021 1557 3069 vocamus,
1606 3007 1657 3059 id
1688 3015 1773 3060 est

189 3101 325 3169 quod
360 3109 573 3153 veteres
605 3099 815 3153 bracam
841 3096 1088 3152 dicebant
1119 3112 1133 3150 :
1163 3096 1302 3150 unde
1329 3096 1556 3150 bracata:
1585 3096 1771 3150 Gallia:

1879 1942 1983 1993 tur,
2007 1945 2108 1985 nec
2132 1929 2341 1998 cognita
2369 1943 2527 1983 causa
2555 1929 2945 1983 condemnatus
2985 1935 3085 1981 est.
3134 1925 3272 1981 Dicit
3298 1940 3448 1996 ergo,

1877 2021 2137 2090 placuerit
2172 2021 2297 2075 licet
2316 2020 2423 2074 Deo
2462 2019 2633 2089 utqui
2674 2018 2840 2073 bonos
2870 2032 3061 2071 omnes
3086 2016 3337 2082 oderant,
3368 2015 3449 2070 illi

1875 2113 2034 2166 etiam
2063 2126 2170 2174 me,
2198 2111 2287 2178 qui
2328 2109 2500 2164 bonos
2541 2118 2595 2165 et
2621 2120 2862 2165 senatum
2890 2108 3271 2173 defendebam,
3290 2118 3451 2177 cupe-

1876 2211 1997 2255 rent
2022 2201 2217 2270 perire,
2246 2216 2351 2255 non
2384 2211 2564 2255 tamen
2591 2200 2928 2254 merebamur
2949 2199 3021 2253 ita
3059 2198 3127 2253 de
3156 2208 3363 2263 senatu,
3391 2204 3450 2254 ut

1872 2290 1920 2345 is
1949 2294 2049 2345 hoc
2068 2292 2238 2360 ipsum
2285 2291 2447 2345 vellet
2473 2308 2485 2343 :
2514 2290 2633 2358 quia
2662 2304 2782 2342 cum
2812 2289 3041 2342 Verona:
3086 2287 3451 2342 Theodericus

1874 2397 1968 2435 rex
1993 2390 2213 2450 cuperet
2265 2380 2468 2436 crimen
2519 2395 2625 2448 quo
2655 2379 2879 2434 Albinus
2921 2386 3201 2433 accusatus
3252 2377 3452 2431 eratin

1876 2481 2118 2527 senatum
2148 2470 2520 2526 transfundere
2569 2488 2582 2523 :
2627 2470 2735 2524 scis
2776 2479 2831 2524 tu
2864 2469 3245 2539 Philosophia,
3289 2484 3451 2539 quam

1876 2578 2068 2633 magno
2100 2562 2337 2630 periculo
2362 2576 2487 2616 meo
2525 2559 2857 2615 defenderim
2912 2570 3177 2625 senatum,
3222 2565 3319 2628 pro
3345 2572 3451 2628 quo

1877 2653 2134 2709 beneficio
2164 2663 2339 2707 tamen
2364 2650 2492 2705 falsa
2515 2652 2775 2706 sententia
2797 2666 2823 2703 a
2851 2659 3039 2706 senatu
3062 2649 3451 2704 condemnatus

1875 2761 2015 2800 sunt.
2051 2744 2269 2806 Deinde,
2298 2742 2365 2795 Et
2391 2746 2541 2814 cujus
2570 2758 2791 2811 unquam
2818 2741 3064 2810 facinoris
3083 2740 3110 2793 .’
3136 2738 3345 2809 Colligit
3370 2738 3450 2793 in-

1875 2837 2185 2907 dignitatem
2210 2835 2395 2904 judicii
2433 2851 2497 2888 ex
2529 2835 2686 2888 modo
2730 2834 2891 2897 illius,
2922 2833 3105 2887 dicens
3130 2848 3145 2886 :
3169 2832 3448 2902 Nunquam

1875 2929 1926 2982 in
1954 2927 2243 2997 judicando
2285 2928 2354 2979 ita
2404 2926 2454 2979 in
2508 2924 2861 2995 apertissimis
2903 2922 3201 2978 sceleribus
3243 2922 3449 2991 judices

1874 3021 2233 3083 consentiunt,
2262 3029 2319 3072 ut
2350 3034 2453 3072 non
2477 3017 2667 3086 aliquis
2714 3019 2990 3071 moveatur
3028 3007 3097 3068 ad
3141 3014 3449 3069 misericor-

1875 3112 2016 3165 diam
2042 3126 2107 3165 ex
2136 3111 2236 3177 bis,
2255 3110 2339 3164 vel
2359 3118 2638 3179 propterea
2661 3108 2801 3177 quod
2817 3121 3007 3162 omnes
3022 3106 3266 3160 homines
3294 3103 3448 3175 proni

188 3207 386 3247 nomen
420 3191 536 3245 luit.
568 3191 730 3245 Braca
764 3191 904 3245 enim
935 3190 1075 3260 quod
1102 3205 1130 3242 a
1160 3189 1312 3243 nobis
1342 3198 1577 3255 vocatur,
1610 3190 1659 3241 id
1681 3204 1768 3244 ve-

1875 3202 2083 3256 suntad
2105 3200 2387 3255 errandum
2420 3210 2475 3254 et
2508 3199 2572 3253 ad
2611 3199 2908 3253 faciendum
2939 3213 3057 3265 qua:
3086 3212 3190 3252 non
3220 3196 3448 3251 debeant

187 3293 357 3336 testas
374 3280 651 3347 femorale,
676 3282 755 3335 vel
775 3282 1008 3351 subligar
1031 3281 1273 3334 vocabat.
1288 3279 1457 3349 lnquit
1477 3291 1529 3335 et
1554 3282 1767 3349 inquam

187 3374 376 3440 verba,
427 3385 695 3443 ponuntur
726 3376 777 3427 in
823 3374 1063 3427 oratione
1102 3372 1393 3437 duntaxat,
1427 3373 1643 3442 quando
1674 3388 1769 3428 eos

186 3463 331 3531 ipsos
378 3463 623 3532 fingimus
662 3464 959 3530 loquentes,
1010 3462 1201 3530 quibus
1226 3478 1287 3515 ea
1317 3463 1627 3517 tribuimus.
1655 3462 1768 3517 Non

185 3562 328 3609 recte
352 3553 498 3607 enim
529 3552 677 3607 dices
708 3553 839 3607 :llle
877 3553 1047 3620 inquit
1071 3559 1386 3619 occupatum
1414 3568 1471 3605 se
1501 3566 1641 3615 esse,
1672 3567 1772 3606 nec

185 3654 343 3707 posse
372 3640 585 3705 venire;
617 3640 711 3694 sed
736 3641 1017 3695 dicendum
1045 3649 1126 3694 est
1155 3657 1167 3692 :
1196 3641 1289 3695 lile
1317 3640 1511 3709 inquit,
1535 3655 1770 3708 oecupa-

186 3742 272 3787 tus
295 3748 449 3798 sum,
480 3747 578 3787 nec
627 3747 844 3800 possum
890 3732 1095 3785 venire.
1126 3731 1469 3795 Loquendum
1500 3740 1583 3784 est
1628 3731 1768 3785 enim

183 3836 411 3892 semper
459 3822 661 3878 eisdem
706 3822 882 3877 verbis
925 3822 1115 3890 quibus
1164 3822 1278 3889 ipsa
1335 3835 1559 3890 persona
1590 3821 1770 3890 (quam

182 3911 518 3982 inducimus)
546 3925 689 3969 esset
719 3915 979 3968 locutura.
1004 3913 1277 3967 iuvenalis
1307 3930 1319 3965 :

300 4004 387 4067 Nil
410 4011 567 4053 actum
591 4012 669 4053 est
694 4004 894 4067 (inquit)
918 4004 1189 4067 nisiPmno
1222 4001 1376 4067 milite
1404 4010 1565 4065 portas

302 4066 618 4127 Fraugimus,
642 4065 875 4117 et'media
903 4065 1129 4115 vexillum
1156 4077 1281 4126 pono
1304 4066 1531 4113 suburra.

180 4149 247 4204 Et
266 4150 386 4205 alio
416 4150 536 4205 loco
576 4168 592 4205 :

496 4238 696 4296 Quando
719 4237 904 4286 artibus
932 4236 1131 4298 (inquit)
1155 4237 1376 4287 honestis

299 4298 486 4348 Nullus
509 4301 555 4348 in
581 4301 706 4348 urbe
726 4299 875 4348 locus.

178 4382 483 4437 Acntcou.

244 4474 313 4526 At
367 4477 518 4546 cujus
558 4472 803 4543 criminis]
827 4473 971 4527 Ordo
1006 4482 1089 4527 est
1119 4490 1131 4525 :
1164 4474 1234 4526 At
1264 4473 1456 4541 qmcris
1506 4488 1768 4527 summam

177 4567 293 4633 ejus
317 4564 565 4619 criminis
592 4567 745 4630 cujus
770 4564 1058 4631 arguimur.

245 4657 312 4709 At
344 4658 506 4723 uolui,
535 4672 626 4708 nec
653 4671 872 4724 unquam
896 4656 1021 4710 velle
1044 4654 1304 4727 desistam]
1330 4656 1586 4725 Snbaudi,
1616 4671 1772 4711 sena-

176 4757 291 4801 tum
318 4750 534 4803 salvum
562 4764 705 4803 esse.

246 4837 525 4893 Socratico
547 4837 767 4910 decreto]
791 4839 1015 4894 Decreto
1036 4838 1294 4900 Socratis,
1321 4839 1475 4907 cujus
1497 4839 1633 4905 apud
1657 4839 1773 4891 Pla-

176 4937 363 4985 tonem
385 4930 435 4983 in
450 4929 849 4984 Themtetoba‘c
868 4930 1092 4984 adhunc
1109 4939 1232 4985 sunt
1253 4933 1409 4983 verba
1432 4948 1443 4981 :
1462 4930 1585 4983 Mihi
1618 4931 1773 4996 plane

177 5021 334 5076 nefas
347 5036 473 5075 esse
488 5020 1003 5086 videtur,admittere
1016 5021 1205 5075 falsum
1216 5037 1297 5086 ,ac
1311 5038 1491 5075 verum
1510 5021 1769 5075 refellere.

248 5113 480 5179 Quoquo
504 5111 675 5182 modo]
703 5112 1033 5180 Quocunque
1063 5112 1242 5166 modo.

248 5207 412 5279 Stylo
433 5207 588 5260 etiam
608 5204 955 5271 memoriaeque
977 5201 1238 5273 mandavi]
1259 5201 1406 5256 Hunc
1427 5202 1593 5257 Bnelii
1618 5200 1773 5255 libel-

173 5296 289 5354 lum
320 5313 472 5353 nunc
492 5306 710 5353 exstare
740 5308 842 5346 non
867 5308 1010 5346 reor.

252 5390 382 5456 Qua
400 5390 455 5442 in
481 5387 556 5459 re]
586 5385 832 5442 Ostendit
858 5384 944 5438 bic
991 5382 1356 5452 indignitatem
1407 5381 1635 5437 fortuna:
1659 5396 1771 5436 suae

172 5495 239 5536 ex
268 5478 554 5549 judicibus
597 5478 728 5544 suis,
785 5476 979 5545 quibus
1024 5474 1429 5528 condemnatus.
1482 5474 1613 5539 Quia
1644 5488 1771 5528 vero

171 5571 437 5639 duplices
463 5579 587 5623 sunt
609 5566 842 5622 omnium
866 5580 1043 5621 rerum
1072 5562 1299 5633 iudices,
1333 5564 1469 5617 Deus
1495 5572 1549 5617 et
1592 5564 1767 5618 homi-

170 5679 301 5732 nes,
337 5664 415 5719 de
455 5662 635 5719 divino
659 5659 859 5730 judicio
891 5659 1036 5728 prius
1080 5656 1447 5726 conqueritur,
1485 5654 1676 5709 deinde
1704 5654 1770 5709 de

171 5748 447 5819 humano,
483 5753 532 5808 id
568 5761 653 5807 est
692 5748 1152 5817 senatusjudicio.
1200 5746 1332 5801 Dicit
1355 5746 1526 5816 itaque
1561 5765 1573 5800 :
1620 5747 1770 5801 Licet

1875 3295 2020 3359 fieri;
2060 3293 2141 3347 vel
2167 3292 2327 3345 etiam
2358 3290 2495 3360 quod
2520 3291 2738 3357 fortuna
2766 3288 3064 3343 communis
3085 3296 3190 3352 est,
3217 3297 3270 3341 et
3293 3301 3449 3341 nemo

1873 3398 2052 3438 certus
2074 3391 2157 3437 est
2189 3382 2313 3451 quid
2342 3383 2439 3452 ipsi
2473 3382 2573 3436 sibi
2597 3379 3053 3449 possitobvenire.
3082 3379 3192 3448 Ego
3212 3379 3372 3431 etiam
3401 3376 3449 3429 si

1872 3474 2211 3544 quantumvis
2255 3487 2443 3541 magna
2495 3472 2697 3525 scelera
2742 3469 3027 3524 voluissem
3082 3467 3291 3533 facere,
3340 3479 3447 3519 non

1875 3574 2048 3619 tamen
2080 3564 2179 3618 nisi
2210 3574 2299 3618 aut
2339 3562 2636 3627 confessus,
2675 3571 2767 3614 aut
2812 3560 3109 3621 convictus,
3142 3557 3445 3611 debuissem

1875 3652 2067 3723 puniri.
2104 3653 2251 3707 Nunc
2298 3668 2403 3705 non
2459 3651 2639 3705 audita
2683 3649 2998 3703 defensione
3044 3661 3186 3713 mea,
3236 3646 3327 3716 qui
3375 3645 3449 3700 fui

1872 3745 2177 3813 quingentis
2216 3744 2451 3796 millibus
2500 3755 2750 3809 passuum
2796 3748 3035 3793 remotus
3085 3738 3153 3791 ab
3198 3738 3360 3801 urbe,
3393 3744 3446 3793 ui

1876 3844 1999 3903 pote
2025 3835 2201 3903 Papia:
2245 3833 2297 3885 in
2347 3846 2586 3894 carcere,
2630 3831 2912 3884 damnatus
2938 3842 3055 3881 sum
3082 3828 3148 3880 ad
3200 3834 3447 3880 mortem.

1876 3929 2150 3983 Exclamat
2179 3928 2326 3995 eigo,
2367 3925 2411 3979 Ο
2440 3924 2661 3979 meritos
2692 3931 2870 3991 patres
2899 3923 2911 3975 !
2947 3923 3046 3974 hoc
3071 3929 3156 3974 est
3180 3929 3445 3985 senatum,

1874 4029 1932 4075 ut
1957 4034 2111 4073 nemo
2142 4017 2308 4087 possit
2354 4017 2422 4072 de
2467 4015 2626 4070 simili
2656 4014 2881 4070 crimine
2908 4013 3171 4075 convinci,
3208 4011 3310 4066 hoc
3336 4011 3445 4067 vult

1874 4109 2088 4164 dicere:
2112 4110 2339 4164 Senatus
2370 4108 2588 4161 meritus
2614 4114 2697 4160 est
2725 4115 2779 4159 ut
2803 4110 2959 4159 nemo
2988 4104 3175 4157 debeat
3203 4118 3326 4157 eum
3355 4101 3446 4157 de«

1876 4200 2092 4255 fendere
2116 4243 2131 4267 ,
2164 4200 2288 4265 quia
2346 4206 2561 4268 propter
2596 4196 2697 4250 boc
2740 4197 2943 4249 crimen
2974 4192 3114 4263 quod
3157 4192 3296 4246 volui
3325 4206 3446 4245 eum

1875 4294 2181 4359 defendere,
2213 4294 2487 4346 convictus
2515 4304 2655 4353 sum,
2680 4299 2733 4342 et
2753 4289 2820 4343 ab
2843 4303 2909 4341 eo
2930 4287 3230 4339 damnatus.
3260 4281 3449 4352 Se'qui‘

1877 4396 1982 4439 tur.
2011 4384 2176 4452 Cujus
2195 4384 2559 4452 indignitatem
2590 4390 2788 4434 reatus.
2822 4380 3111 4433 Acntcou.

1949 4474 2053 4545 Ita]
2078 4474 2247 4528 Hodie
2283 4487 2470 4527 omnes
2519 4471 2629 4525 lere
2658 4469 2855 4523 indocti
2887 4483 2983 4536 pro
3014 4464 3268 4519 adverbio
3305 4464 3447 4517 affir-

1801 4555 1850 4613 ι)
1876 4568 2051 4623 mandi
2077 4575 2313 4629 utuntur,
2337 4565 2476 4633 quod
2526 4577 2742 4632 prorsus
2772 4570 3023 4629 corrupte
3071 4560 3129 4613 lit
3153 4577 3165 4611 :
3194 4568 3278 4614 est
3305 4559 3447 4613 enim

1878 4658 2239 4713 similitudinis
2266 4657 2460 4725 potius.
2497 4654 2745 4722 Virgilius
2776 4654 2827 4706 in
2851 4651 3165 4705 undecimo:

1997 4747 2134 4796 Haud
2159 4749 2222 4795 ita
2247 4760 2325 4793 me
2351 4746 2543 4806 experti
2564 4744 2715 4791 Bitias
2738 4750 2789 4790 et
2814 4740 3058 4789 Pandarus
3082 4740 3274 4801 ingens.

1879 4835 1949 4887 lta
1971 4831 2124 4897 dixit,
2152 4832 2201 4884 id
2230 4841 2311 4884 est
2342 4830 2541 4884 taliter.
2571 4827 2860 4881 Acmcou.

1949 4920 2232 4990 Hebelavit]
2250 4921 2391 4973 Dixit
2420 4918 2798 4987 metaphoricc,
2824 4931 2944 4970 nam
2969 4913 3183 4985 proprie
3208 4913 3275 4967 de
3303 4912 3448 4967 ferro

1878 5024 1968 5068 aut
1987 5014 2091 5066 alio
2117 4998 2304 5082 quovis
2336 5015 2400 5063 ad
2442 5010 2729 5064 secandum
2757 5016 2884 5075 apto
2908 5007 3122 5061 dicitur.
3152 5007 3441 5060 Adntcou.

1946 5107 2132 5160 Contra
2163 5101 2417 5172 uirtutem]
2452 5103 2554 5157 Per
2601 5100 2976 5172 synecdochen
3021 5100 3158 5153 dixit
3197 5096 3446 5151 accidens

1876 5213 1971 5267 pro
1999 5197 2261 5264 subjecto,
2288 5194 2337 5247 id
2362 5203 2444 5249 est
2468 5202 2652 5248 contra
2686 5195 2869 5246 bonos.
2902 5193 3195 5247 AGRICOLA.

1950 5286 2178 5358 Molitos]
2206 5286 2399 5353 Moliri,
2427 5286 2475 5338 id
2500 5293 2582 5338 est
2612 5299 2731 5337 cum
2758 5298 2946 5352 magna
2970 5282 3128 5345 mole,
3161 5279 3213 5333 id
3243 5287 3322 5332 est
3353 5275 3438 5330 dif

1879 5382 2107 5437 licultate
2135 5379 2339 5435 conari.
2365 5379 2510 5448 Virg.
2540 5378 2591 5432 in
2625 5392 2677 5429 tv
2701 5376 2948 5430 1Eneid.:

2000 5473 2103 5522 Nec
2124 5484 2273 5532 super
2299 5472 2404 5532 ipse
2427 5482 2514 5518 sua
2538 5467 2734 5516 molitur
2752 5465 2897 5515 laude
2922 5464 3137 5513 laborem
3152 5463 3177 5513 ‘l

1950 5552 2215 5624 E/l'ecisse]
2240 5553 2438 5607 Facere
2465 5561 2520 5606 et
2537 5551 2752 5605 efficere
2776 5547 3111 5603 manifestam
3132 5545 3329 5599 habent
3349 5544 3445 5598 dif.

1882 5649 2178 5705 ferentiam.
2224 5646 2354 5700 Nam
2406 5643 2628 5698 facimus
2674 5640 2839 5694 multa
2884 5652 3026 5707 saepe
3065 5636 3182 5691 sine
3217 5635 3443 5691 effectu:

1878 5742 1971 5800 sed
2002 5742 2238 5809 efﬁcere,
2269 5747 2351 5796 est
2378 5735 2572 5807 aliquid
2607 5732 2747 5805 quod
2784 5731 2914 5787 facis
2935 5729 3144 5799 assequi
3182 5744 3194 5780 ε
3231 5727 3309 5782 sic
3334 5741 3447 5782 me-
