4010 6372
533 359 632 416 927

1179 357 1522 414 APPENDIX
1562 358 1650 412 AD
1692 355 1933 411 LIBROS
1978 356 2062 408 DE
2100 356 2612 414 CONSOLATIONE
2654 358 3142 421 PlllLOSOPllhE.

3697 376 3805 431 928

534 469 684 524 dirus
704 483 846 538 szepe
875 468 1212 531 lacitomnia,
1247 476 1303 522 ut
1323 477 1472 522 sanet
1506 476 1792 536 aigrotum,
1822 467 1913 520 sed
1933 473 2109 520 tamen
2141 468 2192 525 A
2217 465 2299 518 cie
2328 466 2622 536 accipitur:
2648 470 2768 538 quia
2795 474 2988 540 exitus,
3023 473 3123 530 hoc
3151 488 3232 532 est
3259 485 3578 551 percmptio,
3604 485 3805 540 sitcui-

533 579 640 618 non
671 571 820 616 sanat
853 578 865 614 :
893 562 982 616 sed
1009 562 1049 614 si
1073 561 1259 628 efﬁcit,
1285 563 1425 615 utsit
1456 576 1640 624 sanus,
1668 561 1777 629 jam
1803 563 1918 614 sine
1949 559 2110 613 dubio

533 668 706 712 sanat.
747 660 1028 710 Aontcou.

606 747 891 818 Dele-iura]
916 748 1176 809 Deterior,
1220 763 1248 799 a
1280 747 1465 800 delero
1502 749 1666 802 verbo
1698 747 1913 799 dicitur.
1959 746 2110 801 Unde

535 848 587 894 et
620 841 917 894 Plautus-in
974 840 1216 892 eamdem
1267 838 1706 903 signiﬁcationem
1764 837 2106 890 dt-tritiouetn

536 947 631 998 pro
663 932 1001 999 impiobilate
1031 942 1081 983 et
1107 932 1508 995 detrimentum,
1531 946 1722 983 noxam
1751 932 1830 984 vel
1856 931 2107 982 damnum

532 1039 805 1077 vocamus.
835 1030 1120 1079 AGRICOLA.

604 1113 848 1184 Monstri]
907 1115 1198 1168 Monsrum
1231 1129 1258 1166 a
1292 1114 1640 1170 monstrando
1682 1132 1694 1166 :
1729 1114 1850 1180 quia
1897 1123 2110 1168 veteres

539 1207 798 1274 pniahant
828 1208 1037 1273 quoties
1086 1215 1321 1260 monstra
1368 1206 1765 1273 proveniebant,
1800 1222 1866 1258 ex
1895 1207 1974 1260 eis
2001 1222 2112 1258 ma-

532 1311 691 1365 gnum
717 1281 929 1365 aliqitod
964 1296 1185 1360 malum,
1209 1307 1300 1350 aut
1330 1297 1533 1350 cladem
1564 1297 1925 1348 imminentem
1962 1312 2113 1348 mon-

533 1389 714 1452 Strari,
743 1389 882 1442 sicut
911 1397 964 1440 ct
1003 1399 1270 1441 ostentum
1327 1389 1392 1442 ab
1435 1386 1786 1451 oswndemlo,
1833 1387 1973 1456 quod
2015 1389 2112 1440 ali-

533 1479 657 1548 quid
686 1496 749 1534 eo
774 1485 1006 1533 l'nturuin
1035 1484 1367 1542 ostendatur,
1405 1490 1458 1534 et
1489 1490 1813 1549 portentum,
1844 1483 1965 1549 quia
2015 1480 2111 1533 ali-

535 1571 658 1639 quid
699 1571 1075 1638 protendal,id
1127 1582 1208 1625 est
1258 1574 1585 1638 pronuntiet,
1639 1583 1690 1626 et
1732 1573 2027 1639 prodigium
2082 1587 2110 1625 a

537 1665 720 1732 procul
751 1665 956 1732 agendo
986 1665 1200 1729 dicitur,
1231 1666 1353 1732 quia
1395 1665 1640 1717 solebant
1670 1663 1956 1717 monstrosi
1986 1680 2110 1732 par-

534 1763 642 1818 tus,
672 1756 932 1821 siquidem
981 1755 1194 1809 humani
1241 1765 1442 1818 essent,
1472 1755 1741 1822 deportari
1797 1755 1847 1807 in
1877 1755 2108 1819 deserta,

534 1846 588 1900 in
629 1845 787 1899 silvas
831 1862 844 1899 :
892 1846 935 1898 si
975 1857 1290 1900 cancrorum
1322 1847 1666 1911 animalium,
1720 1845 2114 1900 infodiebantur

535 1938 662 1992 vivi.
689 1941 980 1992 Acmcnm.

609 2031 830 2095 Quidam
859 2041 1061 2082 tuorum
1083 2027 1443 2101 familiarium]
1466 2030 1726 2084 Carneadi
1745 2031 1891 2085 claro
1922 2031 2109 2098 impri-

542 2121 643 2174 mis
663 2123 864 2175 auctori
895 2138 1044 2175 novae
1073 2123 1374 2176 Academiae
1405 2123 1654 2175 tribuitur
1683 2122 1797 2176 [nec
1824 2122 2108 2177 sententia.

538 2214 827 2269 Acnitzom.

611 2301 996 2375 Funiiliurium]
1023 2304 1242 2358 Familia
1274 2318 1301 2356 a
1333 2304 1580 2357 famulatu
1606 2305 1742 2358 dicta
1777 2314 1935 2359 estet
1962 2305 2115 2359 fami-

535 2394 682 2451 liaris
711 2411 898 2449 servus
931 2396 1194 2449 :ohlinnit
1217 2397 1409 2449 deinde
1431 2397 1759 2449 Consuetudo
1778 2397 2114 2464 ntcognatio-

535 2501 655 2540 nem
687 2485 1008 2553 significaret
1040 2487 1256 2547 familia,
1309 2486 1448 2540 unde
1479 2488 1888 2552 patrcslatnilias
1914 2498 1968 2542 ct
1996 2501 2111 2542 ma-

536 2585 644 2630 tres
669 2586 721 2629 et
746 2577 1131 2631 liliuslannlias.
1164 2579 1454 2630 AGBICOLA.

607 2664 894 2736 Siquidem]
926 2667 1018 2720 ilic
1043 2667 1322 2736 legendum
1346 2665 1755 2735 letiiSlillClim,
1782 2677 1838 2720 ut
1866 2667 1972 2722 sint
1993 2667 2111 2723 dum

535 2754 796 2810 dietiones
829 2772 842 2807 :
875 2771 1016 2824 quan
1038 2756 1193 2825 loque
1223 2756 1728 2824 cnimjnnzunturet
1754 2773 1859 2812 uno
1888 2769 2111 2812 accentu

537 2845 896 2913 proferuntur,
950 2855 1074 2900 tunc
1128 2846 1387 2909 accipitur
1441 2863 1535 2916 pro
1579 2857 1747 2901 certe.
1783 2849 1981 2902 Plinius
2015 2853 2111 2904 ini

537 2938 803 2994 Naturalis
836 2939 1100 2994 lli5toria3.
1147 2939 1417 3010 Siquidem
1457 2941 1656 2995 coloris
1691 2953 1917 2999 mutant.
1953 2947 2114 3000 Acm-

535 3046 690 3088 COLA.

607 3123 871 3192 Sanguine
890 3123 1084 3193 petant]
1111 3123 1211 3178 Per
1237 3126 1658 3179 antonomasiam
1687 3126 1886 3182 dictum
1916 3139 2026 3196 est,
2061 3129 2110 3184 id

535 3222 618 3268 est
645 3218 861 3267 exitium
881 3216 1117 3280 cupiunt.
1146 3218 1435 3270 Acmcou.

608 3303 815 3376 Petunt]
849 3305 978 3359 Peto
999 3305 1260 3375 signilicat
1288 3308 1602 3378 quandoque
1621 3324 1808 3378 posco:
1840 3321 1898 3365 ut
1924 3312 2106 3368 llorat.

534 3397 586 3450 in
617 3412 649 3449 ll
679 3397 873 3464 I‘lpist.:

558 3478 560 3480 ’
657 3487 791 3544 Quod
813 3488 988 3547 cupide
1016 3491 1170 3550 petiit,
1196 3499 1384 3540 mature
1411 3493 1552 3555 plena
1579 3496 1795 3557 rel-quit.

536 3568 836 3636 Aliquando
867 3572 1038 3624 adeo:
1070 3575 1147 3626 sie
1173 3573 1410 3629 Valerius
1439 3578 1490 3631 in
1538 3595 1569 3631 ιι
1611 3597 1623 3631 :
1661 3580 1770 3634 Ilus
1803 3590 1985 3648 petens
2026 3601 2109 3638 re-

533 3657 714 3713 deunti
752 3661 803 3713 in
847 3661 1029 3716 urbem
1064 3675 1388 3719 narraverat.
1431 3670 1731 3734 Aliquando
1772 3689 1888 3739 oro,
1923 3673 2107 3744 sicque

533 3749 771 3817 jungitur
799 3755 1100 3807 accusativo
1127 3771 1245 3808 cuin
1276 3757 1516 3812 ablativo
1545 3759 1930 3819 interveniente
1973 3783 2108 3833 prte-

537 3836 601 3908 po
635 3844 816 3898 itione.
844 3845 1198 3912 Quintilianus
1228 3849 1276 3900 in
1315 3852 1502 3906 matris
1539 3849 1752 3908 Infamia
1784 3875 1797 3910 :
1839 3858 1966 3911 Illud
1997 3876 2024 3912 a
2056 3873 2106 3914 te

530 3933 717 3988 civitas
741 3935 1047 3990 novissimis
1079 3939 1325 4006 precibus
1351 3953 1490 4008 peto.
1529 3943 1758 3998 Dicimus
1785 3949 1965 4013 etiam,
1988 3961 2106 4017 peto

532 4025 677 4079 illum
710 4026 872 4088 fetro,
910 4036 1029 4089 peto
1068 4029 1353 4097 lapidibus,
1384 4033 1432 4085 id
1464 4045 1547 4088 est
1591 4036 1722 4099 iacio
1761 4041 1978 4103 ineunt,
2021 4043 2102 4096 vel

533 4117 636 4169 vim
661 4116 847 4170 infero.
882 4118 1128 4186 Virgilius
1151 4123 1199 4174 in
1238 4124 1454 4177 liueol.:

655 4203 778 4253 Malo
803 4219 880 4254 me
903 4207 1135 4258 Galathea
1160 4213 1301 4271 petit,

531 4283 582 4341 id
607 4298 688 4342 est
709 4290 842 4356 jacit
871 4292 920 4342 iii
956 4309 1039 4345 me
1072 4296 1285 4346 malum.
1310 4301 1599 4353 Acntcou.

602 4377 879 4451 Putribns]
914 4383 1095 4437 Patres
1144 4387 1470 4440 vocabantur
1520 4402 1756 4445 senatus.
1795 4392 2098 4450 Sallustius.

531 4468 740 4538 llosque
767 4474 846 4525 vel
873 4483 1028 4527 (etate
1051 4475 1129 4528 vel
1161 4493 1303 4530 cura:
1333 4479 1679 4538 similitudine
1707 4486 1966 4540 vocabant
2007 4506 2098 4555 pa-

527 4567 655 4616 tres.
685 4565 902 4617 AGﬂiCOI
923 4583 973 4621 Α.

599 4652 854 4725 Prmens]
884 4657 1101 4724 Dicitur,
1132 4661 1218 4729 qui
1242 4675 1418 4714 coram
1442 4671 1542 4726 est,
1574 4663 1768 4718 dicitur
1794 4677 1846 4720 et
1879 4666 2102 4738 ﬁgurate

526 4761 765 4817 praesens
789 4750 1064 4816 hoc,qnod
1089 4763 1166 4806 est
1197 4753 1407 4808 ellit'av.
1445 4755 1587 4824 Virg.
1623 4757 1672 4810 in
1701 4758 1882 4812 Bucol.
1905 4775 1919 4789 '

644 4839 749 4888 Nec
773 4847 867 4889 tam
895 4853 1165 4904 prasenles
1186 4847 1303 4895 alibi
1329 4860 1628 4906 cognoscere
1669 4851 1821 4900 divos.

524 4922 873 4988 Quintilianus
901 4927 950 4977 in
972 4927 1182 4981 \‘eucno
1203 4930 1390 4994 ell'uso,
1419 4932 1481 4983 Et
1509 4931 1649 4986 ιιι-υς
1675 4946 2094 5002 ρτεεεοιιιιιηριιιιι

522 5026 673 5080 paro,
706 5016 845 5083 quod
875 5016 1072 5082 subito,
1098 5019 1235 5086 quod
1263 5023 1779 5091 statiniCorrumpat.
1806 5031 2092 5081 Acmcom.

596 5103 832 5179 Verona]
867 5109 1071 5163 Verona
1103 5113 1353 5181 oppidum
1389 5126 1471 5168 est
1504 5117 1666 5171 Italia:
1708 5123 2093 5188 tt‘anSpadanm,

520 5196 658 5263 quod
703 5201 936 5253 medium
984 5203 1198 5257 Athesis
1234 5205 1424 5260 ﬂuvius
1465 5208 1695 5274 perlinit,
1728 5213 1777 5264 in
1832 5215 2097 5270 radicibus

518 5286 734 5354 Alpium
773 5290 1166 5348 Vindelicarum
1200 5301 1448 5364 positum.
1476 5304 1763 5357 Acmcou.

600 5379 868 5436 Dicurum
895 5402 960 5455 qu
984 5386 1036 5457 d]
1058 5389 1156 5441 Pro
1175 5390 1368 5459 aliquid
1389 5409 1401 5442 ε
1421 5406 1468 5445 et
1499 5396 1776 5461 legendum
1798 5409 1898 5464 est,
1927 5401 2099 5455 tradu-

515 5482 607 5532 eto
635 5477 684 5531 in
711 5481 1097 5545 princedentem
1121 5482 1406 5538 dicionem
1429 5501 1670 5556 accentu,
1696 5493 1852 5557 sicut,
1878 5510 1994 5562 que,
2017 5511 2092 5558 ve,

518 5582 598 5633 ne,
623 5584 866 5638 tegimus.
884 5575 1176 5628 AGRICOLA.

588 5656 771 5733 Exilii]
793 5663 1026 5718 Exilium
1043 5668 1107 5719 ab
1125 5669 1388 5732 exeundo,
1409 5672 1538 5725 sicut
1562 5673 1766 5729 initium
1781 5679 1844 5730 ah
1864 5678 2093 5735 ineundo

517 5744 713 5803 dictum
736 5764 814 5806 cst
844 5755 1083 5824 figurate,
1119 5760 1252 5812 sicut
1283 5763 1446 5816 multa
1482 5779 1575 5831 pro
1604 5765 1751 5819 clade
1795 5771 1874 5822 vel
1910 5773 2091 5837 perni-

2213 573 2316 628 que
2347 574 2551 614 summa
2574 565 2772 619 clades.
2800 569 3066 624 Acmcou

2287 650 2593 725 Securitate]
2621 655 2674 707 Id
2706 667 2785 709 cst
2815 663 3058 727 negti-ctu
3091 663 3170 716 vel
3197 672 3505 738 contemptu
3532 687 3549 725 :
3577 685 3803 728 securus

2215 741 2354 795 enim
2384 744 2500 798 sine
2527 762 2652 798 cura
2677 749 2891 804 dicitur.
2914 756 3202 809 Acnrcou.

2284 833 2550 907 Profer-re]
2577 839 2626 890 Id
2656 851 2738 892 est
2762 843 2954 898 ell'etre
2973 848 3073 900 hoc
3099 852 3233 902 loco.
3261 848 3505 906 Juvenal.

2335 924 2508 974 Profer
2535 929 2668 976 Galla
2691 942 2762 991 caj
2783 940 2855 980 ut.

2212 1007 2514 1077 Aliquando
2543 1013 3058 1082 siguilicatddl'erre.
3084 1018 3302 1076 Plautus
3331 1022 3382 1076 iii
3406 1024 3636 1094 captivis
3675 1027 3799 1081 duo-

2213 1099 2343 1155 bus:

2341 1191 2543 1249 Quando
2567 1196 2766 1256 prolatis
2787 1199 2938 1248 rebus
2961 1215 3045 1251 rus
3069 1204 3292 1257 homines
3316 1218 3436 1262 eunt

2217 1273 2271 1325 ld
2305 1284 2408 1336 est,
2431 1277 2609 1330 dilalis
2630 1283 2860 1347 negetiis
2879 1286 2956 1338 vel
2985 1287 3195 1343 litibus:
3215 1293 3659 1357 signiticatctiam
3681 1316 3796 1370 pro-

2215 1367 2298 1418 cul
2334 1367 2496 1421 ferre.
2525 1368 2778 1435 Virgilius
2812 1375 2864 1428 in
2899 1379 3068 1442 primo
3098 1380 3385 1441 Eneidos:

2553 1459 2712 1520 Super
2737 1462 3052 1518 Garamantes
3073 1479 3124 1520 et
3145 1472 3285 1523 ludos

2337 1517 2532 1567 Profert
2555 1517 2829 1584 imperium.

2216 1603 2506 1656 Acmcou.

2285 1692 2540 1764 Iactasse]
2572 1695 2782 1751 Jactare
2810 1698 2894 1754 hic
2935 1705 3128 1772 accipit
3159 1723 3252 1776 pro
3272 1724 3339 1764 eo
3369 1713 3510 1777 quod
3545 1726 3630 1770 est
3658 1732 3796 1772 arro-

2217 1796 2402 1852 ganter
2430 1789 2510 1841 vel
2543 1792 2821 1856 gloriando
2850 1812 3024 1852 comm
3049 1817 3292 1859 morare.
3324 1807 3554 1870 Quintil.
3611 1812 3663 1864 in
3695 1830 3794 1867 nia-

2221 1877 2315 1930 tris
2365 1877 2587 1932 Infamia
2636 1899 2650 1933 :
2697 1884 2879 1952 Magna
2943 1905 3066 1957 pars
3116 1896 3402 1952 voluntatis
3441 1911 3527 1953 est
3565 1902 3794 1967 jac=atio.

2222 1968 2549 2038 Quandoque
2575 1973 2834 2038 significat
2854 1982 3032 2036 verbis
3045 1997 3305 2056 strepere,
3323 2005 3418 2058 per
3432 1995 3794 2062 metaphoram

2216 2059 2438 2116 dictum.
2476 2063 2619 2133 Virg.
2649 2065 2698 2117 iit
2736 2083 2762 2120 x
2791 2069 3042 2129 Aineitl.:

2645 2157 2783 2207 Nunc
2804 2176 2915 2209 sera
2939 2167 3176 2225 querelis.

2335 2212 2474 2263 Haud
2494 2215 2620 2276 jttsla
2647 2227 2880 2284 assurgis,
2908 2212 3054 2286 atque
3077 2212 3209 2279 irrita
3227 2236 3388 2292 iurgia
3407 2237 3566 2296 jactas

2219 2295 2437 2367 Proprie
2467 2309 2645 2356 autem
2676 2305 2941 2373 signilicat
2970 2311 3277 2382 frequenter
3300 2295 3501 2386 jacere.
3520 2321 3678 2378 Ovid.
3697 2325 3744 2378 iii
3765 2342 3794 2378 ιι

2215 2389 2282 2444 de
2309 2396 2467 2446 Anc:

2459 2486 2669 2540 Jactatas
2689 2495 3002 2555 excutiatque
3028 2495 3171 2547 faces.

2213 2561 2482 2621 Acmcou
2499 2608 2511 2620 .

2289 2655 2636 2733 Quicni/mdo]
2667 2665 2950 2722 (islentare
2974 2670 3109 2723 sicut
3134 2676 3336 2738 jactare
3357 2676 3579 2741 dicitur,
3609 2684 3701 2734 sed
3717 2684 3791 2752 ja-

2213 2752 2358 2802 etare
2387 2755 2551 2818 magis
2573 2758 2748 2810 verbis
2779 2769 2879 2822 est,
2899 2772 3168 2818 osten'arc
3197 2767 3377 2822 rebus.
3414 2771 3715 2830 Acntcou.

2289 2841 2582 2918 Furinaris]
2615 2848 2844 2904 Facinus
2870 2871 2896 2906 ει
2934 2855 3176 2910 faciendo
3203 2860 3398 2916 dictum
3431 2877 3535 2930 est,
3560 2880 3613 2921 et
3640 2874 3688 2922 in
3713 2885 3792 2937 pe~

2208 2931 2380 2998 joretn
2406 2946 2605 3000 partem
2641 2954 2782 2993 nunc
2811 2943 3068 3011 accipitur
3089 2948 3371 3005 evincente
3388 2959 3818 3024 consuetudine,.

2151 3080 2160 3086 _
2216 3027 2352 3090 apud
2383 3035 2592 3080 veteres
2619 3032 2668 3083 in
2695 3043 2974 3103 utramque
3005 3041 3364 3104 accipiebatur
3389 3056 3598 3112 partem
3630 3060 3683 3102 et
3705 3051 3794 3102 bo-

2219 3128 2339 3166 nam
2372 3124 2424 3168 et
2455 3119 2667 3172 malam.
2699 3121 2911 3178 Sallust.
2944 3127 2994 3179 in
3024 3129 3249 3186 Catilina
3285 3151 3298 3186 :
3327 3135 3426 3200 Qui
3455 3141 3696 3206 praeclari
3724 3141 3794 3193 fa.

2139 3195 2182 3254 C
2215 3206 2413 3259 cinoris
2441 3221 2529 3260 aut
2569 3212 2696 3264 arti~
2726 3214 2878 3268 bona:
2904 3217 3094 3272 famam
3124 3227 3334 3288 (litauit.

2283 3297 2547 3373 Jugnlari]
2578 3303 2829 3372 iugulare
2859 3314 3072 3380 proprie
3103 3316 3366 3378 signiﬁcat
3398 3319 3651 3388 jugulum
3684 3342 3792 3392 per-

2213 3389 2480 3444 scintlt'rc.
2510 3395 2595 3447 Est
2613 3406 2788 3450 autem
2807 3400 3020 3470 jugulus
3037 3406 3206 3459 tiiCllh
3226 3425 3347 3477 pals
3364 3413 3450 3465 illa
3468 3432 3586 3482 ιιιιιῐ
3625 3423 3791 3485 proxi-

2213 3495 2293 3531 tua
2323 3482 2550 3536 colloah
2583 3491 2815 3557 ossibus,
2864 3509 2980 3560 qua:
3013 3508 3197 3564 pectus
3240 3503 3602 3561 delerminant
3631 3527 3787 3579 :quo-

2213 3573 2350 3623 niani
2397 3590 2456 3628 ea
2495 3591 2616 3631 ossa
2665 3581 3066 3640 similitudinem
3093 3592 3225 3660 jngi,
3265 3592 3315 3646 id
3348 3607 3429 3648 est
3475 3603 3786 3656 summitati!

2213 3669 2490 3731 montium,
2516 3673 2595 3724 vel
2629 3675 2735 3726 veri
2761 3678 2901 3745 quod
2928 3685 3159 3736 araturis
3181 3688 3680 3760 hobusimponatur,
3703 3695 3783 3749 lia-

2212 3759 2354 3808 bent.
2381 3763 2666 3816 AcntctiLA.

2284 3846 2492 3921 A’ccem]
2529 3855 2721 3923 Vulgus
2765 3865 3233 3928 grammaticorum
3276 3870 3408 3926 dict
3438 3873 3596 3941 hujus
3627 3882 3780 3933 nami-

2211 3943 2444 3996 nativum
2521 3963 2626 4000 non
2689 3953 2939 4008 inveniri.
2981 3957 3168 4013 Cccro
3233 3973 3406 4020 tamen
3456 3985 3555 4036 pro
3605 3964 3778 4023 Milone

2208 4033 2336 4087 dicit
2373 4052 2386 4087 :
2430 4037 2732 4096 losidiatori
2767 4061 2891 4100 vero
2919 4060 2973 4102 et
3014 4052 3200 4108 latroni
3237 4072 3356 4124 quae
3389 4033 3570 4128 potest
3601 4066 3776 4134 injust:

2206 4140 2324 4177 esse
2350 4143 2444 4180 nex
2463 4129 2484 4181 ἶ)
2501 4129 2588 4182 S.c
2611 4142 2665 4185 et
2689 4152 2814 4201 prex
2837 4141 2993 4194 etiam
3018 4143 3218 4198 Phocus
3235 4157 3615 4216 grammaticus
3637 4159 3773 4211 dixit.

2211 4217 2469 4274 DilTerunt
2503 4239 2630 4279 sane
2659 4244 2757 4281 nex
2790 4241 2843 4285 et
2867 4248 3008 4287 m0rs
3035 4241 3486 4305 quemadmodum
3523 4263 3710 4302 necare
3732 4261 3776 4302 ct

2206 4311 2337 4362 muri
2377 4323 2470 4365 :ut
2500 4329 2598 4368 nex
2650 4321 2715 4370 sit
2741 4337 2882 4376 mors
2915 4327 2964 4378 vi
3009 4328 3175 4394 illata,
3220 4349 3364 4387 mors
3396 4339 3776 4409 qualiscunque

2207 4396 2435 4453 hominis
2457 4405 2718 4459 interitus.
2752 4413 3040 4469 Acmcout.

2281 4492 2578 4566 Quingcnlis
2602 4519 2837 4565 passuum
2853 4509 3091 4582 millibus]
3109 4512 3273 4567 Latini
3299 4515 3488 4572 itinera
3515 4535 3609 4574 sua
3634 4524 3777 4576 milli-

2302 4555 2312 4557 ἡ
2417 4555 2439 4566 ν
2602 4555 2611 4565 ,
2763 4555 2781 4556 ,,
2828 4555 3091 4582 μνη--.-πη
3109 4555 3273 4567 ..ι-...υ
3299 4555 3488 4572 ηιιιυιιι
3515 4555 3609 4574 oua
3634 4555 3777 4576 lllllll'

2133 4555 2183 4614 D
2209 4584 2304 4636 bus
2331 4601 2575 4652 passuum
2609 4609 2906 4661 numerant,
2932 4601 3067 4654 sicut
3095 4603 3263 4660 (ἔτιηοὶ
3288 4610 3499 4678 Stadiis,
3531 4613 3662 4667 Galli
3682 4619 3777 4667 leu-
3837 4630 3842 4632 ‘

2204 4681 2563 4752 cis.Quinqnc
2584 4695 2758 4740 autem
2787 4692 2949 4745 millia
2969 4711 3218 4760 passuum
3255 4711 3460 4756 tantum
3492 4710 3648 4773 spatii
3675 4711 3781 4764 elli-

2204 4774 2349 4826 einnt
2372 4787 2624 4842 quantum
2658 4781 2795 4848 apud
2814 4782 3108 4840 Germanos
3123 4793 3260 4856 quod
3280 4794 3352 4846 illi
3375 4797 3559 4850 niilam
3578 4815 3776 4864 vocant,

2208 4868 2452 4937 quodque
2472 4871 2704 4941 JEgyptii
2720 4889 3086 4947 parasangam,
3113 4881 3290 4940 Persa:
3309 4889 3616 4946 sclimnutn.
3633 4895 3783 4950 Acin-

2215 4971 2360 5012 ZOLA.

2279 5047 2608 5123 PrOpensius]
2633 5053 2685 5106 Id
2707 5065 2786 5109 est
2817 5057 3140 5128 diligentius,
3161 5065 3241 5118 vel
3268 5066 3597 5133 inclinatius,
3617 5089 3644 5125 a
3669 5089 3781 5142 pro-

2211 5141 2511 5207 pendendo,
2541 5146 2674 5198 sicut
2695 5146 2744 5199 in
2766 5147 2920 5211 libra,
2945 5169 3042 5217 qua
3065 5167 3212 5220 parte
3237 5158 3707 5229 pluSappern-litur,
3724 5182 3779 5216 ea

2211 5230 2326 5297 plus
2361 5235 2648 5301 prnpvndet
2679 5254 2689 5287 :
2719 5242 2795 5290 sic
2837 5251 2884 5293 et
2920 5259 3015 5295 nos
3049 5249 3399 5314 propendere,
3437 5262 3490 5306 et
3535 5256 3780 5322 propensi

2206 5322 2430 5376 dicimur
2455 5328 2504 5377 in
2536 5328 2584 5379 id
2615 5329 2764 5396 cujus
2793 5333 2977 5400 majori
3003 5338 3176 5390 studio
3199 5349 3463 5398 tenemur.
3489 5347 3776 5401 Acmcou.

2281 5414 2674 5492 Proscri'ptiani]
2713 5423 3118 5494 Proscriptionis
3152 5448 3342 5489 nomen
3373 5451 3400 5485 a
3431 5437 3587 5492 bellis
3616 5441 3778 5492 civili-

2206 5505 2302 5558 bus
2334 5511 2501 5574 venit,
2529 5515 2778 5576 quoniam
2811 5514 2862 5568 in
2893 5519 3135 5574 civilibus
3162 5522 3592 5580 dissensiunibus
3611 5568 3625 5589 ,
3651 5530 3776 5581 sicut

2205 5594 2410 5649 fuerant
2439 5599 2581 5652 Marii
2602 5612 2654 5654 et
2684 5604 3106 5673 Syllm,C:esaris
3129 5622 3181 5665 et
3211 5613 3449 5682 Pompeii
3477 5626 3535 5670 et
3556 5620 3774 5687 reliquo-

2206 5700 2340 5753 rum,
2375 5688 2462 5756 qui
2491 5690 2719 5746 vicmrcs
2747 5703 2918 5759 crant,
2955 5701 3162 5754 nom'na
3192 5717 3375 5758 eorum
3427 5709 3516 5774 qui
3546 5709 3778 5762 diversa-

2205 5792 2318 5830 rum
2367 5781 2591 5846 partium
2640 5783 2812 5849 luere,
2858 5789 2906 5841 in
2951 5792 3142 5844 tabulis
3173 5792 3442 5863 descripta
3486 5800 3776 5866 ponebant.
