4010 6372
528 376 627 437 951

1178 362 1515 421 APPENDIX
1555 360 1646 415 AD
1685 354 1923 413 LIBROS
1963 352 2050 406 DE
2079 344 2597 403 CONSOLATIONE
2636 337 3124 398 PHILOSOPHIIE.

3678 333 3782 388 952

532 492 633 550 bus
650 488 1017 547 defunctorum
1048 498 1140 553 per
1168 478 1553 534 incantationes
1580 472 1901 526 invocantis.
1935 466 2094 521 Acm-
2126 464 2176 521 A
2202 458 2379 553 habet)
2397 459 2727 528 dignitatem.
2749 455 2871 553 Fuit
2886 454 3029 553 enim
3046 465 3236 521 magna
3254 450 3483 520 dignitas
3504 448 3785 553 honestas

534 596 689 637 εοιι.
1446 618 1449 621 ,

606 664 881 736 Polluisae]
907 664 1087 718 Pulluo
1110 678 1135 715 τι
1163 676 1320 731 porro
1356 669 1403 713 et
1433 659 1542 723 luo,
1577 656 1627 710 id
1659 662 1739 708 est
1771 664 1990 722 prorsus
2017 649 2103 703 luo

535 758 748 823 dicitur,
782 755 834 811 id
858 765 940 810 est
968 752 1196 807 maculo.
1228 753 1519 804 AGRICOLA.

605 847 793 918 Insita]
816 848 870 903 Id
901 858 977 899 est
1001 847 1162 899 indita
1181 846 1247 896 ab
1276 845 1473 896 insero.
1511 845 1791 895 Acmcou.

612 938 927 1008 lnstillabas’]
953 937 1103 992 Stilla
1124 944 1325 1004 guttam
1350 931 1640 1001 signiﬁcat:
1667 929 1807 983 unde
1830 936 1882 980 et
1903 923 2111 980 stillici-

540 1030 683 1085 dium
711 1030 860 1083 locus
905 1029 958 1081 in
985 1041 1141 1096 quem
1168 1035 1331 1095 gutta:
1358 1024 1545 1092 pluvia:
1574 1023 1643 1077 de
1666 1020 1816 1075 tectis
1839 1017 2108 1071 decidunt.

539 1118 667 1174 Inde
690 1118 907 1172 instillo.
929 1120 1216 1170 Aontzzou.

613 1206 1034 1281 Pythagorirum]
1060 1205 1388 1276 Pythagoras
1420 1218 1483 1255 ex
1531 1201 1693 1256 Samo
1727 1194 2113 1251 insula~oriun-

541 1322 645 1360 nus
670 1304 786 1366 fuit,
813 1311 1053 1357 versatus
1074 1310 1157 1354 est
1180 1301 1230 1352 in
1254 1314 1315 1353 ea
1336 1298 1494 1351 Italia:
1514 1305 1661 1364 parte
1707 1308 1823 1361 quae
1852 1287 2115 1358 quondam

546 1413 734 1467 magna
764 1397 968 1453 Grtecia
1008 1396 1151 1450 dicta
1191 1395 1309 1458 fuit,
1363 1394 1503 1446 circa
1533 1392 1822 1443 Tarentum
1854 1395 1908 1440 et
1933 1386 2118 1440 Croto-

546 1502 667 1542 nam
700 1505 713 1539 :
741 1501 965 1553 cumque
992 1485 1408 1552 interrogaretur
1436 1496 1503 1533 an
1533 1481 1707 1551 σοφός,
1732 1477 1781 1531 id
1807 1486 1883 1530 est
1908 1474 2120 1543 sapiens

548 1586 716 1643 esset,
740 1574 1013 1645 respondit
1041 1588 1167 1639 non,
1196 1572 1290 1627 sed
1304 1572 1593 1643 φιλόσοφος,
1626 1569 1677 1622 id
1701 1578 1783 1622 est
1807 1573 2011 1619 amator
2034 1577 2122 1615 sa-

550 1671 765 1740 pientiae
794 1687 808 1722 :
840 1678 896 1723 et
922 1682 1039 1722 cum
1089 1674 1210 1719 ante
1252 1679 1373 1717 eum
1430 1662 1514 1729 qui
1557 1656 1830 1727 insigniori
1879 1656 2122 1709 doctrina

550 1766 760 1836 praediti
786 1773 983 1825 essent.
1016 1764 1283 1832 sapientes
1309 1767 1650 1825 vocarentur,
1684 1764 1865 1825 postea
1892 1753 2111 1821 philoso‘

2204 566 2309 619 que
2333 550 2448 619 ejus
2476 558 2677 615 reatus,
2707 564 2811 617 quo
2839 548 3056 601 Boetius
3100 553 3378 599 accusatus
3414 552 3500 598 est
3526 543 3691 597 studii
3730 545 3783 595 in

2205 654 2443 699 senatum
2461 643 3035 711 propensioris,verum
3057 655 3172 695 eam
3196 639 3328 695 falso
3354 642 3544 711 magia:
3564 642 3787 695 crimine

2209 735 2413 791 fuscare
2429 737 2813 807 denigrareque
2826 736 3090 815 delatores
3101 736 3274 790 conati
3288 746 3430 790 sunt.
3448 737 3598 791 Hanc
3612 737 3791 790 lectio-

2212 846 2331 884 nem
2378 838 2573 900 prmter
2627 829 3013 896 exemplarium
3060 829 3220 884 ﬁdem
3271 839 3517 884 astruunt
3564 845 3628 884 ea
3674 845 3790 898 qua:

2214 921 2453 988 proxima
2483 934 2641 988 prosa
2681 919 3053 988 subjiciuntur.
3106 917 3184 975 De
3215 920 3548 989 objectorum
3576 921 3789 992 quidem

2212 1012 2305 1066 tibi
2333 1011 2417 1066 vel
2446 1011 2726 1065 honestate
2761 1011 2846 1066 vel
2882 1010 3114 1066 falsitate
3148 1012 3355 1067 cunctis
3408 1022 3535 1065 nota
3583 1028 3791 1067 memo-

2216 1103 2364 1157 rasti.

2286 1210 2442 1266 ἐπου
2456 1210 2570 1284 θεῷ]
2587 1210 2825 1280 Sequere
2837 1212 3022 1270 Deum:
3042 1212 3231 1282 legitur
3245 1221 3421 1266 autem
3439 1212 3539 1266 hoc
3550 1212 3793 1266 Graecum

2219 1304 2270 1357 in
2288 1304 2582 1372 exemplari
2607 1303 2746 1371 quod
2793 1302 2921 1357 mihi
2966 1303 3324 1358 commodavit
3350 1304 3643 1367 Caesarius,
3667 1312 3721 1357 et
3744 1304 3797 1357 in

2219 1395 2442 1463 epistola
2470 1394 2690 1449 Joannis
2709 1394 2976 1449 IEdicollii
2999 1395 3065 1449 ad
3108 1411 3192 1450 me
3212 1396 3353 1449 data.
3390 1395 3631 1451 IIabetur
3661 1396 3797 1449 idem

2223 1488 2273 1541 in
2302 1504 2338 1542 ιι
2361 1487 2600 1543 Chiliade
2630 1488 3037 1543 Proverbiorum
3078 1489 3309 1557 Erasmi,
3340 1498 3396 1544 et
3420 1489 3563 1558 apud
3590 1490 3797 1543 Politia-

2224 1595 2347 1632 num
2402 1580 2454 1632 in
2490 1578 2833 1633 Prmlectione
2883 1579 3183 1634 Ilomerica.
3237 1579 3485 1633 Refertur
3523 1589 3707 1632 alitem
3737 1580 3799 1633 ad

2223 1667 2600 1739 Pythagoram,
2631 1669 2724 1739 qui
2746 1669 2979 1724 Marsilio
3002 1671 3311 1740 interprete,
3334 1670 3411 1723 sic
3442 1671 3517 1723 ait
3562 1670 3615 1723 in
3661 1684 3797 1741 sym-

2225 1760 2360 1815 bolis
2398 1778 2410 1812 :
2448 1760 2703 1831 Linguam
2766 1761 3024 1831 imprimis
3060 1777 3284 1829 coerce,
3344 1763 3513 1815 Deum
3566 1762 3797 1815 imitans.

552 1830 642 1930 phi
671 1860 832 1929 empti
865 1869 987 1913 sunt
1010 1830 1212 1920 vocari,
1239 1865 1292 1910 et
1318 1870 1346 1908 a
1372 1854 1671 1925 Pythagora
1702 1859 1847 1906 secta
1877 1865 1938 1902 ea
1965 1848 2121 1902 ducta
2151 1830 2198 1888 Β
2227 1849 2389 1904 Porro
2406 1830 2715 1918 Rodolphus
2740 1830 2982 1921 Agricola
3012 1851 3219 1906 videtur
3241 1853 3352 1905 haec
3369 1852 3561 1906 Graeca
3585 1866 3796 1920 ponere.

553 1961 654 2017 est,
688 1967 847 2022 quam
886 1949 1279 2020 philosophiam
1319 1947 1554 2001 Italicam
1593 1950 1934 1999 vocaverunt.
1966 1941 2125 1995 Acm-

554 2058 707 2098 εοιΑ.

623 2144 756 2208 Θεῷ,
780 2134 880 2189 ἀλλ’
904 2131 961 2186 οὒ
982 2127 1133 2199 θεοῖς]
1168 2130 1221 2184 Id
1248 2140 1328 2183 est
1349 2128 1460 2182 Deo
1481 2137 1534 2181 et
1560 2141 1665 2179 non
1688 2124 1810 2178 diis.
1835 2124 2122 2177 AGRICOLA.

625 2223 1015 2291 Conveniebam]
1041 2221 1344 2276 Convenire
1368 2219 1561 2273 dicitur
1583 2217 1670 2271 hic
1688 2224 1870 2284 aptum
1896 2227 2017 2269 esse
2041 2213 2126 2265 vel

557 2315 1015 2372 accommodatum
1045 2330 1058 2364 :
1086 2310 1371 2380 aliquando
1390 2308 1691 2364 consentire
1716 2305 1995 2375 signiﬁcat.
2024 2306 2130 2359 llo-

559 2418 698 2463 rat.:

803 2496 864 2547 Et
884 2498 994 2546 vitaa
1017 2494 1321 2545 disconvenit
1344 2492 1515 2541 ordine
1540 2498 1660 2551 toto,

560 2582 614 2637 id
637 2591 721 2637 est
741 2580 1029 2636 discordat.
1049 2578 1203 2633 Ovid.
1237 2578 1289 2630 in
1313 2593 1327 2630 I
1355 2576 1423 2630 de
1447 2578 1573 2629 Arte
1600 2592 1615 2628 :

682 2671 945 2723 Conveniat
969 2670 1127 2731 nobis,
1155 2681 1217 2717 ne
1238 2679 1380 2729 quam
1408 2679 1496 2714 nos
1519 2673 1634 2715 ante
1667 2675 1917 2726 ragemus.

561 2753 1238 2821 Undedicimus,Convenit
1258 2751 1409 2807 nobis
1422 2750 1489 2805 de
1515 2751 1613 2803 hac
1639 2763 1717 2813 re,
1742 2757 1817 2812 et,
1832 2745 2130 2800 Convenie-

561 2866 678 2905 mus
705 2850 772 2904 de
794 2850 891 2903 hac
917 2862 993 2903 re.
1014 2847 1182 2902 Etiam
1208 2841 1806 2915 signiﬁcatcongregari,
1836 2840 1992 2907 idque
2012 2852 2134 2906 pro-

561 2943 733 3012 prium
786 2948 868 2995 est
918 2940 1033 3008 ejus
1083 2938 1454 3008 signiﬁcatum.
1488 2933 1770 2987 Sallustius
1802 2949 1813 2985 :
1848 2930 2131 2995 Postquam

561 3032 782 3087 Catilina
812 3045 905 3084 eos
934 3043 1065 3097 quos
1090 3035 1492 3087 convocaverat,
1516 3024 1829 3077 convenisse
1854 3018 2011 3072 videt.
2048 3016 2133 3069 Di-

562 3121 700 3176 citur
724 3121 905 3181 etiam,
937 3119 1168 3173 conveni
1200 3118 1293 3171 illu
1319 3141 1343 3163 ο.
1368 3116 1506 3185 apud
1532 3113 1728 3174 forum,
1750 3112 1798 3163 id
1823 3120 1903 3163 est
1931 3109 2135 3161 allocu-

562 3222 647 3266 tus
667 3226 806 3266 sum.
834 3212 1120 3264 AGRICOLA.

641 3299 895 3372 Penetral]
941 3301 1166 3355 Interior
1196 3313 1319 3368 pars
1356 3298 1547 3354 domus
1571 3296 1763 3349 dicitur
1792 3309 1820 3348 a
1852 3301 2131 3361 penetran-

564 3397 654 3451 do.
688 3394 875 3463 Virgil.
912 3396 962 3448 in
979 3409 1016 3448 ιι
1042 3393 1286 3447 IEneid.:

691 3486 940 3546 Apparent
970 3483 1149 3533 Priami
1170 3489 1223 3532 et
1240 3487 1467 3531 veterum
1491 3479 1762 3543 penetralia
1790 3490 1961 3537 regum

567 3568 966 3636 Commoaeque
993 3566 1124 3619 dixit
1155 3565 1369 3620 Boetius
1400 3562 1903 3633 pem-tralinnocens
1922 3559 2132 3622 domus,

566 3656 816 3725 quoniam
847 3656 1020 3710 solent
1048 3655 1265 3710 recondi
1296 3655 1516 3709 scelera.
1548 3652 1690 3707 etab
1716 3651 1987 3705 hominum
2008 3662 2137 3701 con-

568 3760 749 3821 spectu
769 3751 1053 3806 removeri.
1080 3752 1370 3805 AGIICOLA.

519 3830 537 3841 ’
638 3840 838 3912 Cretas]
870 3843 914 3895 Α
942 3840 1206 3905 coeundo,
1232 3839 1284 3895 id
1308 3849 1392 3896 est
1419 3841 1784 3895 conveniendo
1827 3840 1999 3896 dictus
2033 3851 2134 3896 est.

566 3935 861 3991 Acntcoct.

640 4023 819 4096 Socer]
850 4024 946 4078 Est
975 4024 1157 4079 uxoris
1184 4026 1268 4079 vel
1300 4024 1474 4079 mariti
1507 4033 1677 4094 pater,
1712 4026 1891 4080 itidem
1943 4038 1998 4080 ut
2045 4039 2138 4082 so-

568 4127 692 4170 crus
718 4126 906 4175 mater.
932 4114 1021 4182 qui
1054 4114 1212 4167 ﬁliam
1262 4124 1402 4168 tuam
1449 4114 1501 4167 in
1540 4114 1930 4167 matrimonium
1957 4114 2137 4180 habet,

569 4221 751 4277 gener,
776 4221 893 4276 qua:
914 4205 1077 4259 ﬁlium
1101 4214 1270 4268 tuum,
1299 4219 1461 4258 nurus
1484 4213 1723 4258 vocatur.
1745 4205 2030 4258 Acmcou.

638 4295 848 4368 A/ﬁnes]
888 4298 1001 4353 Hoc
1032 4297 1167 4351 dixit
1208 4298 1491 4366 impropria
1518 4296 1920 4365 signiﬁcatione,
1964 4294 2017 4349 id
2057 4303 2141 4349 est

568 4388 857 4457 conjuncti.
887 4387 1019 4441 Nam
1046 4388 1430 4442 consuetudine
1451 4386 1711 4455 accipitur
1730 4384 1905 4440 afﬁnis
1935 4400 2031 4454 pro
2051 4400 2138 4451 eo,

569 4481 659 4551 qui
684 4496 789 4535 nan
812 4488 896 4535 est
922 4490 1180 4549 cognatus
1205 4480 1376 4544 nobis,
1409 4479 1505 4533 sed
1533 4479 1771 4548 cognatis
1809 4480 2007 4532 nostris
2029 4493 2142 4531 ma—

570 4572 824 4626 trimonio
843 4572 1080 4640 junctus.
1110 4573 1399 4627 Acmcou.

641 4660 891 4732 Instituti]
915 4661 968 4715 Id
1017 4671 1100 4716 est
1126 4664 1423 4730 compositi,
1456 4664 1539 4718 vel
1575 4660 1872 4727 assuefacti,
1904 4661 1987 4716 vel
2032 4659 2139 4713 for-

571 4754 722 4807 mati.
760 4753 977 4819 Quintil.
1035 4754 1133 4807 int
1173 4755 1405 4809 Institut.
1454 4773 1468 4807 :
1510 4759 1643 4809 Ante
1674 4756 1905 4823 palatum
1953 4769 2137 4809 eorum

572 4857 729 4913 quam
759 4858 932 4897 mores
972 4844 1322 4898 instituimus.
1373 4845 1672 4913 Aliquando
1707 4845 1902 4901 docere
1934 4846 2136 4915 signiﬁ-

571 4946 656 4989 cat
683 4934 979 4988 instituere.
1010 4933 1251 4989 Juvenal.
1276 4954 1291 4989 :
1590 4938 1593 4943 ’

695 5022 1003 5086 Instituitque
1031 5025 1179 5074 rudes
1203 5025 1376 5074 melior
1397 5024 1578 5075 locusta
1601 5027 1908 5088 propinquas.
2092 5084 2109 5096 .

572 5105 844 5176 Accipitnr
864 5108 1021 5161 etiam
1044 5122 1138 5173 pro
1169 5122 1234 5162 eo
1258 5108 1399 5177 quod
1430 5117 1513 5164 est
1545 5125 1843 5178 proponere
1866 5108 1947 5163 vel
1976 5108 2132 5173 velle,

573 5206 633 5253 ut
657 5196 833 5254 Cicer.
863 5197 916 5251 in
954 5214 1009 5253 ιιι
1031 5198 1097 5253 de
1120 5198 1267 5252 Orvut.
1298 5218 1310 5251 ε
1336 5200 1630 5254 Instituenti
1651 5201 1799 5270 mihi,
1822 5201 2016 5267 Quinte
2037 5201 2141 5255 fra-

572 5300 676 5355 ter,
708 5291 757 5345 id
782 5300 869 5345 est.
891 5291 1088 5346 volenti
1118 5292 1200 5346 vel
1230 5294 1456 5361 paranti.
1485 5293 1772 5348 Acmcoca.

645 5383 930 5454 Lacereris]
959 5383 1202 5451 Figurate
1232 5398 1325 5452 per
1365 5384 1766 5439 translationem
1812 5386 2010 5438 dictum
2041 5392 2142 5450 est,

573 5474 628 5531 id
650 5483 733 5531 est
757 5475 1014 5545 carparis,
1039 5474 1472 5539 reprehendaris.
1503 5479 1791 5530 AGRICOLA.

646 5567 805 5638 Cujus
835 5565 1160 5638 dignitatem]
1195 5566 1426 5622 Tametsi
1458 5566 1764 5636 Rodolphus
1788 5565 2028 5634 Agricola
2060 5562 2150 5633 ju-

577 5659 717 5714 dicio
737 5662 820 5714 vir
839 5659 1069 5730 alioquin
1099 5659 1379 5724 acerrimo,
1411 5658 1586 5726 legere
1606 5656 1845 5711 videatur
1866 5655 2148 5724 indignita-

582 5756 710 5809 tem.
738 5744 919 5804 malim
971 5757 1146 5805 tatnen
1193 5748 1623 5820 legere(sicutet
1673 5747 1785 5803 fere
1828 5743 2149 5814 exemplaria

2228 1949 2337 2010 Θεῳ
2400 1939 2502 1994 ἀλλ’
2528 1938 2586 1995 οὔ
2603 1945 2751 2006 θεοῖς,
2797 1940 2850 1995 id
2878 1951 2981 2009 est,
3010 1942 3139 2011 Deo,
3168 1950 3224 1996 et
3250 1956 3356 1996 non
3398 1941 3501 1995 diis
3532 1941 3798 2013 (subaudi)

2226 2029 2428 2084 servias
2450 2043 2541 2084 seu
2562 2030 2919 2085 serviendum.

2300 2118 2626 2173 Consimilem
2658 2119 2761 2174 Deo
2794 2117 3005 2190 faceres]
3031 2119 3234 2176 Seneca
3264 2119 3317 2173 in
3345 2119 3575 2188 epistola
3609 2119 3679 2174 ad
3706 2119 3799 2173 Lu-

2228 2209 2405 2265 cilium
2436 2209 2506 2265 48
2530 2228 2542 2262 :
2579 2210 2687 2264 IIoc
2712 2211 2852 2265 enim
2881 2222 2966 2264 est
2989 2210 3127 2280 quod
3151 2210 3279 2265 mihi
3308 2210 3649 2281 philosophia
3688 2226 3799 2277 pm

2230 2301 2412 2369 mittit,
2441 2309 2500 2356 ut
2528 2316 2707 2370 parem
2731 2302 2840 2356 Deo
2868 2301 3047 2357 faciat.

2305 2416 2350 2472 U
2355 2416 2471 2488 ltro]
2498 2418 2735 2486 Insuper.

2305 2530 2367 2581 At
2398 2545 2513 2581 vero
2540 2530 2633 2581 hoc
2657 2528 2831 2600 etiam]
2862 2529 3108 2585 Ostendit
3133 2545 3273 2585 nunc
3297 2531 3647 2599 asperitatem
3668 2531 3801 2585 cala-

2232 2620 2431 2675 mitatis
2456 2635 2567 2674 sua:
2592 2636 2655 2673 ex
2686 2634 2753 2675 eo
2773 2621 2911 2691 quod
2926 2621 3163 2691 sequitur
3181 2621 3542 2676 communiter
3558 2622 3610 2675 in
3623 2636 3806 2676 omnes

2234 2713 2420 2765 bonos.
2456 2710 2589 2765 Dicit
2630 2711 2809 2781 itaque
2861 2727 2963 2766 non
3011 2713 3185 2767 solum
3227 2712 3499 2783 indignum
3530 2726 3657 2767 esse
3700 2715 3806 2768 hac

2233 2801 2431 2867 omnia,
2455 2816 2572 2870 quae
2593 2801 2903 2869 gravissima
2918 2804 3270 2866 enumeravit,
3291 2817 3351 2857 se
3380 2802 3701 2871 pertulisse,
3718 2802 3809 2856 sed

2234 2894 2335 2948 hoc
2360 2894 2519 2948 etiam
2562 2894 2734 2947 adhuc
2764 2904 2967 2947 reStare
2995 2893 3150 2947 malis
3193 2894 3323 2956 suis,
3355 2902 3413 2946 ut
3471 2893 3574 2947 ista
3618 2895 3808 2946 merito

2235 2984 2341 3052 pati
2389 2982 2652 3048 videatur,
2701 2991 2755 3037 et
2801 2992 3075 3051 postquam
3123 2982 3299 3035 omnia
3342 2980 3601 3049 perdidit,
3653 2984 3809 3035 etiam

2237 3072 2567 3126 honestatem
2587 3071 2991 3126 existimationis
3004 3080 3058 3125 et
3083 3070 3235 3124 fama:
3256 3072 3408 3125 bona:
3434 3072 3668 3126 amittat.
3691 3071 3810 3125 Vul-

2159 3195 2205 3255 ρ
2234 3180 2332 3235 gus
2372 3166 2513 3220 enim
2545 3166 2845 3234 imperitum
2893 3180 2953 3220 ea
2983 3166 3155 3221 solum
3184 3166 3373 3231 credit,
3427 3175 3483 3221 et
3520 3167 3807 3235 prudenter

2235 3257 2369 3312 facta
2392 3271 2532 3323 esse,
2560 3273 2676 3327 quae
2706 3272 2959 3327 prospere
2999 3267 3053 3312 et
3095 3257 3321 3315 feliciter
3344 3260 3645 3324 eveniunt;
3676 3274 3811 3313 nunc

2233 3362 2362 3416 ergo
2405 3349 2526 3418 quia
2550 3349 2653 3402 sibi
2682 3363 2769 3403 res
2807 3363 2994 3401 omnes
3034 3348 3271 3403 adversa:
3302 3348 3609 3423 infeliciter
3638 3365 3813 3404 cesse-

2235 3450 2378 3508 runt,
2406 3441 2656 3494 credetur
2685 3440 2873 3508 dignus
2900 3440 2982 3494 bis
3008 3455 3148 3505 esse,
3178 3441 3339 3495 etista
3376 3441 3665 3495 meruisse.
3690 3439 3811 3494 Post

2236 3533 2329 3595 ibi,
2370 3533 2550 3586 Videor
2569 3543 2737 3585 autem
2762 3534 2931 3586 videre
2956 3533 3104 3600 dicit,
3158 3533 3279 3601 quia
3332 3547 3473 3587 nunc
3510 3532 3810 3588 innocentia

2237 3632 2416 3676 nostra
2434 3622 2499 3675 ab
2527 3622 2783 3691 improbis
2804 3623 2941 3677 victa
2963 3631 3045 3677 est
3071 3634 3127 3679 et
3167 3639 3441 3693 oppressa,
3471 3624 3712 3679 futurum
3732 3634 3810 3679 est

2238 3723 2298 3769 ut
2325 3713 2575 3770 scelerati
2601 3728 2788 3769 omnes
2817 3714 3007 3782 quibus
3027 3728 3153 3782 ergo
3181 3714 3494 3769 resistebam
3520 3716 3807 3783 gaudeant,

2237 3812 2291 3858 et
2312 3803 2516 3858 similes
2541 3803 2908 3858 accusationes
2933 3810 3118 3857 contra
3155 3802 3322 3856 bonos
3350 3811 3546 3871 parent
3567 3818 3688 3857 cum
3729 3803 3808 3856 vi-

2238 3893 2399 3949 deant
2432 3894 2649 3962 impune
2669 3896 2844 3948 omnia
2870 3908 2927 3946 se
2950 3892 3124 3947 facere
3146 3905 3303 3961 posse
3330 3892 3535 3945 :bonos
3556 3908 3689 3947 vero
3708 3906 3810 3945 non

2238 3998 2466 4039 ausuros
2492 3982 2596 4039 illis
2616 3983 2886 4047 resistere,
2912 3998 3033 4036 cum
3062 3996 3123 4036 se
3148 3981 3361 4036 videant
3394 3996 3501 4035 non
3529 3982 3702 4037 solum
3723 3997 3809 4049 pe-

2239 4073 2421 4128 riculis
2440 4075 2733 4142 expositos,
2765 4073 2860 4127 sed
2887 4074 3047 4126 etiam
3069 4070 3378 4126 defensione
3412 4073 3675 4141 privatos.
3708 4072 3808 4126 Ex-

2239 4166 2432 4219 clamat
2451 4178 2578 4233 ergo
2610 4180 2622 4216 :
2652 4162 2979 4232 OSIeIIiferi,
3007 4173 3113 4219 etc.
3140 4162 3432 4219 AGBICOLA.

2311 4276 2578 4348 Cumulus]
2608 4276 2663 4331 Id
2684 4287 2769 4332 est
2792 4277 3205 4347 explementum.
3222 4277 3442 4347 Proprie
3464 4278 3609 4332 enim
3625 4278 3808 4333 dicitur

2241 4370 2506 4431 cumulus,
2537 4382 2759 4422 acervus
2798 4382 2975 4421 rerum
3021 4375 3111 4420 aut
3139 4376 3314 4421 strues
3348 4368 3508 4422 simul
3538 4376 3811 4437 congesta-

2245 4475 2383 4512 rum.
2416 4458 2707 4512 AGRICOLA.

2164 4550 2221 4611 Β
2313 4548 2519 4620 Merita]
2553 4548 2605 4601 Id
2632 4557 2715 4613 est
2735 4548 2838 4601 vim
2871 4547 2953 4600 vel
2982 4548 3230 4615 pretium.
3255 4547 3547 4601 AGRICOLA.

2315 4639 2552 4710 Proviso]
2586 4640 2724 4692 Dixit
2750 4639 2898 4706 quasi
2923 4639 3261 4706 provudenter
3280 4647 3333 4691 et
3358 4648 3503 4692 recte
3529 4638 3665 4692 facta
3687 4654 3701 4689 :
3726 4651 3811 4690 se-

2241 4734 2471 4789 cundum
2503 4732 2844 4801 phi|050phos
2864 4730 3027 4793 enim,
3049 4729 3301 4797 quidquid
3330 4740 3475 4783 recte
3490 4730 3574 4795 ﬁt,
3594 4728 3815 4797 prudeu~

2243 4836 2324 4881 ter
2344 4827 2404 4880 ﬁt
2432 4843 2445 4879 :
2474 4836 2660 4880 contra
2708 4824 2892 4885 etiam,
2922 4821 3179 4891 quidquid
3227 4821 3517 4890 prudenter
3550 4825 3608 4875 lit
3666 4825 3722 4875 ﬁt
3763 4832 3812 4877 et

2248 4927 2410 4974 recte.
2440 4920 2727 4971 Acmcom.

2319 5008 2586 5079 Rumores]
2618 5007 2819 5061 Rumor
2855 5020 2883 5058 a
2932 5006 3133 5059 ruendo
3157 5004 3350 5068 dictus,
3378 5006 3531 5073 quasi
3581 5005 3813 5060 fremitus

2251 5100 2428 5168 populi
2476 5098 2665 5153 similis
2699 5111 2861 5163 sono,
2894 5112 3050 5165 quem
3101 5096 3251 5151 ruina
3282 5111 3459 5150 rerum
3490 5095 3640 5159 facit,
3686 5096 3815 5148 idem

2249 5197 2510 5265 signiﬁcat
2532 5194 2671 5264 quod
2699 5194 2854 5255 fama;
2875 5193 2967 5246 sed
2999 5192 3132 5246 fama
3156 5192 3396 5246 Graecum
3420 5201 3523 5255 est,
3551 5191 3696 5245 fama
3744 5202 3816 5243 ta-

2247 5304 2367 5341 men
2404 5286 2523 5356 quia
2561 5300 2590 5337 a
2627 5288 2748 5357 φημί
2794 5282 2979 5337 Graeco
3013 5281 3183 5352 (quod
3224 5283 3364 5349 apud
3405 5297 3503 5336 nos
3540 5288 3625 5351 [or
3662 5280 3816 5349 signi-

2251 5378 2391 5447 ﬁcat)
2430 5377 2643 5439 dicitur,
2686 5376 2881 5431 certius
2930 5374 3127 5442 aliquid
3188 5382 3241 5427 et
3301 5374 3637 5427 conSIantius
3682 5370 3816 5436 loqui

2250 5471 2543 5538 signiﬁcat:
2573 5481 2753 5520 rumor
2782 5466 3034 5519 incertius
3055 5464 3302 5533 quiddam
3334 5464 3510 5517 habet.
3535 5466 3812 5517 Acmcou.

2324 5556 2613 5631 Aﬂingitur]
2645 5559 2745 5613 Alii
2787 5559 3020 5627 afﬁgitur
3072 5560 3273 5627 legunt,
3309 5556 3448 5624 quod
3497 5554 3814 5609 translatum

2252 5654 2464 5723 quidem
2486 5662 2584 5720 est,
2617 5652 2713 5708 sed
2738 5660 2926 5718 tamen,
2946 5653 3139 5709 actius.
3166 5655 3447 5707 Acmcou.

2324 5742 2617 5814 Perferuntl
2640 5743 2939 5799 Iuvenalis:
