4010 6372
276 293 385 352 955

1019 409 1239 474 Lateque
1264 421 1519 464 sonantem

401 470 613 521 Pertulit
638 470 824 518 lonium
854 484 865 519 :

282 551 334 608 id
365 563 446 608 est
471 567 725 624 perpessa
768 561 869 607 cst.
923 552 1222 622 Aliquando
1263 565 1567 623 apportare,
1614 564 1671 608 ut
1714 556 1854 623 apud

275 643 595 698 Ciceronem
631 660 645 695 :
679 642 905 696 Litteras
946 642 1010 695 ad
1049 652 1102 697 te
1133 642 1477 712 perferendas
1512 644 1654 699 dedi.
1696 644 1854 699 Astu-

274 749 430 788 COLA.

348 825 611 895 Uﬁicinas)
641 825 883 890 Ofﬁcina,
916 826 980 879 ab
1007 826 1182 881 ofﬁcio
1204 827 1362 888 dicta,
1392 838 1468 880 est
1500 828 1646 880 locus
1670 828 1719 880 in
1748 842 1853 895 quo

274 916 699 985 opiﬁcesofﬁcia,
727 918 829 970 hoc
850 926 931 971 est
952 928 1093 971 artes
1116 933 1239 971 suas
1262 930 1532 972 exercent.
1558 921 1847 972 AGRICOLA.

347 1009 660 1081 Fluitantes]
694 1010 747 1064 ld
770 1019 852 1064 est
872 1025 990 1065 sese
1018 1011 1282 1079 agitantes
1304 1011 1386 1064 vel
1412 1011 1735 1079 trepidantes
1765 1012 1847 1065 vel

272 1101 583 1166 gestientes.
627 1100 717 1155 Sic
751 1101 892 1156 enim
931 1100 1118 1155 Cicero
1172 1101 1526 1155 inconsultum
1572 1103 1845 1170 gaudium,

274 1191 511 1245 laetitiam
543 1192 857 1260 gestientem
880 1203 1055 1257 vocat,
1082 1193 1222 1246 idest
1250 1192 1440 1246 crebro
1461 1208 1518 1246 se
1547 1203 1846 1247 moventem

272 1292 327 1337 et
351 1282 725 1351 trepidantem.
749 1283 906 1337 sicuti
932 1299 1050 1337 mos
1075 1295 1156 1337 est
1183 1285 1334 1337 Itctis.
1355 1285 1643 1338 AGRICOLA.

344 1372 776 1443 Perditissimum]
801 1374 1000 1429 Perditi
1038 1375 1289 1428 dicuntur
1318 1376 1403 1444 qui
1429 1391 1531 1429 non
1564 1376 1847 1430 mediocri-

272 1473 354 1517 ter
374 1473 465 1517 aut
491 1464 843 1519 tolerabiliter
880 1475 1001 1519 sunt
1038 1466 1185 1530 mali,
1212 1477 1263 1520 et
1291 1466 1357 1521 de
1378 1466 1565 1535 quibus
1596 1468 1737 1519 nulla
1765 1476 1847 1520 est

272 1554 503 1623 amplius
525 1570 647 1623 spes
670 1556 814 1622 boni,
839 1571 972 1626 quos
988 1558 1159 1611 Graeci
1181 1568 1235 1612 et
1257 1559 1441 1612 Cicero
1467 1573 1842 1628 nonnunquam

273 1658 395 1699 usus
415 1661 480 1699 eo
500 1647 681 1711 verbo,
710 1651 937 1708 ἀσώτους
967 1658 1170 1703 vocant.
1202 1651 1488 1705 AGRICOLA.

346 1734 614 1807 Insontesj
646 1738 830 1792 Insons
859 1754 887 1791 a
919 1754 1045 1793 sons
1084 1739 1299 1804 dicitur,
1332 1739 1473 1808 quod
1506 1739 1665 1793 etiam
1702 1756 1843 1795 nunc

274 1839 401 1880 usus
427 1827 609 1895 habet,
641 1835 848 1883 veteres
872 1838 1045 1882 tamen
1064 1831 1260 1898 saepius
1280 1829 1528 1883 dixerunt
1553 1848 1564 1881 :
1601 1829 1842 1883 testimo-

272 1918 414 1972 nium
458 1927 541 1972 est
582 1918 723 1972 Festi
770 1919 1025 1988 Pompeii,
1057 1922 1145 1986 qui
1194 1923 1453 1975 sonticum
1504 1921 1702 1990 justum
1732 1924 1846 1976 vult

272 2008 591 2079 signiﬁcare,
621 2023 823 2078 ponens
850 2011 1011 2063 verba
1040 2010 1221 2075 Nazvii,
1247 2010 1498 2065 dicentis:

405 2098 651 2149 Sonticam
697 2111 808 2149 esse
846 2107 1039 2161 Oportet
1064 2112 1274 2158 causam,
1315 2100 1628 2221 quampbrelm
1670 2101 1844 2161 perdas

1486 2176 1564 2210 mu
1589 2174 1779 2211 tet-em:

1486 2174 1743 2211 munerem
1768 2177 1779 2211 Ζ

271 2255 392 2297 eum
434 2242 632 2298 rectius
683 2241 905 2297 dixisset
939 2242 1158 2304 Festus,
1212 2258 1427 2312 gravem
1467 2255 1555 2297 aut
1603 2245 1841 2297 noxiam.

270 2336 479 2390 Dictum
502 2345 709 2390 sontem
741 2334 991 2401 arbitror,
1022 2334 1089 2388 de
1114 2350 1218 2403 quo
1242 2350 1405 2389 sonus
1436 2335 1547 2398 ﬁat,
1576 2336 1627 2389 id
1652 2346 1732 2389 est
1752 2337 1840 2406 qui

271 2423 325 2480 ln
352 2424 492 2480 fama
518 2435 571 2479 et
598 2438 733 2479 sono
759 2425 1032 2479 hominum
1058 2434 1318 2480 verSatur.
1337 2428 1628 2481 AGBICOLA.

340 2512 584 2569 Cumulus
620 2514 834 2584 accedit]
856 2515 1108 2569 Cumulos
1131 2516 1389 2569 malorum
1441 2517 1843 2584 proverbialiter

272 2602 465 2658 dicitur
493 2604 562 2659 de
598 2604 899 2674 ingentibus
929 2604 1083 2658 malis
1118 2614 1173 2659 et
1212 2605 1602 2659 calamitatibus
1633 2624 1643 2657 :
1672 2616 1728 2659 ttt
1751 2621 1839 2659 cu-

272 2694 451 2749 mulus
489 2709 582 2749 seu
605 2708 827 2750 acervus
876 2686 1158 2758 bonorum,
1190 2695 1257 2749 de
1287 2696 1474 2763 opibus
1521 2695 1839 2764 ingentibus.

269 2790 408 2842 Sunt
433 2798 485 2842 et
510 2788 596 2842 illa
622 2786 864 2843 Ciceroni
896 2787 1194 2855 familiaria,
1219 2787 1491 2842 cumulare
1514 2788 1723 2853 ofﬁciis,
1753 2804 1845 2843 cu-

268 2878 620 2934 mulatissime
640 2877 972 2943 satisfacere,
1001 2879 1244 2933 cumulus
1272 2880 1601 2933 meritorum.

802 2970 866 3022 IN
915 2969 1206 3023 METRUM
1244 2970 1309 3023 V.

350 3054 673 3128 Ostelliferij
704 3057 919 3113 Boetius
966 3058 1066 3112 hoc
1110 3060 1349 3113 carmine
1395 3059 1637 3128 deplorat
1660 3059 1842 3114 condi-

273 3151 471 3206 tionem
502 3150 745 3204 humana:
775 3158 999 3216 naturre,
1029 3165 1147 3204 cum
1176 3149 1313 3204 Deus
1340 3153 1515 3204 omnia
1544 3167 1661 3218 qua:
1684 3151 1733 3204 in
1758 3166 1842 3205 re-
1871 3138 1914 3198 C

272 3255 392 3297 rum
411 3250 594 3297 natura
620 3248 746 3297 sunt
762 3242 828 3296 ad
852 3250 1050 3297 certam
1070 3243 1240 3312 legem
1263 3243 1839 3310 alligaverit,etomnia

272 3332 347 3386 ita
378 3331 687 3397 instituerit,
718 3341 773 3385 ttt
792 3347 976 3388 errare
1005 3316 1096 3388 aut
1124 3348 1348 3403 peccare
1381 3335 1699 3403 nequirent:
1745 3334 1841 3387 soli

272 3423 479 3478 homini
508 3423 655 3479 dedit
681 3424 1007 3492 libertatem,
1038 3433 1095 3479 ut
1129 3435 1311 3495 posset
1339 3427 1473 3482 bene
1498 3436 1553 3482 et
1595 3427 1738 3481 male
1764 3427 1839 3479 fa-

275 3529 421 3580 cere,
444 3522 502 3569 et
529 3516 575 3570 ei
607 3517 926 3584 permiserit,
957 3530 1013 3571 ut
1037 3516 1135 3572 hac
1162 3518 1403 3574 libertate
1428 3520 1735 3588 plerumque
1750 3520 1845 3573 ab-

275 3610 548 3670 uteretur,
579 3614 633 3660 et
661 3606 784 3659 mali
830 3616 1138 3674 premerent
1176 3609 1443 3664 meliores.
1478 3607 1658 3664 Genus
1690 3610 1843 3664 metri

275 3705 361 3748 est
385 3695 767 3763 anapaesticum
791 3695 1219 3752 ctPindaricum.
1244 3700 1638 3768 Anapaisticutn
1667 3718 1694 3751 a
1714 3704 1845 3767 pede

275 3784 499 3847 dictum,
521 3785 768 3853 quoniam
794 3786 881 3840 ille
910 3788 982 3841 sit
1008 3788 1058 3842 ei
1081 3802 1176 3857 pes
1203 3788 1471 3857 legitimus
1503 3807 1514 3840 :
1544 3792 1737 3858 recipit
1762 3801 1844 3843 ta-

274 3890 404 3931 men
425 3884 480 3930 et
506 3876 799 3945 spondeum
821 3887 875 3933 et
895 3878 1183 3951 dactylum.
1218 3881 1552 3936 Pindaricum
1566 3898 1595 3936 a
1616 3883 1845 3937 Pindaro

275 3976 498 4023 auctore
519 3968 633 4037 ejus
659 3970 873 4024 dicitur.
927 3972 1063 4027 Dicit
1088 3988 1214 4042 ergo
1239 3991 1251 4026 :
1288 3974 1331 4026 0
1359 3973 1517 4041 Deus,
1537 3976 1623 4042 qui
1644 3976 1697 4028 in
1722 3978 1846 4030 caelo

276 4056 534 4124 habitam,
560 4061 803 4113 convertis
823 4062 954 4115 illud
977 4061 1135 4116 veloci
1165 4080 1337 4131 cursu,
1370 4074 1419 4118 et
1447 4066 1575 4136 facis
1613 4078 1667 4119 ut
1687 4069 1847 4122 stella:

276 4166 473 4221 semper
500 4152 723 4205 ordinem
747 4170 897 4206 suum
917 4165 1109 4209 servent
1130 4196 1148 4222 ,
1196 4166 1242 4211 et
1272 4158 1395 4211 luna
1437 4160 1587 4228 plena
1617 4164 1847 4230 opposita

276 4241 393 4303 soli,
425 4242 615 4313 lumine
638 4261 730 4298 suo
756 4245 1029 4301 abscondat
1046 4250 1264 4318 reliquas
1286 4250 1460 4305 stellas
1483 4268 1502 4305 :
1525 4270 1660 4305 nunc
1684 4255 1850 4308 vicina

280 4346 462 4384 rursus
490 4332 608 4396 soli,
634 4334 809 4403 perdat
833 4336 1002 4389 lumen
1022 4354 1190 4391 suum.
1216 4338 1305 4393 Sic
1326 4340 1450 4409 facis
1482 4342 1631 4395 etiam
1654 4351 1709 4395 ut
1740 4342 1849 4397 He-

279 4435 461 4489 sperus
490 4426 602 4489 jam
638 4433 749 4491 post
776 4426 1084 4480 occidentem
1109 4428 1267 4481 solem
1295 4429 1481 4495 luceat,
1513 4435 1628 4502 jam
1656 4444 1847 4487 mutato

1160 296 1538 353 MURMELLU
1576 296 1662 353 ET
1699 296 2064 355 AGRICOLJE
2099 298 2606 356 COMMENTARIA.

3428 306 3529 361 954

1884 416 1936 475 Α
1962 430 2075 467 nem
2098 415 2186 483 qui
2205 416 2257 468 in
2285 417 2406 469 creto
2436 426 2528 479 est,
2570 416 2723 469 etiam
2751 416 2803 469 in
2825 423 3011 468 terram
3036 417 3195 471 mitte.
3230 416 3524 474 Acntcom.

2031 504 2315 574 Conditor]
2344 506 2589 560 Condere
2617 506 2935 574 quandoque
2961 504 3137 561 facere
3166 508 3445 577 signiﬁcat,
3470 521 3523 563 ut

1960 590 2065 656 ltic,
2090 602 2143 646 et
2176 593 2319 662 Virg.
2350 593 2400 647 itt
2428 594 2644 648 BncoL:

2507 684 2667 734 Pallas
2687 698 2809 747 quas
2830 686 3043 735 condidit
3068 686 3237 748 urbes,

2143 743 2247 806 Ipsa
2270 745 2412 793 colat.

1956 828 2284 897 Quandoque
2313 828 2572 897 signiﬁcat
2596 831 2946 895 abscondere,
2971 831 3048 885 sic
3078 830 3212 885 infra
3236 832 3447 885 dicitur.

2321 917 2504 968 Condat
2527 922 2696 969 stellas
2729 936 2821 971 una
2848 924 3077 971 minores.

1959 1002 2177 1070 Proprie
2198 1018 2327 1057 vero
2363 1002 2621 1071 signiﬁcat
2648 1018 2937 1072 congerere
2967 1012 3057 1057 aut
3085 1003 3361 1072 coll'gere.
3415 1001 3516 1057 llo-

1954 1102 2057 1146 rat.
2085 1095 2135 1146 in
2160 1109 2173 1145 l
2196 1092 2409 1147 Carm.:

2138 1182 2275 1231 illum
2300 1187 2338 1232 si
2366 1187 2560 1246 proprio
2584 1184 2795 1233 condidit
2817 1185 2994 1233 horreo
3018 1200 3027 1230 ε

1951 1275 2004 1319 et
2035 1266 2171 1319 idem
2196 1270 2244 1318 itt
2267 1268 2437 1334 primo
2462 1267 2813 1336 Epistolarum
2848 1284 2860 1319 :

2074 1377 2236 1426 londo
2261 1386 2309 1425 et
2331 1390 2582 1438 compono,
2606 1390 2715 1439 quae
2738 1390 2847 1426 mox
2866 1376 3160 1438 depromere
3184 1376 3376 1438 possim.

1948 1481 2236 1534 AGRICOLA.

2023 1572 2171 1625 Orbis
2201 1573 2219 1642 ]
2252 1572 2520 1627 Diciturid
2542 1574 2679 1643 quod
2710 1574 3046 1643 undiquaque
3087 1574 3370 1627 rotundum
3401 1583 3506 1637 est,

1948 1662 2086 1728 quod
2113 1663 2273 1716 etiam
2302 1663 2515 1730 globum
2547 1665 2794 1717 dicimus.
2836 1664 2987 1719 Unde
3008 1673 3059 1717 et
3095 1664 3350 1718 mundum
3387 1679 3512 1733 pro-

1873 1778 1920 1837 Β
1951 1766 2067 1821 pter
2095 1756 2471 1808 rotunditatem
2496 1756 2681 1809 orbem
2700 1770 2972 1821 vocamus,
2996 1754 3048 1809 id
3075 1764 3158 1809 est
3183 1755 3319 1822 quod
3340 1754 3512 1823 sphin-

1946 1860 2058 1897 ram
2090 1855 2297 1899 vocant.
2336 1847 2623 1900 Acntcout.

2019 1934 2187 1988 Nixus
2212 1934 2229 2004 ]
2253 1935 2306 1988 ld
2328 1946 2409 1989 est
2433 1937 2692 1999 ﬁrmatus,
2726 1938 2806 1991 vel
2828 1938 3100 1991 insiSIens.
3127 1937 3439 2004 Quintilian.
3460 1936 3512 1991 in

1946 2024 2107 2078 Milite
2128 2025 2364 2079 Mariano
2396 2025 2497 2081 :Ut
2524 2028 2681 2079 vitam
2706 2043 2843 2095 genu
2864 2028 3018 2081 nixus
3044 2030 3511 2095 petat.Acntcou\.

2015 2116 2164 2169 Solio
2194 2116 2210 2185 Δ1
2242 2117 2468 2184 Solium,
2497 2121 2639 2188 regia
2666 2120 2819 2174 sella.
2849 2119 3001 2173 Unde
3022 2120 3226 2173 Seneca
3252 2117 3303 2170 in
3329 2117 3419 2170 lib.
3448 2117 3513 2170 de

1944 2206 2374 2275 'l‘ranquillitate,
2390 2208 2690 2277 signiﬁcans
2704 2207 3107 2262 mutabilitatem
3124 2206 3377 2259 fortunae:
3403 2204 3513 2257 Mo-

1944 2307 2206 2362 mentum,
2234 2299 2423 2366 inquit,
2451 2300 2668 2352 interest
2703 2297 3069 2361 intersolium,
3092 2296 3141 2350 id
3167 2308 3250 2351 est
3264 2310 3509 2365 regnum.

1945 2398 1997 2439 ct
2027 2388 2199 2441 aliena
2246 2402 2449 2456 genua,
2492 2388 2541 2442 id
2574 2402 2650 2443 est
2680 2390 3060 2458 captivitatem.
3104 2388 3325 2443 Veteres
3354 2388 3513 2444 etiam

1944 2494 2035 2531 vas
2055 2479 2319 2548 quoddam
2368 2480 2559 2533 solium
2585 2480 2845 2534 vocabant
2891 2480 2941 2533 in
2980 2479 3191 2546 balneo,
3244 2478 3382 2547 quod
3414 2479 3513 2531 im.

1945 2571 2185 2637 plebatur
2210 2587 2367 2641 aqua,
2401 2574 2453 2626 in
2479 2588 2583 2639 quo
2606 2573 2843 2627 lavantes
2872 2564 3145 2638 sedebant,
3175 2581 3230 2627 et
3254 2581 3313 2627 se
3332 2572 3511 2625 ablue~

1916 2663 2090 2716 ~bant.
2121 2663 2412 2719 AGRICOLA.

2015 2752 2206 2806 Cretum
2236 2750 2253 2823 ]
2278 2754 2379 2807 Alii
2408 2753 2558 2823 quasi
2588 2754 2862 2819 caelatum,
2913 2753 2964 2807 id
2992 2762 3074 2806 est
3102 2752 3363 2821 scalptum
3393 2767 3490 2821 pro

1948 2856 2063 2914 pter
2084 2846 2255 2899 varias
2286 2846 2560 2900 stellarum
2611 2845 2660 2897 in
2684 2846 2866 2913 agines
2906 2845 3299 2898 arbitrabantur
3328 2859 3341 2897 :
3375 2842 3511 2898 unde

1947 2947 1998 2990 et
2023 2937 2250 2991 mundus
2277 2939 2342 2990 ab
2374 2946 2561 2990 ornatu
2594 2935 2769 3007 dictus
2789 2935 3033 2989 videtur:
3066 2932 3511 3002 quemadmodum

1944 3026 2081 3094 apud
2107 3024 2322 3081 Graecos
2352 3029 2510 3081 etiam
2541 3027 2749 3096 κόσμος,
2776 3025 2826 3077 id
2860 3033 2943 3077 est
2965 3023 3214 3088 mundus,
3239 3023 3306 3075 ab
3322 3032 3512 3078 ornatu

1946 3117 2138 3171 dicitur
2166 3133 2181 3181 ;
2212 3118 2296 3171 alii
2327 3117 2519 3171 cmlum
2542 3119 2607 3171 ab
2629 3134 2694 3172 eo
2720 3117 2860 3185 quod
2888 3117 3073 3171 Grai‘ce
3102 3117 3295 3171 dicitur
3322 3118 3476 3172 κοῖλον
3494 3158 3509 3179 .

1951 3211 2001 3264 id
2034 3220 2117 3265 est
2147 3224 2356 3263 cavum.
2399 3209 2453 3263 Si
2494 3210 2718 3276 primum
2760 3208 3001 3275 dicatur,
3036 3208 3374 3262 scribendum
3411 3208 3513 3261 erit

1948 3319 2041 3368 per
2072 3318 2116 3354 tl!
2145 3300 2563 3368 diphthongum;
2596 3299 2641 3353 si
2671 3300 3093 3369 setttndum,per
3121 3316 3183 3353 ae.
3220 3299 3350 3352 Nam
3377 3296 3515 3366 quod

1948 3395 2132 3461 vulgus
2166 3392 2288 3446 dicit
2312 3392 2503 3447 etelum
2534 3393 2683 3461 quasi
2722 3406 2897 3446 casam
2952 3393 3087 3451 ἡλίδυ
3108 3434 3123 3456 ,
3157 3392 3208 3445 id
3240 3403 3322 3445 est
3358 3392 3512 3455 solis,

1948 3487 2182 3553 ineptum
2212 3496 2316 3549 est,
2349 3485 2489 3538 sicut
2516 3486 2679 3539 multa
2715 3485 3066 3540 indoctorum.
3096 3483 3384 3539 AGRICOLA.

2018 3576 2243 3629 Turbine
2272 3575 2292 3645 1
2343 3576 2395 3629 Id
2428 3584 2512 3630 est
2543 3579 2739 3644 impetu
2769 3576 2852 3630 vel
2876 3585 3058 3644 raptu,
3089 3590 3118 3628 a
3153 3575 3412 3628 turbando
3434 3573 3515 3625 di-

1948 3669 2102 3722 citur.
2128 3667 2281 3723 Unde
2304 3666 2487 3733 Virgil.
2518 3666 2569 3719 in
2604 3682 2619 3719 l
2649 3666 2864 3719 Aineid.
2896 3684 2907 3717 :

2532 3777 2589 3825 Et
2610 3780 2769 3826 terras
2795 3775 2991 3823 turbine
3015 3774 3240 3833 perﬂant.

1951 3881 2181 3934 Vocatur
2208 3879 2368 3933 etiam
2414 3877 2567 3931 turbo
2588 3918 2601 3936 ,
2648 3877 2789 3942 quod
2835 3876 3005 3930 Grazci
3032 3877 3236 3952 τρόχον
3268 3889 3364 3927 nos
3397 3874 3515 3930 indi

1950 3978 2223 4037 assumpto
2241 3968 2454 4022 nomine
2486 3967 2728 4021 troclium
2772 3981 3026 4019 vocamus
3049 4005 3066 4032 ,
3096 3980 3123 4018 a
3145 3969 3343 4041 τρέχω,
3377 3969 3517 4033 quod

1951 4072 2033 4116 est
2076 4076 2254 4124 curro,
2286 4059 2354 4114 ob
2382 4058 2623 4114 eamdem
2664 4072 2902 4123 causam,
2937 4057 3063 4125 quia
3094 4057 3329 4119 turbine,
3356 4058 3407 4110 id
3437 4067 3520 4111 est

1952 4155 2173 4222 impetu,
2190 4154 2375 4207 currit.
2400 4152 2664 4206 Turbonis
2683 4162 2859 4205 autem
2881 4166 3075 4206 nomen
3106 4162 3220 4206 erat
3247 4151 3519 4220 proprium

1954 4245 2231 4312 cuiusdam
2264 4245 2590 4312 gladiatoris.
2624 4246 2912 4298 Aontcou.

2027 4334 2258 4405 Legem]
2285 4335 2389 4388 Lex
2420 4334 2560 4387 dicta
2591 4346 2672 4387 eat
2702 4348 2729 4386 a
2760 4334 3018 4403 legendo,
3045 4335 3169 4403 quia
3200 4334 3518 4404 prmlegeba-

1955 4439 2039 4481 tur
2061 4428 2126 4481 ad
2154 4426 2436 4495 populum:
2464 4426 2656 4479 deinde
2687 4427 2873 4479 eonsul
2900 4426 3203 4496 interrogab
3242 4436 3297 4489 t,
3318 4427 3518 4481 vellent

279 4512 489 4563 nomine
517 4510 720 4582 Lucifer
761 4514 996 4581 dicatur,
1017 4525 1063 4569 et
1087 4518 1329 4571 orientem
1370 4520 1526 4572 solem
1550 4522 1843 4585 prwcedat:
1878 4506 1931 4566 Ι)
1954 4520 2272 4588 iuberentne
2300 4520 2352 4572 id
2397 4519 2468 4571 ita
2488 4518 2600 4571 ﬁeri
2629 4534 2643 4581 ;
2675 4516 2814 4585 quod
2865 4519 2907 4569 si
2938 4519 3161 4586 populus
3210 4518 3522 4585 aiﬁrmaret,

277 4610 525 4669 praeterea
552 4599 714 4656 hieme
742 4605 909 4657 breves
937 4605 1045 4658 dies
1065 4607 1214 4676 facis,
1246 4616 1418 4660 wstate
1458 4609 1625 4663 breves
1654 4622 1845 4667 noctes.

278 4686 394 4742 Nec
416 4689 580 4742 solum
601 4691 673 4743 vis
696 4699 784 4744 tua
804 4693 981 4746 caelum
1007 4696 1238 4750 ordinem
1261 4706 1427 4749 tenere
1452 4700 1605 4768 cogit,
1630 4701 1721 4753 sed
1748 4711 1850 4755 ter-

278 4796 366 4832 ras
388 4780 539 4833 etiam
567 4781 721 4834 simili
751 4784 947 4837 ratione
976 4786 1126 4856 regit,
1169 4794 1223 4838 ut
1252 4786 1457 4854 frondes
1482 4798 1728 4844 autumno
1762 4792 1851 4845 de-

278 4873 523 4938 cidentes,
555 4889 668 4927 uere
692 4887 1043 4941 renascantur,
1085 4888 1130 4931 et
1154 4894 1267 4947 qua:
1298 4891 1533 4933 seruntur
1563 4883 1743 4946 hieme,
1774 4900 1850 4939 tr:-

278 4972 413 5017 state
437 4972 797 5019 maturescunt.
828 4967 892 5020 At
915 4984 1031 5020 cum
1059 4969 1165 5021 Itwc
1188 4980 1290 5023 tam
1309 4987 1447 5024 certo
1464 4989 1617 5026 cursu
1640 4975 1853 5045 dirigas,

278 5054 397 5107 sola
427 5070 582 5123 opera
605 5056 866 5111 hominum
907 5061 1154 5128 permittis
1180 5077 1371 5115 errare.
1422 5062 1568 5119 Unde
1595 5068 1727 5119 enim
1757 5068 1853 5122 nisi

278 5143 335 5197 id
364 5144 437 5196 ita
455 5154 603 5211 esset,
636 5155 777 5201 tanta
801 5148 872 5202 vis
902 5149 1118 5217 fortuna:
1136 5189 1151 5215 ,
1183 5161 1237 5203 ut
1264 5168 1323 5203 ea
1348 5169 1481 5206 nunc
1509 5156 1729 5221 iniustas
1751 5174 1857 5225 pte-

283 5249 382 5285 nas
408 5233 759 5291 innocentibus
792 5237 1066 5307 inﬂigeret,
1097 5248 1272 5292 contra
1308 5256 1424 5293 vero
1453 5244 1615 5296 malos
1644 5246 1860 5298 extolle-

278 5325 401 5377 ret?
447 5322 739 5397 Negligitur
779 5336 825 5380 et
868 5329 1206 5383 contemnitur
1238 5331 1428 5399 virtus,
1474 5342 1521 5385 et
1563 5346 1855 5402 accusatur,

278 5413 433 5467 malis
458 5423 627 5468 autem
654 5414 792 5468 mala
807 5416 997 5471 scelera
1021 5434 1124 5470 non
1144 5428 1327 5472 nocent
1348 5434 1367 5472 :
1389 5423 1507 5490 quin
1533 5423 1682 5475 etiam
1697 5441 1861 5493 quan-

278 5503 351 5558 do
381 5503 546 5574 placet
566 5510 809 5575 fortunte,
833 5507 1167 5577 potentissimi
1193 5525 1331 5578 reges
1360 5509 1665 5577 subdantur,
1699 5524 1745 5567 et
1762 5532 1855 5584 op-

279 5593 593 5662 primuntur.
628 5592 769 5667 Ergo
804 5597 989 5663 etiam,
1014 5612 1043 5650 ο
1064 5596 1223 5663 Deus,
1246 5614 1362 5668 rege
1391 5600 1541 5652 etiam
1572 5616 1653 5655 res
1685 5606 1854 5658 homi-

278 5698 425 5753 num,
446 5700 562 5755 qua
582 5694 702 5742 sunt
730 5702 854 5754 pars
882 5686 1057 5742 mundi
1085 5703 1184 5741 non
1216 5689 1607 5757 contemnenda,
1633 5701 1681 5745 et
1713 5696 1849 5748 ordi-

1958 4612 2041 4664 lex
2068 4610 2225 4664 liebat
2259 4627 2271 4662 :
2312 4609 2453 4679 quod
2490 4610 2662 4676 ipsum
2692 4609 2735 4661 si
2760 4609 3000 4661 tribunus
3026 4608 3194 4677 plebis
3223 4608 3441 4677 faceret,
3473 4610 3523 4665 id

1956 4717 2167 4771 quoque
2204 4702 2477 4756 decretum
2509 4713 2623 4755 erat
2646 4743 2661 4766 ,
2717 4689 3048 4769 plebiscitum
3098 4703 3370 4756 dicebatur
3398 4720 3411 4755 :
3445 4704 3526 4757 hic

1960 4803 2136 4847 autem
2166 4794 2251 4846 lex
2300 4808 2396 4860 per
2427 4793 2829 4847 translationem
2878 4795 3099 4863 ﬁgurate
3133 4810 3228 4863 pro
3266 4802 3415 4848 certo
3442 4807 3527 4846 ονε

1960 4882 2085 4937 dine
2111 4884 2388 4951 accipitur.
2417 4883 2708 4937 Aontcou.

2037 4972 2198 5025 Plena
2221 4971 2420 5042 cornu]
2473 4974 2524 5025 ld
2553 4984 2634 5026 est
2679 4975 2909 5041 impletis
2953 4975 3241 5039 cornibus,
3291 4976 3430 5043 quod
3478 4976 3529 5029 itt

1965 5062 2259 5130 plenilunio
2292 5064 2368 5130 lit,
2400 5078 2520 5116 cum
2552 5063 2691 5117 enim
2723 5066 2967 5133 opposita
2994 5075 3077 5119 est
3112 5065 3235 5129 soli,
3264 5076 3386 5117 tunc
3412 5079 3530 5132 pars

1965 5153 2081 5219 ejus
2109 5166 2227 5219 quae
2254 5161 2337 5205 Cal.
2358 5152 2425 5205 ad
2457 5167 2553 5206 nos
2576 5168 2753 5219 versa,
2810 5163 2921 5208 tota
2946 5170 2975 5208 a
3023 5154 3137 5208 sole
3182 5155 3531 5208 illuminatur.

1963 5243 2079 5297 Non
2105 5245 2249 5297 enim
2278 5258 2345 5298 ex
2374 5259 2433 5298 se
2463 5244 2582 5297 luna
2613 5260 2642 5297 a
2673 5247 2786 5299 ευΙθ
2817 5246 3075 5299 ἱΙΙυεῑιειει
3098 5286 3111 5307 ,
3146 5240 3325 5297 lumen
3351 5243 3530 5308 habet,

1966 5336 2060 5391 sed
2074 5336 2217 5405 quod
2245 5337 2358 5392 ﬁeri
2373 5338 2634 5406 videmus,
2649 5348 2708 5394 ut
2729 5354 2852 5392 vasa
2867 5340 3027 5407 polita
3054 5348 3329 5408 acceptum
3355 5338 3534 5393 lumen

1968 5425 2255 5481 refundant
2286 5445 2300 5480 :
2333 5429 2410 5483 sic
2443 5429 2563 5483 luna
2593 5444 2623 5483 a
2652 5430 2763 5483 sole
2792 5429 3084 5493 illustrata,
3130 5429 3306 5482 lumen
3337 5426 3533 5482 reddit.

1969 5517 2118 5573 Unde
2146 5535 2266 5574 cum
2295 5536 2480 5576 rursus
2509 5521 2574 5576 ad
2605 5522 2771 5577 solem
2800 5520 3028 5585 accedit,
3058 5529 3233 5589 partes
3263 5535 3467 5573 aversa:
3505 5535 3534 5573 a

1967 5608 2119 5663 nobis
2149 5610 2418 5678 accipiunt
2467 5612 2644 5667 lumen
2666 5653 2681 5677 ,
2719 5610 2858 5680 quod
2892 5619 3107 5680 propter
3156 5609 3534 5663 romnditatem

1963 5700 2077 5761 ejus
2110 5701 2361 5756 paulatim
2376 5703 2581 5757 videtur
2597 5702 2871 5765 extenuari
2904 5702 2956 5757 in
2986 5716 3206 5757 cornua.
3239 5703 3511 5756 Asntcou
