  <div class='ocr_page' id='page_1' title='image "/cluster/home/n/w/nwhite01/storage/ocr_20150623/63/hvd.32044015469307/471.png"; bbox 0 0 4010 6372; ppageno 0'>
   <div class='ocr_carea' id='block_1_1' title="bbox 536 275 2152 404">
    <p class='ocr_par' dir='ltr' id='par_1_1' title="bbox 536 306 2148 404">
     <span class='ocr_line' id='line_1_1' title="bbox 536 306 2148 404; baseline -0.028 1"><span class='ocrx_word' id='word_1_1' title='bbox 536 352 600 404; x_wconf 73' lang='lat'><strong>35</strong></span> <span class='ocrx_word' id='word_1_2' title='bbox 1139 325 1476 388; x_wconf 75' lang='lat' dir='ltr'><strong>APPENDIX</strong></span> <span class='ocrx_word' id='word_1_3' title='bbox 1519 324 1610 381; x_wconf 81' lang='lat' dir='ltr'><strong>AD</strong></span> <span class='ocrx_word' id='word_1_4' title='bbox 1651 315 1896 374; x_wconf 73' lang='lat' dir='ltr'><strong>LIBROS</strong></span> <span class='ocrx_word' id='word_1_5' title='bbox 1935 311 2022 366; x_wconf 82' lang='lat' dir='ltr'><strong>DE</strong></span> <span class='ocrx_word' id='word_1_6' title='bbox 2059 306 2148 362; x_wconf 92' lang='lat' dir='ltr'><strong>C0</strong></span> 
     </span>
    </p>
   </div>
   <div class='ocr_carea' id='block_1_2' title="bbox 2227 275 3752 404">
    <p class='ocr_par' dir='ltr' id='par_1_2' title="bbox 2227 275 3752 361">
     <span class='ocr_line' id='line_1_2' title="bbox 2227 275 3752 361; baseline -0.018 0"><span class='ocrx_word' id='word_1_7' title='bbox 2227 299 2584 361; x_wconf 75' lang='lat' dir='ltr'><strong>iOLATIONE</strong></span> <span class='ocrx_word' id='word_1_8' title='bbox 2622 289 3116 358; x_wconf 60' lang='lat' dir='ltr'><strong>PHILOSOPIIIE.</strong></span> <span class='ocrx_word' id='word_1_9' title='bbox 3649 275 3752 334; x_wconf 68' lang='lat'><strong>935</strong></span> 
     </span>
    </p>
   </div>
   <div class='ocr_carea' id='block_1_3' title="bbox 574 391 3754 520">
    <p class='ocr_par' dir='ltr' id='par_1_3' title="bbox 574 391 3754 520">
     <span class='ocr_line' id='line_1_3' title="bbox 574 391 3754 520; baseline -0.024 -2"><span class='ocrx_word' id='word_1_10' title='bbox 574 461 821 519; x_wconf 78' lang='lat' dir='ltr'><strong>Flaminis</strong></span> <span class='ocrx_word' id='word_1_11' title='bbox 847 457 867 510; x_wconf 82' lang='lat' dir='ltr'><strong>l</strong></span> <span class='ocrx_word' id='word_1_12' title='bbox 889 459 926 510; x_wconf 76' lang='grc' dir='ltr'>Α</span> <span class='ocrx_word' id='word_1_13' title='bbox 958 455 1139 520; x_wconf 64' lang='lat' dir='ltr'><strong>ﬂagro,</strong></span> <span class='ocrx_word' id='word_1_14' title='bbox 1162 449 1214 502; x_wconf 85' lang='lat' dir='ltr'><strong>id</strong></span> <span class='ocrx_word' id='word_1_15' title='bbox 1242 454 1326 501; x_wconf 89' lang='lat' dir='ltr'><strong>est</strong></span> <span class='ocrx_word' id='word_1_16' title='bbox 1354 443 1516 497; x_wconf 85' lang='lat' dir='ltr'><strong>ardeo</strong></span> <span class='ocrx_word' id='word_1_17' title='bbox 1540 439 1682 492; x_wconf 87' lang='lat' dir='ltr'><strong>dicta</strong></span> <span class='ocrx_word' id='word_1_18' title='bbox 1717 441 1800 488; x_wconf 86' lang='grc' dir='ltr'><strong>εει</strong></span> <span class='ocrx_word' id='word_1_19' title='bbox 1830 430 2064 484; x_wconf 82' lang='lat' dir='ltr'><strong>ﬂamma.</strong></span> <span class='ocrx_word' id='word_1_20' title='bbox 2099 425 2151 482; x_wconf 75' lang='grc' dir='ltr'><strong>Α</strong></span> <span class='ocrx_word' id='word_1_21' title='bbox 2175 421 2296 474; x_wconf 87' lang='lat' dir='ltr'><strong>dine</strong></span> <span class='ocrx_word' id='word_1_22' title='bbox 2328 417 2545 473; x_wconf 89' lang='lat' dir='ltr'><strong>luminis</strong></span> <span class='ocrx_word' id='word_1_23' title='bbox 2573 415 2655 469; x_wconf 92' lang='lat' dir='ltr'><strong>sui</strong></span> <span class='ocrx_word' id='word_1_24' title='bbox 2683 411 2878 467; x_wconf 86' lang='lat' dir='ltr'><strong>occulit</strong></span> <span class='ocrx_word' id='word_1_25' title='bbox 2916 405 3042 460; x_wconf 90' lang='lat' dir='ltr'><strong>illud</strong></span> <span class='ocrx_word' id='word_1_26' title='bbox 3063 445 3075 467; x_wconf 88' lang='lat'><strong><em>,</em></strong></span> <span class='ocrx_word' id='word_1_27' title='bbox 3103 416 3170 456; x_wconf 91' lang='lat' dir='ltr'><strong>ne</strong></span> <span class='ocrx_word' id='word_1_28' title='bbox 3194 405 3360 467; x_wconf 75' lang='lat' dir='ltr'><strong>possd</strong></span> <span class='ocrx_word' id='word_1_29' title='bbox 3383 391 3591 455; x_wconf 79' lang='lat' dir='ltr'><strong>videri.</strong></span> <span class='ocrx_word' id='word_1_30' title='bbox 3623 391 3754 445; x_wconf 83' lang='lat' dir='ltr'><strong>dici-</strong></span> 
     </span>
     <span class='ocr_line' id='line_1_4' title="bbox 2714 487 3753 520; baseline -0.011 11"><span class='ocrx_word' id='word_1_31' title='bbox 2714 507 2724 520; x_wconf 90' lang='lat'><strong>-</strong></span> <span class='ocrx_word' id='word_1_32' title='bbox 2817 519 2825 520; x_wconf 43' lang='grc' dir='ltr'><em>κ</em></span> <span class='ocrx_word' id='word_1_33' title='bbox 2858 502 2938 520; x_wconf 65' lang='lat'><strong>1-2-</strong></span> <span class='ocrx_word' id='word_1_34' title='bbox 2977 514 3086 520; x_wconf 66' lang='grc' dir='ltr'><strong>η--</strong></span> <span class='ocrx_word' id='word_1_35' title='bbox 3150 493 3337 520; x_wconf 70' lang='grc' dir='ltr'><strong>.ι,.;..ιιη</strong></span> <span class='ocrx_word' id='word_1_36' title='bbox 3370 499 3650 520; x_wconf 70' lang='lat' dir='ltr'><strong>nnclnnnnl</strong></span> <span class='ocrx_word' id='word_1_37' title='bbox 3677 487 3753 520; x_wconf 69' lang='grc' dir='ltr'>εηι</span> 
     </span>
    </p>
   </div>
   <div class='ocr_carea' id='block_1_4' title="bbox 2185 487 3755 582">
    <p class='ocr_par' dir='ltr' id='par_1_4' title="bbox 2185 487 3755 582">
     <span class='ocr_line' id='line_1_5' title="bbox 2185 487 3755 582; baseline -0.018 -15"><span class='ocrx_word' id='word_1_38' title='bbox 2185 523 2375 582; x_wconf 90' lang='lat' dir='ltr'><strong>tnrque</strong></span> <span class='ocrx_word' id='word_1_39' title='bbox 2403 521 2606 565; x_wconf 90' lang='lat' dir='ltr'><strong>astrum</strong></span> <span class='ocrx_word' id='word_1_40' title='bbox 2647 507 2744 561; x_wconf 92' lang='lat' dir='ltr'><strong>suh</strong></span> <span class='ocrx_word' id='word_1_41' title='bbox 2783 502 2941 558; x_wconf 84' lang='lat' dir='ltr'><strong>radiis</strong></span> <span class='ocrx_word' id='word_1_42' title='bbox 2971 514 3120 560; x_wconf 78' lang='lat' dir='ltr'><strong>esse,</strong></span> <span class='ocrx_word' id='word_1_43' title='bbox 3147 493 3338 548; x_wconf 88' lang='lat' dir='ltr'><strong>deinde</strong></span> <span class='ocrx_word' id='word_1_44' title='bbox 3370 499 3650 558; x_wconf 87' lang='lat' dir='ltr'><strong>postquam</strong></span> <span class='ocrx_word' id='word_1_45' title='bbox 3677 487 3755 538; x_wconf 89' lang='lat' dir='ltr'><strong>sol</strong></span> 
     </span>
    </p>
   </div>
   <div class='ocr_carea' id='block_1_5' title="bbox 2185 579 3759 678">
    <p class='ocr_par' dir='ltr' id='par_1_5' title="bbox 2185 579 3759 678">
     <span class='ocr_line' id='line_1_6' title="bbox 2185 579 3759 678; baseline -0.021 -18"><span class='ocrx_word' id='word_1_46' title='bbox 2185 619 2500 678; x_wconf 81' lang='lat' dir='ltr'><strong>progressus</strong></span> <span class='ocrx_word' id='word_1_47' title='bbox 2529 612 2611 656; x_wconf 90' lang='lat' dir='ltr'><strong>est</strong></span> <span class='ocrx_word' id='word_1_48' title='bbox 2644 600 2776 654; x_wconf 89' lang='lat' dir='ltr'><strong>ultra</strong></span> <span class='ocrx_word' id='word_1_49' title='bbox 2802 592 3104 666; x_wconf 80' lang='lat' dir='ltr'><strong>quindecim</strong></span> <span class='ocrx_word' id='word_1_50' title='bbox 3135 595 3247 648; x_wconf 89' lang='lat' dir='ltr'><strong>aut,</strong></span> <span class='ocrx_word' id='word_1_51' title='bbox 3279 593 3337 638; x_wconf 90' lang='lat' dir='ltr'><strong>ut</strong></span> <span class='ocrx_word' id='word_1_52' title='bbox 3365 581 3538 635; x_wconf 82' lang='lat' dir='ltr'><strong>Plinio</strong></span> <span class='ocrx_word' id='word_1_53' title='bbox 3568 579 3759 647; x_wconf 68' lang='lat' dir='ltr'><strong>piaret,</strong></span> 
     </span>
    </p>
   </div>
   <div class='ocr_carea' id='block_1_6' title="bbox 2185 668 3752 761">
    <p class='ocr_par' dir='ltr' id='par_1_6' title="bbox 2185 668 3752 761">
     <span class='ocr_line' id='line_1_7' title="bbox 2185 668 3752 761; baseline -0.022 -9"><span class='ocrx_word' id='word_1_54' title='bbox 2185 697 2432 752; x_wconf 79' lang='lat' dir='ltr'><strong>undet-im</strong></span> <span class='ocrx_word' id='word_1_55' title='bbox 2488 691 2723 761; x_wconf 80' lang='lat' dir='ltr'><strong>gradus,</strong></span> <span class='ocrx_word' id='word_1_56' title='bbox 2759 699 2883 741; x_wconf 85' lang='lat' dir='ltr'><strong>tunc</strong></span> <span class='ocrx_word' id='word_1_57' title='bbox 2935 683 3122 749; x_wconf 96' lang='lat' dir='ltr'><strong>incipit</strong></span> <span class='ocrx_word' id='word_1_58' title='bbox 3165 689 3440 744; x_wconf 66' lang='lat' dir='ltr'><strong>emergere</strong></span> <span class='ocrx_word' id='word_1_59' title='bbox 3486 686 3518 725; x_wconf 82' lang='grc' dir='ltr'><strong>ε</strong></span> <span class='ocrx_word' id='word_1_60' title='bbox 3588 668 3752 723; x_wconf 86' lang='lat' dir='ltr'><strong>radiis</strong></span> 
     </span>
    </p>
   </div>
   <div class='ocr_carea' id='block_1_7' title="bbox 2189 763 3760 853">
    <p class='ocr_par' dir='ltr' id='par_1_7' title="bbox 2189 763 3760 853">
     <span class='ocr_line' id='line_1_8' title="bbox 2189 763 3760 853; baseline -0.022 -8"><span class='ocrx_word' id='word_1_61' title='bbox 2189 801 2391 845; x_wconf 86' lang='lat' dir='ltr'><strong>astrum</strong></span> <span class='ocrx_word' id='word_1_62' title='bbox 2414 797 2467 840; x_wconf 90' lang='lat' dir='ltr'><strong>et</strong></span> <span class='ocrx_word' id='word_1_63' title='bbox 2489 797 2748 853; x_wconf 79' lang='lat' dir='ltr'><strong>apparere</strong></span> <span class='ocrx_word' id='word_1_64' title='bbox 2780 794 2933 833; x_wconf 89' lang='lat' dir='ltr'><strong>mane</strong></span> <span class='ocrx_word' id='word_1_65' title='bbox 2957 783 3080 827; x_wconf 88' lang='lat' dir='ltr'><strong>ante</strong></span> <span class='ocrx_word' id='word_1_66' title='bbox 3109 772 3367 824; x_wconf 87' lang='lat' dir='ltr'><strong>orientem</strong></span> <span class='ocrx_word' id='word_1_67' title='bbox 3388 766 3585 824; x_wconf 85' lang='lat' dir='ltr'><strong>solent,</strong></span> <span class='ocrx_word' id='word_1_68' title='bbox 3613 763 3760 826; x_wconf 81' lang='lat' dir='ltr'><strong>isque</strong></span> 
     </span>
    </p>
   </div>
   <div class='ocr_carea' id='block_1_8' title="bbox 505 568 793 613">
    <p class='ocr_par' dir='ltr' id='par_1_8' title="bbox 505 568 793 613">
     <span class='ocr_line' id='line_1_9' title="bbox 505 568 793 613; baseline -0.031 0"><span class='ocrx_word' id='word_1_69' title='bbox 505 568 793 613; x_wconf 72' lang='lat' dir='ltr'><strong>AGRICOLA.</strong></span> 
     </span>
    </p>
   </div>
   <div class='ocr_carea' id='block_1_9' title="bbox 583 615 2077 710">
    <p class='ocr_par' dir='ltr' id='par_1_9' title="bbox 583 615 2077 710">
     <span class='ocr_line' id='line_1_10' title="bbox 583 615 2077 710; baseline -0.027 -11"><span class='ocrx_word' id='word_1_70' title='bbox 583 637 816 710; x_wconf 75' lang='lat' dir='ltr'><strong>Fratris]</strong></span> <span class='ocrx_word' id='word_1_71' title='bbox 855 638 909 690; x_wconf 91' lang='lat' dir='ltr'><strong>ld</strong></span> <span class='ocrx_word' id='word_1_72' title='bbox 941 646 1050 694; x_wconf 90' lang='lat' dir='ltr'><strong>est,</strong></span> <span class='ocrx_word' id='word_1_73' title='bbox 1083 631 1230 692; x_wconf 77' lang='lat' dir='ltr'><strong>solis.</strong></span> <span class='ocrx_word' id='word_1_74' title='bbox 1253 626 1468 681; x_wconf 72' lang='lat' dir='ltr'><strong>Fabula:</strong></span> <span class='ocrx_word' id='word_1_75' title='bbox 1496 621 1638 676; x_wconf 91' lang='lat' dir='ltr'><strong>enim</strong></span> <span class='ocrx_word' id='word_1_76' title='bbox 1670 616 1888 672; x_wconf 80' lang='lat' dir='ltr'><strong>tradunt</strong></span> <span class='ocrx_word' id='word_1_77' title='bbox 1920 615 2077 664; x_wconf 85' lang='lat' dir='ltr'><strong>Lato-</strong></span> 
     </span>
    </p>
   </div>
   <div class='ocr_carea' id='block_1_10' title="bbox 508 703 2076 792">
    <p class='ocr_par' dir='ltr' id='par_1_10' title="bbox 508 703 2076 792">
     <span class='ocr_line' id='line_1_11' title="bbox 508 703 2076 792; baseline -0.026 0"><span class='ocrx_word' id='word_1_78' title='bbox 508 753 629 792; x_wconf 90' lang='lat' dir='ltr'><strong>nam</strong></span> <span class='ocrx_word' id='word_1_79' title='bbox 657 734 805 787; x_wconf 85' lang='lat' dir='ltr'><strong>.lovis</strong></span> <span class='ocrx_word' id='word_1_80' title='bbox 847 724 1130 782; x_wconf 88' lang='lat' dir='ltr'><strong>concuhitu</strong></span> <span class='ocrx_word' id='word_1_81' title='bbox 1176 727 1528 790; x_wconf 82' lang='lat' dir='ltr'><strong>pr.rgnatam,</strong></span> <span class='ocrx_word' id='word_1_82' title='bbox 1570 709 1853 772; x_wconf 68' lang='lat' dir='ltr'><strong>Phoebum,</strong></span> <span class='ocrx_word' id='word_1_83' title='bbox 1909 703 1958 756; x_wconf 91' lang='lat' dir='ltr'><strong>id</strong></span> <span class='ocrx_word' id='word_1_84' title='bbox 1997 711 2076 755; x_wconf 87' lang='lat' dir='ltr'><strong>est</strong></span> 
     </span>
    </p>
   </div>
   <div class='ocr_carea' id='block_1_11' title="bbox 512 796 2078 895">
    <p class='ocr_par' dir='ltr' id='par_1_11' title="bbox 512 796 2078 895">
     <span class='ocr_line' id='line_1_12' title="bbox 512 796 2078 895; baseline -0.024 -12"><span class='ocrx_word' id='word_1_85' title='bbox 512 829 676 883; x_wconf 84' lang='lat' dir='ltr'><strong>solent</strong></span> <span class='ocrx_word' id='word_1_86' title='bbox 707 839 734 876; x_wconf 91' lang='lat' dir='ltr'><strong>a</strong></span> <span class='ocrx_word' id='word_1_87' title='bbox 770 822 980 895; x_wconf 79' lang='grc' dir='ltr'><strong>φοιϐἐω,</strong></span> <span class='ocrx_word' id='word_1_88' title='bbox 1013 817 1064 871; x_wconf 90' lang='lat' dir='ltr'><strong>id</strong></span> <span class='ocrx_word' id='word_1_89' title='bbox 1095 823 1176 869; x_wconf 88' lang='lat' dir='ltr'><strong>est</strong></span> <span class='ocrx_word' id='word_1_90' title='bbox 1204 812 1396 874; x_wconf 90' lang='lat' dir='ltr'><strong>ardeo,</strong></span> <span class='ocrx_word' id='word_1_91' title='bbox 1428 815 1483 861; x_wconf 86' lang='lat' dir='ltr'><strong>et</strong></span> <span class='ocrx_word' id='word_1_92' title='bbox 1514 805 1728 858; x_wconf 81' lang='lat' dir='ltr'><strong>Dianam</strong></span> <span class='ocrx_word' id='word_1_93' title='bbox 1759 796 2078 868; x_wconf 88' lang='lat' dir='ltr'><strong>perperisse.</strong></span> 
     </span>
    </p>
   </div>
   <div class='ocr_carea' id='block_1_12' title="bbox 514 922 810 978">
    <p class='ocr_par' dir='ltr' id='par_1_12' title="bbox 514 922 810 978">
     <span class='ocr_line' id='line_1_13' title="bbox 514 922 810 978; baseline -0.034 0"><span class='ocrx_word' id='word_1_94' title='bbox 514 922 810 978; x_wconf 71' lang='lat' dir='ltr'><strong>Acntcou.</strong></span> 
     </span>
    </p>
   </div>
   <div class='ocr_carea' id='block_1_13' title="bbox 588 979 2086 1075">
    <p class='ocr_par' dir='ltr' id='par_1_13' title="bbox 588 979 2086 1075">
     <span class='ocr_line' id='line_1_14' title="bbox 588 979 2086 1075; baseline -0.023 -13"><span class='ocrx_word' id='word_1_95' title='bbox 588 1009 738 1062; x_wconf 84' lang='lat' dir='ltr'><strong>Luna</strong></span> <span class='ocrx_word' id='word_1_96' title='bbox 769 1004 786 1075; x_wconf 75' lang='lat' dir='ltr'>J</span> <span class='ocrx_word' id='word_1_97' title='bbox 815 1005 857 1058; x_wconf 78' lang='grc' dir='ltr'><strong>Α</strong></span> <span class='ocrx_word' id='word_1_98' title='bbox 887 999 1113 1056; x_wconf 90' lang='lat' dir='ltr'><strong>lucendo</strong></span> <span class='ocrx_word' id='word_1_99' title='bbox 1140 996 1280 1051; x_wconf 88' lang='lat' dir='ltr'><strong>dicta</strong></span> <span class='ocrx_word' id='word_1_100' title='bbox 1312 993 1538 1047; x_wconf 84' lang='lat' dir='ltr'><strong>videtur.</strong></span> <span class='ocrx_word' id='word_1_101' title='bbox 1570 984 1710 1055; x_wconf 89' lang='lat' dir='ltr'><strong>quod</strong></span> <span class='ocrx_word' id='word_1_102' title='bbox 1744 983 1881 1037; x_wconf 87' lang='lat' dir='ltr'><strong>inter</strong></span> <span class='ocrx_word' id='word_1_103' title='bbox 1911 979 2086 1032; x_wconf 81' lang='lat' dir='ltr'><strong>sidera</strong></span> 
     </span>
    </p>
   </div>
   <div class='ocr_carea' id='block_1_14' title="bbox 520 1073 2093 1158">
    <p class='ocr_par' dir='ltr' id='par_1_14' title="bbox 520 1073 2093 1158">
     <span class='ocr_line' id='line_1_15' title="bbox 520 1073 2093 1158; baseline -0.025 0"><span class='ocrx_word' id='word_1_104' title='bbox 520 1105 694 1158; x_wconf 86' lang='lat' dir='ltr'><strong>luceat</strong></span> <span class='ocrx_word' id='word_1_105' title='bbox 723 1118 736 1153; x_wconf 90' lang='lat'><strong>:</strong></span> <span class='ocrx_word' id='word_1_106' title='bbox 765 1100 898 1151; x_wconf 80' lang='lat' dir='ltr'><strong>sicut</strong></span> <span class='ocrx_word' id='word_1_107' title='bbox 931 1096 1119 1155; x_wconf 86' lang='lat' dir='ltr'><strong>solem,</strong></span> <span class='ocrx_word' id='word_1_108' title='bbox 1163 1087 1298 1157; x_wconf 92' lang='lat' dir='ltr'><strong>quod</strong></span> <span class='ocrx_word' id='word_1_109' title='bbox 1332 1086 1479 1139; x_wconf 78' lang='lat' dir='ltr'><strong>Solus</strong></span> <span class='ocrx_word' id='word_1_110' title='bbox 1509 1082 1704 1140; x_wconf 82' lang='lat' dir='ltr'><strong>luceat,</strong></span> <span class='ocrx_word' id='word_1_111' title='bbox 1738 1088 1790 1130; x_wconf 90' lang='lat' dir='ltr'><strong>et</strong></span> <span class='ocrx_word' id='word_1_112' title='bbox 1815 1073 1993 1128; x_wconf 84' lang='lat' dir='ltr'><strong>omnia</strong></span> <span class='ocrx_word' id='word_1_113' title='bbox 2019 1073 2093 1123; x_wconf 90' lang='lat' dir='ltr'><strong>si-</strong></span> 
     </span>
    </p>
   </div>
   <div class='ocr_carea' id='block_1_15' title="bbox 523 1168 2093 1247">
    <p class='ocr_par' dir='ltr' id='par_1_15' title="bbox 523 1168 2093 1247">
     <span class='ocr_line' id='line_1_16' title="bbox 523 1168 2093 1247; baseline -0.022 1"><span class='ocrx_word' id='word_1_114' title='bbox 523 1193 648 1247; x_wconf 90' lang='lat' dir='ltr'><strong>dera</strong></span> <span class='ocrx_word' id='word_1_115' title='bbox 682 1175 1529 1240; x_wconf 77' lang='lat' dir='ltr'><strong>Inminesnoahseondat,dictnm</strong></span> <span class='ocrx_word' id='word_1_116' title='bbox 1556 1172 1757 1223; x_wconf 80' lang='lat' dir='ltr'><strong>volunt.</strong></span> <span class='ocrx_word' id='word_1_117' title='bbox 1799 1168 2093 1218; x_wconf 76' lang='lat' dir='ltr'><strong>Acntcout.</strong></span> 
     </span>
    </p>
   </div>
   <div class='ocr_carea' id='block_1_16' title="bbox 599 1253 2100 1346">
    <p class='ocr_par' dir='ltr' id='par_1_16' title="bbox 599 1253 2100 1346">
     <span class='ocr_line' id='line_1_17' title="bbox 599 1253 2100 1346; baseline -0.019 -13"><span class='ocrx_word' id='word_1_118' title='bbox 599 1281 813 1334; x_wconf 83' lang='lat' dir='ltr'><strong>Lumina</strong></span> <span class='ocrx_word' id='word_1_119' title='bbox 841 1277 1016 1346; x_wconf 84' lang='lat' dir='ltr'><strong>perdat</strong></span> <span class='ocrx_word' id='word_1_120' title='bbox 1040 1275 1057 1343; x_wconf 86' lang='lat'><strong>]</strong></span> <span class='ocrx_word' id='word_1_121' title='bbox 1090 1271 1196 1322; x_wconf 86' lang='lat' dir='ltr'><strong>lloc</strong></span> <span class='ocrx_word' id='word_1_122' title='bbox 1227 1267 1291 1321; x_wconf 87' lang='lat' dir='ltr'><strong>ad</strong></span> <span class='ocrx_word' id='word_1_123' title='bbox 1317 1275 1555 1318; x_wconf 82' lang='lat' dir='ltr'><strong>nostrum</strong></span> <span class='ocrx_word' id='word_1_124' title='bbox 1581 1266 1926 1325; x_wconf 76' lang='lat' dir='ltr'><strong>conSpectum</strong></span> <span class='ocrx_word' id='word_1_125' title='bbox 1961 1253 2100 1306; x_wconf 63' lang='lat' dir='ltr'><strong>ride-</strong></span> 
     </span>
    </p>
   </div>
   <div class='ocr_carea' id='block_1_17' title="bbox 530 1346 2101 1437">
    <p class='ocr_par' dir='ltr' id='par_1_17' title="bbox 530 1346 2101 1437">
     <span class='ocr_line' id='line_1_18' title="bbox 530 1346 2101 1437; baseline -0.02 -9"><span class='ocrx_word' id='word_1_126' title='bbox 530 1385 638 1437; x_wconf 84' lang='lat' dir='ltr'><strong>tur,</strong></span> <span class='ocrx_word' id='word_1_127' title='bbox 673 1387 792 1426; x_wconf 92' lang='lat' dir='ltr'><strong>cum</strong></span> <span class='ocrx_word' id='word_1_128' title='bbox 818 1381 1082 1434; x_wconf 89' lang='lat' dir='ltr'><strong>nunquam</strong></span> <span class='ocrx_word' id='word_1_129' title='bbox 1114 1363 1181 1417; x_wconf 89' lang='lat' dir='ltr'><strong>sit</strong></span> <span class='ocrx_word' id='word_1_130' title='bbox 1210 1359 1375 1428; x_wconf 81' lang='lat' dir='ltr'><strong>magis</strong></span> <span class='ocrx_word' id='word_1_131' title='bbox 1408 1356 1702 1408; x_wconf 89' lang='lat' dir='ltr'><strong>illuminata</strong></span> <span class='ocrx_word' id='word_1_132' title='bbox 1735 1352 1877 1411; x_wconf 89' lang='lat' dir='ltr'><strong>luna,</strong></span> <span class='ocrx_word' id='word_1_133' title='bbox 1909 1355 2001 1399; x_wconf 88' lang='lat' dir='ltr'><strong>aot</strong></span> <span class='ocrx_word' id='word_1_134' title='bbox 2029 1346 2101 1397; x_wconf 86' lang='lat' dir='ltr'><strong>la-</strong></span> 
     </span>
    </p>
   </div>
   <div class='ocr_carea' id='block_1_18' title="bbox 533 1442 2100 1526">
    <p class='ocr_par' dir='ltr' id='par_1_18' title="bbox 533 1442 2100 1526">
     <span class='ocr_line' id='line_1_19' title="bbox 533 1442 2100 1526; baseline -0.019 -7"><span class='ocrx_word' id='word_1_135' title='bbox 533 1466 639 1519; x_wconf 84' lang='lat' dir='ltr'><strong>tius</strong></span> <span class='ocrx_word' id='word_1_136' title='bbox 666 1461 887 1526; x_wconf 81' lang='lat' dir='ltr'><strong>accipiat</strong></span> <span class='ocrx_word' id='word_1_137' title='bbox 911 1460 1118 1521; x_wconf 84' lang='lat' dir='ltr'><strong>lumen,</strong></span> <span class='ocrx_word' id='word_1_138' title='bbox 1149 1469 1307 1522; x_wconf 87' lang='lat' dir='ltr'><strong>qttam</strong></span> <span class='ocrx_word' id='word_1_139' title='bbox 1335 1448 1554 1518; x_wconf 79' lang='lat' dir='ltr'><strong>quando</strong></span> <span class='ocrx_word' id='word_1_140' title='bbox 1586 1445 1682 1497; x_wconf 84' lang='lat' dir='ltr'><strong>soli</strong></span> <span class='ocrx_word' id='word_1_141' title='bbox 1718 1442 1956 1511; x_wconf 83' lang='lat' dir='ltr'><strong>proxima</strong></span> <span class='ocrx_word' id='word_1_142' title='bbox 1990 1447 2100 1492; x_wconf 76' lang='lat' dir='ltr'><strong>est:</strong></span> 
     </span>
    </p>
   </div>
   <div class='ocr_carea' id='block_1_19' title="bbox 537 1533 2110 1626">
    <p class='ocr_par' dir='ltr' id='par_1_19' title="bbox 537 1533 2110 1626">
     <span class='ocr_line' id='line_1_20' title="bbox 537 1533 2110 1626; baseline -0.018 -18"><span class='ocrx_word' id='word_1_143' title='bbox 537 1557 674 1626; x_wconf 88' lang='lat' dir='ltr'><strong>quod</strong></span> <span class='ocrx_word' id='word_1_144' title='bbox 707 1555 926 1608; x_wconf 80' lang='lat' dir='ltr'><strong>enimex</strong></span> <span class='ocrx_word' id='word_1_145' title='bbox 957 1545 1323 1602; x_wconf 71' lang='lat' dir='ltr'><strong>mathematica</strong></span> <span class='ocrx_word' id='word_1_146' title='bbox 1348 1543 1553 1594; x_wconf 77' lang='lat' dir='ltr'><strong>ratione</strong></span> <span class='ocrx_word' id='word_1_147' title='bbox 1583 1539 1783 1590; x_wconf 89' lang='lat' dir='ltr'><strong>clarum</strong></span> <span class='ocrx_word' id='word_1_148' title='bbox 1810 1541 1911 1594; x_wconf 83' lang='lat' dir='ltr'><strong>est,</strong></span> <span class='ocrx_word' id='word_1_149' title='bbox 1934 1533 2110 1585; x_wconf 87' lang='lat' dir='ltr'><strong>minus</strong></span> 
     </span>
    </p>
   </div>
   <div class='ocr_carea' id='block_1_20' title="bbox 542 1628 2110 1709">
    <p class='ocr_par' dir='ltr' id='par_1_20' title="bbox 542 1628 2110 1709">
     <span class='ocr_line' id='line_1_21' title="bbox 542 1628 2110 1709; baseline -0.019 -8"><span class='ocrx_word' id='word_1_150' title='bbox 542 1647 858 1702; x_wconf 88' lang='lat' dir='ltr'><strong>luminosnm</strong></span> <span class='ocrx_word' id='word_1_151' title='bbox 873 1656 1063 1709; x_wconf 87' lang='lat' dir='ltr'><strong>corpus</strong></span> <span class='ocrx_word' id='word_1_152' title='bbox 1082 1635 1266 1704; x_wconf 88' lang='lat' dir='ltr'><strong>majori</strong></span> <span class='ocrx_word' id='word_1_153' title='bbox 1293 1628 1889 1686; x_wconf 73' lang='lat' dir='ltr'><strong>luminosoadhibltum,</strong></span> <span class='ocrx_word' id='word_1_154' title='bbox 1911 1631 2110 1690; x_wconf 88' lang='lat' dir='ltr'><strong>quanto</strong></span> 
     </span>
    </p>
   </div>
   <div class='ocr_carea' id='block_1_21' title="bbox 542 1715 2107 1808">
    <p class='ocr_par' dir='ltr' id='par_1_21' title="bbox 542 1715 2107 1808">
     <span class='ocr_line' id='line_1_22' title="bbox 542 1715 2107 1808; baseline -0.02 -12"><span class='ocrx_word' id='word_1_155' title='bbox 542 1743 606 1796; x_wconf 86' lang='lat' dir='ltr'><strong>ad</strong></span> <span class='ocrx_word' id='word_1_156' title='bbox 650 1744 697 1794; x_wconf 90' lang='lat' dir='ltr'><strong>id</strong></span> <span class='ocrx_word' id='word_1_157' title='bbox 731 1738 945 1808; x_wconf 89' lang='lat' dir='ltr'><strong>pr0pins</strong></span> <span class='ocrx_word' id='word_1_158' title='bbox 977 1732 1202 1792; x_wconf 84' lang='lat' dir='ltr'><strong>accedit,</strong></span> <span class='ocrx_word' id='word_1_159' title='bbox 1245 1736 1392 1781; x_wconf 90' lang='lat' dir='ltr'><strong>tanto</strong></span> <span class='ocrx_word' id='word_1_160' title='bbox 1424 1725 1602 1794; x_wconf 85' lang='lat' dir='ltr'><strong>plures</strong></span> <span class='ocrx_word' id='word_1_161' title='bbox 1630 1721 1747 1789; x_wconf 83' lang='lat' dir='ltr'><strong>ejus</strong></span> <span class='ocrx_word' id='word_1_162' title='bbox 1781 1727 1960 1788; x_wconf 87' lang='lat' dir='ltr'><strong>partes</strong></span> <span class='ocrx_word' id='word_1_163' title='bbox 1992 1715 2107 1767; x_wconf 91' lang='lat' dir='ltr'><strong>illu-</strong></span> 
     </span>
    </p>
   </div>
   <div class='ocr_carea' id='block_1_22' title="bbox 544 1834 1154 1892">
    <p class='ocr_par' dir='ltr' id='par_1_22' title="bbox 544 1834 1154 1892">
     <span class='ocr_line' id='line_1_23' title="bbox 544 1834 1154 1892; baseline -0.026 1"><span class='ocrx_word' id='word_1_164' title='bbox 544 1835 836 1892; x_wconf 85' lang='lat' dir='ltr'><strong>minantnr.</strong></span> <span class='ocrx_word' id='word_1_165' title='bbox 867 1834 1154 1883; x_wconf 74' lang='lat' dir='ltr'><strong>Acntcout.</strong></span> 
     </span>
    </p>
   </div>
   <div class='ocr_carea' id='block_1_23' title="bbox 616 1896 2111 1995">
    <p class='ocr_par' dir='ltr' id='par_1_23' title="bbox 616 1896 2111 1995">
     <span class='ocr_line' id='line_1_24' title="bbox 616 1896 2111 1995; baseline -0.023 -16"><span class='ocrx_word' id='word_1_166' title='bbox 616 1926 730 1995; x_wconf 78' lang='lat' dir='ltr'><strong>Agit</strong></span> <span class='ocrx_word' id='word_1_167' title='bbox 761 1922 780 1993; x_wconf 88' lang='lat'><strong>]</strong></span> <span class='ocrx_word' id='word_1_168' title='bbox 808 1925 974 1989; x_wconf 81' lang='lat' dir='ltr'><strong>Agere</strong></span> <span class='ocrx_word' id='word_1_169' title='bbox 1006 1920 1056 1970; x_wconf 92' lang='lat' dir='ltr'><strong>in</strong></span> <span class='ocrx_word' id='word_1_170' title='bbox 1080 1914 1256 1968; x_wconf 88' lang='lat' dir='ltr'><strong>varias</strong></span> <span class='ocrx_word' id='word_1_171' title='bbox 1284 1907 1700 1973; x_wconf 65' lang='lat' dir='ltr'><strong>signiﬁctttones</strong></span> <span class='ocrx_word' id='word_1_172' title='bbox 1729 1900 1946 1954; x_wconf 85' lang='lat' dir='ltr'><strong>dicitur.</strong></span> <span class='ocrx_word' id='word_1_173' title='bbox 1978 1896 2111 1950; x_wconf 78' lang='lat' dir='ltr'><strong>Nam</strong></span> 
     </span>
    </p>
   </div>
   <div class='ocr_carea' id='block_1_24' title="bbox 548 1988 2123 2080">
    <p class='ocr_par' dir='ltr' id='par_1_24' title="bbox 548 1988 2123 2080">
     <span class='ocr_line' id='line_1_25' title="bbox 548 1988 2123 2080; baseline -0.021 -9"><span class='ocrx_word' id='word_1_174' title='bbox 548 2024 603 2070; x_wconf 91' lang='grc' dir='ltr'><strong>ει</strong></span> <span class='ocrx_word' id='word_1_175' title='bbox 626 2017 952 2080; x_wconf 74' lang='lat' dir='ltr'><strong>Ili-gotiusum</strong></span> <span class='ocrx_word' id='word_1_176' title='bbox 978 2023 1118 2070; x_wconf 88' lang='lat' dir='ltr'><strong>esse,</strong></span> <span class='ocrx_word' id='word_1_177' title='bbox 1152 2014 1241 2058; x_wconf 87' lang='lat' dir='ltr'><strong>aut</strong></span> <span class='ocrx_word' id='word_1_178' title='bbox 1273 2003 1447 2057; x_wconf 75' lang='lat' dir='ltr'><strong>facere</strong></span> <span class='ocrx_word' id='word_1_179' title='bbox 1475 1995 1675 2067; x_wconf 88' lang='lat' dir='ltr'><strong>aliquid</strong></span> <span class='ocrx_word' id='word_1_180' title='bbox 1704 1991 1988 2062; x_wconf 49' lang='lat' dir='ltr'><strong>signiﬁcat.</strong></span> <span class='ocrx_word' id='word_1_181' title='bbox 2022 1988 2123 2040; x_wconf 91' lang='lat' dir='ltr'><strong>llo-</strong></span> 
     </span>
    </p>
   </div>
   <div class='ocr_carea' id='block_1_25' title="bbox 551 2103 1074 2174">
    <p class='ocr_par' dir='ltr' id='par_1_25' title="bbox 551 2103 1074 2174">
     <span class='ocr_line' id='line_1_26' title="bbox 551 2103 1074 2174; baseline -0.017 -14"><span class='ocrx_word' id='word_1_182' title='bbox 551 2107 717 2174; x_wconf 80' lang='lat' dir='ltr'><strong>ratins</strong></span> <span class='ocrx_word' id='word_1_183' title='bbox 742 2106 792 2158; x_wconf 93' lang='lat' dir='ltr'><strong>in</strong></span> <span class='ocrx_word' id='word_1_184' title='bbox 825 2119 840 2157; x_wconf 92' lang='grc' dir='ltr'><strong>ι</strong></span> <span class='ocrx_word' id='word_1_185' title='bbox 873 2103 1074 2168; x_wconf 56' lang='lat' dir='ltr'><strong>Epit:</strong></span> 
     </span>
    </p>
   </div>
   <div class='ocr_carea' id='block_1_26' title="bbox 668 2185 1294 2256">
    <p class='ocr_par' dir='ltr' id='par_1_26' title="bbox 668 2185 1294 2256">
     <span class='ocr_line' id='line_1_27' title="bbox 668 2185 1294 2256; baseline -0.03 -3"><span class='ocrx_word' id='word_1_186' title='bbox 668 2200 758 2256; x_wconf 85' lang='lat' dir='ltr'><strong>..On</strong></span> <span class='ocrx_word' id='word_1_187' title='bbox 779 2199 808 2245; x_wconf 91' lang='lat' dir='ltr'><strong>d</strong></span> <span class='ocrx_word' id='word_1_188' title='bbox 833 2196 945 2244; x_wconf 89' lang='lat' dir='ltr'><strong>mihi</strong></span> <span class='ocrx_word' id='word_1_189' title='bbox 965 2193 1125 2241; x_wconf 86' lang='lat' dir='ltr'><strong>celsus</strong></span> <span class='ocrx_word' id='word_1_190' title='bbox 1151 2185 1294 2249; x_wconf 83' lang='lat' dir='ltr'><strong>agit?</strong></span> 
     </span>
    </p>
   </div>
   <div class='ocr_carea' id='block_1_27' title="bbox 558 2253 2126 2348">
    <p class='ocr_par' dir='ltr' id='par_1_27' title="bbox 558 2253 2126 2348">
     <span class='ocr_line' id='line_1_28' title="bbox 558 2253 2126 2348; baseline -0.019 -14"><span class='ocrx_word' id='word_1_191' title='bbox 558 2253 886 2348; x_wconf 35' lang='lat' dir='ltr'><strong>Quin—doque</strong></span> <span class='ocrx_word' id='word_1_192' title='bbox 914 2267 1174 2345; x_wconf 78' lang='lat' dir='ltr'><strong>sigiiiticat</strong></span> <span class='ocrx_word' id='word_1_193' title='bbox 1201 2271 1395 2323; x_wconf 84' lang='lat' dir='ltr'><strong>ducere</strong></span> <span class='ocrx_word' id='word_1_194' title='bbox 1422 2274 1512 2318; x_wconf 88' lang='lat' dir='ltr'><strong>aut</strong></span> <span class='ocrx_word' id='word_1_195' title='bbox 1539 2260 1869 2332; x_wconf 80' lang='lat' dir='ltr'><strong>propellere.</strong></span> <span class='ocrx_word' id='word_1_196' title='bbox 1907 2255 2050 2322; x_wconf 74' lang='lat' dir='ltr'><strong>Virg.</strong></span> <span class='ocrx_word' id='word_1_197' title='bbox 2074 2253 2126 2305; x_wconf 92' lang='lat' dir='ltr'><strong>in</strong></span> 
     </span>
    </p>
   </div>
   <div class='ocr_carea' id='block_1_28' title="bbox 563 2372 791 2427">
    <p class='ocr_par' dir='ltr' id='par_1_28' title="bbox 563 2372 791 2427">
     <span class='ocr_line' id='line_1_29' title="bbox 563 2372 791 2427; baseline -0.022 0"><span class='ocrx_word' id='word_1_198' title='bbox 563 2372 745 2427; x_wconf 76' lang='lat' dir='ltr'><strong>Bncitl.</strong></span> <span class='ocrx_word' id='word_1_199' title='bbox 777 2387 791 2422; x_wconf 75' lang='grc' dir='ltr'><strong>ε</strong></span> 
     </span>
    </p>
   </div>
   <div class='ocr_carea' id='block_1_29' title="bbox 691 2462 1244 2523">
    <p class='ocr_par' dir='ltr' id='par_1_29' title="bbox 691 2462 1244 2523">
     <span class='ocr_line' id='line_1_30' title="bbox 691 2462 1244 2523; baseline -0.024 -11"><span class='ocrx_word' id='word_1_200' title='bbox 691 2463 747 2512; x_wconf 82' lang='lat' dir='ltr'><strong>Et</strong></span> <span class='ocrx_word' id='word_1_201' title='bbox 772 2467 932 2523; x_wconf 86' lang='lat' dir='ltr'><strong>po&#39;um</strong></span> <span class='ocrx_word' id='word_1_202' title='bbox 951 2462 1111 2518; x_wconf 84' lang='lat' dir='ltr'><strong>pastas</strong></span> <span class='ocrx_word' id='word_1_203' title='bbox 1134 2465 1244 2513; x_wconf 76' lang='lat' dir='ltr'><strong>age.</strong></span> 
     </span>
    </p>
   </div>
   <div class='ocr_carea' id='block_1_30' title="bbox 580 2529 1601 2602">
    <p class='ocr_par' dir='ltr' id='par_1_30' title="bbox 580 2529 1601 2602">
     <span class='ocr_line' id='line_1_31' title="bbox 580 2529 1601 2602; baseline -0.024 0"><span class='ocrx_word' id='word_1_204' title='bbox 580 2544 829 2602; x_wconf 78' lang='lat' dir='ltr'><strong>Horatius</strong></span> <span class='ocrx_word' id='word_1_205' title='bbox 860 2543 910 2595; x_wconf 91' lang='lat' dir='ltr'><strong>in</strong></span> <span class='ocrx_word' id='word_1_206' title='bbox 943 2537 1174 2593; x_wconf 83' lang='lat' dir='ltr'><strong>secundo</strong></span> <span class='ocrx_word' id='word_1_207' title='bbox 1206 2529 1559 2602; x_wconf 83' lang='lat' dir='ltr'><strong>Epistolarum</strong></span> <span class='ocrx_word' id='word_1_208' title='bbox 1590 2545 1601 2578; x_wconf 89' lang='lat'>:</span> 
     </span>
    </p>
   </div>
   <div class='ocr_carea' id='block_1_31' title="bbox 690 2625 1608 2693">
    <p class='ocr_par' dir='ltr' id='par_1_31' title="bbox 690 2625 1608 2693">
     <span class='ocr_line' id='line_1_32' title="bbox 690 2625 1608 2693; baseline -0.022 -5"><span class='ocrx_word' id='word_1_209' title='bbox 690 2638 872 2687; x_wconf 81' lang='lat' dir='ltr'><strong>Navem</strong></span> <span class='ocrx_word' id='word_1_210' title='bbox 898 2645 1048 2693; x_wconf 81' lang='lat' dir='ltr'><strong>agere</strong></span> <span class='ocrx_word' id='word_1_211' title='bbox 1076 2632 1276 2691; x_wconf 73' lang='lat' dir='ltr'><strong>ignarus</strong></span> <span class='ocrx_word' id='word_1_212' title='bbox 1297 2625 1429 2673; x_wconf 86' lang='lat' dir='ltr'><strong>navis</strong></span> <span class='ocrx_word' id='word_1_213' title='bbox 1451 2625 1608 2670; x_wconf 88' lang='lat' dir='ltr'><strong>timet.</strong></span> 
     </span>
    </p>
   </div>
   <div class='ocr_carea' id='block_1_32' title="bbox 568 2693 2136 2790">
    <p class='ocr_par' dir='ltr' id='par_1_32' title="bbox 568 2693 2136 2790">
     <span class='ocr_line' id='line_1_33' title="bbox 568 2693 2136 2790; baseline -0.019 -16"><span class='ocrx_word' id='word_1_214' title='bbox 568 2721 895 2790; x_wconf 83' lang='lat' dir='ltr'><strong>Quandoque</strong></span> <span class='ocrx_word' id='word_1_215' title='bbox 934 2719 984 2770; x_wconf 92' lang='lat' dir='ltr'><strong>in</strong></span> <span class='ocrx_word' id='word_1_216' title='bbox 1021 2711 1219 2782; x_wconf 82' lang='lat' dir='ltr'><strong>judicio</strong></span> <span class='ocrx_word' id='word_1_217' title='bbox 1263 2707 1493 2776; x_wconf 71' lang='lat' dir='ltr'><strong>experiri</strong></span> <span class='ocrx_word' id='word_1_218' title='bbox 1525 2700 1806 2772; x_wconf 81' lang='lat' dir='ltr'><strong>signiﬁcat.</strong></span> <span class='ocrx_word' id='word_1_219' title='bbox 1866 2694 2018 2751; x_wconf 88' lang='lat' dir='ltr'><strong>Unde</strong></span> <span class='ocrx_word' id='word_1_220' title='bbox 2058 2693 2136 2744; x_wconf 83' lang='lat' dir='ltr'><strong>ili-</strong></span> 
     </span>
    </p>
   </div>
   <div class='ocr_carea' id='block_1_33' title="bbox 570 2788 2139 2878">
    <p class='ocr_par' dir='ltr' id='par_1_33' title="bbox 570 2788 2139 2878">
     <span class='ocr_line' id='line_1_34' title="bbox 570 2788 2139 2878; baseline -0.022 -8"><span class='ocrx_word' id='word_1_221' title='bbox 570 2828 764 2870; x_wconf 86' lang='lat' dir='ltr'><strong>cuntnr</strong></span> <span class='ocrx_word' id='word_1_222' title='bbox 793 2813 843 2864; x_wconf 93' lang='lat' dir='ltr'><strong>in</strong></span> <span class='ocrx_word' id='word_1_223' title='bbox 865 2809 986 2878; x_wconf 83' lang='lat' dir='ltr'><strong>jure</strong></span> <span class='ocrx_word' id='word_1_224' title='bbox 1015 2804 1160 2875; x_wconf 74' lang='lat' dir='ltr'><strong>civili</strong></span> <span class='ocrx_word' id='word_1_225' title='bbox 1183 2801 1440 2859; x_wconf 80' lang='lat' dir='ltr'><strong>actiones,</strong></span> <span class='ocrx_word' id='word_1_226' title='bbox 1467 2809 1515 2849; x_wconf 91' lang='lat' dir='ltr'><strong>et</strong></span> <span class='ocrx_word' id='word_1_227' title='bbox 1540 2805 1688 2847; x_wconf 89' lang='lat' dir='ltr'><strong>actor</strong></span> <span class='ocrx_word' id='word_1_228' title='bbox 1716 2788 1804 2860; x_wconf 91' lang='lat' dir='ltr'><strong>qui</strong></span> <span class='ocrx_word' id='word_1_229' title='bbox 1837 2801 1988 2842; x_wconf 87' lang='lat' dir='ltr'><strong>reum</strong></span> <span class='ocrx_word' id='word_1_230' title='bbox 2020 2799 2139 2852; x_wconf 80' lang='lat' dir='ltr'><strong>per-</strong></span> 
     </span>
    </p>
   </div>
   <div class='ocr_carea' id='block_1_34' title="bbox 572 2871 2146 2974">
    <p class='ocr_par' dir='ltr' id='par_1_34' title="bbox 572 2871 2146 2974">
     <span class='ocr_line' id='line_1_35' title="bbox 572 2871 2146 2974; baseline -0.022 -14"><span class='ocrx_word' id='word_1_231' title='bbox 572 2903 845 2974; x_wconf 79' lang='lat' dir='ltr'><strong>sequitur:</strong></span> <span class='ocrx_word' id='word_1_232' title='bbox 883 2898 1081 2951; x_wconf 82' lang='lat' dir='ltr'><strong>Dicitur</strong></span> <span class='ocrx_word' id='word_1_233' title='bbox 1106 2871 1265 2948; x_wconf 80' lang='lat' dir='ltr'><strong>etiam</strong></span> <span class='ocrx_word' id='word_1_234' title='bbox 1297 2888 1485 2943; x_wconf 86' lang='lat' dir='ltr'><strong>histrio</strong></span> <span class='ocrx_word' id='word_1_235' title='bbox 1514 2898 1693 2954; x_wconf 81' lang='lat' dir='ltr'><strong>agere,</strong></span> <span class='ocrx_word' id='word_1_236' title='bbox 1727 2881 1777 2935; x_wconf 88' lang='lat' dir='ltr'><strong>id</strong></span> <span class='ocrx_word' id='word_1_237' title='bbox 1801 2889 1881 2932; x_wconf 89' lang='lat' dir='ltr'><strong>est</strong></span> <span class='ocrx_word' id='word_1_238' title='bbox 1911 2871 2146 2944; x_wconf 88' lang='lat' dir='ltr'><strong>pronun-</strong></span> 
     </span>
    </p>
   </div>
   <div class='ocr_carea' id='block_1_35' title="bbox 574 2968 2145 3050">
    <p class='ocr_par' dir='ltr' id='par_1_35' title="bbox 574 2968 2145 3050">
     <span class='ocr_line' id='line_1_36' title="bbox 574 2968 2145 3050; baseline -0.023 1"><span class='ocrx_word' id='word_1_239' title='bbox 574 2996 733 3050; x_wconf 89' lang='lat' dir='ltr'><strong>tiare.</strong></span> <span class='ocrx_word' id='word_1_240' title='bbox 768 2990 918 3046; x_wconf 86' lang='lat' dir='ltr'><strong>Unde</strong></span> <span class='ocrx_word' id='word_1_241' title='bbox 948 2988 1139 3040; x_wconf 85' lang='lat' dir='ltr'><strong>Cicero</strong></span> <span class='ocrx_word' id='word_1_242' title='bbox 1171 2983 1436 3036; x_wconf 89' lang='lat' dir='ltr'><strong>actionem</strong></span> <span class='ocrx_word' id='word_1_243' title='bbox 1476 2992 1571 3044; x_wconf 90' lang='lat' dir='ltr'><strong>pro</strong></span> <span class='ocrx_word' id='word_1_244' title='bbox 1600 2968 2033 3041; x_wconf 82' lang='lat' dir='ltr'><strong>pronuntiatione</strong></span> <span class='ocrx_word' id='word_1_245' title='bbox 2054 2979 2145 3016; x_wconf 89' lang='lat' dir='ltr'><strong>ac-</strong></span> 
     </span>
    </p>
   </div>
   <div class='ocr_carea' id='block_1_36' title="bbox 578 3055 2150 3156">
    <p class='ocr_par' dir='ltr' id='par_1_36' title="bbox 578 3055 2150 3156">
     <span class='ocr_line' id='line_1_37' title="bbox 578 3055 2150 3156; baseline -0.023 -15"><span class='ocrx_word' id='word_1_246' title='bbox 578 3087 706 3156; x_wconf 81' lang='lat' dir='ltr'><strong>cipit</strong></span> <span class='ocrx_word' id='word_1_247' title='bbox 739 3102 752 3138; x_wconf 91' lang='lat'><strong>:</strong></span> <span class='ocrx_word' id='word_1_248' title='bbox 793 3093 845 3136; x_wconf 89' lang='lat' dir='ltr'><strong>et</strong></span> <span class='ocrx_word' id='word_1_249' title='bbox 867 3095 1022 3150; x_wconf 78' lang='lat' dir='ltr'><strong>agere</strong></span> <span class='ocrx_word' id='word_1_250' title='bbox 1051 3076 1318 3135; x_wconf 87' lang='lat' dir='ltr'><strong>animam,</strong></span> <span class='ocrx_word' id='word_1_251' title='bbox 1346 3070 1480 3123; x_wconf 88' lang='lat' dir='ltr'><strong>mori</strong></span> <span class='ocrx_word' id='word_1_252' title='bbox 1512 3065 1779 3134; x_wconf 73' lang='lat' dir='ltr'><strong>signiﬁcat</strong></span> <span class='ocrx_word' id='word_1_253' title='bbox 1812 3079 1824 3113; x_wconf 90' lang='lat'><strong>:</strong></span> <span class='ocrx_word' id='word_1_254' title='bbox 1854 3061 1931 3112; x_wconf 89' lang='lat' dir='ltr'><strong>sic</strong></span> <span class='ocrx_word' id='word_1_255' title='bbox 1960 3055 2150 3110; x_wconf 82' lang='lat' dir='ltr'><strong>Cicero</strong></span> 
     </span>
    </p>
   </div>
   <div class='ocr_carea' id='block_1_37' title="bbox 579 3151 2226 3246">
    <p class='ocr_par' dir='ltr' id='par_1_37' title="bbox 579 3151 2226 3246">
     <span class='ocr_line' id='line_1_38' title="bbox 579 3151 2226 3246; baseline -0.022 -16"><span class='ocrx_word' id='word_1_256' title='bbox 579 3191 679 3246; x_wconf 87' lang='lat' dir='ltr'><strong>pro</strong></span> <span class='ocrx_word' id='word_1_257' title='bbox 707 3175 750 3228; x_wconf 81' lang='grc' dir='ltr'>Μ</span> <span class='ocrx_word' id='word_1_258' title='bbox 775 3173 896 3226; x_wconf 89' lang='lat' dir='ltr'><strong>lone</strong></span> <span class='ocrx_word' id='word_1_259' title='bbox 923 3188 937 3222; x_wconf 90' lang='lat'>:</span> <span class='ocrx_word' id='word_1_260' title='bbox 967 3170 1137 3235; x_wconf 84' lang='lat' dir='ltr'><strong>Quem</strong></span> <span class='ocrx_word' id='word_1_261' title='bbox 1173 3170 1417 3232; x_wconf 81' lang='lat' dir='ltr'><strong>agentem</strong></span> <span class='ocrx_word' id='word_1_262' title='bbox 1471 3156 1701 3210; x_wconf 87' lang='lat' dir='ltr'><strong>animam</strong></span> <span class='ocrx_word' id='word_1_263' title='bbox 1736 3151 2021 3216; x_wconf 87' lang='lat' dir='ltr'><strong>reliquerat</strong></span> <span class='ocrx_word' id='word_1_264' title='bbox 2055 3163 2068 3198; x_wconf 91' lang='lat'><strong>:</strong></span> <span class='ocrx_word' id='word_1_265' title='bbox 2100 3153 2153 3196; x_wconf 88' lang='lat' dir='ltr'><strong>et</strong></span> <span class='ocrx_word' id='word_1_266' title='bbox 2179 3153 2226 3212; x_wconf 74' lang='grc' dir='ltr'><strong>ς</strong></span> 
     </span>
    </p>
   </div>
   <div class='ocr_carea' id='block_1_38' title="bbox 582 3236 2155 3335">
    <p class='ocr_par' dir='ltr' id='par_1_38' title="bbox 582 3236 2155 3335">
     <span class='ocr_line' id='line_1_39' title="bbox 582 3236 2155 3335; baseline -0.022 -15"><span class='ocrx_word' id='word_1_267' title='bbox 582 3281 740 3335; x_wconf 80' lang='lat' dir='ltr'><strong>agere</strong></span> <span class='ocrx_word' id='word_1_268' title='bbox 769 3264 967 3332; x_wconf 71' lang='lat' dir='ltr'><strong>gratias</strong></span> <span class='ocrx_word' id='word_1_269' title='bbox 993 3258 1254 3318; x_wconf 87' lang='lat' dir='ltr'><strong>dicimus,</strong></span> <span class='ocrx_word' id='word_1_270' title='bbox 1312 3249 1452 3319; x_wconf 88' lang='lat' dir='ltr'><strong>quod</strong></span> <span class='ocrx_word' id='word_1_271' title='bbox 1493 3245 1694 3300; x_wconf 90' lang='lat' dir='ltr'><strong>indocti</strong></span> <span class='ocrx_word' id='word_1_272' title='bbox 1750 3240 2023 3309; x_wconf 81' lang='lat' dir='ltr'><strong>regratiari</strong></span> <span class='ocrx_word' id='word_1_273' title='bbox 2070 3236 2155 3288; x_wconf 87' lang='lat' dir='ltr'><strong>di-</strong></span> 
     </span>
    </p>
   </div>
   <div class='ocr_carea' id='block_1_39' title="bbox 585 3357 1030 3412">
    <p class='ocr_par' dir='ltr' id='par_1_39' title="bbox 585 3357 1030 3412">
     <span class='ocr_line' id='line_1_40' title="bbox 585 3357 1030 3412; baseline -0.022 -1"><span class='ocrx_word' id='word_1_274' title='bbox 585 3367 730 3412; x_wconf 78' lang='lat' dir='ltr'><strong>eunt.</strong></span> <span class='ocrx_word' id='word_1_275' title='bbox 765 3357 1030 3407; x_wconf 70' lang='lat' dir='ltr'><strong>AtiRlCOLA</strong></span> 
     </span>
    </p>
   </div>
   <div class='ocr_carea' id='block_1_40' title="bbox 659 3417 2158 3514">
    <p class='ocr_par' dir='ltr' id='par_1_40' title="bbox 659 3417 2158 3514">
     <span class='ocr_line' id='line_1_41' title="bbox 659 3417 2158 3514; baseline -0.02 -16"><span class='ocrx_word' id='word_1_276' title='bbox 659 3440 933 3514; x_wconf 78' lang='lat' dir='ltr'><strong>Algentes]</strong></span> <span class='ocrx_word' id='word_1_277' title='bbox 991 3439 1182 3506; x_wconf 78' lang='lat' dir='ltr'><strong>Algcre</strong></span> <span class='ocrx_word' id='word_1_278' title='bbox 1207 3435 1450 3488; x_wconf 67' lang='lat' dir='ltr'><strong>(iraaeum</strong></span> <span class='ocrx_word' id='word_1_279' title='bbox 1483 3439 1598 3491; x_wconf 86' lang='lat' dir='ltr'><strong>est,</strong></span> <span class='ocrx_word' id='word_1_280' title='bbox 1647 3424 1739 3478; x_wconf 89' lang='lat' dir='ltr'><strong>sed</strong></span> <span class='ocrx_word' id='word_1_281' title='bbox 1771 3421 1908 3490; x_wconf 88' lang='lat' dir='ltr'><strong>apud</strong></span> <span class='ocrx_word' id='word_1_282' title='bbox 1937 3433 2033 3474; x_wconf 86' lang='lat' dir='ltr'><strong>eos</strong></span> <span class='ocrx_word' id='word_1_283' title='bbox 2061 3417 2158 3470; x_wconf 90' lang='lat' dir='ltr'><strong>do-</strong></span> 
     </span>
    </p>
   </div>
   <div class='ocr_carea' id='block_1_41' title="bbox 591 3515 2156 3605">
    <p class='ocr_par' dir='ltr' id='par_1_41' title="bbox 591 3515 2156 3605">
     <span class='ocr_line' id='line_1_42' title="bbox 591 3515 2156 3605; baseline -0.021 -11"><span class='ocrx_word' id='word_1_284' title='bbox 591 3540 700 3594; x_wconf 85' lang='lat' dir='ltr'><strong>lere</strong></span> <span class='ocrx_word' id='word_1_285' title='bbox 728 3529 1164 3605; x_wconf 81' lang='lat' dir='ltr'><strong>signilicat,apttd</strong></span> <span class='ocrx_word' id='word_1_286' title='bbox 1198 3543 1293 3581; x_wconf 89' lang='lat' dir='ltr'><strong>nos</strong></span> <span class='ocrx_word' id='word_1_287' title='bbox 1317 3523 1670 3589; x_wconf 77' lang='lat' dir='ltr'><strong>verorrigere.</strong></span> <span class='ocrx_word' id='word_1_288' title='bbox 1706 3518 1887 3569; x_wconf 89' lang='lat' dir='ltr'><strong>llnrat.</strong></span> <span class='ocrx_word' id='word_1_289' title='bbox 1922 3517 1971 3566; x_wconf 88' lang='lat' dir='ltr'><strong>in</strong></span> <span class='ocrx_word' id='word_1_290' title='bbox 2001 3515 2156 3566; x_wconf 77' lang='lat' dir='ltr'><strong>Arte:</strong></span> 
     </span>
    </p>
   </div>
   <div class='ocr_carea' id='block_1_42' title="bbox 717 3607 1851 3683">
    <p class='ocr_par' dir='ltr' id='par_1_42' title="bbox 717 3607 1851 3683">
     <span class='ocr_line' id='line_1_43' title="bbox 717 3607 1851 3683; baseline -0.019 -5"><span class='ocrx_word' id='word_1_291' title='bbox 717 3627 864 3677; x_wconf 80' lang='lat' dir='ltr'><strong>Multa</strong></span> <span class='ocrx_word' id='word_1_292' title='bbox 891 3624 1020 3683; x_wconf 87' lang='lat' dir='ltr'><strong>tulit,</strong></span> <span class='ocrx_word' id='word_1_293' title='bbox 1047 3623 1260 3681; x_wconf 82' lang='lat' dir='ltr'><strong>fecitque</strong></span> <span class='ocrx_word' id='word_1_294' title='bbox 1284 3628 1428 3680; x_wconf 86' lang='lat' dir='ltr'><strong>puer,</strong></span> <span class='ocrx_word' id='word_1_295' title='bbox 1453 3613 1644 3662; x_wconf 81' lang='lat' dir='ltr'><strong>sudavit</strong></span> <span class='ocrx_word' id='word_1_296' title='bbox 1667 3618 1720 3659; x_wconf 87' lang='lat' dir='ltr'><strong>et</strong></span> <span class='ocrx_word' id='word_1_297' title='bbox 1743 3607 1851 3656; x_wconf 77' lang='lat' dir='ltr'><strong>alsit</strong></span> 
     </span>
    </p>
   </div>
   <div class='ocr_carea' id='block_1_43' title="bbox 595 3714 886 3769">
    <p class='ocr_par' dir='ltr' id='par_1_43' title="bbox 595 3714 886 3769">
     <span class='ocr_line' id='line_1_44' title="bbox 595 3714 886 3769; baseline -0.034 1"><span class='ocrx_word' id='word_1_298' title='bbox 595 3714 886 3769; x_wconf 72' lang='lat' dir='ltr'><strong>Acntcou.</strong></span> 
     </span>
    </p>
   </div>
   <div class='ocr_carea' id='block_1_44' title="bbox 667 3784 2165 3874">
    <p class='ocr_par' dir='ltr' id='par_1_44' title="bbox 667 3784 2165 3874">
     <span class='ocr_line' id='line_1_45' title="bbox 667 3784 2165 3874; baseline -0.02 -11"><span class='ocrx_word' id='word_1_299' title='bbox 667 3808 927 3874; x_wconf 76' lang='lat' dir='ltr'><strong>Hesperus</strong></span> <span class='ocrx_word' id='word_1_300' title='bbox 962 3814 1006 3856; x_wconf 83' lang='lat' dir='ltr'><strong>et</strong></span> <span class='ocrx_word' id='word_1_301' title='bbox 1046 3797 1298 3870; x_wconf 75' lang='lat' dir='ltr'><strong>Lucifer]</strong></span> <span class='ocrx_word' id='word_1_302' title='bbox 1344 3795 1541 3850; x_wconf 86' lang='lat' dir='ltr'><strong>Eadem</strong></span> <span class='ocrx_word' id='word_1_303' title='bbox 1581 3791 1734 3845; x_wconf 87' lang='lat' dir='ltr'><strong>stel&#39;a</strong></span> <span class='ocrx_word' id='word_1_304' title='bbox 1765 3796 1882 3850; x_wconf 88' lang='lat' dir='ltr'><strong>cst,</strong></span> <span class='ocrx_word' id='word_1_305' title='bbox 1946 3784 2165 3837; x_wconf 81' lang='lat' dir='ltr'><strong>Vi-neris</strong></span> 
     </span>
    </p>
   </div>
   <div class='ocr_carea' id='block_1_45' title="bbox 596 3875 2169 3971">
    <p class='ocr_par' dir='ltr' id='par_1_45' title="bbox 596 3875 2169 3971">
     <span class='ocr_line' id='line_1_46' title="bbox 596 3875 2169 3971; baseline -0.019 -15"><span class='ocrx_word' id='word_1_306' title='bbox 596 3900 885 3971; x_wconf 63' lang='lat' dir='ltr'><strong>appellata,</strong></span> <span class='ocrx_word' id='word_1_307' title='bbox 918 3895 1021 3949; x_wconf 84' lang='lat' dir='ltr'><strong>dici</strong></span> <span class='ocrx_word' id='word_1_308' title='bbox 1049 3911 1108 3946; x_wconf 90' lang='lat' dir='ltr'><strong>ur</strong></span> <span class='ocrx_word' id='word_1_309' title='bbox 1135 3893 1352 3961; x_wconf 78' lang='grc' dir='ltr'><strong>ἕσπερος</strong></span> <span class='ocrx_word' id='word_1_310' title='bbox 1391 3885 1576 3940; x_wconf 68' lang='lat' dir='ltr'><strong>Gra‘ce</strong></span> <span class='ocrx_word' id='word_1_311' title='bbox 1605 3887 1671 3936; x_wconf 85' lang='lat' dir='ltr'><strong>ah</strong></span> <span class='ocrx_word' id='word_1_312' title='bbox 1699 3896 1765 3934; x_wconf 87' lang='lat' dir='ltr'><strong>eo</strong></span> <span class='ocrx_word' id='word_1_313' title='bbox 1807 3877 1945 3947; x_wconf 73' lang='lat' dir='ltr'><strong>Quod</strong></span> <span class='ocrx_word' id='word_1_314' title='bbox 1980 3877 2052 3929; x_wconf 83' lang='lat' dir='ltr'><strong>illi</strong></span> <span class='ocrx_word' id='word_1_315' title='bbox 2080 3875 2169 3927; x_wconf 79' lang='lat' dir='ltr'><strong>lte-</strong></span> 
     </span>
    </p>
   </div>
   <div class='ocr_carea' id='block_1_46' title="bbox 598 3977 2169 4063">
    <p class='ocr_par' dir='ltr' id='par_1_46' title="bbox 598 3977 2169 4063">
     <span class='ocr_line' id='line_1_47' title="bbox 598 3977 2169 4063; baseline -0.02 -12"><span class='ocrx_word' id='word_1_316' title='bbox 598 4010 834 4063; x_wconf 64' lang='lat' dir='ltr'><strong>stueratn,</strong></span> <span class='ocrx_word' id='word_1_317' title='bbox 867 4005 962 4044; x_wconf 91' lang='lat' dir='ltr'><strong>nos</strong></span> <span class='ocrx_word' id='word_1_318' title='bbox 987 4004 1016 4042; x_wconf 93' lang='lat' dir='ltr'><strong>c</strong></span> <span class='ocrx_word' id='word_1_319' title='bbox 1041 4001 1240 4041; x_wconf 73' lang='lat' dir='ltr'><strong>&#39;IIVCI&#39;S&#39;J</strong></span> <span class='ocrx_word' id='word_1_320' title='bbox 1271 3981 1651 4050; x_wconf 79' lang='lat' dir='ltr'><strong>aSpirationem</strong></span> <span class='ocrx_word' id='word_1_321' title='bbox 1696 3977 1748 4028; x_wconf 92' lang='lat' dir='ltr'><strong>in</strong></span> <span class='ocrx_word' id='word_1_322' title='bbox 1791 3991 1848 4038; x_wconf 83' lang='grc' dir='ltr'>υ,</span> <span class='ocrx_word' id='word_1_323' title='bbox 1891 3983 2169 4035; x_wconf 79' lang='lat' dir='ltr'><strong>vesperam</strong></span> 
     </span>
    </p>
   </div>
   <div class='ocr_carea' id='block_1_47' title="bbox 602 4061 2173 4148">
    <p class='ocr_par' dir='ltr' id='par_1_47' title="bbox 602 4061 2173 4148">
     <span class='ocr_line' id='line_1_48' title="bbox 602 4061 2173 4148; baseline -0.021 -7"><span class='ocrx_word' id='word_1_324' title='bbox 602 4100 852 4141; x_wconf 82' lang='lat' dir='ltr'><strong>vocamus</strong></span> <span class='ocrx_word' id='word_1_325' title='bbox 883 4100 896 4134; x_wconf 88' lang='lat'>:</span> <span class='ocrx_word' id='word_1_326' title='bbox 928 4080 1176 4148; x_wconf 77' lang='lat' dir='ltr'><strong>quoniam</strong></span> <span class='ocrx_word' id='word_1_327' title='bbox 1211 4084 1328 4142; x_wconf 89' lang='lat' dir='ltr'><strong>post</strong></span> <span class='ocrx_word' id='word_1_328' title='bbox 1369 4071 1702 4125; x_wconf 79' lang='lat' dir='ltr'><strong>occidentem</strong></span> <span class='ocrx_word' id='word_1_329' title='bbox 1735 4067 1909 4118; x_wconf 68' lang='lat' dir='ltr'><strong>luceat</strong></span> <span class='ocrx_word' id='word_1_330' title='bbox 1939 4061 2173 4115; x_wconf 84' lang='lat' dir='ltr'><strong>occidat-</strong></span> 
     </span>
    </p>
   </div>
   <div class='ocr_carea' id='block_1_48' title="bbox 601 4156 2172 4250">
    <p class='ocr_par' dir='ltr' id='par_1_48' title="bbox 601 4156 2172 4250">
     <span class='ocr_line' id='line_1_49' title="bbox 601 4156 2172 4250; baseline -0.022 -17"><span class='ocrx_word' id='word_1_331' title='bbox 601 4194 708 4250; x_wconf 88' lang='lat' dir='ltr'><strong>que</strong></span> <span class='ocrx_word' id='word_1_332' title='bbox 740 4195 753 4229; x_wconf 92' lang='lat'><strong>:</strong></span> <span class='ocrx_word' id='word_1_333' title='bbox 789 4172 997 4231; x_wconf 81' lang='lat' dir='ltr'><strong>Lucifer</strong></span> <span class='ocrx_word' id='word_1_334' title='bbox 1023 4183 1198 4223; x_wconf 89' lang='lat' dir='ltr'><strong>autem</strong></span> <span class='ocrx_word' id='word_1_335' title='bbox 1245 4179 1430 4223; x_wconf 84' lang='lat' dir='ltr'><strong>mane.</strong></span> <span class='ocrx_word' id='word_1_336' title='bbox 1462 4175 1579 4214; x_wconf 86' lang='lat' dir='ltr'><strong>eum</strong></span> <span class='ocrx_word' id='word_1_337' title='bbox 1609 4156 1867 4226; x_wconf 84' lang='lat' dir='ltr'><strong>pr.ccedit</strong></span> <span class='ocrx_word' id='word_1_338' title='bbox 1913 4161 2172 4206; x_wconf 80' lang='lat' dir='ltr'><strong>orientem</strong></span> 
     </span>
    </p>
   </div>
   <div class='ocr_carea' id='block_1_49' title="bbox 605 4244 2168 4330">
    <p class='ocr_par' dir='ltr' id='par_1_49' title="bbox 605 4244 2168 4330">
     <span class='ocr_line' id='line_1_50' title="bbox 605 4244 2168 4330; baseline -0.022 -6"><span class='ocrx_word' id='word_1_339' title='bbox 605 4273 795 4330; x_wconf 84' lang='lat' dir='ltr'><strong>solem,</strong></span> <span class='ocrx_word' id='word_1_340' title='bbox 824 4277 877 4319; x_wconf 88' lang='lat' dir='ltr'><strong>et</strong></span> <span class='ocrx_word' id='word_1_341' title='bbox 909 4275 1155 4329; x_wconf 87' lang='lat' dir='ltr'><strong>tanquam</strong></span> <span class='ocrx_word' id='word_1_342' title='bbox 1187 4257 1290 4309; x_wconf 75' lang='lat' dir='ltr'><strong>dux</strong></span> <span class='ocrx_word' id='word_1_343' title='bbox 1322 4254 1440 4320; x_wconf 89' lang='lat' dir='ltr'><strong>ejus</strong></span> <span class='ocrx_word' id='word_1_344' title='bbox 1479 4249 1616 4304; x_wconf 82' lang='lat' dir='ltr'><strong>ferat</strong></span> <span class='ocrx_word' id='word_1_345' title='bbox 1651 4249 1848 4299; x_wconf 91' lang='lat' dir='ltr'><strong>lucem.</strong></span> <span class='ocrx_word' id='word_1_346' title='bbox 1877 4244 2168 4296; x_wconf 71' lang='lat' dir='ltr'><strong>Acntcota.</strong></span> 
     </span>
    </p>
   </div>
   <div class='ocr_carea' id='block_1_50' title="bbox 685 4337 2175 4424">
    <p class='ocr_par' dir='ltr' id='par_1_50' title="bbox 685 4337 2175 4424">
     <span class='ocr_line' id='line_1_51' title="bbox 685 4337 2175 4424; baseline -0.023 -13"><span class='ocrx_word' id='word_1_347' title='bbox 685 4354 875 4424; x_wconf 78' lang='lat' dir='ltr'><strong>Ortus]</strong></span> <span class='ocrx_word' id='word_1_348' title='bbox 899 4355 1029 4420; x_wconf 87' lang='lat' dir='ltr'><strong>Quia</strong></span> <span class='ocrx_word' id='word_1_349' title='bbox 1061 4351 1203 4402; x_wconf 90' lang='lat' dir='ltr'><strong>varia</strong></span> <span class='ocrx_word' id='word_1_350' title='bbox 1239 4344 1450 4398; x_wconf 87' lang='lat' dir='ltr'><strong>nomina</strong></span> <span class='ocrx_word' id='word_1_351' title='bbox 1482 4337 1632 4394; x_wconf 75' lang='lat' dir='ltr'><strong>citis</strong></span> <span class='ocrx_word' id='word_1_352' title='bbox 1663 4348 1717 4390; x_wconf 89' lang='lat' dir='ltr'><strong>et</strong></span> <span class='ocrx_word' id='word_1_353' title='bbox 1745 4348 1966 4388; x_wconf 74' lang='lat' dir='ltr'><strong>occasais</strong></span> <span class='ocrx_word' id='word_1_354' title='bbox 1995 4341 2175 4383; x_wconf 75' lang='lat' dir='ltr'><strong>astro-</strong></span> 
     </span>
    </p>
   </div>
   <div class='ocr_carea' id='block_1_51' title="bbox 608 4428 2178 4515">
    <p class='ocr_par' dir='ltr' id='par_1_51' title="bbox 608 4428 2178 4515">
     <span class='ocr_line' id='line_1_52' title="bbox 608 4428 2178 4515; baseline -0.02 -10"><span class='ocrx_word' id='word_1_355' title='bbox 608 4468 724 4515; x_wconf 83' lang='lat' dir='ltr'><strong>ruin</strong></span> <span class='ocrx_word' id='word_1_356' title='bbox 755 4447 892 4511; x_wconf 80' lang='lat' dir='ltr'><strong>apud</strong></span> <span class='ocrx_word' id='word_1_357' title='bbox 920 4457 1164 4498; x_wconf 71' lang='lat' dir='ltr'><strong>auctot&#39;es</strong></span> <span class='ocrx_word' id='word_1_358' title='bbox 1217 4441 1582 4496; x_wconf 85' lang='lat' dir='ltr'><strong>inveniuntur,</strong></span> <span class='ocrx_word' id='word_1_359' title='bbox 1665 4431 1813 4483; x_wconf 86' lang='lat' dir='ltr'><strong>locus</strong></span> <span class='ocrx_word' id='word_1_360' title='bbox 1853 4428 2062 4480; x_wconf 87' lang='lat' dir='ltr'><strong>videtur</strong></span> <span class='ocrx_word' id='word_1_361' title='bbox 2086 4438 2178 4475; x_wconf 74' lang='lat' dir='ltr'><strong>ex-</strong></span> 
     </span>
    </p>
   </div>
   <div class='ocr_carea' id='block_1_52' title="bbox 2196 852 3766 933">
    <p class='ocr_par' dir='ltr' id='par_1_52' title="bbox 2196 852 3766 933">
     <span class='ocr_line' id='line_1_53' title="bbox 2196 852 3766 933; baseline -0.02 -1"><span class='ocrx_word' id='word_1_362' title='bbox 2196 892 2417 933; x_wconf 79' lang='lat' dir='ltr'><strong>vocatur</strong></span> <span class='ocrx_word' id='word_1_363' title='bbox 2455 884 2677 929; x_wconf 77' lang='lat' dir='ltr'><strong>exortus</strong></span> <span class='ocrx_word' id='word_1_364' title='bbox 2706 867 3014 924; x_wconf 80' lang='lat' dir='ltr'><strong>matutinus.</strong></span> <span class='ocrx_word' id='word_1_365' title='bbox 3071 861 3294 928; x_wconf 82' lang='lat' dir='ltr'><strong>Quando</strong></span> <span class='ocrx_word' id='word_1_366' title='bbox 3325 867 3504 910; x_wconf 86' lang='lat' dir='ltr'><strong>autem</strong></span> <span class='ocrx_word' id='word_1_367' title='bbox 3529 852 3614 905; x_wconf 88' lang='lat' dir='ltr'><strong>sol</strong></span> <span class='ocrx_word' id='word_1_368' title='bbox 3649 865 3766 918; x_wconf 86' lang='lat' dir='ltr'><strong>pro-</strong></span> 
     </span>
    </p>
   </div>
   <div class='ocr_carea' id='block_1_53' title="bbox 2193 941 3767 1042">
    <p class='ocr_par' dir='ltr' id='par_1_53' title="bbox 2193 941 3767 1042">
     <span class='ocr_line' id='line_1_54' title="bbox 2193 941 3767 1042; baseline -0.022 -16"><span class='ocrx_word' id='word_1_369' title='bbox 2193 987 2414 1042; x_wconf 79' lang='lat' dir='ltr'><strong>gressus</strong></span> <span class='ocrx_word' id='word_1_370' title='bbox 2442 980 2525 1022; x_wconf 90' lang='lat' dir='ltr'><strong>est</strong></span> <span class='ocrx_word' id='word_1_371' title='bbox 2574 980 2741 1034; x_wconf 52' lang='lat' dir='ltr'><strong>usque</strong></span> <span class='ocrx_word' id='word_1_372' title='bbox 2791 964 2855 1014; x_wconf 89' lang='lat' dir='ltr'><strong>ad</strong></span> <span class='ocrx_word' id='word_1_373' title='bbox 2903 958 3097 1029; x_wconf 82' lang='lat' dir='ltr'><strong>gradus</strong></span> <span class='ocrx_word' id='word_1_374' title='bbox 3145 962 3358 1008; x_wconf 88' lang='lat' dir='ltr'><strong>centum</strong></span> <span class='ocrx_word' id='word_1_375' title='bbox 3394 947 3669 1014; x_wconf 80' lang='lat' dir='ltr'><strong>octoginta</strong></span> <span class='ocrx_word' id='word_1_376' title='bbox 3707 941 3767 993; x_wconf 87' lang='lat' dir='ltr'><strong>ab</strong></span> 
     </span>
    </p>
   </div>
   <div class='ocr_carea' id='block_1_54' title="bbox 2195 1037 3768 1124">
    <p class='ocr_par' dir='ltr' id='par_1_54' title="bbox 2195 1037 3768 1124">
     <span class='ocr_line' id='line_1_55' title="bbox 2195 1037 3768 1124; baseline -0.022 -9"><span class='ocrx_word' id='word_1_377' title='bbox 2195 1072 2364 1122; x_wconf 83' lang='lat' dir='ltr'><strong>astro,</strong></span> <span class='ocrx_word' id='word_1_378' title='bbox 2391 1070 2514 1112; x_wconf 88' lang='lat' dir='ltr'><strong>tunc</strong></span> <span class='ocrx_word' id='word_1_379' title='bbox 2543 1057 2819 1124; x_wconf 78' lang='lat' dir='ltr'><strong>oppositus</strong></span> <span class='ocrx_word' id='word_1_380' title='bbox 2847 1049 3041 1102; x_wconf 67' lang='lat' dir='ltr'><strong>dicitur</strong></span> <span class='ocrx_word' id='word_1_381' title='bbox 3072 1056 3238 1107; x_wconf 68' lang='lat' dir='ltr'><strong>astro,</strong></span> <span class='ocrx_word' id='word_1_382' title='bbox 3274 1050 3389 1108; x_wconf 85' lang='lat' dir='ltr'><strong>post</strong></span> <span class='ocrx_word' id='word_1_383' title='bbox 3420 1037 3471 1090; x_wconf 93' lang='lat' dir='ltr'><strong>id</strong></span> <span class='ocrx_word' id='word_1_384' title='bbox 3505 1050 3636 1087; x_wconf 85' lang='lat' dir='ltr'><strong>vero</strong></span> <span class='ocrx_word' id='word_1_385' title='bbox 3657 1045 3768 1100; x_wconf 86' lang='lat' dir='ltr'><strong>pro-</strong></span> 
     </span>
    </p>
   </div>
   <div class='ocr_carea' id='block_1_55' title="bbox 2201 1125 3769 1220">
    <p class='ocr_par' dir='ltr' id='par_1_55' title="bbox 2201 1125 3769 1220">
     <span class='ocr_line' id='line_1_56' title="bbox 2201 1125 3769 1220; baseline -0.021 -14"><span class='ocrx_word' id='word_1_386' title='bbox 2201 1165 2422 1220; x_wconf 65' lang='lat' dir='ltr'><strong>gressus</strong></span> <span class='ocrx_word' id='word_1_387' title='bbox 2452 1147 2755 1218; x_wconf 87' lang='lat' dir='ltr'><strong>quindecim</strong></span> <span class='ocrx_word' id='word_1_388' title='bbox 2787 1141 2982 1213; x_wconf 82' lang='lat' dir='ltr'><strong>gradus</strong></span> <span class='ocrx_word' id='word_1_389' title='bbox 3012 1149 3129 1206; x_wconf 87' lang='lat' dir='ltr'><strong>post</strong></span> <span class='ocrx_word' id='word_1_390' title='bbox 3159 1134 3490 1188; x_wconf 88' lang='lat' dir='ltr'><strong>occidentem</strong></span> <span class='ocrx_word' id='word_1_391' title='bbox 3516 1125 3769 1180; x_wconf 76' lang='lat' dir='ltr'><strong>soletltin-</strong></span> 
     </span>
    </p>
   </div>
   <div class='ocr_carea' id='block_1_56' title="bbox 2203 1218 3771 1311">
    <p class='ocr_par' dir='ltr' id='par_1_56' title="bbox 2203 1218 3771 1311">
     <span class='ocr_line' id='line_1_57' title="bbox 2203 1218 3771 1311; baseline -0.022 -15"><span class='ocrx_word' id='word_1_392' title='bbox 2203 1244 2331 1311; x_wconf 85' lang='lat' dir='ltr'><strong>cipit</strong></span> <span class='ocrx_word' id='word_1_393' title='bbox 2353 1241 2478 1294; x_wconf 90' lang='lat' dir='ltr'><strong>oriri</strong></span> <span class='ocrx_word' id='word_1_394' title='bbox 2501 1246 2722 1298; x_wconf 85' lang='lat' dir='ltr'><strong>astrum,</strong></span> <span class='ocrx_word' id='word_1_395' title='bbox 2753 1235 2905 1302; x_wconf 86' lang='lat' dir='ltr'><strong>isque</strong></span> <span class='ocrx_word' id='word_1_396' title='bbox 2929 1238 3147 1283; x_wconf 81' lang='lat' dir='ltr'><strong>vocatur</strong></span> <span class='ocrx_word' id='word_1_397' title='bbox 3173 1234 3389 1278; x_wconf 82' lang='lat' dir='ltr'><strong>exortus</strong></span> <span class='ocrx_word' id='word_1_398' title='bbox 3421 1218 3771 1284; x_wconf 82' lang='lat' dir='ltr'><strong>vespertinus.</strong></span> 
     </span>
    </p>
   </div>
   <div class='ocr_carea' id='block_1_57' title="bbox 2207 1306 3772 1397">
    <p class='ocr_par' dir='ltr' id='par_1_57' title="bbox 2207 1306 3772 1397">
     <span class='ocr_line' id='line_1_58' title="bbox 2207 1306 3772 1397; baseline -0.019 -9"><span class='ocrx_word' id='word_1_399' title='bbox 2207 1335 2410 1388; x_wconf 76' lang='lat' dir='ltr'><strong>llnrsns</strong></span> <span class='ocrx_word' id='word_1_400' title='bbox 2441 1329 3058 1397; x_wconf 81' lang='lat' dir='ltr'><strong>appropinquansastro,</strong></span> <span class='ocrx_word' id='word_1_401' title='bbox 3089 1334 3209 1372; x_wconf 90' lang='lat' dir='ltr'><strong>cum</strong></span> <span class='ocrx_word' id='word_1_402' title='bbox 3242 1313 3429 1380; x_wconf 87' lang='lat' dir='ltr'><strong>incipit</strong></span> <span class='ocrx_word' id='word_1_403' title='bbox 3457 1311 3522 1361; x_wconf 91' lang='lat' dir='ltr'><strong>ad</strong></span> <span class='ocrx_word' id='word_1_404' title='bbox 3549 1306 3772 1377; x_wconf 69' lang='lat' dir='ltr'><strong>quinde-</strong></span> 
     </span>
    </p>
   </div>
   <div class='ocr_carea' id='block_1_58' title="bbox 2209 1407 3775 1493">
    <p class='ocr_par' dir='ltr' id='par_1_58' title="bbox 2209 1407 3775 1493">
     <span class='ocr_line' id='line_1_59' title="bbox 2209 1407 3775 1493; baseline -0.02 -14"><span class='ocrx_word' id='word_1_405' title='bbox 2209 1427 2311 1480; x_wconf 87' lang='lat' dir='ltr'><strong>cim</strong></span> <span class='ocrx_word' id='word_1_406' title='bbox 2343 1425 2540 1493; x_wconf 77' lang='lat' dir='ltr'><strong>gradus</strong></span> <span class='ocrx_word' id='word_1_407' title='bbox 2569 1419 2847 1480; x_wconf 85' lang='lat' dir='ltr'><strong>accedere,</strong></span> <span class='ocrx_word' id='word_1_408' title='bbox 2892 1413 3018 1467; x_wconf 91' lang='lat' dir='ltr'><strong>illud</strong></span> <span class='ocrx_word' id='word_1_409' title='bbox 3049 1419 3268 1462; x_wconf 84' lang='lat' dir='ltr'><strong>vocatur</strong></span> <span class='ocrx_word' id='word_1_410' title='bbox 3298 1418 3525 1458; x_wconf 87' lang='lat' dir='ltr'><strong>occasus</strong></span> <span class='ocrx_word' id='word_1_411' title='bbox 3561 1407 3775 1466; x_wconf 69' lang='lat' dir='ltr'><strong>vesper-</strong></span> 
     </span>
    </p>
   </div>
   <div class='ocr_carea' id='block_1_59' title="bbox 2211 1495 3777 1588">
    <p class='ocr_par' dir='ltr' id='par_1_59' title="bbox 2211 1495 3777 1588">
     <span class='ocr_line' id='line_1_60' title="bbox 2211 1495 3777 1588; baseline -0.021 -12"><span class='ocrx_word' id='word_1_412' title='bbox 2211 1523 2377 1585; x_wconf 88' lang='lat' dir='ltr'><strong>tinus,</strong></span> <span class='ocrx_word' id='word_1_413' title='bbox 2406 1519 2655 1588; x_wconf 90' lang='lat' dir='ltr'><strong>quoniam</strong></span> <span class='ocrx_word' id='word_1_414' title='bbox 2687 1514 2961 1568; x_wconf 80' lang='lat' dir='ltr'><strong>occidente</strong></span> <span class='ocrx_word' id='word_1_415' title='bbox 2985 1507 3096 1558; x_wconf 87' lang='lat' dir='ltr'><strong>sole</strong></span> <span class='ocrx_word' id='word_1_416' title='bbox 3123 1504 3172 1556; x_wconf 91' lang='lat' dir='ltr'><strong>id</strong></span> <span class='ocrx_word' id='word_1_417' title='bbox 3200 1511 3398 1554; x_wconf 88' lang='lat' dir='ltr'><strong>astrum</strong></span> <span class='ocrx_word' id='word_1_418' title='bbox 3431 1495 3677 1566; x_wconf 73' lang='lat' dir='ltr'><strong>proxime</strong></span> <span class='ocrx_word' id='word_1_419' title='bbox 3696 1504 3777 1544; x_wconf 81' lang='lat' dir='ltr'><strong>nc-</strong></span> 
     </span>
    </p>
   </div>
   <div class='ocr_carea' id='block_1_60' title="bbox 2215 1584 3775 1670">
    <p class='ocr_par' dir='ltr' id='par_1_60' title="bbox 2215 1584 3775 1670">
     <span class='ocr_line' id='line_1_61' title="bbox 2215 1584 3775 1670; baseline -0.024 -3"><span class='ocrx_word' id='word_1_420' title='bbox 2215 1613 2384 1667; x_wconf 90' lang='lat' dir='ltr'><strong>cidat.</strong></span> <span class='ocrx_word' id='word_1_421' title='bbox 2434 1610 2748 1670; x_wconf 61' lang='lat' dir='ltr'><strong>P0&gt;lrt‘lll0,</strong></span> <span class='ocrx_word' id='word_1_422' title='bbox 2773 1618 2890 1655; x_wconf 88' lang='lat' dir='ltr'><strong>cum</strong></span> <span class='ocrx_word' id='word_1_423' title='bbox 2925 1595 3108 1664; x_wconf 89' lang='lat' dir='ltr'><strong>incipit</strong></span> <span class='ocrx_word' id='word_1_424' title='bbox 3148 1607 3334 1646; x_wconf 76' lang='lat' dir='ltr'><strong>rursus</strong></span> <span class='ocrx_word' id='word_1_425' title='bbox 3365 1589 3444 1642; x_wconf 93' lang='lat' dir='ltr'><strong>sol</strong></span> <span class='ocrx_word' id='word_1_426' title='bbox 3476 1584 3775 1654; x_wconf 88' lang='lat' dir='ltr'><strong>quindecim</strong></span> 
     </span>
    </p>
   </div>
   <div class='ocr_carea' id='block_1_61' title="bbox 2218 1671 3783 1772">
    <p class='ocr_par' dir='ltr' id='par_1_61' title="bbox 2218 1671 3783 1772">
     <span class='ocr_line' id='line_1_62' title="bbox 2218 1671 3783 1772; baseline -0.022 -16"><span class='ocrx_word' id='word_1_427' title='bbox 2218 1703 2413 1772; x_wconf 75' lang='lat' dir='ltr'><strong>gradus</strong></span> <span class='ocrx_word' id='word_1_428' title='bbox 2451 1698 2707 1753; x_wconf 78' lang='lat' dir='ltr'><strong>accedi-re</strong></span> <span class='ocrx_word' id='word_1_429' title='bbox 2753 1693 2817 1746; x_wconf 82' lang='lat' dir='ltr'><strong>ad</strong></span> <span class='ocrx_word' id='word_1_430' title='bbox 2861 1689 3250 1759; x_wconf 85' lang='lat' dir='ltr'><strong>oppositionem</strong></span> <span class='ocrx_word' id='word_1_431' title='bbox 3305 1679 3620 1749; x_wconf 75' lang='lat' dir='ltr'><strong>proximos,</strong></span> <span class='ocrx_word' id='word_1_432' title='bbox 3673 1671 3783 1740; x_wconf 79' lang='lat' dir='ltr'><strong>quit</strong></span> 
     </span>
    </p>
   </div>
   <div class='ocr_carea' id='block_1_62' title="bbox 2144 1762 3784 1846">
    <p class='ocr_par' dir='ltr' id='par_1_62' title="bbox 2144 1762 3784 1846">
     <span class='ocr_line' id='line_1_63' title="bbox 2144 1762 3784 1846; baseline -0.018 -2"><span class='ocrx_word' id='word_1_433' title='bbox 2144 1783 2194 1844; x_wconf 75' lang='grc' dir='ltr'><strong>Β</strong></span> <span class='ocrx_word' id='word_1_434' title='bbox 2224 1804 2344 1846; x_wconf 91' lang='lat' dir='ltr'><strong>tunc</strong></span> <span class='ocrx_word' id='word_1_435' title='bbox 2371 1793 2577 1846; x_wconf 87' lang='lat' dir='ltr'><strong>oriente</strong></span> <span class='ocrx_word' id='word_1_436' title='bbox 2599 1804 2638 1841; x_wconf 66' lang='lat' dir='ltr'><strong>si</strong></span> <span class='ocrx_word' id='word_1_437' title='bbox 2662 1787 2710 1839; x_wconf 90' lang='lat' dir='ltr'><strong>le</strong></span> <span class='ocrx_word' id='word_1_438' title='bbox 2741 1784 2790 1836; x_wconf 88' lang='lat' dir='ltr'><strong>id</strong></span> <span class='ocrx_word' id='word_1_439' title='bbox 2815 1793 3015 1835; x_wconf 86' lang='lat' dir='ltr'><strong>astrum</strong></span> <span class='ocrx_word' id='word_1_440' title='bbox 3049 1786 3376 1845; x_wconf 89' lang='lat' dir='ltr'><strong>postremum</strong></span> <span class='ocrx_word' id='word_1_441' title='bbox 3409 1768 3625 1820; x_wconf 78' lang='lat' dir='ltr'><strong>videtur</strong></span> <span class='ocrx_word' id='word_1_442' title='bbox 3653 1762 3784 1817; x_wconf 87' lang='lat' dir='ltr'><strong>occi-</strong></span> 
     </span>
    </p>
   </div>
   <div class='ocr_carea' id='block_1_63' title="bbox 2225 1856 3787 1950">
    <p class='ocr_par' dir='ltr' id='par_1_63' title="bbox 2225 1856 3787 1950">
     <span class='ocr_line' id='line_1_64' title="bbox 2225 1856 3787 1950; baseline -0.024 -7"><span class='ocrx_word' id='word_1_443' title='bbox 2225 1892 2372 1950; x_wconf 89' lang='lat' dir='ltr'><strong>de&#39;re,</strong></span> <span class='ocrx_word' id='word_1_444' title='bbox 2407 1884 2602 1938; x_wconf 81' lang='lat' dir='ltr'><strong>dicitur</strong></span> <span class='ocrx_word' id='word_1_445' title='bbox 2627 1890 2849 1932; x_wconf 81' lang='lat' dir='ltr'><strong>occasus</strong></span> <span class='ocrx_word' id='word_1_446' title='bbox 2895 1870 3207 1926; x_wconf 87' lang='lat' dir='ltr'><strong>matutinus.</strong></span> <span class='ocrx_word' id='word_1_447' title='bbox 3255 1868 3308 1919; x_wconf 92' lang='lat' dir='ltr'><strong>ln</strong></span> <span class='ocrx_word' id='word_1_448' title='bbox 3338 1863 3548 1916; x_wconf 73' lang='lat' dir='ltr'><strong>Venere</strong></span> <span class='ocrx_word' id='word_1_449' title='bbox 3577 1867 3632 1911; x_wconf 87' lang='lat' dir='ltr'><strong>et</strong></span> <span class='ocrx_word' id='word_1_450' title='bbox 3663 1856 3787 1909; x_wconf 63' lang='lat' dir='ltr'><strong>Sicr-</strong></span> 
     </span>
    </p>
   </div>
   <div class='ocr_carea' id='block_1_64' title="bbox 2227 1957 3788 2038">
    <p class='ocr_par' dir='ltr' id='par_1_64' title="bbox 2227 1957 3788 2038">
     <span class='ocr_line' id='line_1_65' title="bbox 2227 1957 3788 2038; baseline -0.028 0"><span class='ocrx_word' id='word_1_451' title='bbox 2227 1982 2377 2038; x_wconf 81' lang='lat' dir='ltr'><strong>Cm&#39;io</strong></span> <span class='ocrx_word' id='word_1_452' title='bbox 2403 1976 2599 2032; x_wconf 88' lang='lat' dir='ltr'><strong>rcctins</strong></span> <span class='ocrx_word' id='word_1_453' title='bbox 2621 1970 2740 2037; x_wconf 85' lang='lat' dir='ltr'><strong>quis</strong></span> <span class='ocrx_word' id='word_1_454' title='bbox 2762 1976 2910 2020; x_wconf 91' lang='lat' dir='ltr'><strong>ortns</strong></span> <span class='ocrx_word' id='word_1_455' title='bbox 2941 1961 3275 2029; x_wconf 83' lang='lat' dir='ltr'><strong>veSpertinos</strong></span> <span class='ocrx_word' id='word_1_456' title='bbox 3303 1965 3353 2007; x_wconf 84' lang='lat' dir='ltr'><strong>et</strong></span> <span class='ocrx_word' id='word_1_457' title='bbox 3378 1965 3606 2004; x_wconf 84' lang='lat' dir='ltr'><strong>occasus</strong></span> <span class='ocrx_word' id='word_1_458' title='bbox 3635 1957 3788 1999; x_wconf 81' lang='lat' dir='ltr'><strong>matu-</strong></span> 
     </span>
    </p>
   </div>
   <div class='ocr_carea' id='block_1_65' title="bbox 2229 2036 3792 2128">
    <p class='ocr_par' dir='ltr' id='par_1_65' title="bbox 2229 2036 3792 2128">
     <span class='ocr_line' id='line_1_66' title="bbox 2229 2036 3792 2128; baseline -0.025 0"><span class='ocrx_word' id='word_1_459' title='bbox 2229 2074 2374 2128; x_wconf 89' lang='lat' dir='ltr'><strong>tinos</strong></span> <span class='ocrx_word' id='word_1_460' title='bbox 2419 2063 2687 2122; x_wconf 81' lang='lat' dir='ltr'><strong>vocavetit</strong></span> <span class='ocrx_word' id='word_1_461' title='bbox 2729 2058 3056 2114; x_wconf 74' lang='lat' dir='ltr'><strong>entersioncs</strong></span> <span class='ocrx_word' id='word_1_462' title='bbox 3112 2062 3166 2106; x_wconf 73' lang='lat' dir='ltr'><strong>et</strong></span> <span class='ocrx_word' id='word_1_463' title='bbox 3215 2044 3645 2102; x_wconf 88' lang='lat' dir='ltr'><strong>occultationes:</strong></span> <span class='ocrx_word' id='word_1_464' title='bbox 3685 2036 3792 2104; x_wconf 78' lang='lat' dir='ltr'><strong>quia</strong></span> 
     </span>
    </p>
   </div>
   <div class='ocr_carea' id='block_1_66' title="bbox 2232 2133 3796 2230">
    <p class='ocr_par' dir='ltr' id='par_1_66' title="bbox 2232 2133 3796 2230">
     <span class='ocr_line' id='line_1_67' title="bbox 2232 2133 3796 2230; baseline -0.028 -9"><span class='ocrx_word' id='word_1_465' title='bbox 2232 2177 2448 2230; x_wconf 85' lang='lat' dir='ltr'><strong>semper</strong></span> <span class='ocrx_word' id='word_1_466' title='bbox 2477 2163 2870 2227; x_wconf 90' lang='lat' dir='ltr'><strong>prosequuntur</strong></span> <span class='ocrx_word' id='word_1_467' title='bbox 2896 2151 2996 2204; x_wconf 64' lang='lat' dir='ltr'><strong>ista</strong></span> <span class='ocrx_word' id='word_1_468' title='bbox 3025 2148 3131 2199; x_wconf 89' lang='lat' dir='ltr'><strong>duo</strong></span> <span class='ocrx_word' id='word_1_469' title='bbox 3175 2143 3342 2196; x_wconf 90' lang='lat' dir='ltr'><strong>solem</strong></span> <span class='ocrx_word' id='word_1_470' title='bbox 3369 2179 3383 2200; x_wconf 83' lang='lat'><strong>,</strong></span> <span class='ocrx_word' id='word_1_471' title='bbox 3435 2147 3490 2190; x_wconf 90' lang='lat' dir='ltr'><strong>et</strong></span> <span class='ocrx_word' id='word_1_472' title='bbox 3525 2136 3601 2188; x_wconf 91' lang='lat' dir='ltr'><strong>illi</strong></span> <span class='ocrx_word' id='word_1_473' title='bbox 3630 2133 3796 2183; x_wconf 72' lang='lat' dir='ltr'><strong>adlue-</strong></span> 
     </span>
    </p>
   </div>
   <div class='ocr_carea' id='block_1_67' title="bbox 2233 2220 3800 2318">
    <p class='ocr_par' dir='ltr' id='par_1_67' title="bbox 2233 2220 3800 2318">
     <span class='ocr_line' id='line_1_68' title="bbox 2233 2220 3800 2318; baseline -0.026 -7"><span class='ocrx_word' id='word_1_474' title='bbox 2233 2265 2383 2318; x_wconf 88' lang='lat' dir='ltr'><strong>rent;</strong></span> <span class='ocrx_word' id='word_1_475' title='bbox 2415 2254 2505 2306; x_wconf 83' lang='lat' dir='ltr'><strong>sel</strong></span> <span class='ocrx_word' id='word_1_476' title='bbox 2533 2248 2744 2318; x_wconf 85' lang='lat' dir='ltr'><strong>quando</strong></span> <span class='ocrx_word' id='word_1_477' title='bbox 2769 2259 2922 2297; x_wconf 86' lang='lat' dir='ltr'><strong>inane</strong></span> <span class='ocrx_word' id='word_1_478' title='bbox 2954 2239 3214 2304; x_wconf 86' lang='lat' dir='ltr'><strong>incipiunt</strong></span> <span class='ocrx_word' id='word_1_479' title='bbox 3253 2243 3532 2296; x_wconf 80' lang='lat' dir='ltr'><strong>emergere</strong></span> <span class='ocrx_word' id='word_1_480' title='bbox 3560 2241 3626 2279; x_wconf 73' lang='lat' dir='ltr'><strong>ex</strong></span> <span class='ocrx_word' id='word_1_481' title='bbox 3651 2220 3800 2277; x_wconf 75' lang='lat' dir='ltr'><strong>radiis</strong></span> 
     </span>
    </p>
   </div>
   <div class='ocr_carea' id='block_1_68' title="bbox 2235 2320 3802 2414">
    <p class='ocr_par' dir='ltr' id='par_1_68' title="bbox 2235 2320 3802 2414">
     <span class='ocr_line' id='line_1_69' title="bbox 2235 2320 3802 2414; baseline -0.022 -12"><span class='ocrx_word' id='word_1_482' title='bbox 2235 2358 2288 2402; x_wconf 89' lang='lat' dir='ltr'><strong>et</strong></span> <span class='ocrx_word' id='word_1_483' title='bbox 2317 2353 2572 2414; x_wconf 78' lang='lat' dir='ltr'><strong>apparere</strong></span> <span class='ocrx_word' id='word_1_484' title='bbox 2597 2381 2611 2402; x_wconf 84' lang='lat'><strong>,</strong></span> <span class='ocrx_word' id='word_1_485' title='bbox 2643 2337 2890 2394; x_wconf 80' lang='lat' dir='ltr'><strong>i&#39;icnntur</strong></span> <span class='ocrx_word' id='word_1_486' title='bbox 2931 2331 3060 2384; x_wconf 87' lang='lat' dir='ltr'><strong>or.ri</strong></span> <span class='ocrx_word' id='word_1_487' title='bbox 3109 2337 3228 2382; x_wconf 87' lang='lat' dir='ltr'><strong>ortu</strong></span> <span class='ocrx_word' id='word_1_488' title='bbox 3279 2320 3587 2378; x_wconf 82' lang='lat' dir='ltr'><strong>matutino:</strong></span> <span class='ocrx_word' id='word_1_489' title='bbox 3636 2329 3802 2370; x_wconf 74' lang='lat' dir='ltr'><strong>rursm</strong></span> 
     </span>
    </p>
   </div>
   <div class='ocr_carea' id='block_1_69' title="bbox 2238 2406 3805 2506">
    <p class='ocr_par' dir='ltr' id='par_1_69' title="bbox 2238 2406 3805 2506">
     <span class='ocr_line' id='line_1_70' title="bbox 2238 2406 3805 2506; baseline -0.023 -16"><span class='ocrx_word' id='word_1_490' title='bbox 2238 2437 2448 2506; x_wconf 86' lang='lat' dir='ltr'><strong>quando</strong></span> <span class='ocrx_word' id='word_1_491' title='bbox 2467 2433 2690 2485; x_wconf 64' lang='lat' dir='ltr'><strong>redeunt</strong></span> <span class='ocrx_word' id='word_1_492' title='bbox 2711 2437 2866 2480; x_wconf 83' lang='lat' dir='ltr'><strong>inane</strong></span> <span class='ocrx_word' id='word_1_493' title='bbox 2880 2424 2944 2476; x_wconf 85' lang='lat' dir='ltr'><strong>ad</strong></span> <span class='ocrx_word' id='word_1_494' title='bbox 2961 2422 3149 2483; x_wconf 82' lang='lat' dir='ltr'><strong>solem,</strong></span> <span class='ocrx_word' id='word_1_495' title='bbox 3169 2428 3224 2470; x_wconf 81' lang='lat' dir='ltr'><strong>et</strong></span> <span class='ocrx_word' id='word_1_496' title='bbox 3241 2431 3334 2484; x_wconf 89' lang='lat' dir='ltr'><strong>par</strong></span> <span class='ocrx_word' id='word_1_497' title='bbox 3369 2409 3719 2467; x_wconf 79' lang='lat' dir='ltr'><strong>ntoccnltari.</strong></span> <span class='ocrx_word' id='word_1_498' title='bbox 3735 2406 3805 2458; x_wconf 87' lang='lat' dir='ltr'><strong>di-</strong></span> 
     </span>
    </p>
   </div>
   <div class='ocr_carea' id='block_1_70' title="bbox 2239 2507 3805 2584">
    <p class='ocr_par' dir='ltr' id='par_1_70' title="bbox 2239 2507 3805 2584">
     <span class='ocr_line' id='line_1_71' title="bbox 2239 2507 3805 2584; baseline -0.02 -1"><span class='ocrx_word' id='word_1_499' title='bbox 2239 2539 2431 2584; x_wconf 90' lang='lat' dir='ltr'><strong>cuntur</strong></span> <span class='ocrx_word' id='word_1_500' title='bbox 2449 2523 2694 2577; x_wconf 83' lang='lat' dir='ltr'><strong>occidere</strong></span> <span class='ocrx_word' id='word_1_501' title='bbox 2715 2532 2907 2571; x_wconf 90' lang='lat' dir='ltr'><strong>occasu</strong></span> <span class='ocrx_word' id='word_1_502' title='bbox 2929 2513 3188 2567; x_wconf 85' lang='lat' dir='ltr'><strong>matutino</strong></span> <span class='ocrx_word' id='word_1_503' title='bbox 3209 2528 3221 2564; x_wconf 91' lang='lat'>:</span> <span class='ocrx_word' id='word_1_504' title='bbox 3253 2507 3499 2561; x_wconf 88' lang='lat' dir='ltr'><strong>similiter</strong></span> <span class='ocrx_word' id='word_1_505' title='bbox 3525 2513 3583 2557; x_wconf 91' lang='lat' dir='ltr'><strong>ct</strong></span> <span class='ocrx_word' id='word_1_506' title='bbox 3600 2514 3805 2568; x_wconf 79' lang='lat' dir='ltr'><strong>vespere</strong></span> 
     </span>
    </p>
   </div>
   <div class='ocr_carea' id='block_1_71' title="bbox 2244 2593 3809 2688">
    <p class='ocr_par' dir='ltr' id='par_1_71' title="bbox 2244 2593 3809 2688">
     <span class='ocr_line' id='line_1_72' title="bbox 2244 2593 3809 2688; baseline -0.02 -16"><span class='ocrx_word' id='word_1_507' title='bbox 2244 2617 2598 2681; x_wconf 70' lang='lat' dir='ltr'><strong>emergentia,</strong></span> <span class='ocrx_word' id='word_1_508' title='bbox 2655 2611 2782 2664; x_wconf 90' lang='lat' dir='ltr'><strong>oriri</strong></span> <span class='ocrx_word' id='word_1_509' title='bbox 2812 2618 2867 2661; x_wconf 88' lang='lat' dir='ltr'><strong>et</strong></span> <span class='ocrx_word' id='word_1_510' title='bbox 2899 2604 3184 2688; x_wconf 47' lang='lat' dir='ltr'><strong>‘redenntia</strong></span> <span class='ocrx_word' id='word_1_511' title='bbox 3215 2600 3315 2652; x_wconf 83' lang='lat' dir='ltr'><strong>sub</strong></span> <span class='ocrx_word' id='word_1_512' title='bbox 3345 2597 3530 2650; x_wconf 88' lang='lat' dir='ltr'><strong>radios</strong></span> <span class='ocrx_word' id='word_1_513' title='bbox 3574 2593 3809 2645; x_wconf 85' lang='lat' dir='ltr'><strong>occidere</strong></span> 
     </span>
    </p>
   </div>
   <div class='ocr_carea' id='block_1_72' title="bbox 2246 2681 3811 2766">
    <p class='ocr_par' dir='ltr' id='par_1_72' title="bbox 2246 2681 3811 2766">
     <span class='ocr_line' id='line_1_73' title="bbox 2246 2681 3811 2766; baseline -0.021 -1"><span class='ocrx_word' id='word_1_514' title='bbox 2246 2712 2530 2765; x_wconf 74' lang='lat' dir='ltr'><strong>dicuntur:</strong></span> <span class='ocrx_word' id='word_1_515' title='bbox 2560 2719 2613 2759; x_wconf 89' lang='lat' dir='ltr'><strong>et</strong></span> <span class='ocrx_word' id='word_1_516' title='bbox 2644 2707 2742 2756; x_wconf 92' lang='lat' dir='ltr'><strong>hoc</strong></span> <span class='ocrx_word' id='word_1_517' title='bbox 2771 2710 2852 2753; x_wconf 87' lang='lat' dir='ltr'><strong>est</strong></span> <span class='ocrx_word' id='word_1_518' title='bbox 2887 2681 3026 2766; x_wconf 81' lang='lat' dir='ltr'><strong>quod</strong></span> <span class='ocrx_word' id='word_1_519' title='bbox 3058 2695 3143 2747; x_wconf 87' lang='lat' dir='ltr'><strong>hic</strong></span> <span class='ocrx_word' id='word_1_520' title='bbox 3162 2693 3292 2746; x_wconf 88' lang='lat' dir='ltr'><strong>dicit</strong></span> <span class='ocrx_word' id='word_1_521' title='bbox 3318 2688 3535 2742; x_wconf 87' lang='lat' dir='ltr'><strong>Boetius</strong></span> <span class='ocrx_word' id='word_1_522' title='bbox 3565 2686 3695 2737; x_wconf 90' lang='lat' dir='ltr'><strong>oriri</strong></span> <span class='ocrx_word' id='word_1_523' title='bbox 3722 2681 3811 2734; x_wconf 73' lang='lat' dir='ltr'><strong>Ve-</strong></span> 
     </span>
    </p>
   </div>
   <div class='ocr_carea' id='block_1_73' title="bbox 2249 2774 3812 2866">
    <p class='ocr_par' dir='ltr' id='par_1_73' title="bbox 2249 2774 3812 2866">
     <span class='ocr_line' id='line_1_74' title="bbox 2249 2774 3812 2866; baseline -0.021 -9"><span class='ocrx_word' id='word_1_524' title='bbox 2249 2817 2433 2857; x_wconf 84' lang='lat' dir='ltr'><strong>nerem</strong></span> <span class='ocrx_word' id='word_1_525' title='bbox 2479 2793 2684 2866; x_wconf 64' lang='lat' dir='ltr'><strong>vesperi</strong></span> <span class='ocrx_word' id='word_1_526' title='bbox 2710 2834 2725 2857; x_wconf 89' lang='lat'><strong>,</strong></span> <span class='ocrx_word' id='word_1_527' title='bbox 2767 2793 2818 2844; x_wconf 88' lang='lat' dir='ltr'><strong>id</strong></span> <span class='ocrx_word' id='word_1_528' title='bbox 2846 2799 2928 2844; x_wconf 85' lang='lat' dir='ltr'><strong>est</strong></span> <span class='ocrx_word' id='word_1_529' title='bbox 2975 2787 3207 2854; x_wconf 87' lang='lat' dir='ltr'><strong>incipere</strong></span> <span class='ocrx_word' id='word_1_530' title='bbox 3247 2793 3508 2850; x_wconf 85' lang='lat' dir='ltr'><strong>apparere</strong></span> <span class='ocrx_word' id='word_1_531' title='bbox 3543 2787 3666 2844; x_wconf 85' lang='lat' dir='ltr'><strong>post</strong></span> <span class='ocrx_word' id='word_1_532' title='bbox 3690 2774 3812 2826; x_wconf 81' lang='lat' dir='ltr'><strong>oeci-</strong></span> 
     </span>
    </p>
   </div>
   <div class='ocr_carea' id='block_1_74' title="bbox 2250 2871 3816 2952">
    <p class='ocr_par' dir='ltr' id='par_1_74' title="bbox 2250 2871 3816 2952">
     <span class='ocr_line' id='line_1_75' title="bbox 2250 2871 3816 2952; baseline -0.021 -5"><span class='ocrx_word' id='word_1_533' title='bbox 2250 2895 2463 2948; x_wconf 90' lang='lat' dir='ltr'><strong>dentem</strong></span> <span class='ocrx_word' id='word_1_534' title='bbox 2487 2891 2676 2950; x_wconf 82' lang='lat' dir='ltr'><strong>solem,</strong></span> <span class='ocrx_word' id='word_1_535' title='bbox 2710 2899 2867 2952; x_wconf 87' lang='lat' dir='ltr'><strong>quam</strong></span> <span class='ocrx_word' id='word_1_536' title='bbox 2895 2879 3300 2949; x_wconf 75' lang='lat' dir='ltr'><strong>exp&#39;icationem</strong></span> <span class='ocrx_word' id='word_1_537' title='bbox 3331 2871 3645 2938; x_wconf 53' lang='lat' dir='ltr'><strong>diligentius</strong></span> <span class='ocrx_word' id='word_1_538' title='bbox 3681 2875 3816 2920; x_wconf 72' lang='grc' dir='ltr'>ιιοιιε</span> 
     </span>
    </p>
   </div>
   <div class='ocr_carea' id='block_1_75' title="bbox 2253 2962 3817 3054">
    <p class='ocr_par' dir='ltr' id='par_1_75' title="bbox 2253 2962 3817 3054">
     <span class='ocr_line' id='line_1_76' title="bbox 2253 2962 3817 3054; baseline -0.02 -13"><span class='ocrx_word' id='word_1_539' title='bbox 2253 2999 2328 3051; x_wconf 91' lang='grc' dir='ltr'>ιο,</span> <span class='ocrx_word' id='word_1_540' title='bbox 2358 2983 2605 3054; x_wconf 85' lang='lat' dir='ltr'><strong>quooiam</strong></span> <span class='ocrx_word' id='word_1_541' title='bbox 2637 2979 2824 3032; x_wconf 80' lang='lat' dir='ltr'><strong>crebra</strong></span> <span class='ocrx_word' id='word_1_542' title='bbox 2863 2973 3020 3042; x_wconf 86' lang='lat' dir='ltr'><strong>hujus</strong></span> <span class='ocrx_word' id='word_1_543' title='bbox 3049 2970 3125 3024; x_wconf 91' lang='lat' dir='ltr'><strong>rei</strong></span> <span class='ocrx_word' id='word_1_544' title='bbox 3155 2969 3354 3022; x_wconf 88' lang='lat' dir='ltr'><strong>mentio</strong></span> <span class='ocrx_word' id='word_1_545' title='bbox 3383 2963 3526 3032; x_wconf 87' lang='lat' dir='ltr'><strong>apud</strong></span> <span class='ocrx_word' id='word_1_546' title='bbox 3559 2962 3817 3015; x_wconf 80' lang='lat' dir='ltr'><strong>litteratos</strong></span> 
     </span>
    </p>
   </div>
   <div class='ocr_carea' id='block_1_76' title="bbox 2254 3059 3586 3144">
    <p class='ocr_par' dir='ltr' id='par_1_76' title="bbox 2254 3059 3586 3144">
     <span class='ocr_line' id='line_1_77' title="bbox 2254 3059 3586 3144; baseline -0.023 -10"><span class='ocrx_word' id='word_1_547' title='bbox 2254 3088 2359 3144; x_wconf 87' lang='lat' dir='ltr'><strong>est,</strong></span> <span class='ocrx_word' id='word_1_548' title='bbox 2388 3088 2439 3129; x_wconf 90' lang='grc' dir='ltr'><strong>ει</strong></span> <span class='ocrx_word' id='word_1_549' title='bbox 2473 3088 2596 3128; x_wconf 88' lang='lat' dir='ltr'><strong>raro</strong></span> <span class='ocrx_word' id='word_1_550' title='bbox 2622 3071 2750 3124; x_wconf 86' lang='lat' dir='ltr'><strong>satis</strong></span> <span class='ocrx_word' id='word_1_551' title='bbox 2772 3077 2958 3121; x_wconf 75' lang='lat' dir='ltr'><strong>exacte</strong></span> <span class='ocrx_word' id='word_1_552' title='bbox 2981 3064 3261 3130; x_wconf 80' lang='lat' dir='ltr'><strong>explicata.</strong></span> <span class='ocrx_word' id='word_1_553' title='bbox 3289 3059 3586 3115; x_wconf 75' lang='lat' dir='ltr'><strong>Acntcou.</strong></span> 
     </span>
    </p>
   </div>
   <div class='ocr_carea' id='block_1_77' title="bbox 2332 3139 3822 3235">
    <p class='ocr_par' dir='ltr' id='par_1_77' title="bbox 2332 3139 3822 3235">
     <span class='ocr_line' id='line_1_78' title="bbox 2332 3139 3822 3235; baseline -0.022 -12"><span class='ocrx_word' id='word_1_554' title='bbox 2332 3139 2622 3235; x_wconf 50' lang='lat' dir='ltr'><strong>habenas]</strong></span> <span class='ocrx_word' id='word_1_555' title='bbox 2669 3162 2896 3216; x_wconf 81' lang='lat' dir='ltr'><strong>llaltena:</strong></span> <span class='ocrx_word' id='word_1_556' title='bbox 2919 3158 2986 3210; x_wconf 88' lang='lat' dir='ltr'><strong>ah</strong></span> <span class='ocrx_word' id='word_1_557' title='bbox 3017 3152 3287 3213; x_wconf 85' lang='lat' dir='ltr'><strong>habendo,</strong></span> <span class='ocrx_word' id='word_1_558' title='bbox 3319 3149 3370 3202; x_wconf 88' lang='lat' dir='ltr'><strong>id</strong></span> <span class='ocrx_word' id='word_1_559' title='bbox 3394 3157 3479 3202; x_wconf 89' lang='lat' dir='ltr'><strong>est</strong></span> <span class='ocrx_word' id='word_1_560' title='bbox 3524 3139 3822 3199; x_wconf 86' lang='lat' dir='ltr'><strong>retinendo.</strong></span> 
     </span>
    </p>
   </div>
   <div class='ocr_carea' id='block_1_78' title="bbox 2257 3243 3823 3324">
    <p class='ocr_par' dir='ltr' id='par_1_78' title="bbox 2257 3243 3823 3324">
     <span class='ocr_line' id='line_1_79' title="bbox 2257 3243 3823 3324; baseline -0.019 -9"><span class='ocrx_word' id='word_1_561' title='bbox 2257 3263 2540 3322; x_wconf 87' lang='lat' dir='ltr'><strong>dicuntur,</strong></span> <span class='ocrx_word' id='word_1_562' title='bbox 2575 3255 2694 3324; x_wconf 90' lang='lat' dir='ltr'><strong>quia</strong></span> <span class='ocrx_word' id='word_1_563' title='bbox 2726 3251 2848 3318; x_wconf 88' lang='lat' dir='ltr'><strong>equi</strong></span> <span class='ocrx_word' id='word_1_564' title='bbox 2879 3250 2982 3302; x_wconf 88' lang='lat' dir='ltr'><strong>illis</strong></span> <span class='ocrx_word' id='word_1_565' title='bbox 3013 3245 3364 3299; x_wconf 76' lang='lat' dir='ltr'><strong>cohibeantur</strong></span> <span class='ocrx_word' id='word_1_566' title='bbox 3403 3249 3462 3294; x_wconf 88' lang='lat' dir='ltr'><strong>et</strong></span> <span class='ocrx_word' id='word_1_567' title='bbox 3507 3243 3823 3291; x_wconf 84' lang='lat' dir='ltr'><strong>teneantur:</strong></span> 
     </span>
    </p>
   </div>
   <div class='ocr_carea' id='block_1_79' title="bbox 2263 3336 3814 3419">
    <p class='ocr_par' dir='ltr' id='par_1_79' title="bbox 2263 3336 3814 3419">
     <span class='ocr_line' id='line_1_80' title="bbox 2263 3336 3814 3419; baseline -0.021 -12"><span class='ocrx_word' id='word_1_568' title='bbox 2263 3355 2348 3407; x_wconf 91' lang='lat' dir='ltr'><strong>hic</strong></span> <span class='ocrx_word' id='word_1_569' title='bbox 2379 3354 2598 3419; x_wconf 84' lang='lat' dir='ltr'><strong>lignratc</strong></span> <span class='ocrx_word' id='word_1_570' title='bbox 2623 3361 2716 3411; x_wconf 88' lang='lat' dir='ltr'><strong>pro</strong></span> <span class='ocrx_word' id='word_1_571' title='bbox 2743 3341 2929 3394; x_wconf 83' lang='lat' dir='ltr'><strong>ordine</strong></span> <span class='ocrx_word' id='word_1_572' title='bbox 2958 3348 3048 3391; x_wconf 90' lang='lat' dir='ltr'><strong>aut</strong></span> <span class='ocrx_word' id='word_1_573' title='bbox 3085 3353 3241 3390; x_wconf 90' lang='lat' dir='ltr'><strong>cursu</strong></span> <span class='ocrx_word' id='word_1_574' title='bbox 3273 3343 3509 3404; x_wconf 81' lang='lat' dir='ltr'><strong>ponitur.</strong></span> <span class='ocrx_word' id='word_1_575' title='bbox 3533 3336 3814 3385; x_wconf 77' lang='lat' dir='ltr'><strong>Acatcou.</strong></span> 
     </span>
    </p>
   </div>
   <div class='ocr_carea' id='block_1_80' title="bbox 2334 3420 3820 3508">
    <p class='ocr_par' dir='ltr' id='par_1_80' title="bbox 2334 3420 3820 3508">
     <span class='ocr_line' id='line_1_81' title="bbox 2334 3420 3820 3508; baseline -0.02 -12"><span class='ocrx_word' id='word_1_576' title='bbox 2334 3435 2705 3508; x_wconf 79' lang='lat' dir='ltr'><strong>Frondi/luic]</strong></span> <span class='ocrx_word' id='word_1_577' title='bbox 2755 3433 2888 3501; x_wconf 88' lang='lat' dir='ltr'><strong>Quia</strong></span> <span class='ocrx_word' id='word_1_578' title='bbox 2940 3428 3156 3484; x_wconf 75' lang='lat' dir='ltr'><strong>frondes</strong></span> <span class='ocrx_word' id='word_1_579' title='bbox 3191 3428 3258 3479; x_wconf 85' lang='lat' dir='ltr'><strong>ab</strong></span> <span class='ocrx_word' id='word_1_580' title='bbox 3305 3423 3592 3477; x_wconf 77' lang='lat' dir='ltr'><strong>arboribus</strong></span> <span class='ocrx_word' id='word_1_581' title='bbox 3642 3420 3820 3472; x_wconf 81' lang='lat' dir='ltr'><strong>ﬂuant.</strong></span> 
     </span>
    </p>
   </div>
   <div class='ocr_carea' id='block_1_81' title="bbox 2266 3541 2555 3593">
    <p class='ocr_par' dir='ltr' id='par_1_81' title="bbox 2266 3541 2555 3593">
     <span class='ocr_line' id='line_1_82' title="bbox 2266 3541 2555 3593; baseline -0.038 1"><span class='ocrx_word' id='word_1_582' title='bbox 2266 3541 2555 3593; x_wconf 67' lang='lat' dir='ltr'><strong>Aculcom.</strong></span> 
     </span>
    </p>
   </div>
   <div class='ocr_carea' id='block_1_82' title="bbox 2338 3604 3825 3693">
    <p class='ocr_par' dir='ltr' id='par_1_82' title="bbox 2338 3604 3825 3693">
     <span class='ocr_line' id='line_1_83' title="bbox 2338 3604 3825 3693; baseline -0.022 -11"><span class='ocrx_word' id='word_1_583' title='bbox 2338 3628 2542 3682; x_wconf 80' lang='lat' dir='ltr'><strong>Bruma:</strong></span> <span class='ocrx_word' id='word_1_584' title='bbox 2572 3621 2591 3693; x_wconf 90' lang='lat'><strong>]</strong></span> <span class='ocrx_word' id='word_1_585' title='bbox 2625 3623 2812 3674; x_wconf 84' lang='lat' dir='ltr'><strong>Bruma</strong></span> <span class='ocrx_word' id='word_1_586' title='bbox 2850 3631 2880 3669; x_wconf 88' lang='lat' dir='ltr'><strong>a</strong></span> <span class='ocrx_word' id='word_1_587' title='bbox 2910 3613 3168 3668; x_wconf 76' lang='lat' dir='ltr'><strong>hrcritate</strong></span> <span class='ocrx_word' id='word_1_588' title='bbox 3195 3610 3328 3663; x_wconf 88' lang='lat' dir='ltr'><strong>dicta</strong></span> <span class='ocrx_word' id='word_1_589' title='bbox 3353 3616 3457 3664; x_wconf 83' lang='lat' dir='ltr'><strong>est.</strong></span> <span class='ocrx_word' id='word_1_590' title='bbox 3489 3604 3747 3672; x_wconf 87' lang='lat' dir='ltr'><strong>quoniam</strong></span> <span class='ocrx_word' id='word_1_591' title='bbox 3770 3615 3825 3652; x_wconf 77' lang='lat' dir='ltr'><strong>ea</strong></span> 
     </span>
    </p>
   </div>
   <div class='ocr_carea' id='block_1_83' title="bbox 2269 3693 3831 3774">
    <p class='ocr_par' dir='ltr' id='par_1_83' title="bbox 2269 3693 3831 3774">
     <span class='ocr_line' id='line_1_84' title="bbox 2269 3693 3831 3774; baseline -0.021 0"><span class='ocrx_word' id='word_1_592' title='bbox 2269 3722 2433 3774; x_wconf 89' lang='lat' dir='ltr'><strong>totius</strong></span> <span class='ocrx_word' id='word_1_593' title='bbox 2460 3715 2582 3768; x_wconf 91' lang='lat' dir='ltr'><strong>anni</strong></span> <span class='ocrx_word' id='word_1_594' title='bbox 2612 3711 2921 3765; x_wconf 74' lang='lat' dir='ltr'><strong>brevissima</strong></span> <span class='ocrx_word' id='word_1_595' title='bbox 2952 3706 3017 3758; x_wconf 84' lang='lat' dir='ltr'><strong>sit</strong></span> <span class='ocrx_word' id='word_1_596' title='bbox 3044 3748 3055 3766; x_wconf 83' lang='grc'><strong>,</strong></span> <span class='ocrx_word' id='word_1_597' title='bbox 3103 3703 3240 3755; x_wconf 72' lang='lat' dir='ltr'><strong>sicut</strong></span> <span class='ocrx_word' id='word_1_598' title='bbox 3269 3699 3561 3754; x_wconf 69' lang='lat' dir='ltr'><strong>solstitium</strong></span> <span class='ocrx_word' id='word_1_599' title='bbox 3594 3693 3831 3763; x_wconf 69' lang='grc' dir='ltr'><strong>101ιείεεὶ-</strong></span> 
     </span>
    </p>
   </div>
   <div class='ocr_carea' id='block_1_84' title="bbox 2273 3794 3438 3870">
    <p class='ocr_par' dir='ltr' id='par_1_84' title="bbox 2273 3794 3438 3870">
     <span class='ocr_line' id='line_1_85' title="bbox 2273 3794 3438 3870; baseline -0.02 -5"><span class='ocrx_word' id='word_1_600' title='bbox 2273 3827 2354 3865; x_wconf 79' lang='lat' dir='ltr'><strong>mi</strong></span> <span class='ocrx_word' id='word_1_601' title='bbox 2395 3809 2532 3870; x_wconf 78' lang='lat' dir='ltr'><strong>dies,</strong></span> <span class='ocrx_word' id='word_1_602' title='bbox 2563 3813 2746 3856; x_wconf 89' lang='lat' dir='ltr'><strong>auctor</strong></span> <span class='ocrx_word' id='word_1_603' title='bbox 2774 3809 2856 3853; x_wconf 89' lang='lat' dir='ltr'><strong>est</strong></span> <span class='ocrx_word' id='word_1_604' title='bbox 2896 3797 3114 3851; x_wconf 79' lang='lat' dir='ltr'><strong>Plinius.</strong></span> <span class='ocrx_word' id='word_1_605' title='bbox 3147 3794 3438 3847; x_wconf 80' lang='lat' dir='ltr'><strong>Acntcout.</strong></span> 
     </span>
    </p>
   </div>
   <div class='ocr_carea' id='block_1_85' title="bbox 2351 3882 3834 3968">
    <p class='ocr_par' dir='ltr' id='par_1_85' title="bbox 2351 3882 3834 3968">
     <span class='ocr_line' id='line_1_86' title="bbox 2351 3882 3834 3968; baseline -0.016 -14"><span class='ocrx_word' id='word_1_606' title='bbox 2351 3900 2530 3955; x_wconf 72' lang='grc' dir='ltr'>Ᾱῑειιιδ</span> <span class='ocrx_word' id='word_1_607' title='bbox 2553 3901 2568 3968; x_wconf 73' lang='lat' dir='ltr'>j</span> <span class='ocrx_word' id='word_1_608' title='bbox 2588 3898 2664 3950; x_wconf 86' lang='lat' dir='ltr'><strong>Ah</strong></span> <span class='ocrx_word' id='word_1_609' title='bbox 2693 3902 2849 3955; x_wconf 88' lang='lat' dir='ltr'><strong>a-stu,</strong></span> <span class='ocrx_word' id='word_1_610' title='bbox 2882 3891 2929 3943; x_wconf 87' lang='lat' dir='ltr'><strong>id</strong></span> <span class='ocrx_word' id='word_1_611' title='bbox 2955 3888 3244 3946; x_wconf 85' lang='lat' dir='ltr'><strong>estcalore,</strong></span> <span class='ocrx_word' id='word_1_612' title='bbox 3265 3886 3404 3936; x_wconf 85' lang='lat' dir='ltr'><strong>dicta</strong></span> <span class='ocrx_word' id='word_1_613' title='bbox 3428 3890 3532 3936; x_wconf 78' lang='lat' dir='ltr'><strong>est.</strong></span> <span class='ocrx_word' id='word_1_614' title='bbox 3555 3882 3834 3935; x_wconf 67' lang='lat' dir='ltr'><strong>Aca&#39;cou.</strong></span> 
     </span>
    </p>
   </div>
   <div class='ocr_carea' id='block_1_86' title="bbox 2349 3967 3839 4062">
    <p class='ocr_par' dir='ltr' id='par_1_86' title="bbox 2349 3967 3839 4062">
     <span class='ocr_line' id='line_1_87' title="bbox 2349 3967 3839 4062; baseline -0.017 -15"><span class='ocrx_word' id='word_1_615' title='bbox 2349 3967 2566 4062; x_wconf 76' lang='lat' dir='ltr'><strong>Agilrs]</strong></span> <span class='ocrx_word' id='word_1_616' title='bbox 2621 3987 2836 4051; x_wconf 82' lang='lat' dir='ltr'><strong>l&#39;mprie</strong></span> <span class='ocrx_word' id='word_1_617' title='bbox 2887 3981 3190 4048; x_wconf 79' lang='lat' dir='ltr'><strong>negotiosos</strong></span> <span class='ocrx_word' id='word_1_618' title='bbox 3232 3975 3482 4039; x_wconf 79' lang='lat' dir='ltr'><strong>dicimus,</strong></span> <span class='ocrx_word' id='word_1_619' title='bbox 3517 3975 3606 4042; x_wconf 90' lang='lat' dir='ltr'><strong>qui</strong></span> <span class='ocrx_word' id='word_1_620' title='bbox 3652 3967 3839 4037; x_wconf 81' lang='lat' dir='ltr'><strong>aliquid</strong></span> 
     </span>
    </p>
   </div>
   <div class='ocr_carea' id='block_1_87' title="bbox 2279 4074 3069 4156">
    <p class='ocr_par' dir='ltr' id='par_1_87' title="bbox 2279 4074 3069 4156">
     <span class='ocr_line' id='line_1_88' title="bbox 2279 4074 3069 4156; baseline -0.025 -14"><span class='ocrx_word' id='word_1_621' title='bbox 2279 4096 2463 4156; x_wconf 76' lang='lat' dir='ltr'><strong>agunt.</strong></span> <span class='ocrx_word' id='word_1_622' title='bbox 2499 4081 2682 4134; x_wconf 86' lang='lat' dir='ltr'><strong>llorat.</strong></span> <span class='ocrx_word' id='word_1_623' title='bbox 2719 4079 2812 4129; x_wconf 89' lang='lat' dir='ltr'><strong>int</strong></span> <span class='ocrx_word' id='word_1_624' title='bbox 2846 4074 3016 4142; x_wconf 84' lang='lat' dir='ltr'><strong>Epist.</strong></span> <span class='ocrx_word' id='word_1_625' title='bbox 3057 4089 3069 4122; x_wconf 90' lang='lat'><strong>:</strong></span> 
     </span>
    </p>
   </div>
   <div class='ocr_carea' id='block_1_88' title="bbox 2403 4154 3490 4230">
    <p class='ocr_par' dir='ltr' id='par_1_88' title="bbox 2403 4154 3490 4230">
     <span class='ocr_line' id='line_1_89' title="bbox 2403 4154 3490 4230; baseline -0.02 -8"><span class='ocrx_word' id='word_1_626' title='bbox 2403 4173 2541 4222; x_wconf 74' lang='lat' dir='ltr'><strong>Nunc</strong></span> <span class='ocrx_word' id='word_1_627' title='bbox 2559 4168 2702 4230; x_wconf 79' lang='lat' dir='ltr'><strong>agilis</strong></span> <span class='ocrx_word' id='word_1_628' title='bbox 2724 4167 2801 4221; x_wconf 81' lang='lat' dir='ltr'><strong>ﬁo,</strong></span> <span class='ocrx_word' id='word_1_629' title='bbox 2829 4171 2880 4210; x_wconf 86' lang='lat' dir='ltr'><strong>et</strong></span> <span class='ocrx_word' id='word_1_630' title='bbox 2903 4174 3069 4211; x_wconf 84' lang='lat' dir='ltr'><strong>versor</strong></span> <span class='ocrx_word' id='word_1_631' title='bbox 3091 4157 3312 4206; x_wconf 76' lang='lat' dir='ltr'><strong>civilihus</strong></span> <span class='ocrx_word' id='word_1_632' title='bbox 3332 4154 3490 4203; x_wconf 82' lang='lat' dir='ltr'><strong>undis.</strong></span> 
     </span>
    </p>
   </div>
   <div class='ocr_carea' id='block_1_89' title="bbox 2288 4245 3276 4325">
    <p class='ocr_par' dir='ltr' id='par_1_89' title="bbox 2288 4245 3276 4325">
     <span class='ocr_line' id='line_1_90' title="bbox 2288 4245 3276 4325; baseline -0.021 -11"><span class='ocrx_word' id='word_1_633' title='bbox 2288 4261 2384 4314; x_wconf 87' lang='lat' dir='ltr'><strong>llic</strong></span> <span class='ocrx_word' id='word_1_634' title='bbox 2416 4273 2508 4325; x_wconf 89' lang='lat' dir='ltr'><strong>pro</strong></span> <span class='ocrx_word' id='word_1_635' title='bbox 2534 4255 2696 4308; x_wconf 85' lang='lat' dir='ltr'><strong>celeri</strong></span> <span class='ocrx_word' id='word_1_636' title='bbox 2728 4249 2957 4318; x_wconf 82' lang='lat' dir='ltr'><strong>ponitur.</strong></span> <span class='ocrx_word' id='word_1_637' title='bbox 2987 4245 3276 4299; x_wconf 72' lang='grc' dir='ltr'>Λεειιεοιλ.</span> 
     </span>
    </p>
   </div>
   <div class='ocr_carea' id='block_1_90' title="bbox 2363 4334 3482 4415">
    <p class='ocr_par' dir='ltr' id='par_1_90' title="bbox 2363 4334 3482 4415">
     <span class='ocr_line' id='line_1_91' title="bbox 2363 4334 3482 4415; baseline -0.019 -14"><span class='ocrx_word' id='word_1_638' title='bbox 2363 4347 2534 4401; x_wconf 80' lang='lat' dir='ltr'><strong>&quot;aras</strong></span> <span class='ocrx_word' id='word_1_639' title='bbox 2566 4344 2584 4415; x_wconf 90' lang='lat'><strong>]</strong></span> <span class='ocrx_word' id='word_1_640' title='bbox 2617 4345 2752 4394; x_wconf 89' lang='lat' dir='ltr'><strong>tlora</strong></span> <span class='ocrx_word' id='word_1_641' title='bbox 2776 4339 3018 4392; x_wconf 65' lang='lat' dir='ltr'><strong>Graecum</strong></span> <span class='ocrx_word' id='word_1_642' title='bbox 3050 4344 3152 4386; x_wconf 90' lang='lat' dir='ltr'><strong>est.</strong></span> <span class='ocrx_word' id='word_1_643' title='bbox 3186 4334 3482 4385; x_wconf 75' lang='lat' dir='ltr'><strong>Aculeou.</strong></span> 
     </span>
    </p>
   </div>
   <div class='ocr_carea' id='block_1_91' title="bbox 2358 4419 3847 4504">
    <p class='ocr_par' dir='ltr' id='par_1_91' title="bbox 2358 4419 3847 4504">
     <span class='ocr_line' id='line_1_92' title="bbox 2358 4419 3847 4504; baseline -0.021 -13"><span class='ocrx_word' id='word_1_644' title='bbox 2358 4437 2551 4493; x_wconf 75' lang='lat' dir='ltr'><strong>Boreas</strong></span> <span class='ocrx_word' id='word_1_645' title='bbox 2579 4433 2595 4504; x_wconf 88' lang='lat'><strong>]</strong></span> <span class='ocrx_word' id='word_1_646' title='bbox 2629 4432 2827 4486; x_wconf 72' lang='lat' dir='ltr'><strong>Ventus</strong></span> <span class='ocrx_word' id='word_1_647' title='bbox 2867 4437 2947 4481; x_wconf 85' lang='lat' dir='ltr'><strong>est</strong></span> <span class='ocrx_word' id='word_1_648' title='bbox 2985 4426 3121 4478; x_wconf 91' lang='lat' dir='ltr'><strong>inter</strong></span> <span class='ocrx_word' id='word_1_649' title='bbox 3147 4419 3569 4488; x_wconf 75' lang='lat' dir='ltr'><strong>septentrionem</strong></span> <span class='ocrx_word' id='word_1_650' title='bbox 3603 4425 3654 4468; x_wconf 91' lang='lat' dir='ltr'><strong>et</strong></span> <span class='ocrx_word' id='word_1_651' title='bbox 3688 4419 3847 4464; x_wconf 84' lang='lat' dir='ltr'><strong>ortum</strong></span> 
     </span>
    </p>
   </div>
   <div class='ocr_carea' id='block_1_92' title="bbox 612 4513 2152 4612">
    <p class='ocr_par' dir='ltr' id='par_1_92' title="bbox 612 4522 2152 4612">
     <span class='ocr_line' id='line_1_93' title="bbox 612 4522 2152 4612; baseline -0.021 -15"><span class='ocrx_word' id='word_1_652' title='bbox 612 4556 851 4612; x_wconf 86' lang='lat' dir='ltr'><strong>p--scere,</strong></span> <span class='ocrx_word' id='word_1_653' title='bbox 906 4548 965 4591; x_wconf 89' lang='lat' dir='ltr'><strong>ut</strong></span> <span class='ocrx_word' id='word_1_654' title='bbox 1016 4534 1196 4604; x_wconf 74' lang='lat' dir='ltr'><strong>proicis</strong></span> <span class='ocrx_word' id='word_1_655' title='bbox 1237 4541 1291 4584; x_wconf 91' lang='lat' dir='ltr'><strong>et</strong></span> <span class='ocrx_word' id='word_1_656' title='bbox 1318 4543 1475 4598; x_wconf 90' lang='lat' dir='ltr'><strong>qnam</strong></span> <span class='ocrx_word' id='word_1_657' title='bbox 1529 4522 1845 4578; x_wconf 76' lang='lat' dir='ltr'><strong>brevssimc</strong></span> <span class='ocrx_word' id='word_1_658' title='bbox 1877 4529 2152 4583; x_wconf 81' lang='lat' dir='ltr'><strong>possumus</strong></span> 
     </span>
    </p>
   </div>
   <div class='ocr_carea' id='block_1_93' title="bbox 2227 4513 3850 4612">
    <p class='ocr_par' dir='ltr' id='par_1_93' title="bbox 2227 4513 3850 4594">
     <span class='ocr_line' id='line_1_94' title="bbox 2227 4513 3850 4594; baseline -0.021 -6"><span class='ocrx_word' id='word_1_659' title='bbox 2227 4516 2269 4574; x_wconf 75' lang='grc' dir='ltr'><strong>Ι)</strong></span> <span class='ocrx_word' id='word_1_660' title='bbox 2293 4535 2422 4586; x_wconf 86' lang='lat' dir='ltr'><strong>solis</strong></span> <span class='ocrx_word' id='word_1_661' title='bbox 2449 4531 2716 4590; x_wconf 79' lang='lat' dir='ltr'><strong>a-stivum,</strong></span> <span class='ocrx_word' id='word_1_662' title='bbox 2751 4525 2839 4594; x_wconf 87' lang='lat' dir='ltr'><strong>qui</strong></span> <span class='ocrx_word' id='word_1_663' title='bbox 2870 4513 3054 4575; x_wconf 84' lang='lat' dir='ltr'><strong>Latine</strong></span> <span class='ocrx_word' id='word_1_664' title='bbox 3084 4517 3276 4586; x_wconf 82' lang='lat' dir='ltr'><strong>Aquilo</strong></span> <span class='ocrx_word' id='word_1_665' title='bbox 3305 4513 3520 4566; x_wconf 90' lang='lat' dir='ltr'><strong>dicitur.</strong></span> <span class='ocrx_word' id='word_1_666' title='bbox 3571 4514 3850 4564; x_wconf 70' lang='grc' dir='ltr'>Αειιεοω.</span> 
     </span>
    </p>
   </div>
   <div class='ocr_carea' id='block_1_94' title="bbox 614 4612 2174 4697">
    <p class='ocr_par' dir='ltr' id='par_1_94' title="bbox 614 4612 2174 4697">
     <span class='ocr_line' id='line_1_95' title="bbox 614 4612 2174 4697; baseline -0.019 -8"><span class='ocrx_word' id='word_1_667' title='bbox 614 4652 728 4690; x_wconf 90' lang='lat' dir='ltr'><strong>eam</strong></span> <span class='ocrx_word' id='word_1_668' title='bbox 759 4648 870 4687; x_wconf 89' lang='lat' dir='ltr'><strong>rem</strong></span> <span class='ocrx_word' id='word_1_669' title='bbox 901 4630 1220 4697; x_wconf 85' lang='lat' dir='ltr'><strong>aperiamus.</strong></span> <span class='ocrx_word' id='word_1_670' title='bbox 1251 4627 1387 4676; x_wconf 78' lang='lat' dir='ltr'><strong>Ante</strong></span> <span class='ocrx_word' id='word_1_671' title='bbox 1410 4619 1583 4672; x_wconf 87' lang='lat' dir='ltr'><strong>otnnia</strong></span> <span class='ocrx_word' id='word_1_672' title='bbox 1615 4631 1744 4683; x_wconf 77' lang='lat' dir='ltr'><strong>ergo</strong></span> <span class='ocrx_word' id='word_1_673' title='bbox 1769 4612 2002 4666; x_wconf 86' lang='lat' dir='ltr'><strong>sciamus</strong></span> <span class='ocrx_word' id='word_1_674' title='bbox 2017 4623 2174 4675; x_wconf 84' lang='lat' dir='ltr'><strong>opor-</strong></span> 
     </span>
    </p>
   </div>
   <div class='ocr_carea' id='block_1_95' title="bbox 615 4714 2176 4791">
    <p class='ocr_par' dir='ltr' id='par_1_95' title="bbox 615 4714 2176 4791">
     <span class='ocr_line' id='line_1_96' title="bbox 615 4714 2176 4791; baseline -0.021 -10"><span class='ocrx_word' id='word_1_675' title='bbox 615 4738 709 4789; x_wconf 80' lang='lat' dir='ltr'><strong>tet,</strong></span> <span class='ocrx_word' id='word_1_676' title='bbox 739 4725 975 4791; x_wconf 86' lang='lat' dir='ltr'><strong>duplices</strong></span> <span class='ocrx_word' id='word_1_677' title='bbox 998 4735 1117 4774; x_wconf 63' lang='lat' dir='ltr'><strong>e~se</strong></span> <span class='ocrx_word' id='word_1_678' title='bbox 1146 4727 1294 4771; x_wconf 88' lang='lat' dir='ltr'><strong>ortus</strong></span> <span class='ocrx_word' id='word_1_679' title='bbox 1309 4725 1363 4768; x_wconf 92' lang='lat' dir='ltr'><strong>et</strong></span> <span class='ocrx_word' id='word_1_680' title='bbox 1390 4725 1611 4764; x_wconf 79' lang='lat' dir='ltr'><strong>occasus</strong></span> <span class='ocrx_word' id='word_1_681' title='bbox 1634 4717 1927 4765; x_wconf 79' lang='lat' dir='ltr'><strong>astrorum.</strong></span> <span class='ocrx_word' id='word_1_682' title='bbox 1952 4714 2176 4770; x_wconf 91' lang='lat' dir='ltr'><strong>quorum</strong></span> 
     </span>
    </p>
   </div>
   <div class='ocr_carea' id='block_1_96' title="bbox 617 4795 2178 4871">
    <p class='ocr_par' dir='ltr' id='par_1_96' title="bbox 617 4795 2178 4871">
     <span class='ocr_line' id='line_1_97' title="bbox 617 4795 2178 4871; baseline -0.019 -2"><span class='ocrx_word' id='word_1_683' title='bbox 617 4819 704 4871; x_wconf 81' lang='lat' dir='ltr'><strong>alii</strong></span> <span class='ocrx_word' id='word_1_684' title='bbox 737 4813 988 4869; x_wconf 91' lang='lat' dir='ltr'><strong>mundani</strong></span> <span class='ocrx_word' id='word_1_685' title='bbox 1014 4819 1284 4870; x_wconf 82' lang='lat' dir='ltr'><strong>vocantur,</strong></span> <span class='ocrx_word' id='word_1_686' title='bbox 1319 4804 1409 4856; x_wconf 84' lang='lat' dir='ltr'><strong>alii</strong></span> <span class='ocrx_word' id='word_1_687' title='bbox 1439 4802 1662 4853; x_wconf 80' lang='lat' dir='ltr'><strong>salares.</strong></span> <span class='ocrx_word' id='word_1_688' title='bbox 1701 4795 1997 4850; x_wconf 63' lang='grc' dir='ltr'>Μιιιιιιηιιιις</span> <span class='ocrx_word' id='word_1_689' title='bbox 2028 4799 2178 4841; x_wconf 82' lang='lat' dir='ltr'><strong>ortus</strong></span> 
     </span>
    </p>
   </div>
   <div class='ocr_carea' id='block_1_97' title="bbox 619 4886 2184 4978">
    <p class='ocr_par' dir='ltr' id='par_1_97' title="bbox 619 4886 2184 4978">
     <span class='ocr_line' id='line_1_98' title="bbox 619 4886 2184 4978; baseline -0.02 -14"><span class='ocrx_word' id='word_1_690' title='bbox 619 4921 720 4975; x_wconf 68' lang='lat' dir='ltr'><strong>est,</strong></span> <span class='ocrx_word' id='word_1_691' title='bbox 747 4920 868 4978; x_wconf 86' lang='lat' dir='ltr'><strong>quot</strong></span> <span class='ocrx_word' id='word_1_692' title='bbox 895 4921 954 4960; x_wconf 86' lang='lat' dir='ltr'><strong>es</strong></span> <span class='ocrx_word' id='word_1_693' title='bbox 983 4912 1180 4956; x_wconf 87' lang='lat' dir='ltr'><strong>astrum</strong></span> <span class='ocrx_word' id='word_1_694' title='bbox 1212 4900 1391 4951; x_wconf 85' lang='lat' dir='ltr'><strong>voluto</strong></span> <span class='ocrx_word' id='word_1_695' title='bbox 1418 4897 1555 4949; x_wconf 78' lang='lat' dir='ltr'><strong>eicio</strong></span> <span class='ocrx_word' id='word_1_696' title='bbox 1586 4891 1774 4957; x_wconf 85' lang='lat' dir='ltr'><strong>incipit</strong></span> <span class='ocrx_word' id='word_1_697' title='bbox 1817 4886 1996 4942; x_wconf 86' lang='lat' dir='ltr'><strong>ell‘erri</strong></span> <span class='ocrx_word' id='word_1_698' title='bbox 2028 4898 2184 4948; x_wconf 90' lang='lat' dir='ltr'><strong>supra</strong></span> 
     </span>
    </p>
   </div>
   <div class='ocr_carea' id='block_1_98' title="bbox 623 4976 2172 5061">
    <p class='ocr_par' dir='ltr' id='par_1_98' title="bbox 623 4976 2172 5061">
     <span class='ocr_line' id='line_1_99' title="bbox 623 4976 2172 5061; baseline -0.021 -4"><span class='ocrx_word' id='word_1_699' title='bbox 623 5013 840 5061; x_wconf 85' lang='lat' dir='ltr'><strong>terram,</strong></span> <span class='ocrx_word' id='word_1_700' title='bbox 867 4995 1173 5058; x_wconf 73' lang='lat' dir='ltr'><strong>ntcons,iici</strong></span> <span class='ocrx_word' id='word_1_701' title='bbox 1202 5008 1230 5044; x_wconf 91' lang='lat' dir='ltr'><strong>a</strong></span> <span class='ocrx_word' id='word_1_702' title='bbox 1266 4988 1418 5044; x_wconf 85' lang='lat' dir='ltr'><strong>nohis</strong></span> <span class='ocrx_word' id='word_1_703' title='bbox 1451 4985 1551 5038; x_wconf 84' lang='lat' dir='ltr'><strong>nisi</strong></span> <span class='ocrx_word' id='word_1_704' title='bbox 1583 4983 1664 5036; x_wconf 88' lang='lat' dir='ltr'><strong>sol</strong></span> <span class='ocrx_word' id='word_1_705' title='bbox 1707 4983 1916 5043; x_wconf 88' lang='lat' dir='ltr'><strong>ohstet,</strong></span> <span class='ocrx_word' id='word_1_706' title='bbox 1963 4976 2131 5044; x_wconf 61' lang='lat' dir='ltr'><strong>possit.</strong></span> <span class='ocrx_word' id='word_1_707' title='bbox 2160 4991 2172 5024; x_wconf 93' lang='lat'>:</span> 
     </span>
    </p>
   </div>
   <div class='ocr_carea' id='block_1_99' title="bbox 623 5072 2187 5148">
    <p class='ocr_par' dir='ltr' id='par_1_99' title="bbox 623 5072 2187 5148">
     <span class='ocr_line' id='line_1_100' title="bbox 623 5072 2187 5148; baseline -0.019 0"><span class='ocrx_word' id='word_1_708' title='bbox 623 5101 805 5148; x_wconf 76' lang='lat' dir='ltr'><strong>contra</strong></span> <span class='ocrx_word' id='word_1_709' title='bbox 836 5103 1056 5143; x_wconf 82' lang='lat' dir='ltr'><strong>occasus</strong></span> <span class='ocrx_word' id='word_1_710' title='bbox 1093 5095 1206 5147; x_wconf 84' lang='lat' dir='ltr'><strong>est,</strong></span> <span class='ocrx_word' id='word_1_711' title='bbox 1236 5079 1446 5148; x_wconf 87' lang='lat' dir='ltr'><strong>quando</strong></span> <span class='ocrx_word' id='word_1_712' title='bbox 1474 5087 1676 5130; x_wconf 82' lang='lat' dir='ltr'><strong>astrum</strong></span> <span class='ocrx_word' id='word_1_713' title='bbox 1705 5072 1968 5126; x_wconf 85' lang='lat' dir='ltr'><strong>occulitur</strong></span> <span class='ocrx_word' id='word_1_714' title='bbox 1997 5080 2187 5121; x_wconf 81' lang='lat' dir='ltr'><strong>rursus</strong></span> 
     </span>
    </p>
   </div>
   <div class='ocr_carea' id='block_1_100' title="bbox 623 5161 2187 5240">
    <p class='ocr_par' dir='ltr' id='par_1_100' title="bbox 623 5161 2187 5240">
     <span class='ocr_line' id='line_1_101' title="bbox 623 5161 2187 5240; baseline -0.017 -1"><span class='ocrx_word' id='word_1_715' title='bbox 623 5188 686 5240; x_wconf 89' lang='lat' dir='ltr'><strong>ad</strong></span> <span class='ocrx_word' id='word_1_716' title='bbox 718 5185 1048 5238; x_wconf 85' lang='lat' dir='ltr'><strong>occidentem</strong></span> <span class='ocrx_word' id='word_1_717' title='bbox 1077 5179 1175 5230; x_wconf 90' lang='lat' dir='ltr'><strong>suh</strong></span> <span class='ocrx_word' id='word_1_718' title='bbox 1206 5187 1368 5237; x_wconf 89' lang='lat' dir='ltr'><strong>terra,</strong></span> <span class='ocrx_word' id='word_1_719' title='bbox 1411 5181 1463 5224; x_wconf 88' lang='lat' dir='ltr'><strong>et</strong></span> <span class='ocrx_word' id='word_1_720' title='bbox 1490 5168 1726 5236; x_wconf 86' lang='lat' dir='ltr'><strong>aspectui</strong></span> <span class='ocrx_word' id='word_1_721' title='bbox 1767 5177 1949 5218; x_wconf 70' lang='lat' dir='ltr'><strong>noswo</strong></span> <span class='ocrx_word' id='word_1_722' title='bbox 1977 5161 2187 5213; x_wconf 81' lang='lat' dir='ltr'><strong>snhtra-</strong></span> 
     </span>
    </p>
   </div>
   <div class='ocr_carea' id='block_1_101' title="bbox 627 5251 2190 5332">
    <p class='ocr_par' dir='ltr' id='par_1_101' title="bbox 627 5251 2190 5332">
     <span class='ocr_line' id='line_1_102' title="bbox 627 5251 2190 5332; baseline -0.019 -1"><span class='ocrx_word' id='word_1_723' title='bbox 627 5277 787 5332; x_wconf 77' lang='lat' dir='ltr'><strong>hitur.</strong></span> <span class='ocrx_word' id='word_1_724' title='bbox 819 5282 873 5328; x_wconf 93' lang='grc' dir='ltr'><strong>ει</strong></span> <span class='ocrx_word' id='word_1_725' title='bbox 904 5274 953 5325; x_wconf 92' lang='lat' dir='ltr'><strong>hi</strong></span> <span class='ocrx_word' id='word_1_726' title='bbox 976 5280 1125 5324; x_wconf 89' lang='lat' dir='ltr'><strong>ortus</strong></span> <span class='ocrx_word' id='word_1_727' title='bbox 1152 5278 1205 5321; x_wconf 90' lang='lat' dir='ltr'><strong>et</strong></span> <span class='ocrx_word' id='word_1_728' title='bbox 1234 5278 1452 5318; x_wconf 63' lang='lat' dir='ltr'><strong>occasus</strong></span> <span class='ocrx_word' id='word_1_729' title='bbox 1482 5260 1730 5316; x_wconf 80' lang='lat' dir='ltr'><strong>omnihas</strong></span> <span class='ocrx_word' id='word_1_730' title='bbox 1761 5259 1923 5309; x_wconf 89' lang='lat' dir='ltr'><strong>astris</strong></span> <span class='ocrx_word' id='word_1_731' title='bbox 1951 5251 2190 5318; x_wconf 88' lang='lat' dir='ltr'><strong>quotidie</strong></span> 
     </span>
    </p>
   </div>
   <div class='ocr_carea' id='block_1_102' title="bbox 629 5345 2186 5434">
    <p class='ocr_par' dir='ltr' id='par_1_102' title="bbox 629 5345 2186 5434">
     <span class='ocr_line' id='line_1_103' title="bbox 629 5345 2186 5434; baseline -0.017 -15"><span class='ocrx_word' id='word_1_732' title='bbox 629 5376 843 5434; x_wconf 87' lang='lat' dir='ltr'><strong>propter</strong></span> <span class='ocrx_word' id='word_1_733' title='bbox 896 5366 1154 5432; x_wconf 63' lang='lat' dir='ltr'><strong>integram</strong></span> <span class='ocrx_word' id='word_1_734' title='bbox 1206 5356 1328 5410; x_wconf 73' lang='grc' dir='ltr'>εωιί</span> <span class='ocrx_word' id='word_1_735' title='bbox 1382 5353 1788 5408; x_wconf 81' lang='lat' dir='ltr'><strong>conversionem</strong></span> <span class='ocrx_word' id='word_1_736' title='bbox 1849 5345 2186 5409; x_wconf 77' lang='lat' dir='ltr'><strong>contingunt.</strong></span> 
     </span>
    </p>
   </div>
   <div class='ocr_carea' id='block_1_103' title="bbox 627 5435 2198 5512">
    <p class='ocr_par' dir='ltr' id='par_1_103' title="bbox 627 5435 2198 5512">
     <span class='ocr_line' id='line_1_104' title="bbox 627 5435 2198 5512; baseline -0.018 0"><span class='ocrx_word' id='word_1_737' title='bbox 627 5457 830 5512; x_wconf 89' lang='lat' dir='ltr'><strong>Solaris</strong></span> <span class='ocrx_word' id='word_1_738' title='bbox 855 5466 1030 5510; x_wconf 88' lang='lat' dir='ltr'><strong>autem</strong></span> <span class='ocrx_word' id='word_1_739' title='bbox 1057 5461 1204 5506; x_wconf 85' lang='lat' dir='ltr'><strong>ortus</strong></span> <span class='ocrx_word' id='word_1_740' title='bbox 1227 5458 1282 5502; x_wconf 86' lang='lat' dir='ltr'><strong>et</strong></span> <span class='ocrx_word' id='word_1_741' title='bbox 1317 5459 1539 5499; x_wconf 87' lang='lat' dir='ltr'><strong>occasus</strong></span> <span class='ocrx_word' id='word_1_742' title='bbox 1569 5441 1756 5511; x_wconf 86' lang='lat' dir='ltr'><strong>quales</strong></span> <span class='ocrx_word' id='word_1_743' title='bbox 1789 5445 1950 5500; x_wconf 88' lang='lat' dir='ltr'><strong>sunt,</strong></span> <span class='ocrx_word' id='word_1_744' title='bbox 1987 5439 2065 5488; x_wconf 88' lang='lat' dir='ltr'><strong>sic</strong></span> <span class='ocrx_word' id='word_1_745' title='bbox 2105 5435 2198 5485; x_wconf 87' lang='lat' dir='ltr'><strong>ha-</strong></span> 
     </span>
    </p>
   </div>
   <div class='ocr_carea' id='block_1_104' title="bbox 630 5525 2182 5613">
    <p class='ocr_par' dir='ltr' id='par_1_104' title="bbox 630 5525 2182 5613">
     <span class='ocr_line' id='line_1_105' title="bbox 630 5525 2182 5613; baseline -0.017 -9"><span class='ocrx_word' id='word_1_746' title='bbox 630 5548 792 5604; x_wconf 84' lang='lat' dir='ltr'><strong>beto:</strong></span> <span class='ocrx_word' id='word_1_747' title='bbox 843 5548 922 5601; x_wconf 90' lang='lat' dir='ltr'><strong>sol</strong></span> <span class='ocrx_word' id='word_1_748' title='bbox 970 5544 1388 5613; x_wconf 77' lang='lat' dir='ltr'><strong>qnandoeupque</strong></span> <span class='ocrx_word' id='word_1_749' title='bbox 1438 5533 1652 5603; x_wconf 83' lang='lat' dir='ltr'><strong>aliquod</strong></span> <span class='ocrx_word' id='word_1_750' title='bbox 1707 5541 1910 5587; x_wconf 87' lang='lat' dir='ltr'><strong>astrum</strong></span> <span class='ocrx_word' id='word_1_751' title='bbox 1960 5525 2182 5596; x_wconf 88' lang='lat' dir='ltr'><strong>propius</strong></span> 
     </span>
    </p>
   </div>
   <div class='ocr_carea' id='block_1_105' title="bbox 633 5619 2186 5710">
    <p class='ocr_par' dir='ltr' id='par_1_105' title="bbox 633 5619 2186 5710">
     <span class='ocr_line' id='line_1_106' title="bbox 633 5619 2186 5710; baseline -0.016 -15"><span class='ocrx_word' id='word_1_752' title='bbox 633 5641 932 5710; x_wconf 89' lang='lat' dir='ltr'><strong>quindecim</strong></span> <span class='ocrx_word' id='word_1_753' title='bbox 964 5636 1200 5707; x_wconf 87' lang='lat' dir='ltr'><strong>partibus</strong></span> <span class='ocrx_word' id='word_1_754' title='bbox 1220 5675 1235 5699; x_wconf 91' lang='lat'><strong>,</strong></span> <span class='ocrx_word' id='word_1_755' title='bbox 1269 5633 1350 5688; x_wconf 89' lang='lat' dir='ltr'><strong>vel</strong></span> <span class='ocrx_word' id='word_1_756' title='bbox 1382 5630 1464 5702; x_wconf 88' lang='lat' dir='ltr'><strong>(ut</strong></span> <span class='ocrx_word' id='word_1_757' title='bbox 1491 5629 1648 5697; x_wconf 84' lang='lat' dir='ltr'><strong>vulgo</strong></span> <span class='ocrx_word' id='word_1_758' title='bbox 1694 5621 1981 5693; x_wconf 89' lang='lat' dir='ltr'><strong>loquimur)</strong></span> <span class='ocrx_word' id='word_1_759' title='bbox 2012 5619 2186 5689; x_wconf 80' lang='lat' dir='ltr'><strong>gradi-</strong></span> 
     </span>
    </p>
   </div>
   <div class='ocr_carea' id='block_1_106' title="bbox 636 5714 2180 5798">
    <p class='ocr_par' dir='ltr' id='par_1_106' title="bbox 636 5714 2180 5798">
     <span class='ocr_line' id='line_1_107' title="bbox 636 5714 2180 5798; baseline -0.012 -12"><span class='ocrx_word' id='word_1_760' title='bbox 636 5731 735 5786; x_wconf 79' lang='lat' dir='ltr'><strong>bus</strong></span> <span class='ocrx_word' id='word_1_761' title='bbox 760 5731 979 5798; x_wconf 81' lang='lat' dir='ltr'><strong>alicujus</strong></span> <span class='ocrx_word' id='word_1_762' title='bbox 1008 5727 1492 5798; x_wconf 70' lang='lat' dir='ltr'><strong>signiconjunctnm</strong></span> <span class='ocrx_word' id='word_1_763' title='bbox 1519 5723 1590 5778; x_wconf 89' lang='lat' dir='ltr'><strong>illi</strong></span> <span class='ocrx_word' id='word_1_764' title='bbox 1619 5729 1730 5785; x_wconf 88' lang='lat' dir='ltr'><strong>est,</strong></span> <span class='ocrx_word' id='word_1_765' title='bbox 1764 5726 1890 5772; x_wconf 82' lang='lat' dir='ltr'><strong>tunc</strong></span> <span class='ocrx_word' id='word_1_766' title='bbox 1920 5714 2180 5784; x_wconf 77' lang='lat' dir='ltr'><strong>magnitu-</strong></span> 
     </span>
    </p>
   </div>
   <div class='ocr_carea' id='block_1_107' title="bbox 2362 4599 3852 4694">
    <p class='ocr_par' dir='ltr' id='par_1_107' title="bbox 2362 4599 3852 4694">
     <span class='ocr_line' id='line_1_108' title="bbox 2362 4599 3852 4694; baseline -0.018 -17"><span class='ocrx_word' id='word_1_767' title='bbox 2362 4623 2626 4694; x_wconf 74' lang='lat' dir='ltr'><strong>Zephyrus</strong></span> <span class='ocrx_word' id='word_1_768' title='bbox 2661 4609 2865 4687; x_wconf 65' lang='lat' dir='ltr'><strong>lQuein</strong></span> <span class='ocrx_word' id='word_1_769' title='bbox 2912 4614 3096 4668; x_wconf 77' lang='lat' dir='ltr'><strong>Latine</strong></span> <span class='ocrx_word' id='word_1_770' title='bbox 3138 4609 3435 4663; x_wconf 78' lang='lat' dir='ltr'><strong>Faviinium</strong></span> <span class='ocrx_word' id='word_1_771' title='bbox 3466 4604 3731 4669; x_wconf 81' lang='lat' dir='ltr'><strong>dicimus,</strong></span> <span class='ocrx_word' id='word_1_772' title='bbox 3775 4599 3852 4652; x_wconf 78' lang='lat' dir='ltr'><strong>ﬂat</strong></span> 
     </span>
    </p>
   </div>
   <div class='ocr_carea' id='block_1_108' title="bbox 2294 4706 3292 4779">
    <p class='ocr_par' dir='ltr' id='par_1_108' title="bbox 2294 4706 3292 4779">
     <span class='ocr_line' id='line_1_109' title="bbox 2294 4706 3292 4779; baseline -0.016 -10"><span class='ocrx_word' id='word_1_773' title='bbox 2294 4716 2362 4770; x_wconf 89' lang='lat' dir='ltr'><strong>ab</strong></span> <span class='ocrx_word' id='word_1_774' title='bbox 2391 4730 2586 4767; x_wconf 59' lang='lat' dir='ltr'><strong>oet-asa</strong></span> <span class='ocrx_word' id='word_1_775' title='bbox 2610 4707 2987 4779; x_wconf 85' lang='lat' dir='ltr'><strong>a-qoinoctiali.</strong></span> <span class='ocrx_word' id='word_1_776' title='bbox 3023 4706 3292 4758; x_wconf 73' lang='lat' dir='ltr'><strong>AGRICOLA</strong></span> 
     </span>
    </p>
   </div>
   <div class='ocr_carea' id='block_1_109' title="bbox 2369 4782 3858 4870">
    <p class='ocr_par' dir='ltr' id='par_1_109' title="bbox 2369 4782 3858 4870">
     <span class='ocr_line' id='line_1_110' title="bbox 2369 4782 3858 4870; baseline -0.015 -14"><span class='ocrx_word' id='word_1_777' title='bbox 2369 4800 2655 4870; x_wconf 78' lang='lat' dir='ltr'><strong>Arcturus]</strong></span> <span class='ocrx_word' id='word_1_778' title='bbox 2686 4798 2890 4862; x_wconf 54' lang='lat' dir='ltr'><strong>Graiee,</strong></span> <span class='ocrx_word' id='word_1_779' title='bbox 2924 4797 3298 4860; x_wconf 81' lang='lat' dir='ltr'><strong>interpretatur</strong></span> <span class='ocrx_word' id='word_1_780' title='bbox 3328 4803 3469 4842; x_wconf 71' lang='lat' dir='ltr'><strong>ursa:</strong></span> <span class='ocrx_word' id='word_1_781' title='bbox 3495 4786 3697 4848; x_wconf 82' lang='lat' dir='ltr'><strong>cauda,</strong></span> <span class='ocrx_word' id='word_1_782' title='bbox 3726 4782 3858 4836; x_wconf 68' lang='lat' dir='ltr'><strong>sidus</strong></span> 
     </span>
    </p>
   </div>
   <div class='ocr_carea' id='block_1_110' title="bbox 2297 4877 3860 4963">
    <p class='ocr_par' dir='ltr' id='par_1_110' title="bbox 2297 4877 3860 4963">
     <span class='ocr_line' id='line_1_111' title="bbox 2297 4877 3860 4963; baseline -0.017 -12"><span class='ocrx_word' id='word_1_783' title='bbox 2297 4905 2380 4951; x_wconf 87' lang='lat' dir='ltr'><strong>est</strong></span> <span class='ocrx_word' id='word_1_784' title='bbox 2415 4893 2556 4963; x_wconf 86' lang='lat' dir='ltr'><strong>quod</strong></span> <span class='ocrx_word' id='word_1_785' title='bbox 2602 4889 2882 4946; x_wconf 76' lang='lat' dir='ltr'><strong>Novembri</strong></span> <span class='ocrx_word' id='word_1_786' title='bbox 2921 4902 3104 4941; x_wconf 68' lang='lat' dir='ltr'><strong>mense</strong></span> <span class='ocrx_word' id='word_1_787' title='bbox 3144 4895 3361 4936; x_wconf 78' lang='lat' dir='ltr'><strong>exortus</strong></span> <span class='ocrx_word' id='word_1_788' title='bbox 3397 4883 3692 4936; x_wconf 83' lang='lat' dir='ltr'><strong>matutinos</strong></span> <span class='ocrx_word' id='word_1_789' title='bbox 3731 4877 3860 4932; x_wconf 80' lang='lat' dir='ltr'><strong>facit,</strong></span> 
     </span>
    </p>
   </div>
   <div class='ocr_carea' id='block_1_111' title="bbox 2296 4981 3339 5055">
    <p class='ocr_par' dir='ltr' id='par_1_111' title="bbox 2296 4981 3339 5055">
     <span class='ocr_line' id='line_1_112' title="bbox 2296 4981 3339 5055; baseline -0.012 -15"><span class='ocrx_word' id='word_1_790' title='bbox 2296 4987 2514 5055; x_wconf 89' lang='lat' dir='ltr'><strong>quando</strong></span> <span class='ocrx_word' id='word_1_791' title='bbox 2545 4983 2792 5052; x_wconf 72' lang='lat' dir='ltr'><strong>agricola!</strong></span> <span class='ocrx_word' id='word_1_792' title='bbox 2815 4990 3018 5034; x_wconf 84' lang='lat' dir='ltr'><strong>serunt.</strong></span> <span class='ocrx_word' id='word_1_793' title='bbox 3050 4981 3339 5031; x_wconf 74' lang='lat' dir='ltr'><strong>AGBICOLA.</strong></span> 
     </span>
    </p>
   </div>
   <div class='ocr_carea' id='block_1_112' title="bbox 2375 5059 3863 5140">
    <p class='ocr_par' dir='ltr' id='par_1_112' title="bbox 2375 5059 3863 5140">
     <span class='ocr_line' id='line_1_113' title="bbox 2375 5059 3863 5140; baseline -0.016 -10"><span class='ocrx_word' id='word_1_794' title='bbox 2375 5077 2586 5130; x_wconf 80' lang='lat' dir='ltr'><strong>Semina</strong></span> <span class='ocrx_word' id='word_1_795' title='bbox 2606 5086 2651 5127; x_wconf 87' lang='lat' dir='ltr'><strong>et</strong></span> <span class='ocrx_word' id='word_1_796' title='bbox 2675 5067 2896 5140; x_wconf 79' lang='lat' dir='ltr'><strong>segetes]</strong></span> <span class='ocrx_word' id='word_1_797' title='bbox 2932 5067 3210 5129; x_wconf 85' lang='lat' dir='ltr'><strong>Diﬂ&#39;crnnt,</strong></span> <span class='ocrx_word' id='word_1_798' title='bbox 3240 5063 3491 5134; x_wconf 82' lang='lat' dir='ltr'><strong>quoniam</strong></span> <span class='ocrx_word' id='word_1_799' title='bbox 3510 5059 3719 5114; x_wconf 63' lang='lat' dir='ltr'><strong>semina</strong></span> <span class='ocrx_word' id='word_1_800' title='bbox 3750 5064 3863 5108; x_wconf 82' lang='lat' dir='ltr'><strong>sunt</strong></span> 
     </span>
    </p>
   </div>
   <div class='ocr_carea' id='block_1_113' title="bbox 2302 5152 3864 5238">
    <p class='ocr_par' dir='ltr' id='par_1_113' title="bbox 2302 5152 3864 5238">
     <span class='ocr_line' id='line_1_114' title="bbox 2302 5152 3864 5238; baseline -0.02 -12"><span class='ocrx_word' id='word_1_801' title='bbox 2302 5187 2363 5226; x_wconf 86' lang='lat' dir='ltr'><strong>ea</strong></span> <span class='ocrx_word' id='word_1_802' title='bbox 2389 5186 2506 5238; x_wconf 64' lang='lat' dir='ltr'><strong>quae</strong></span> <span class='ocrx_word' id='word_1_803' title='bbox 2535 5166 2763 5220; x_wconf 86' lang='lat' dir='ltr'><strong>serendo</strong></span> <span class='ocrx_word' id='word_1_804' title='bbox 2807 5164 2857 5217; x_wconf 95' lang='lat' dir='ltr'><strong>in</strong></span> <span class='ocrx_word' id='word_1_805' title='bbox 2884 5177 3038 5229; x_wconf 83' lang='lat' dir='ltr'><strong>agros</strong></span> <span class='ocrx_word' id='word_1_806' title='bbox 3084 5165 3361 5227; x_wconf 80' lang='lat' dir='ltr'><strong>spargunt,</strong></span> <span class='ocrx_word' id='word_1_807' title='bbox 3384 5163 3598 5222; x_wconf 80' lang='lat' dir='ltr'><strong>Segetes</strong></span> <span class='ocrx_word' id='word_1_808' title='bbox 3634 5164 3709 5203; x_wconf 78' lang='lat' dir='ltr'><strong>ca:</strong></span> <span class='ocrx_word' id='word_1_809' title='bbox 3758 5152 3864 5199; x_wconf 87' lang='lat' dir='ltr'><strong>sunt</strong></span> 
     </span>
    </p>
   </div>
   <div class='ocr_carea' id='block_1_114' title="bbox 2303 5244 3688 5333">
    <p class='ocr_par' dir='ltr' id='par_1_114' title="bbox 2303 5244 3688 5333">
     <span class='ocr_line' id='line_1_115' title="bbox 2303 5244 3688 5333; baseline -0.017 -18"><span class='ocrx_word' id='word_1_810' title='bbox 2303 5278 2422 5333; x_wconf 68' lang='lat' dir='ltr'><strong>qua:</strong></span> <span class='ocrx_word' id='word_1_811' title='bbox 2446 5276 2510 5314; x_wconf 83' lang='lat' dir='ltr'><strong>ex</strong></span> <span class='ocrx_word' id='word_1_812' title='bbox 2540 5255 2830 5311; x_wconf 88' lang='lat' dir='ltr'><strong>seminibus</strong></span> <span class='ocrx_word' id='word_1_813' title='bbox 2853 5253 2902 5306; x_wconf 91' lang='lat' dir='ltr'><strong>in</strong></span> <span class='ocrx_word' id='word_1_814' title='bbox 2929 5267 3056 5320; x_wconf 81' lang='lat' dir='ltr'><strong>agro</strong></span> <span class='ocrx_word' id='word_1_815' title='bbox 3085 5257 3391 5302; x_wconf 87' lang='lat' dir='ltr'><strong>nascuntur.</strong></span> <span class='ocrx_word' id='word_1_816' title='bbox 3423 5244 3644 5296; x_wconf 82' lang='lat' dir='ltr'><strong>Persius</strong></span> <span class='ocrx_word' id='word_1_817' title='bbox 3673 5255 3688 5289; x_wconf 92' lang='lat'><strong>:</strong></span> 
     </span>
    </p>
   </div>
   <div class='ocr_carea' id='block_1_115' title="bbox 2428 5342 3143 5409">
    <p class='ocr_par' dir='ltr' id='par_1_115' title="bbox 2428 5342 3143 5409">
     <span class='ocr_line' id='line_1_116' title="bbox 2428 5342 3143 5409; baseline -0.02 -10"><span class='ocrx_word' id='word_1_818' title='bbox 2428 5353 2586 5409; x_wconf 77' lang='lat' dir='ltr'><strong>Seges</strong></span> <span class='ocrx_word' id='word_1_819' title='bbox 2611 5346 2764 5394; x_wconf 83' lang='lat' dir='ltr'><strong>altera</strong></span> <span class='ocrx_word' id='word_1_820' title='bbox 2787 5346 2838 5392; x_wconf 94' lang='lat' dir='ltr'><strong>in</strong></span> <span class='ocrx_word' id='word_1_821' title='bbox 2872 5342 3022 5390; x_wconf 87' lang='lat' dir='ltr'><strong>herba</strong></span> <span class='ocrx_word' id='word_1_822' title='bbox 3050 5345 3143 5387; x_wconf 89' lang='lat' dir='ltr'><strong>est.</strong></span> 
     </span>
    </p>
   </div>
   <div class='ocr_carea' id='block_1_116' title="bbox 2307 5438 2595 5491">
    <p class='ocr_par' dir='ltr' id='par_1_116' title="bbox 2307 5438 2595 5491">
     <span class='ocr_line' id='line_1_117' title="bbox 2307 5438 2595 5491; baseline -0.028 1"><span class='ocrx_word' id='word_1_823' title='bbox 2307 5438 2595 5491; x_wconf 70' lang='lat' dir='ltr'><strong>AGRICDLA.</strong></span> 
     </span>
    </p>
   </div>
   <div class='ocr_carea' id='block_1_117' title="bbox 2382 5508 3870 5593">
    <p class='ocr_par' dir='ltr' id='par_1_117' title="bbox 2382 5508 3870 5593">
     <span class='ocr_line' id='line_1_118' title="bbox 2382 5508 3870 5593; baseline -0.016 -13"><span class='ocrx_word' id='word_1_824' title='bbox 2382 5522 2596 5593; x_wconf 82' lang='lat' dir='ltr'><strong>Sirius]</strong></span> <span class='ocrx_word' id='word_1_825' title='bbox 2639 5521 2802 5575; x_wconf 85' lang='lat' dir='ltr'><strong>Stella</strong></span> <span class='ocrx_word' id='word_1_826' title='bbox 2844 5533 2905 5573; x_wconf 88' lang='lat' dir='ltr'><strong>ea</strong></span> <span class='ocrx_word' id='word_1_827' title='bbox 2946 5525 3027 5571; x_wconf 90' lang='lat' dir='ltr'><strong>est</strong></span> <span class='ocrx_word' id='word_1_828' title='bbox 3065 5529 3220 5584; x_wconf 90' lang='lat' dir='ltr'><strong>quam</strong></span> <span class='ocrx_word' id='word_1_829' title='bbox 3261 5508 3560 5565; x_wconf 88' lang='lat' dir='ltr'><strong>caniculam</strong></span> <span class='ocrx_word' id='word_1_830' title='bbox 3591 5515 3870 5559; x_wconf 78' lang='lat' dir='ltr'><strong>vocamus.</strong></span> 
     </span>
    </p>
   </div>
   <div class='ocr_carea' id='block_1_118' title="bbox 2311 5600 3878 5691">
    <p class='ocr_par' dir='ltr' id='par_1_118' title="bbox 2311 5600 3878 5691">
     <span class='ocr_line' id='line_1_119' title="bbox 2311 5600 3878 5691; baseline -0.018 -18"><span class='ocrx_word' id='word_1_831' title='bbox 2311 5636 2428 5691; x_wconf 78' lang='lat' dir='ltr'><strong>qua:</strong></span> <span class='ocrx_word' id='word_1_832' title='bbox 2451 5617 2735 5672; x_wconf 84' lang='lat' dir='ltr'><strong>matutinos</strong></span> <span class='ocrx_word' id='word_1_833' title='bbox 2762 5621 2909 5667; x_wconf 89' lang='lat' dir='ltr'><strong>ortus</strong></span> <span class='ocrx_word' id='word_1_834' title='bbox 2937 5611 2986 5666; x_wconf 90' lang='lat' dir='ltr'><strong>in</strong></span> <span class='ocrx_word' id='word_1_835' title='bbox 3017 5608 3156 5664; x_wconf 83' lang='lat' dir='ltr'><strong>.lulio</strong></span> <span class='ocrx_word' id='word_1_836' title='bbox 3181 5605 3328 5669; x_wconf 75' lang='lat' dir='ltr'><strong>facit,</strong></span> <span class='ocrx_word' id='word_1_837' title='bbox 3351 5617 3472 5657; x_wconf 92' lang='lat' dir='ltr'><strong>cum</strong></span> <span class='ocrx_word' id='word_1_838' title='bbox 3517 5600 3878 5656; x_wconf 82' lang='lat' dir='ltr'><strong>maturescunt</strong></span> 
     </span>
    </p>
   </div>
   <div class='ocr_carea' id='block_1_119' title="bbox 2315 5711 2854 5780">
    <p class='ocr_par' dir='ltr' id='par_1_119' title="bbox 2315 5711 2854 5780">
     <span class='ocr_line' id='line_1_120' title="bbox 2315 5711 2854 5780; baseline -0.024 -12"><span class='ocrx_word' id='word_1_839' title='bbox 2315 5723 2536 5780; x_wconf 83' lang='lat' dir='ltr'><strong>segetes.</strong></span> <span class='ocrx_word' id='word_1_840' title='bbox 2567 5711 2854 5763; x_wconf 75' lang='lat' dir='ltr'><strong>Acatcou.</strong></span> 
     </span>
    </p>
   </div>
  </div>
