4010 6372
265 410 364 464 937

259 629 385 680 que,
407 616 497 684 qui
521 612 713 684 cuique
742 617 971 670 tributus
1001 627 1093 671 aut
1120 618 1183 671 ad
1217 622 1585 675 excubandum
1614 631 1707 676 aut
1740 625 1835 677 de-

258 704 580 759 fendendum
608 717 743 759 erat.
774 705 1133 772 Quintilianus
1177 706 1229 761 in
1261 709 1426 762 Milite
1462 709 1698 765 Mariano
1729 729 1740 765 :
1774 712 1839 767 Et

254 795 324 847 ab
352 782 623 863 assignata
653 797 885 850 statione
917 795 1065 851 miles
1094 797 1375 853 abducitur
1394 839 1408 862 ,
1440 798 1635 853 dicitur
1651 809 1831 855 autem

252 897 308 939 et
340 886 513 951 locus,
537 888 589 939 in
612 901 718 956 qno
738 888 860 957 quis
884 890 1045 942 homo
1069 888 1151 943 vel
1177 902 1264 944 res
1293 890 1557 945 consistit.
1580 890 1835 961 Virgilius

262 974 315 1028 in
351 989 385 1028 ll
409 973 624 1030 .Eneid.
659 992 672 1031 :

386 1061 525 1112 Nunc
559 1070 746 1113 tantum
771 1066 923 1125 sinus,
947 1072 999 1115 et
1020 1068 1164 1115 statio
1186 1066 1404 1116 maleﬁda
1421 1070 1619 1120 carinis.

249 1144 547 1200 Acstcou.

329 1233 515 1289 Omnia
542 1244 676 1290 certo
716 1236 839 1304 ﬁne,
884 1235 1040 1308 etc.]
1086 1238 1309 1300 lndocti,
1378 1254 1606 1309 quorum
1655 1243 1831 1297 omnia

248 1342 465 1397 semper
485 1337 609 1383 sunt
658 1329 810 1397 plena
831 1371 845 1395 ,
877 1329 976 1384 hoc
1002 1331 1117 1384 loco
1156 1331 1398 1385 Buetium
1432 1332 1831 1401 reprehendere

246 1421 445 1482 solent,
488 1420 636 1488 quasi
658 1435 761 1474 non
790 1421 919 1475 satis
952 1431 1096 1475 recte
1120 1430 1175 1475 et
1194 1422 1351 1490 digne
1381 1422 1685 1479 Christiano
1709 1425 1828 1480 viro

249 1512 503 1567 senserit.
539 1511 668 1565 Cum
704 1512 845 1566 enim
874 1511 1014 1567 dicat
1029 1513 1263 1577 Boetius,
1287 1512 1566 1568 Hominum
1586 1517 1723 1570 solos
1742 1533 1824 1571 re-

248 1601 391 1670 spuis
439 1610 621 1666 actus,
666 1602 1082 1670 interpretantur
1103 1603 1251 1672 quasi
1281 1604 1408 1658 velit
1435 1604 1614 1659 dicere
1656 1606 1821 1660 Deum

251 1704 340 1742 res
373 1690 627 1743 buntanas
661 1698 816 1743 extra
857 1704 1038 1743 curam
1064 1704 1212 1743 suam
1245 1694 1504 1760 posuisse,
1530 1709 1702 1762 neque
1731 1694 1819 1748 re-

246 1793 379 1849 gere
407 1792 573 1847 opera
602 1778 876 1833 hominum
905 1794 998 1833 sua
1038 1780 1365 1847 providentia
1394 1800 1408 1835 ε
1450 1797 1569 1835 cum
1607 1784 1821 1837 Boetius

1208 416 1583 473 MURMELLII
1626 416 1711 473 ET
1750 419 2119 475 AGRICOLE
2157 420 2669 483 COMMENTARIA.

330 524 583 579 Stationis
608 524 623 594 ]
652 524 821 581 Statio
857 526 1003 581 locus
1035 526 1086 580 in
1130 529 1320 582 castris
1353 530 1631 584 dicebatur
1658 534 1840 600 cujtts-
1868 538 1917 594 Α

3421 438 3521 491 958

2129 533 2436 598 Ferrumque
2455 550 2646 587 armare
2667 551 2875 591 veneno.

1948 614 2145 669 Verum
2181 615 2284 671 hoc
2323 620 2616 675 modesuns
2644 630 2758 674 est:
2803 636 2924 676 nam
2966 634 3269 694 serpentem
3312 642 3517 682 veneno

1939 715 2199 759 armatum
2237 721 2343 761 non
2403 709 2580 778 inepte
2632 710 2897 777 dicimus;
2930 716 3023 768 sed
3058 728 3328 786 comptum
3358 735 3514 789 quem

1936 794 2148 859 colore,
2197 811 2382 866 parum
2416 800 2705 866 prudenter
2735 803 2950 857 dixeris.
3004 806 3144 861 Sane
3202 808 3514 883 Theophra-

1935 896 2053 941 stus
2084 901 2186 941 non
2230 889 2348 943 sine
2381 892 2590 946 ratione
2632 895 2883 961 praecepit
2921 899 3320 954 translationem
3361 915 3513 957 vere-

1931 977 2160 1032 cundam
2188 994 2310 1034 esse
2331 979 2548 1036 debere.
2589 982 2878 1038 Acntcout.

2007 1070 2113 1125 Sed
2159 1087 2273 1123 cum
2309 1072 2484 1137 libuit,
2543 1084 2647 1128 etc.
2702 1074 2719 1145 ]
2782 1075 3025 1147 Plerique
3076 1080 3171 1133 ltos
3232 1090 3341 1137 tres
3392 1097 3510 1138 ver-

1933 1172 2024 1211 sus
2057 1160 2254 1229 legunt,
2311 1172 2369 1214 ut
2423 1172 2677 1217 nocentes
2718 1163 2963 1220 dicantur
2999 1168 3233 1236 gaudere
3277 1171 3509 1227 subdere

1931 1263 2171 1304 summos
2204 1266 2380 1320 reges,
2420 1254 2585 1322 fitque
2613 1254 2837 1323 frigidus
2860 1257 2944 1324 (ut
2969 1257 3202 1329 videtur)
3244 1267 3298 1314 et
3323 1261 3509 1315 absur-

1932 1337 2031 1392 dus
2053 1354 2243 1394 sensus
2271 1359 2282 1393 :
2315 1344 2512 1396 rectius
2538 1342 2640 1397 erit
2669 1359 2795 1413 ergo
2818 1354 2873 1399 ut
2895 1346 3122 1415 legatur,
3148 1349 3357 1403 fortuna
3379 1365 3507 1419 gau-

1930 1428 2021 1483 det
2051 1430 2284 1485 subdere
2312 1446 2549 1486 sntntnos
2581 1448 2753 1503 reges,
2781 1450 2901 1488 cum
2926 1436 3079 1489 libuit
3106 1437 3155 1490 ei
3186 1439 3258 1490 uti
3285 1439 3501 1502 viribus,

1930 1519 2303 1589 scribaturque
2336 1522 2570 1590 gaudet,
2614 1538 2717 1576 non
2753 1524 3005 1593 gaudent.
3054 1526 3326 1594 Dupliceut
3360 1529 3500 1582 enim

1932 1612 2223 1676 potentiam
2255 1612 2481 1665 fortunae
2503 1613 2735 1666 ostendit
2767 1631 2781 1667 :
2810 1615 3038 1681 primum
3067 1616 3222 1669 docet
3244 1626 3501 1687 quantum

1933 1703 2097 1770 possit
2125 1703 2436 1757 fraudibus:
2486 1703 2679 1758 deinde
2718 1703 2803 1759 hic
2850 1714 3104 1774 quantum
3154 1705 3379 1773 viribus,
3411 1707 3503 1762 de-

1927 1802 2224 1859 monstrat,
2278 1810 2398 1860 qua:
2446 1794 2613 1862 possit
2662 1810 2901 1851 summos
2958 1810 3113 1865 reges
3168 1798 3498 1866 opprimere.

244 1884 359 1924 non
384 1870 433 1923 id
461 1870 630 1933 dicat,
655 1869 748 1923 sed
787 1869 959 1923 solum
990 1869 1260 1938 deploret,
1286 1870 1424 1939 quod
1466 1874 1641 1931 omnia
1672 1882 1820 1927 recto
1851 1886 1896 1945 Β
1924 1883 2216 1938 Amico“.

242 1960 438 2014 ordine
462 1972 737 2029 regantur,
768 1971 820 2015 et
843 1975 947 2014 non
978 1971 1197 2027 errent,
1232 1977 1408 2031 neque
1441 1974 1688 2031 peccent,
1718 1965 1818 2018 soli

245 2052 463 2107 homini
481 2052 602 2107 data
643 2062 877 2122 potestas
907 2062 988 2107 est
1016 2053 1151 2107 bene
1191 2064 1242 2107 et
1276 2055 1413 2108 male
1441 2056 1706 2121 faciendi,
1742 2057 1820 2109 id-

240 2157 355 2213 que
376 2158 481 2197 non
506 2152 590 2198 est
615 2142 839 2198 difficile
865 2142 1045 2197 videre
1082 2158 1145 2197 ex
1188 2159 1256 2199 eo
1278 2145 1418 2214 quod
1446 2146 1496 2200 in
1528 2147 1633 2201 fine
1665 2148 1819 2216 hujus

238 2236 499 2290 carminis
527 2235 671 2298 dicit,
708 2244 762 2290 et
786 2250 891 2305 quo
911 2236 1104 2291 caelum
1148 2237 1307 2306 regis,
1339 2245 1441 2293 etc.
1469 2280 1482 2302 ,
1533 2239 1687 2308 cujus
1712 2256 1816 2294 non

238 2334 333 2380 est
368 2325 500 2379 alius
530 2340 742 2388 sensus,
774 2341 929 2395 quam
956 2327 1071 2395 ejus
1096 2330 1233 2395 quod
1279 2330 1519 2398 quotidie
1560 2346 1775 2385 oramus
1801 2349 1813 2387 :

251 2414 376 2469 Fiat
402 2415 650 2469 voluntas
677 2424 789 2479 tua,
812 2417 949 2471 sicut
968 2418 1018 2471 in
1039 2419 1178 2472 cmlo
1192 2427 1248 2472 et
1265 2419 1313 2472 in
1333 2429 1492 2475 terra.
1518 2426 1809 2477 Acntcou.

314 2505 619 2577 Gubernas]
652 2506 903 2562 Guberno
928 2523 959 2562 a
988 2509 1175 2564 Graeco
1202 2513 1457 2586 κυϐερνᾶται
1493 2512 1638 2579 dicit,
1677 2517 1815 2582 quod

240 2597 389 2651 idem
410 2597 690 2666 significat.
730 2598 1021 2655 Acatcout.

320 2685 583 2757 Respuis]
616 2688 669 2741 Id
694 2698 775 2742 est
819 2704 1051 2755 recusas,
1099 2691 1329 2759 spernis,
1372 2693 1576 2757 renuis,
1628 2706 1816 2763 estque

238 2778 515 2833 sordidior
553 2780 851 2833 translatio.
884 2783 1178 2837 Acntcou.

318 2868 591 2922 Lubricum
614 2867 631 2938 1
657 2872 696 2922 Α
726 2868 957 2932 luendo,
983 2870 1034 2923 id
1061 2880 1141 2923 est
1171 2871 1398 2925 lavando
1421 2871 1646 2938 dictum,
1678 2874 1818 2929 unde

236 2971 303 3015 et
345 2960 565 3015 delubra
593 2960 877 3027 dicuntur,
930 2962 978 3015 id
1011 2972 1093 3015 est
1125 2966 1316 3032 templa
1351 2982 1361 3016 :
1418 2968 1667 3034 quoniam
1701 2984 1818 3037 qua:

240 3055 380 3114 iuta,
411 3052 459 3104 id
491 3061 571 3105 est
594 3052 888 3106 madefacta
907 3063 1052 3115 sunt,
1080 3054 1279 3108 lubrica
1308 3057 1433 3108 sint.
1471 3061 1756 3112 AGRICOLA.

318 3139 537 3211 Noxia]
572 3145 612 3195 A
637 3143 880 3197 nocendo
903 3142 1117 3197 dicitur.
1154 3149 1449 3200 Acntcou.

318 3231 481 3286 Pana
508 3232 526 3303 ]
552 3233 592 3285 A
627 3234 822 3300 punio,
852 3232 988 3288 sicut
1016 3250 1043 3284 a
1069 3235 1251 3288 munio
1278 3239 1495 3289 muenia.
1528 3230 1815 3293 Acatcou.
1849 3246 1895 3308 ο

323 3320 569 3374 Resident
593 3318 613 3391 1
638 3322 738 3375 Pro
759 3322 945 3377 sedent
980 3324 1134 3377 metri
1160 3339 1341 3379 causa.
1380 3329 1668 3383 AGRICOLA.

317 3412 467 3467 Celso
504 3413 514 3484 |
548 3414 593 3468 Α
614 3414 749 3468 cello
772 3416 935 3469 veteri
972 3416 1136 3468 verbo
1162 3416 1351 3471 dicitur
1384 3419 1577 3482 rt-lsus,
1613 3421 1751 3476 unde
1769 3433 1821 3476 et

235 3503 457 3559 excelle
472 3503 741 3566 excelsus,
765 3504 857 3557 sed
891 3505 1123 3571 procello
1141 3507 1413 3573 perculsus
1437 3509 1560 3563 facit
1588 3528 1597 3562 :
1625 3510 1823 3565 dictus-

238 3607 351 3661 que
372 3593 550 3646 celsus
580 3602 692 3655 cst,
729 3592 848 3659 quia
874 3592 1121 3653 cellatnr,
1166 3594 1218 3647 id
1243 3605 1325 3648 est
1352 3598 1458 3650 alte
1500 3601 1819 3664 concitetur,

238 3680 694 3751 quemadmodum
709 3680 941 3748 jaculnm
969 3691 1058 3733 aut
1081 3682 1240 3736 telum
1260 3684 1503 3738 missum.
1530 3689 1819 3742 AGRICOLA.

315 3767 520 3839 Justus]
545 3771 585 3822 A
602 3769 723 3837 jure
739 3768 955 3835 dicitur,
975 3770 1097 3837 quia
1123 3770 1246 3823 facit
1271 3771 1321 3825 id
1338 3775 1476 3840 quod
1502 3774 1621 3843 jure
1636 3779 1823 3842 ιιι-ινεί-

240 3861 408 3929 pitur.
430 3857 527 3912 Jus
546 3868 724 3912 autem
752 3874 779 3911 a
796 3858 1029 3927 iubendo
1045 3861 1259 3924 dicitur,
1284 3863 1406 3929 quia
1426 3865 1576 3930 jussu
1607 3868 1823 3934 majoris

243 3947 523 4017 potestatis
565 3948 775 4015 jussum
826 3947 913 4001 sit.
967 3949 1195 4003 Sanctus
1234 3960 1409 4004 autem
1443 3969 1470 4005 a
1512 3956 1821 4020 sanciendo,

244 4040 499 4108 quoniam
527 4039 668 4110 quod
701 4049 942 4093 sanctum
985 4042 1074 4106 sit,
1124 4041 1177 4095 id
1232 4042 1433 4097 violare
1482 4062 1587 4099 non
1647 4049 1821 4114 liceat,

238 4144 472 4198 eumque
491 4129 772 4199 dupliciter
806 4131 1028 4185 dicimus
1059 4148 1073 4184 :
1120 4148 1240 4185 nam
1279 4143 1526 4190 sanctum
1564 4153 1823 4193 vocamus

238 4221 553 4274 inviolatum
577 4236 607 4273 a
632 4220 793 4275 vitiis.
826 4221 1095 4275 Juvenalis
1128 4240 1143 4275 :

369 4312 639 4375 Egregium
664 4319 983 4373 sanctumque
1008 4314 1182 4362 virum.

241 4394 549 4463 Aliquando
583 4394 843 4458 dicimus,
873 4395 959 4448 cui
996 4410 1103 4450 non
1135 4395 1260 4451 licet
1296 4397 1402 4450 vim
1429 4399 1540 4453 fieri
1559 4441 1575 4463 ,
1601 4400 1679 4455 sic
1698 4416 1818 4456 san-

235 4495 359 4539 ctos
385 4488 587 4553 legatos
612 4484 840 4538 dicimus
865 4498 918 4538 et
946 4484 1127 4553 Virgil.
1166 4502 1181 4538 :

652 4575 977 4637 Sanctumque
996 4582 1235 4624 senatum.

238 4649 297 4688 et
326 4635 601 4689 Juvenalis
636 4655 647 4687 :

370 4728 623 4775 Praeterea
648 4730 865 4775 sanctum
898 4726 1015 4774 nihil
1042 4733 1139 4789 est,
1167 4735 1250 4776 aut
1273 4730 1473 4790 inguine
1493 4736 1664 4780 tutum.

242 4815 537 4863 AGBICOLA.

319 4899 456 4970 Nil]
490 4898 536 4952 Δ
582 4895 719 4952 nihil
760 4914 855 4969 per
901 4915 1189 4970 syncOpam
1228 4902 1428 4956 dictum
1463 4920 1477 4955 :
1510 4904 1648 4959 sicut
1689 4908 1759 4961 mi
1790 4922 1819 4963 a

237 4990 397 5052 mihi,
430 4998 485 5042 et
513 4990 717 5056 prendo
736 5006 773 5051 _a
800 4990 1094 5058 prehendo.
1128 4992 1421 5048 AGRICOLA.

310 5078 534 5145 Compta
558 5079 761 5150 colore]
794 5080 917 5134 Haec
941 5082 1217 5135 translatio
1236 5098 1419 5151 parum
1443 5086 1825 5156 circumspecte

233 5189 266 5225 a
294 5171 482 5226 Boetio
514 5171 645 5227 facta
676 5172 917 5237 videtur,
948 5174 1071 5228 licet
1110 5188 1327 5229 comere
1361 5190 1455 5243 pro
1476 5192 1670 5232 ornare
1701 5189 1823 5248 apte

236 5260 645 5327 transferatur;
702 5272 878 5318 tamen
924 5273 982 5317 ut
1024 5264 1205 5320 colore
1234 5276 1505 5335 comptum
1554 5269 1819 5336 dicamus,

235 5368 348 5407 non
370 5354 645 5417 convenit,
678 5353 918 5423 fiuntque
944 5356 1199 5408 translata
1246 5356 1359 5410 haec
1386 5361 1699 5428 pugnantia,
1731 5370 1824 5415 aut

233 5443 556 5497 dissidentia
592 5444 730 5497 inter
774 5459 833 5498 se
866 5485 879 5509 ,
933 5444 1122 5499 fuisset
1172 5446 1313 5499 enim
1352 5449 1628 5505 conterens
1664 5454 1707 5505 si
1742 5453 1822 5506 di-

238 5535 405 5587 xisse'
442 5534 603 5587 tincta
635 5535 820 5589 colore
843 5576 856 5599 ,
897 5545 1179 5602 ntrumque
1208 5541 1351 5592 enim
1392 5540 1567 5595 adhuc
1589 5545 1821 5597 transla-

239 5635 354 5679 tum
392 5624 619 5689 fuisset;
652 5640 792 5679 nunc
830 5628 971 5681 comi
1023 5628 1205 5682 colore
1232 5643 1336 5683 non
1382 5634 1548 5700 magis
1576 5636 1820 5688 convenit

237 5733 412 5785 quam
438 5717 669 5770 colorari
694 5719 920 5785 pectine.
964 5717 1201 5779 Conatus
1237 5730 1320 5776 est
1344 5731 1521 5777 autem
1553 5724 1729 5780 simile
1757 5727 1822 5778 il-

238 5814 346 5866 lius
367 5810 548 5864 facere
576 5810 718 5878 quod
746 5810 1000 5879 Virgilius
1027 5810 1159 5866 dixit
1195 5830 1207 5865 :

405 5923 679 5989 Paeon.
710 5922 914 5983 LX111

1850 4603 1902 4659 D

2002 1974 2129 2028 Vilis
2158 1973 2175 2045 ]
2204 1974 2257 2028 Id
2288 1984 2369 2029 est
2402 1974 2850 2039 contemnendus,
2888 1974 3043 2029 facile
3067 1974 3322 2043 parabilis
3352 1994 3365 2028 :
3419 1976 3498 2031 sic

1921 2064 2151 2118 dicimus
2180 2066 2501 2118 frumentum
2552 2065 2680 2131 vile,
2712 2065 2926 2134 quando
2976 2066 3189 2121 modico
3226 2068 3490 2123 venditur.

1924 2153 2110 2207 Horat.
2146 2172 2157 2205 :

2105 2245 2227 2295 Vilis
2250 2246 2513 2295 amicorum
2536 2253 2616 2295 est
2633 2258 2827 2294 annona
2842 2247 3001 2307 bonis,
3031 2248 3112 2294 ubi
3134 2247 3251 2309 quid
3273 2248 3430 2297 deest.

1924 2331 2215 2382 AGRICOLA.

1994 2419 2122 2473 Salo
2149 2417 2367 2487 JSalum
2386 2434 2539 2473 mare
2557 2419 2818 2483 dicitur,a
2839 2418 2952 2472 sale
2973 2418 3174 2472 dictum
3196 2428 3299 2473 est.
3332 2420 3494 2472 Aonio

1918 2523 2075 2562 εοιΑ.

1992 2596 2328 2652 Immensum.
2355 2596 2375 2667 ]
2398 2599 2441 2652 A
2471 2600 2682 2665 metior,
2711 2599 2853 2669 quod
2886 2613 3129 2655 mensum
3157 2600 3495 2655 lacit.’Acnt-

1921 2704 2076 2743 COLA.

1991 2778 2254 2833 Carminis
2287 2779 2448 2847 hujus
2480 2794 2648 2848 genus
2677 2780 2767 2832 alii
2803 2780 3138 2835 Pindaricum
3173 2782 3377 2846 dicunt,
3402 2781 3494 2835 alii

1923 2871 2349 2925 Archilochium.
2395 2871 2492 2926 Est
2531 2881 2709 2925 autem
2746 2874 3153 2944 anapzesticum,
3182 2870 3494 2940 dimetium,

1921 2962 2290 3015 aczitalectum.
2320 2962 2507 3017 Simile
2534 2971 2616 3015 est
2645 2963 2722 3017 illi
2753 2980 2767 3015 :

2167 3054 2372 3115 Adytum
2398 3053 2609 3104 Veneris
2634 3056 2747 3115 fuge
2774 3059 2910 3119 virgo
2928 3071 3087 3119 sagax.

1923 3135 1989 3189 Et
2019 3136 2090 3189 illi
2120 3136 2340 3191 Seneca:
2370 3153 2387 3190 :

2170 3224 2278 3287 .lam
2303 3239 2411 3274 rara
2438 3229 2612 3276 micant
2634 3228 2795 3276 sidera
2822 3243 2972 3287 prono

2174 3285 2421 3354 [.anguida
2444 3289 2762 3354 mundunnox
2799 3285 2921 3339 victa
2951 3305 3095 3354 vagos

2171 3347 2421 3410 Contraltit
2444 3353 2585 3409 ignes
2610 3347 2758 3399 t’luce
2784 3362 2973 3410 renata,

2167 3407 2309 3467 Cogit
2331 3407 2533 3458 nitidum
2560 3412 2856 3473 phasphoros
2879 3407 3072 3475 agmen.

1995 3487 2139 3543 Totis
2165 3492 2339 3559 fratris
2368 3488 2386 3559 ]
2421 3492 2517 3544 Hic
2538 3508 2721 3545 versus
2744 3492 2819 3545 sic
2853 3494 3107 3562 legendus
3131 3507 3215 3549 est
3247 3517 3259 3550 :

2170 3578 2307 3627 Totis
2330 3578 2488 3628 fratris
2508 3589 2559 3628 et
2574 3582 2714 3629 obtia
2741 3582 2962 3632 ﬂammis.

1924 3659 2055 3714 Nam
2085 3662 2137 3713 in
2169 3676 2234 3714 eo
2262 3662 2529 3715 trochmus
2558 3663 2731 3716 locum
2764 3679 2867 3717 non
2903 3665 3080 3719 habet.
3112 3669 3404 3723 AGRICOLA.

1996 3749 2253 3819 Hesperus
2282 3748 2301 3819 ]
2337 3751 2408 3805 De
2438 3752 2661 3805 lucifero
2698 3766 2748 3805 et
2791 3769 3010 3822 vestiere
3041 3758 3181 3811 aliud
3219 3771 3389 3826 poeta:
3418 3764 3499 3817 di-

1924 3852 2072 3904 cunt,
2100 3841 2239 3894 aliud
2286 3842 2558 3911 astrologi.
2604 3843 2781 3897 Poeta:
2816 3855 3063 3899 asserunt
3090 3863 3196 3914 quo
3226 3851 3313 3904 die
3343 3854 3497 3906 Luci-

1927 3934 2004 3983 [ρι-
2032 3941 2153 3985 ante
2170 3931 2429 3983 orientem
2462 3932 2630 3984 solem
2652 3934 2917 4000 apparuit,
2948 3936 3061 3988 eod-
3086 3951 3135 3987 m
3164 3939 3495 3994 occidentem

1925 4026 2091 4076 solem
2117 4022 2391 4089 subsequi.
2423 4021 2532 4075 [loc
2558 4021 2808 4091 astrologi
2830 4024 3041 4090 quidam
3062 4026 3248 4081 eodem
3268 4029 3356 4082 die
3382 4030 3497 4085 fieri

1926 4127 2083 4179 posse
2105 4120 2319 4179 negant.
2349 4109 2607 4164 Fatcntur
2627 4121 2804 4165 autem
2838 4112 3140 4168 Luciferum
3174 4118 3335 4171 ntodo
3356 4133 3469 4187 pra:

1925 4206 2115 4259 cedere
2139 4219 2294 4257 mane
2316 4205 2507 4267 solem,
2552 4205 2711 4257 modo
2741 4205 2991 4273 subsequi
3021 4208 3370 4276 occidentem,
3402 4213 3496 4267 sed

1928 4297 2153 4352 diversis
2182 4295 2389 4350 diebus.
2447 4296 2514 4349 Et
2550 4306 2736 4364 poetas
2764 4297 3005 4350 fortassis
3036 4312 3103 4351 eo
3141 4300 3376 4366 potuisse
3406 4304 3499 4358 de-

1922 4388 2048 4455 cipi,
2076 4388 2215 4458 quod
2242 4403 2397 4441 mane
2429 4386 2730 4441 Luciferum
2759 4387 3038 4451 vidissent,
3064 4390 3380 4446 Mercurium
3408 4410 3495 4448 ve~

1925 4484 1986 4531 t’o
2016 4489 2135 4547 post
2164 4477 2330 4530 solent
2359 4477 2713 4531 occidentem.
2744 4476 2913 4529 Cinna
2946 4478 2997 4532 in
3029 4479 3254 4548 Smyrna
3284 4499 3293 4531 :

2109 4571 2181 4619 Te
2209 4572 2475 4619 matutinus
2499 4572 2699 4619 ﬂentem
2733 4573 2988 4627 conspexit
3014 4570 3159 4631 Eous,

2110 4633 2169 4681 Et
2192 4633 2388 4680 ﬂentem
2413 4633 2553 4692 paulo
2589 4631 2704 4680 vidit
2740 4639 2845 4691 post
2869 4631 3108 4692 hesperos
3136 4635 3277 4680 idem.

1926 4716 2174 4769 Horatius
2206 4730 2221 4768 :

2170 4801 2244 4850 Tu
2269 4815 2324 4849 se
2377 4816 2464 4861 per
2492 4814 2640 4861 urges
2658 4802 2903 4851 ﬂebilibus
2922 4804 3073 4850 modis

2174 4863 2358 4923 Mysten
2384 4862 2680 4923 ademptum,
2709 4876 2800 4910 nec
2825 4863 2909 4909 tibi
2936 4876 3141 4923 vespere

2168 4924 2420 4985 surgente
2443 4924 2675 4972 decidunt
2698 4929 2906 4979 amores,

2174 4984 2277 5033 Nec
2298 4985 2513 5045 rapidum
2536 4985 2756 5045 fugiente
2781 4986 2949 5033 solem.

1930 5066 2177 5135 Virgilius
2204 5066 2271 5119 de
2294 5067 2430 5119 rosis
2454 5084 2469 5117 :

2050 5158 2202 5217 Quam
2226 5158 2368 5208 modo
2393 5164 2677 5206 nascentem
2702 5157 2876 5206 rutilus
2907 5161 3164 5220 conspexit
3187 5160 3335 5219 Eous,

2114 5220 2249 5268 Hanc
2268 5221 2474 5268 rediens
2496 5231 2611 5266 sero
2644 5232 2856 5281 vespere
2885 5221 2998 5268 vidit
3017 5234 3169 5268 annm

1927 5302 2151 5357 Manlius
2173 5303 2223 5355 in
2254 5302 2391 5356 libro
2424 5304 2596 5368 primo
2626 5303 3036 5356 Astronomicon
3072 5320 3084 5354 :

2049 5393 2153 5442 Nec
2177 5394 2426 5441 matutinis
2447 5391 2662 5455 fulgeret
2684 5393 2877 5441 Lucifer
2896 5395 3044 5455 horis,

2048 5455 2299 5515 Hesperus
2324 5453 2552 5503 immersit
2571 5453 2776 5503 dederat
2797 5457 2880 5515 qui
2908 5453 3070 5504 lumen
3097 5455 3305 5519 Olympo

1927 5538 2131 5592 Seneca
2164 5536 2217 5591 in
2246 5536 2531 5605 Hippolyto
2558 5554 2569 5589 :

2175 5647 2339 5703 Qualis
2364 5657 2439 5697 est
2461 5650 2638 5708 primas
2662 5647 2889 5698 referens
2911 5651 3143 5699 tenebras

2178 5709 2389 5759 Nuntius
2409 5711 2583 5769 noctis,
2610 5710 2751 5756 modo
2782 5710 2908 5757 lotus
2932 5711 3073 5760 undis

2178 5769 2451 5832 Hesperus,
2490 5772 2639 5830 pulsis
2665 5774 2839 5818 iterum
2859 5774 3081 5820 tenebris

2330 5831 2523 5881 Luctfer
2546 5832 2689 5881 idem.

2915 5948 2996 6009 30
