2005 3186
236 176 289 221 9ἐις)
549 184 715 213 APPENDIX
737 184 781 211 AD
802 181 921 209 uanos
942 180 983 207 DE
1005 180 1067 206 cos

274 249 413 281 Hominum
437 245 502 272 solus
525 243 620 278 reSpuis
640 240 721 275 nctus]
747 240 872 274 Loquitur
894 243 923 265 ut
943 238 1022 263 homo
1038 238 1061 266 Α

238 294 384 330 perturbati
400 291 478 318 nimis
491 289 583 320 animi,
596 295 649 315 non
662 287 731 321 quod
748 287 781 312 ita
797 285 903 316 sentiat,
917 291 977 310 eum
991 283 1024 308 ab

234 329 430 374 Epicureorum
445 335 568 370 opinione
588 333 743 367 longissime
762 331 839 360 ab~it,
855 329 901 356 scd
923 333 950 355 tit
966 335 1025 362 pcr-

233 373 312 411 sona:
325 390 379 409 sum
394 381 518 408 dec0rum
534 382 631 408 sv-rvet.
649 381 675 403 et
690 375 864 411 philosophia:
879 373 1025 407 reprehen-

229 429 307 457 sioni
330 429 418 455 locum
445 430 527 460 paret.
552 424 661 451 Videtur
684 428 771 450 autem
796 421 861 448 mihi
885 421 1026 454 diligenter

240 474 359 501 imitatus
373 472 501 506 tragicum
521 469 662 500 Senecam.
679 469 755 501 cujus
771 467 798 493 hi
813 470 874 493 sunt
888 471 981 493 versus
999 464 1027 490 in

236 518 383 553 Hippolyto
397 522 462 542 sane
477 521 555 549 quam
569 514 704 546 elegantes
717 522 725 538 ι

364 562 383 585 0
396 566 482 590 magna
495 565 582 589 parcns
595 562 676 581 natura
691 558 779 590 Deum.

364 588 451 622 Tuque
464 588 560 619 igniferi
572 593 654 622 rector
667 588 770 622 ()Iyinpi,

364 619 504 652 Oui‘sparsa
515 621 561 643 cito
573 620 652 652 sidera
666 619 762 646 mundo,

364 650 503 681 Cursusque
516 657 589 679 vagos
602 650 665 678 rapis
677 653 806 673 astrorum.

366 683 497 711 Heli-rique
512 681 577 711 polos
589 681 686 703 cardine
700 685 782 702 versas
798 686 802 700 :

366 715 412 738 Cur
425 713 468 737 tibi
481 715 543 735 tanta
558 714 595 733 est
607 716 663 732 cura
679 716 801 735 perennes

367 745 468 773 Agitare
481 743 529 764 vias
540 741 639 773 mineris
655 739 705 773 alti,

368 771 401 798 Ut
411 779 474 797 nunc
487 778 552 795 caua:
564 772 650 799 frigora
663 771 754 794 hrurtue

444 803 538 827 Nudum
550 802 629 825 silvas.

368 835 437 859 Nunc
449 833 551 857 arbustis
563 831 665 855 redeant
677 831 778 857 utnIll'IP,

366 865 435 889 Nunc
449 864 522 887 :rstiri
535 862 594 885 colla
608 862 685 884 leonis

369 896 486 920 Cari-rein
497 899 584 922 magno
598 892 694 915 fervore
707 893 808 922 coquant

346 946 352 949 .
368 925 488 955 Viresque
501 920 558 947 suis
571 927 628 955 tem;
638 926 693 944 eret
705 926 781 943 annus
790 920 801 942 Ἰ

370 956 419 980 Sed
431 953 473 979 cur
487 955 549 977 idem
561 953 601 982 qui
615 955 678 975 tanta
694 958 769 980 regis,

370 987 420 1011 Sub
433 992 481 1016 qtio
497 982 764 1016 tasti,ponderainuudt

370 1013 466 1040 Librata
479 1021 535 1038 suos
547 1014 638 1037 ducunt
649 1013 730 1041 orbes,

371 1047 498 1071 Hominum
513 1047 609 1068 uim-um
620 1049 721 1066 securus
735 1043 803 1071 ades,

370 1077 423 1101 Non
435 1076 552 1100 sollicitus
567 1075 681 1104 prodesse
694 1073 771 1101 bonis,

450 1106 567 1130 Nocuisse
579 1104 663 1127 malis?

375 1138 423 1162 Res
433 1137 550 1160 humanas
563 1135 647 1158 ordine
662 1133 728 1157 nttIIo

373 1168 481 1192 Fortuna
493 1167 568 1195 regit,
584 1165 727 1195 spargitque
739 1170 812 1187 manu

375 1198 476 1222 Munera
488 1203 549 1220 eaea
561 1197 643 1225 pejora
656 1196 748 1218 loveus.

373 1229 454 1252 Vincit
464 1230 559 1250 sanctos
569 1226 620 1249 dira
631 1225 713 1248 libido.

375 1258 451 1282 Fraus
462 1257 559 1281 sublimi
573 1259 659 1284 regnat
672 1256 695 1278 itt
708 1254 770 1278 aula.

348 1292 352 1295 ‘
375 1289 486 1313 Tradere
499 1288 563 1317 turpi
577 1287 652 1317 fas-es
665 1287 767 1315 populus

378 1319 482 1348 Gaudet,
493 1315 593 1341 eosdem
603 1316 661 1339 colit
673 1320 745 1348 atque
756 1315 816 1339 odit.

375 1350 464 1374 Tristis
476 1346 550 1371 virtus
563 1353 677 1377 perversa
688 1346 743 1369 tulit

377 1380 479 1404 Przeuiia
490 1379 562 1407 recti,
575 1380 653 1400 castos
665 1377 778 1405 sequitur

378 1410 438 1437 Mala
451 1413 588 1439 paupertas,
604 1408 711 1439 vitioque
727 1410 813 1437 potens

456 1438 550 1470 Itegnat
560 1438 664 1462 adulter.

1048 914 1073 944 Β

251 1497 390 1525 Hactenus
404 1495 516 1523 Seneca.

292 1541 393 1568 Crimen
407 1538 499 1574 iniqui]
518 1537 567 1566 Hic
582 1544 677 1565 versus
695 1538 861 1562 monometer
879 1537 929 1565 est,
952 1531 1047 1559 similis

250 1586 295 1614 villi
308 1586 417 1614 Senecae
429 1594 435 1611 :
1061 1591 1084 1622 Ο

456 1629 553 1660 Regnat
562 1627 667 1653 adulter.

294 1673 413 1700 Mendaci
422 1670 517 1705 colore]
530 1670 557 1697 Id
568 1674 609 1697 est
622 1669 688 1695 falso
702 1671 832 1702 prastextu
842 1673 889 1694 seu
900 1666 969 1693 fuco.
978 1665 1048 1692 Cave

261 1726 294 1747 ne
307 1718 380 1752 legas
395 1715 536 1743 mendacii.

534 1759 565 1786 IN
586 1758 723 1786 PROSAM
746 1757 775 1784 V.

297 1809 362 1836 Hec
381 1807 421 1835 ubi
443 1804 601 1841 continuato]
623 1804 673 1832 Hic
697 1802 883 1837 Phi1050phia,
911 1806 1049 1836 postquam

257 1855 381 1889 Boetius,
397 1853 511 1889 querelis
532 1851 587 1879 suis
605 1850 747 1882 enarratis,
763 1848 882 1876 ostendit
903 1854 954 1882 qua
977 1852 1052 1881 parte

261 1901 411 1934 adhibenda
436 1899 486 1927 sibi
511 1902 583 1925 esset
603 1896 761 1928 consolatio,
784 1895 840 1928 jam
859 1894 951 1927 incipit
970 1892 1053 1920 ordiri

262 1946 482 1976 consolationem,
494 1948 633 1977 totumque
644 1941 669 1968 id
681 1940 752 1981 quod
766 1940 827 1967 hinc
837 1939 870 1966 ad
880 1940 958 1966 linem
971 1945 1053 1972 usque

261 1992 344 2028 primi
367 1991 427 2019 libri
448 1994 499 2022 est,
520 1993 562 2028 est
585 1987 742 2023 prooemium
767 1984 969 2013 consolationis.
987 1984 1054 2016 Ergo

263 2026 337 2066 salut
356 2038 415 2071 lege
431 2026 545 2070 quadarn
567 2032 691 2068 prooemii
715 2032 830 2066 primum
857 2029 982 2056 conciliat
1004 2027 1054 2054 sibi

264 2084 427 2115 auditorem,
444 2079 644 2116 reprehendens
655 2085 774 2106 errorem
786 2076 854 2111 ejus,
869 2075 939 2109 quod
953 2082 982 2101 se
996 2081 1055 2100 esse

266 2135 341 2166 putat
356 2130 382 2158 in
403 2129 509 2160 exsilio,
525 2132 549 2154 et
567 2133 614 2161 per
634 2126 685 2152 hoc
705 2124 822 2151 animum
837 2121 895 2156 ejus
911 2121 1012 2147 tristem
1029 2124 1056 2145 et

266 2177 401 2204 dolentem
424 2173 565 2201 conlinunt
585 2180 593 2198 :
615 2169 713 2197 deinde
739 2169 828 2209 paucis
852 2167 939 2194 verbis
963 2172 1055 2192 omnes

266 2222 392 2257 querelas
405 2224 432 2248 et
441 2226 535 2247 causas
549 2217 660 2249 doloris,
674 2223 739 2250 quas
756 2214 832 2249 paulo
848 2218 909 2240 ante
921 2212 1055 2245 exposuit,

266 2268 363 2302 repetit
376 2267 423 2294 ibi.
440 2265 472 2292 Et
488 2270 515 2291 tu
531 2263 634 2299 quidem
650 2263 681 2289 de
696 2261 746 2288 tuis
760 2261 786 2287 iit
801 2267 934 2286 commune
949 2258 1057 2289 bonum;
1072 2271 1098 2300 Ι)

267 2314 371 2348 hacque
385 2309 635 2339 velutconfessione
647 2314 674 2334 et
688 2312 819 2333 consensu
834 2309 1001 2337 acceptarum
1017 2303 1055 2328 in-

266 2361 395 2395 juriarum
419 2357 540 2384 Boetium
562 2353 719 2381 benevolum
740 2352 819 2378 etiam
843 2349 939 2377 reddit.
958 2347 1057 2374 Deinde

268 2407 315 2438 ibi,
331 2405 383 2433 Sed
396 2403 517 2439 quoniam
533 2401 661 2436 plurimis,
676 2398 790 2426 docilem
805 2404 865 2424 eum
880 2396 952 2430 facit,
969 2401 1058 2423 osten-

267 2453 335 2480 dens
350 2450 470 2478 ordinem
486 2454 574 2475 rerum
589 2445 773 2474 dicendarum,
787 2443 829 2470 cui
843 2441 932 2469 subdit
949 2447 1056 2468 carmen

270 2499 295 2525 III
316 2496 387 2532 quod
408 2494 538 2530 sequitur,
555 2493 580 2519 in
595 2491 716 2519 eamdem
732 2488 892 2517 sententiam
910 2487 1055 2521 pertinens.

271 2545 407 2571 Postremo
425 2547 530 2576 quoque
553 2541 685 2573 pratparat
704 2543 764 2563 eum
787 2534 959 2569 sequentibus
981 2540 1060 2566 argu-

271 2587 477 2616 mentationibus
487 2579 515 2612 et
527 2583 694 2611 documentis
708 2580 909 2612 consolationis,
927 2578 1062 2612 inquiren-

271 2634 306 2660 do
325 2632 458 2660 nonnullis
478 2630 513 2657 de
536 2629 616 2656 rebus
635 2631 751 2654 mentem
767 2625 860 2654 Boetii.
880 2628 909 2650 ut
928 2623 978 2650 illis
997 2630 1061 2650 con—

271 2679 356 2706 cessis
376 2676 480 2704 facilior
499 2680 527 2702 et
544 2673 645 2701 ﬁrmior
666 2672 711 2698 ﬁat
731 2671 819 2698 aditus
838 2668 1015 2702 Philosophiae
1029 2667 1062 2693 ad

273 2723 463 2751 consolandum
477 2729 537 2749 eum
550 2729 557 2747 :
569 2719 637 2755 quod
654 2719 733 2746 etiam
750 2717 782 2744 ad
799 2721 900 2751 partem
921 2713 1063 2742 doci'llilII-S

274 2772 301 2797 iit
313 2769 441 2803 praemio
452 2767 575 2802 pertinet,
589 2766 685 2800 partim
696 2763 775 2791 etiam
787 2764 916 2789 attentum
927 2760 998 2787 facit.
1011 2759 1062 2786 Sed

275 2815 410 2849 sospitatis
423 2813 526 2846 auctor,
538 2812 663 2847 quoniam
679 2809 795 2837 ostendit
805 2814 885 2842 posse
895 2805 982 2833 sanari
993 2812 1063 2836 eum,

276 2860 392 2888 ostendit
406 2860 486 2887 etiam
503 2866 553 2893 qua
570 2857 673 2884 ratione
688 2855 713 2883 id
734 2853 792 2882 ﬁeri
808 2852 899 2888 possit.
922 2850 990 2877 Dicit
1003 2857 1066 2884 ergo

278 2905 389 2933 Boetius
401 2904 609 2940 pliiIOSOpliiam,
626 2907 763 2938 postquam
779 2898 899 2935 querelas
914 2903 975 2924 suas
990 2895 1066 2922 audi-

1072 178 1261 207 SOLATIONE
1280 174 1527 205 PIIILOSOPIIIIE.
1813 166 1868 198 540

1075 238 1120 269 ri',
1132 235 1302 267 respondisse
1313 234 1374 266 sibi,
1386 232 1474 260 statim
1487 238 1546 257 cum
1557 231 1621 257 ﬁent
1638 237 1661 255 nt
1672 236 1732 255 cum
1745 227 1867 257 vidisset.

1076 284 1240 311 intellexi~se
1259 282 1284 308 in
1305 280 1399 307 exsilio
1413 286 1481 311 esse,
1497 277 1543 304 scil
1560 277 1585 303 id
1600 275 1723 302 exsi‘ium
1739 281 1792 301 non
1808 280 1869 300 esse

1075 330 1126 358 loci
1150 336 1199 356 nec
1221 328 1337 355 carceris
1353 326 1378 352 itt
1394 332 1447 359 quo
1466 328 1548 355 esset,
1563 321 1608 349 sed
1632 321 1719 355 potius
1735 327 1750 346 a
1763 326 1827 346 vera
1843 324 1871 345 ct

1077 382 1149 402 recta
1165 373 1295 401 sententia
1311 372 1408 398 mentis
1423 378 1488 397 sum.
1507 368 1572 395 Nam
1590 368 1658 394 sicut
1672 365 1755 394 Stoici
1769 364 1873 391 sentie-

1076 421 1151 451 bant,
1168 420 1225 445 viro
1245 418 1314 444 bono
1329 421 1399 443 totus
1417 415 1531 442 mundus
1551 418 1592 440 cst
1610 411 1706 446 patria,
1721 410 1801 445 cujus
1817 409 1873 435 Do-

1077 466 1165 493 minus
1180 468 1208 490 ct
1222 463 1276 490 Rex
1294 470 1361 488 unus
1376 467 1417 488 est
1435 461 1515 490 Dcns.
1531 463 1557 485 et
1577 458 1621 484 illa
1638 456 1774 484 neminem
1792 461 1874 488 posse

1078 510 1186 544 expelli,
1197 508 1245 535 nisi
1257 507 1300 543 qui
1312 514 1404 534 errore
1414 505 1509 532 mentis
1519 504 1633 538 scipsum
1648 501 1775 536 expellat.
1794 501 1874 527 Acut-

1079 563 1156 583 COLA.

1115 599 1230 634 Latravi]
1253 598 1280 625 Id
1302 602 1351 630 est,
1369 603 1428 624 cum
1443 595 1561 622 clamore
1576 593 1641 626 dixi,
1662 600 1710 627 per
1731 590 1876 625 metapho-

1081 653 1137 673 ratn
1152 645 1251 671 dictum
1265 643 1298 670 ab
1312 641 1458 669 irrationali
1473 640 1505 667 ad
1522 639 1662 671 rationale,
1689 637 1791 664 latrare
1803 636 1878 662 enim

1083 690 1216 724 proprium
1232 694 1272 716 est
1288 695 1394 715 canum.
1413 689 1556 714 AGRICOLA.

1116 733 1237 769 Placido]
1250 733 1383 760 l‘lztcidum
1394 731 1500 763 dicitur,
1512 734 1539 757 et
1549 729 1618 764 quod
1630 729 1715 763 placet
1727 736 1735 753 ι
1746 727 1786 754 sic
1796 726 1878 753 Ovid.

1084 780 1110 807 in
1123 779 1248 814 Epismlis
1264 777 1405 805 IIeroidum
1422 785 1428 802 :

1176 826 1259 850 Virtus
1271 827 1309 848 est
1321 823 1419 854 placidis
1430 823 1575 847 abstinuisse
1587 821 1667 845 bonis.

1085 867 1212 903 Virgilius
1225 867 1251 892 in
1269 866 1353 897 primo
1369 864 1498 892 Aineidos
1515 872 1521 889 :

1147 912 1216 936 Nunc
1228 911 1325 935 tandem
1337 910 1427 940 placida
1439 911 1578 939 compostus
1589 914 1647 938 pace
1658 907 1772 938 quiescit.

1087 955 1189 983 Dicitur
1212 954 1291 980 etiam
1313 953 1337 979 id
1358 952 1399 979 cui
1423 950 1521 985 aliquid
1543 950 1641 985 placet,
1658 952 1687 975 tit
1701 948 1751 974 hoc
1764 947 1838 978 loco,
1859 951 1886 973 et

1087 1001 1161 1034 Virg.
1177 1000 1202 1026 in
1218 998 1349 1025 Bucolicis
1365 1007 1371 1024 :

1150 1045 1227 1074 Quam
1238 1043 1358 1076 placidum
1371 1043 1451 1066 ventis
1462 1044 1541 1066 staret
1551 1046 1630 1064 mare.

1089 1087 1117 1115 Id
1141 1091 1182 1113 est
1202 1085 1321 1119 quietum
1346 1088 1428 1115 esset,
1452 1081 1635 1116 tranqttillum,
1656 1087 1707 1106 non
1731 1078 1889 1105 turbatum.

1090 1131 1235 1162 A'ctucou.
1827 1127 1832 1129 '

1127 1177 1272 1212 Quesfibus]
1287 1177 1401 1210 Questus
1414 1175 1572 1210 quandoque
1586 1172 1720 1207 querelam
1739 1170 1890 1205 signiﬁcat,

1091 1231 1120 1253 ut
1136 1225 1189 1256 hic,
1204 1223 1353 1257 diciturquc
1369 1229 1383 1247 a
1398 1228 1506 1255 queror.
1519 1219 1684 1253 Quandoque
1698 1216 1832 1251 signiﬁcat
1849 1216 1892 1257 Iu-

1092 1277 1180 1302 crum,
1195 1273 1222 1296 et
1242 1274 1305 1294 tttnc
1327 1266 1423 1293 dicitur
1446 1273 1459 1290 a
1483 1271 1586 1298 quzrro,
1604 1269 1630 1290 et
1652 1262 1776 1289 scribitur
1796 1253 1895 1296 ρει-’ω

1093 1314 1289 1349 diphthongon.
1313 1311 1405 1338 Cicero
1428 1310 1454 1336 in
1474 1308 1619 1335 Paradoxis
1639 1308 1707 1335 :Sin
1728 1312 1817 1333 autem
1840 1306 1896 1340 per

1094 1360 1248 1388 aviditatem
1269 1356 1388 1392 peeuuim
1408 1355 1509 1382 nullum
1530 1358 1659 1389 qumstum
1676 1357 1780 1386 turpem
1797 1356 1895 1385 putas.

1096 1407 1242 1434 AGMCOLA.

1134 1448 1209 1485 Ilico]
1222 1448 1248 1475 Id
1262 1452 1304 1474 est
1317 1448 1416 1473 statim.
1436 1447 1569 1472 Aontcom

1135 1495 1268 1531 Exsulem]
1280 1494 1360 1522 Exsul
1373 1494 1446 1528 quasi
1463 1498 1539 1519 extra
1555 1491 1639 1518 solum
1652 1490 1739 1517 dictus
1752 1494 1805 1520 est,
1820 1489 1898 1515 sicut

1099 1542 1225 1572 extorris,
1239 1541 1284 1574 qui
1296 1545 1369 1566 extra
1386 1543 1484 1565 tetram
1499 1544 1573 1563 suam
1584 1540 1636 1563 est.
1653 1535 1796 1562 AGIIICOLA.

1137 1585 1306 1620 Prodidisset]
1326 1583 1444 1611 Prodere
1466 1581 1606 1616 aliquando
1625 1579 1755 1615 signiﬁcat
1768 1579 1795 1605 in
1811 1580 1899 1613 apiar-

1100 1641 1155 1663 tum
1168 1635 1233 1661 dare
1249 1641 1256 1659 :
1268 1639 1282 1659 s
1292 1640 1305 1658 c
1318 1631 1430 1658 dicimus
1448 1621 1582 1655 memoria:
1597 1627 1729 1661 proditum
1743 1629 1796 1654 est.
1809 1625 1836 1651 id
1855 1631 1901 1651 est

1100 1680 1235 1708 traditum.
1257 1676 1406 1711 Aliquando
1424 1674 1555 1708 signiﬁcat
1571 1680 1617 1707 per
1637 1671 1772 1706 perﬁdiam
1790 1671 1900 1704 aliQnid

1102 1725 1207 1753 tradere
1222 1732 1228 1750 :
1243 1723 1281 1750 sic
1293 1722 1406 1748 dit-imus
1422 1719 1546 1753 oppidum
1564 1717 1648 1750 prodi.
1663 1717 1809 1743 Acutcou.

1137 1769 1243 1805 Procul}
1254 1768 1335 1801 Quasi
1350 1773 1429 1801 porro
1442 1765 1476 1791 ab
1489 1764 1583 1795 oculis,
1596 1762 1620 1789 id
1634 1766 1675 1789 est
1690 1761 1766 1795 longe
1782 1760 1899 1788 dicitur.

1103 1819 1249 1845 Acutcou.

1142 1860 1242 1896 Patria]
1255 1860 1326 1887 Dicta
1339 1863 1380 1885 est
1392 1857 1426 1884 ab
1438 1856 1601 1883 habitatione
1612 1857 1731 1887 paterna,
1742 1852 1901 1884 diciturqtre

1105 1909 1214 1937 relative
1233 1916 1238 1932 :
1262 1912 1288 1932 ut
1310 1905 1367 1931 haec
1382 1909 1423 1930 est
1438 1910 1494 1929 mea
1512 1900 1606 1935 patria,
1625 1899 1668 1926 illa
1693 1902 1733 1925 cst
1755 1903 1801 1923 tua
1820 1906 1825 1920 :
1844 1905 1901 1923 non

1105 1957 1172 1983 bene
1194 1959 1282 1980 autem
1305 1950 1412 1981 dicitur,
1428 1953 1470 1975 est
1492 1947 1619 1974 Dominus
1637 1944 1778 1971 multarum
1795 1944 1902 1975 patria-

1105 2009 1174 2031 rum,
1190 1999 1235 2026 sed
1253 1996 1394 2024 multarum
1417 1993 1554 2027 regionum
1570 1991 1611 2018 vel
1632 1989 1844 2022 provinciarum,
1857 1987 1902 2013 se!

1106 2049 1170 2081 (quo
1189 2044 1303 2072 maxime
1319 2046 1423 2067 veteres
1439 2042 1547 2065 utuntur
1562 2034 1681 2069 nomine)
1698 2039 1844 2064 terrarum,
1862 2033 1904 2058 sic

1108 2078 1204 2119 terram
1222 2090 1333 2119 Italiam,
1348 2092 1445 2114 terram
1461 2085 1576 2111 Atticam
1592 2078 1726 2110 dicebant.
1740 2080 1814 2108 Sane
1828 2080 1903 2113 quod

1110 2137 1181 2171 Virg.
1196 2136 1222 2162 in
1238 2143 1245 2160 l
1259 2132 1365 2161 Aincid.
1382 2131 1446 2157 dicit
1459 2138 1467 2157 ι

1293 2179 1384 2207 Quinte
1397 2176 1449 2200 Iunt:
1461 2180 1508 2199 tam
1521 2174 1624 2198 barbara
1635 2177 1728 2196 morem

1174 2210 1298 2235 Permittit
1309 2208 1401 2239 patria:

1111 2250 1362 2287 subintelligendum
1389 2252 1477 2274 vestra
1494 2254 1501 2271 :
1520 2241 1744 2279 quemadmodum
1765 2247 1828 2266 cum
1852 2240 1905 2265 aii-

1110 2305 1188 2331 quem
1212 2285 1348 2323 dominum
1375 2298 1500 2318 vocamus
1520 2289 1562 2316 vel
1587 2294 1704 2318 servum,
1725 2285 1859 2315 dicentes,
1883 2285 1905 2311 υ

1111 2343 1230 2375 domine,
1251 2345 1296 2367 aut
1313 2347 1329 2366 ο
1348 2344 1435 2369 serve,
1451 2334 1624 2369 intelligimus
1640 2338 1747 2366 semper
1760 2331 1807 2358 mi.
1824 2331 1906 2357 Acut-

1112 2397 1189 2416 COLA.

1150 2433 1236 2468 Enim]
1252 2434 1341 2466 Neque
1352 2431 1454 2461 Cicero,
1468 2434 1554 2462 neque
1569 2430 1628 2460 post
1646 2432 1706 2451 cum
1721 2424 1864 2458 quisquam
1880 2422 1905 2447 in

1113 2481 1244 2515 principio
1259 2476 1387 2505 orationis
1401 2476 1489 2509 ponit;
1504 2473 1571 2507 apud
1587 2470 1740 2498 Terentium
1759 2475 1849 2494 autem
1867 2468 1908 2493 in-

1114 2513 1220 2554 venitur
1235 2526 1260 2550 in
1276 2521 1405 2557 principio
1415 2520 1441 2546 in
1456 2518 1554 2547 Andria
1570 2526 1575 2542 ι
1589 2516 1758 2543 Etenimvero
1768 2513 1834 2540 satis
1845 2520 1908 2545 spo-

1115 2577 1213 2600 ctatnm
1226 2569 1377 2602 exemplum
1388 2565 1568 2594 continentia».
1581 2562 1720 2600 Sententia
1730 2566 1772 2589 est
1783 2561 1840 2587 lucc
1854 2564 1907 2585 tota

1118 2617 1202 2646 Boetii
1216 2619 1321 2648 sumpta
1336 2621 1350 2639 a
1364 2612 1484 2643 Socrate,
1498 2610 1541 2645 qui
1559 2617 1618 2635 cum
1639 2609 1850 2641 interrogaretur
1866 2612 1909 2631 cu-

1115 2665 1157 2698 jas
1169 2665 1250 2693 esset,
1265 2658 1401 2694 respondit
1417 2664 1476 2684 esse
1491 2664 1520 2683 se
1534 2655 1707 2682 mundanum.
1725 2653 1874 2679 Acmcou.

1154 2708 1218 2741 Qua:
1228 2715 1278 2733 non
1288 2705 1325 2732 uti
1340 2703 1542 2734 Atheniensium,
1557 2700 1622 2735 δια]
1635 2700 1703 2726 Dicit
1716 2697 1843 2724 mundum
1856 2704 1909 2722 non

1117 2755 1172 2789 regi
1196 2752 1306 2780 arbitrio
1329 2749 1516 2780 multitttdinis,
1540 2747 1608 2774 sicut
1631 2744 1766 2780 quondam
1786 2743 1909 2770 Athena.

1120 2801 1187 2829 Sunt
1200 2799 1270 2826 enim
1292 2801 1346 2823 tres
1364 2800 1449 2822 status
1472 2791 1741 2826 rerumpublicaruni.
1763 2788 1828 2815 Nam
1850 2787 1910 2813 alia:

1121 2850 1248 2881 reguntur
1261 2843 1339 2871 unius
1354 2841 1501 2872 dominatu,
1513 2838 1582 2873 quod
1598 2843 1709 2871 regnum
1723 2835 1838 2864 dicitur;
1852 2832 1911 2861 alia

1122 2877 1266 2927 paineorum
1289 2887 1417 2924 potentia,
1440 2892 1517 2920 quam
1541 2882 1706 2918 optimatium
1727 2884 1826 2907 statum
1847 2877 1910 2904 dici-
