4010 6372
241 376 333 433 911

1221 363 1596 423 MURMEILH
1636 363 1720 417 ET
1763 357 2133 415 AGIllCOL/E
2172 359 2688 415 (ΖΟΜΜΕΝΤΑῘΗΑ.

3409 358 3511 410 ili“)

240 509 388 553 mus;
416 499 535 546 ana”?
567 485 745 558 populi
780 486 1069 547 voluntate,
1102 496 1221 551 qum
1252 480 1520 550 popularis
1546 487 1713 531 status
1740 476 1821 527 di-
1847 477 1895 531 Α
2003 472 2203 541 Pauca]
2228 472 2367 526 Inter
2391 489 2613 540 paucnm
2641 482 2695 527 et
2724 480 2946 540 parvum
2978 471 3075 525 hoc
3100 472 3343 532 interest,
3368 474 3508 540 quod

240 586 400 651 citur,
425 582 513 652 qui
544 583 656 649 ipse
685 578 997 647 plerumque
1025 573 1513 627 turbulentissimus
1534 580 1585 624 et
1605 569 1823 622 seditio-

241 673 488 726 sissimus
511 678 613 723 est.
637 668 876 721 Graecum
900 665 1039 734 quod
1066 663 1320 729 scriptum
1343 670 1443 723 est,
1474 660 1551 713 sic
1573 672 1647 712 cst
1675 674 1690 711 :
1714 657 1843 711 Sed

242 763 343 823 bis.
383 760 435 815 id
463 770 545 815 est
570 774 721 820 unus,
755 755 958 827 kyrio=,
998 753 1048 807 id
1072 762 1151 807 est
1182 752 1439 813 dominus,
1466 753 1627 815 estin,
1661 750 1708 800 id
1740 758 1822 802 est

243 861 317 906 est
349 868 367 904 :
397 852 498 914 bis,
524 848 573 902 id
603 856 685 901 est
713 862 867 907 unus,
899 843 1148 907 basileus,
1182 841 1232 894 id
1263 850 1344 894 est
1388 856 1498 892 rex.
1532 840 1817 893 AGRICOM.

320 938 625 1010 Frequentia
647 926 931 1005 civium]ld
958 943 1041 987 est
1064 932 1401 985 multitudine
1428 949 1440 981 :
1466 930 1689 984 dicimus
1729 944 1823 981 au-

243 1045 351 1089 tem
393 1040 449 1087 et
481 1030 725 1085 homines
767 1028 1094 1094 frequentes,
1127 1023 1337 1093 quando
1372 1021 1523 1074 multi
1560 1035 1823 1074 convene-

242 1133 370 1178 runt
396 1141 410 1177 :
434 1123 510 1176 sic
537 1120 737 1175 Salust.
769 1118 823 1172 in
852 1116 1077 1169 Catilina
1110 1134 1125 1169 :
1154 1114 1284 1180 Quia
1314 1113 1548 1165 nondum
1578 1111 1823 1178 frequen-

245 1226 324 1269 tes
354 1220 718 1270 convenerant
750 1228 761 1261 :
796 1217 850 1263 et
878 1212 989 1262 loca
1023 1206 1336 1275 frequentia,
1370 1206 1420 1257 in
1453 1204 1646 1279 quibus
1675 1202 1822 1256 mulli

243 1307 491 1361 homines
516 1303 870 1377 conveniuu};
900 1300 976 1355 sic
1007 1299 1185 1352 Livius
1210 1300 1261 1350 in
1292 1313 1439 1349 χχχιι
1472 1314 1483 1349 :
1517 1296 1822 1363 Infrequcu-

245 1398 449 1451 tissima
479 1394 625 1450 urbis
653 1396 764 1448 loca
788 1400 1031 1460 occupat.
1066 1394 1352 1444 AGRICOLA.

315 1487 477 1558 Cujus
496 1488 580 1551 agi
601 1486 779 1555 frenis,
804 1482 933 1553 etc.]
960 1483 1233 1537 Sententia
1262 1491 1343 1535 est
1372 1490 1586 1547 accepta
1619 1495 1646 1531 a
1675 1478 1825 1532 Cicr-

243 1594 378 1634 rone
416 1593 511 1647 pro
534 1576 805 1641 Cluentio,
830 1577 917 1642 qui
942 1568 1100 1638 dicit,
1139 1574 1334 1643 Legum
1369 1575 1507 1625 servi
1537 1586 1740 1631 sumus,
1771 1581 1823 1622 ιιι

244 1671 398 1725 liberi
430 1684 551 1725 esse
578 1670 864 1736 possimus.
896 1667 1183 1722 Acmenm.

316 1762 393 1813 An
416 1760 644 1827 ignoras,
674 1756 804 1827 etc.]
832 1757 1031 1826 Vulgus
1053 1756 1192 1809 hunc
1217 1756 1389 1808 locum
1422 1769 1524 1807 non
1556 1752 1819 1819 intelligit.

243 1850 432 1905 Romae
453 1851 559 1915 lex,
595 1859 647 1904 ut
674 1850 916 1918 quisquis
945 1849 1013 1902 ibi
1043 1847 1324 1908 habitaret,
1353 1863 1651 1917 quanquam
1682 1858 1825 1901 esset
1858 1829 1902 1883 κ

243 1942 504 2010 expulsus
548 1941 601 1994 in
648 1941 890 1994 exsilium
930 1955 960 1992 e
1002 1941 1169 2009 patria
1212 1954 1327 2001 sua,
1364 1948 1539 1991 tamen
1574 1937 1821 2004 quoniam

245 2031 472 2085 Romam
494 2044 777 2084 commune
797 2029 1124 2083 domicilium
1149 2029 1395 2083 volebant
1415 2043 1535 2082 esse
1556 2030 1699 2080 orbis
1722 2039 1825 2082 tcr-

245 2136 452 2183 rarum,
495 2121 540 2175 is
579 2135 683 2174 non
730 2120 1055 2191 intelligetur
1098 2119 1260 2173 fuisse
1286 2121 1458 2185 exsul,
1490 2136 1609 2173 cum
1645 2120 1826 2173 notua:

246 2222 395 2269 esset
423 2231 435 2265 :
466 2212 534 2265 ad
563 2211 701 2264 hanc
736 2210 1141 2264 similitudinem
1184 2209 1293 2277 jam
1332 2209 1497 2263 refert
1524 2208 1538 2261 i
1566 2208 1652 2261 Iud
1685 2210 1825 2278 quod

248 2304 495 2374 praedixit
522 2302 804 2356 oriundum
835 2316 893 2355 se
919 2315 1041 2355 esse
1066 2317 1128 2354 ex
1157 2299 1375 2353 mundo.
1402 2303 1692 2359 AGRILOLA.

326 2390 611 2463 Exsulare]
654 2391 856 2446 Nomen
900 2400 983 2445 est
1028 2390 1319 2451 cxsularis,
1367 2400 1502 2443 ειειιι
1555 2389 1825 2443 insularis.

252 2486 545 2540 AGRICOLA.

324 2576 389 2629 At
415 2574 664 2646 quisquis]
702 2574 795 2628 Est
837 2575 1117 2635 sententia,
1154 2575 1419 2628 neminem
1454 2586 1612 2641 posse
1642 2586 1667 2623 a
1700 2572 1831 2625 civi-

251 2674 363 2721 tate
384 2665 639 2734 sapientis
661 2665 852 2732 ἀεικειεί
876 2664 929 2717 in
955 2665 1225 2730 exsilium,
1254 2665 1353 2718 nisi
1377 2664 1624 2718 voluerit.
1654 2663 1831 2732 Itaque

250 2773 373 2813 cum
404 2757 631 2825 primum
663 2757 847 2825 incipit
876 2756 1014 2811 nolle
1046 2757 1285 2811 habitare
1314 2756 1365 2809 iu
1398 2770 1482 2819 ea,
1518 2765 1642 2809 tunc
1670 2757 1830 2810 etiam

250 2851 441 2918 incipit
471 2864 575 2903 non
608 2848 867 2906 habitare.
892 2859 946 2902 et
974 2848 1032 2901 fit
1059 2849 1229 2902 exsul.
1257 2849 1381 2903 Sola
1412 2850 1555 2903 enim
1588 2850 1835 2903 voluntas

252 2951 359 3009 est,
377 2959 478 3013 qua
501 2943 610 2997 Deo
630 2942 823 2997 subditi
846 2957 1048 3009 sumus,
1078 2952 1129 2996 et
1155 2958 1253 3010 qua
1276 2943 1343 2996 ab
1366 2942 1481 3010 ejus
1502 2943 1835 3006 subactione

252 3036 578 3091 recedimus.
614 3037 898 3089 Acntcou.
1012 3045 1013 3048 ‘

325 3127 512 3198 Itaque
539 3144 639 3180 non
670 3137 858 3192 tamen,
891 3124 1021 3195 etc.]
1046 3125 1155 3179 Hoc
1184 3124 1309 3179 dicit
1338 3125 1677 3194 Philosophia
1708 3144 1718 3178 :
1746 3125 1834 3177 Li-

1930 577 2153 630 paucum
2202 565 2265 615 ad
2311 580 2586 617 numerum
2644 566 2809 634 magis
2858 566 3110 634 pertinet,
3168 581 3390 632 parvum
3442 567 3508 619 ad

1927 656 2276 722 quantitatem
2309 656 2551 708 refertur.
2586 656 2698 710 Duo
2720 657 2860 710 enim
2888 656 3128 726 gigantes
3152 655 3302 722 pauci
3336 656 3510 708 Immi-

1928 760 2022 799 nes
2051 754 2194 810 sunt,
2221 761 2325 797 non
2356 746 2507 813 parvi
2536 764 2548 796 :
2575 756 2759 801 centra
2788 763 2915 801 vero
2937 748 3083 801 mille
3106 746 3328 817 pygmmi
3361 749 3512 816 parvi

1930 846 2076 899 sunt,
2108 851 2213 890 n0n
2245 838 2418 905 pauci.
2448 837 2733 891 Acmcou.

2001 926 2303 998 Honestate]
2326 928 2457 994 Quia
2482 929 2736 997 pleraque
2762 929 3153 997 objicicbautur
3175 930 3223 983 ci
3245 945 3362 999 qua:
3384 929 3512 983 fuis-

1927 1028 2011 1072 set
2040 1019 2229 1072 Boetio
2262 1029 2415 1087 turpe
2446 1034 2665 1087 negare,
2708 1028 2765 1072 ut
2802 1020 2942 1088 quod
2991 1021 3220 1074 voluerit
3267 1029 3513 1074 senatum

1930 1123 2053 1162 esse
2082 1110 2315 1171 salvum,
2346 1119 2399 1163 et
2430 1109 2632 1176 reliqua
2663 1109 2779 1175 ejus
2807 1112 3039 1179 generis.
3070 1112 3357 1165 Acmcou.
3534 1112 3537 1117 ’

2004 1198 2257 1269 Strictim]
2299 1198 2351 1252 Id
2398 1210 2477 1253 est
2527 1200 2778 1264 breviter,
2812 1215 2839 1251 a
2870 1201 3204 1269 stringendo,
3237 1199 3288 1253 id
3320 1209 3401 1255 est
3429 1214 3513 1253 ar-

1928 1289 2123 1342 ctando
2150 1289 2229 1341 vel
2257 1290 2576 1355 colligalttln.
2605 1291 2872 1343 Acmcout

2007 1379 2183 1450 Vulgi]
2218 1380 2417 1448 Vulgus
2461 1382 2737 1433 masculini
2777 1393 2832 1436 et
2864 1382 3033 1434 neutri
3068 1380 3278 1448 generis
3309 1381 3513 1436 inveni-

1930 1482 2033 1524 tar.
2064 1471 2249 1537 Virgil.
2286 1472 2337 1525 in
2372 1487 2405 1523 ll
2440 1472 2654 1526 AL‘ueid.
2692 1489 2704 1524 :

2426 1582 2550 1630 Hinc
2572 1596 2809 1644 Spargere
2837 1596 2978 1632 voces

2054 1644 2105 1691 In
2132 1660 2146 1685 ι
2162 1643 2329 1703 ulgutn
2353 1643 2617 1704 ambiguas.

1934 1726 2181 1778 lloratius
2211 1727 2261 1778 in
2295 1726 2413 1777 udis
2442 1743 2452 1776 :

2177 1834 2263 1882 Odi
2288 1833 2537 1895 profanum
2561 1835 2734 1894 vulgus
2759 1845 2809 1885 et
2828 1850 2941 1885 arce
2960 1852 2980 1885 δ.

1931 1922 2220 1973 Acntcou.

2007 2008 2226 2079 Damna]
2276 2011 2535 2063 Damnum
2577 2026 2603 2063 a
2640 2011 2835 2075 dando,
2854 2012 2914 2065 id
2947 2021 3027 2065 est
3054 2012 3406 2081 expendenda
3433 2012 3518 2066 di-

1930 2112 2072 2155 ctum
2123 2115 2277 2169 puto.
2319 2100 2456 2154 sicut
2502 2116 2776 2155 scamnum
2822 2118 2851 2155 a
2901 2094 3518 2167 seandendo,scriben-

1932 2194 2170 2260 dumque
2199 2200 2280 2244 est
2310 2192 2425 2243 sine
2455 2209 2517 2259 p,
2551 2191 2994 2258 quemadmodum
3026 2205 3300 2245 scamnum
3322 2234 3338 2259 ,
3370 2206 3520 2245 som-

1935 2301 2053 2345 nus,
2087 2293 2267 2336 temnn
2295 2297 2309 2335 :
2336 2291 2389 2335 et
2416 2290 2473 2334 ut
2501 2283 2667 2335 semel
2694 2282 2924 2343 dicatur,
2954 2296 3222 2350 nunquam
3250 2300 3283 2351 p
3316 2282 3451 2335 inter
3471 2298 3521 2333 m

1932 2386 1982 2426 et
2013 2389 2044 2425 η
2073 2372 2276 2425 litteras
2316 2373 2365 2423 in
2407 2371 2607 2424 Latinis
2642 2370 2965 2424 dictionibus
3005 2372 3308 2425 intervenit.
3346 2370 3522 2439 Ipsum

1936 2481 2005 2527 m,
2036 2470 2170 2516 teste
2193 2461 2416 2525 Quintil.
2449 2463 2498 2513 in
2532 2478 2545 2514 ι
2577 2462 2807 2514 lnstitut.
2837 2500 2854 2527 ,
2884 2460 3069 2513 Latine
3098 2459 3346 2529 loquendi
3374 2474 3523 2513 more

1934 2552 2230 2607 sonandum
2261 2560 2343 2605 est
2370 2561 2617 2620 tanquam
2650 2562 2792 2606 esset
2820 2568 2852 2604 η
2875 2551 3070 2606 littera.
3099 2554 3393 2607 Acutcout.

2008 2642 2276 2695 Postremo
2311 2641 2571 2705 adversus,
2606 2640 2734 2711 etc.]
2773 2641 2883 2695 Hoc
2920 2640 3046 2697 fecit
3082 2643 3294 2697 Boetius
3324 2642 3378 2695 in
3408 2654 3523 2696 car-

1939 2736 2081 2789 mine
2115 2753 2126 2784 :

2275 2828 2315 2876 Ο
2340 2824 2567 2875 stelliferi
2591 2824 2814 2874 conditor
2832 2824 2983 2872 orbis.

2010 2911 2301 2963 AGRICOLA.
2612 2906 2618 2910 ’

2012 2999 2309 3071 Incandm't]
2340 3000 2393 3054 ld
2427 3008 2511 3054 est
2556 2998 2777 3054 exarsit.
2810 2994 3052 3051 Candore
3090 2996 3304 3062 proprie
3341 3002 3424 3047 est
3450 2992 3526 3045 al-

1943 3093 2065 3146 bum
2096 3107 2235 3156 esse,
2265 3100 2317 3146 et
2350 3088 2736 3159 propemodum
2768 3087 3028 3155 fulgorem
3060 3084 3304 3139 reddere.
3338 3082 3522 3149 Virgil.

254 3229 341 3273 cet
375 3218 461 3271 hic
489 3227 539 3272 te
568 3216 776 3271 videam
809 3218 861 3269 in
892 3230 1108 3271 carcere
1133 3224 1279 3269 extra
1313 3219 1536 3284 patriam
1569 3225 1734 3281 tuam,
1761 3228 1832 3269 ta-

1969 3204 1991 3237 n
2023 3202 2038 3239 t
2069 3183 2287 3238 Eneid.
2321 3201 2331 3234 :

256 3325 380 3364 men
425 3323 531 3363 non
580 3308 698 3362 ideo
743 3318 794 3361 te
847 3320 973 3375 puto
1016 3308 1255 3362 exsulem
1305 3322 1441 3371 εεεμ,
1487 3309 1579 3362 sed
1610 3308 1734 3378 quia
1774 3309 1839 3361 ab

257 3399 423 3452 animi
455 3399 527 3451 tui
561 3396 857 3452 constantia
883 3404 938 3451 et
965 3397 1345 3465 tranquillitate
1368 3397 1655 3451 recessisti.
1680 3400 1841 3451 Acut-

257 3504 416 3543 εοιΑ.

336 3579 503 3633 Ebore
523 3596 584 3632 ac
606 3578 756 3648 vitro]
790 3579 863 3631 lla
890 3593 1005 3632 mos
1033 3588 1147 3632 erat
1176 3587 1415 3633 veterum
1442 3579 1842 3653 accuratissime

258 3672 510 3727 omnibus
535 3672 771 3725 omnium
799 3685 1055 3739 generum
1087 3670 1405 3740 imaginibus
1434 3671 1718 3739 insignium
1759 3673 1838 3721 vi-

260 3778 446 3818 rorum
479 3773 569 3815 aut
595 3763 789 3815 ducum
834 3760 1184 3815 bibliothecas
1224 3774 1347 3813 suas
1387 3775 1669 3814 exornare.
1703 3761 1845 3813 Ebur

261 3865 441 3909 autem
491 3854 683 3907 dicitur
726 3853 860 3906 deos
899 3851 1193 3919 elephanti,
1228 3853 1321 3920 qui
1365 3866 1432 3905 ex
1476 3858 1700 3917 utraque
1734 3853 1845 3903 oris

264 3942 418 4015 parte
456 3946 651 4015 singuli
698 3956 1008 4007 nascun'ur,
1058 3942 1124 3994 ad
1172 3942 1554 4011 longitudiem
1600 3958 1848 3996 nonnun-

262 4053 423 4107 quam
460 4036 644 4090 decem
677 4035 890 4103 pedum,
923 4032 1065 4102 quod
1104 4033 1196 4087 alii
1234 4047 1401 4087 cornu
1444 4033 1711 4102 elephanti
1748 4049 1842 4087 vo—

262 4138 409 4184 cant.
442 4130 735 4183 AGRICOLA.

336 4217 649 4289 Sententias]
681 4218 1009 4273 Sententiam
1059 4217 1349 4286 aliquando
1389 4232 1643 4272 vocamus
1687 4219 1849 4272 breve

264 4311 467 4367 dictum
517 4309 887 4365 universaliter
934 4308 1133 4378 aliquid
1184 4312 1554 4378 pronuntians,
1599 4311 1739 4378 quod
1780 4312 1846 4363 ad

265 4404 432 4457 vitam
456 4402 728 4456 hominum
749 4401 1037 4471 pertineat,
1069 4406 1126 4453 ut.
1150 4417 1164 4452 :
1196 4400 1315 4453 talis
1340 4401 1564 4469 quisque
1594 4410 1696 4465 est,
1722 4416 1851 4467 qua-

267 4496 408 4552 libus
454 4496 638 4548 amicis
674 4494 905 4563 gaudet;
967 4506 1129 4547 avaro
1173 4500 1278 4544 tam
1318 4493 1468 4545 deest
1504 4493 1643 4562 quod
1692 4493 1852 4547 habet

2068 3275 2330 3325 Candentis
2351 3284 2505 3322 tacete
2525 3274 2685 3322 media
2711 3275 2843 3322 inter
2864 3282 3047 3321 cornua
3067 3268 3204 3318 fudit.

1948 3359 2200 3411 lloratius
2230 3358 2282 3411 in
2314 3356 2444 3411 0dis
2468 3374 2481 3410 :

2348 3446 2489 3496 Nube
2517 3446 2787 3497 candentes
2810 3446 3044 3496 humeros
3067 3446 3273 3494 amictus

2074 3508 2245 3564 Augur
2271 3508 2461 3569 Apollo.

1947 3590 2073 3644 lude
2103 3606 2199 3659 per
2232 3591 2634 3645 translationem
2679 3591 2963 3645 deductum
2997 3599 3096 3655 est,
3128 3598 3187 3644 ut
3219 3604 3337 3660 qua:
3370 3589 3534 3660 ignita

1947 3690 2094 3744 sunt,
2127 3681 2413 3734 candentia
2441 3680 2709 3734 dicantur.
2740 3680 2921 3735 Horat.
2954 3698 2967 3733 :

2254 3790 2469 3852 Ventres
2494 3792 2668 3839 lamina
2688 3793 2930 3841 candente
2968 3794 3198 3852 nepotum

2260 3851 2461 3899 Diceret
2484 3852 2716 3899 urendos.

1953 3954 2084 4006 llinc
2113 3952 2326 4006 demum
2377 3953 2516 4006 sicut
2555 3952 2743 4006 ardere
2786 3954 2884 4019 ira,
2929 3952 3007 4005 sic
3044 3950 3440 4005 excandescere
3483 3960 3538 4006 et

1951 4042 2331 4097 incaudescere
2359 4041 2563 4095 dictum
2592 4050 2695 4095 est.
2733 4046 3023 4096 AGRICOLA.

2025 4130 2209 4202 Maura]
2250 4131 2303 4185 Id
2341 4144 2424 4185 est
2464 4132 2739 4195 carminis,
2772 4147 2869 4199 per
2898 4131 3293 4203 synecdochen,
3324 4145 3539 4187 causam

1953 4236 2051 4290 pro
2078 4221 2271 4276 effectu
2303 4220 2500 4289 posuit.
2535 4222 2823 4275 AGBICULA.

2028 4310 2164 4382 Pax]
2198 4312 2240 4365 A
2267 4320 2450 4365 vetere
2479 4311 2645 4365 verbo
2674 4326 2809 4380 pago
2833 4312 2975 4365 dicta
3002 4320 3106 4376 est,
3138 4311 3281 4365 unde
3309 4318 3363 4366 et
3395 4326 3542 4365 com-

1957 4419 2118 4474 pages
2138 4412 2193 4457 et
2214 4414 2450 4473 pactum,
2476 4404 2618 4473 quod
2650 4405 2975 4472 praeteritum
3010 4404 3192 4457 habuit
3219 4405 3336 4473 pegi
3365 4423 3376 4456 :
3402 4407 3544 4459 unde

1956 4503 2012 4546 et
2043 4493 2263 4561 impigo,
2296 4492 2493 4561 impegi
2522 4492 2807 4546 dicendum
2839 4507 2961 4547 esse
2986 4493 3215 4559 videtur,
3241 4503 3294 4547 et
3321 4510 3425 4547 non
3448 4496 3548 4549 im-

268 4601 428 4655 quam
466 4580 606 4655 quod
640 4559 746 4638 non
785 4585 963 4637 habet.
1009 4583 1307 4651 Aliquando
1338 4559 1585 4639 dicimus
1629 4598 1849 4640 seuten-
1882 4559 1935 4617 D
1962 4559 2139 4653 pingo,
2172 4559 2315 4652 quod
2348 4559 2529 4653 impigi
2560 4584 2731 4637 media
2762 4584 2909 4638 brevi
2941 4586 3145 4655 syllaba
3180 4586 3356 4641 facere
3385 4587 3548 4643 debe-

270 4678 401 4731 tiam
447 4690 661 4731 onmem
688 4676 1060 4745 cogitationem
1092 4684 1184 4729 aut
1225 4679 1663 4731 commotionem
1692 4679 1854 4732 animi

271 4770 464 4825 nostri.
491 4768 580 4824 Sic
611 4768 753 4837 Virg.
790 4784 801 4819 :

367 4860 507 4911 Nunc
527 4874 638 4923 quas
662 4865 713 4909 te.
731 4858 913 4921 jurata,
937 4865 1097 4921 pater,
1124 4861 1366 4907 sententia
1388 4864 1548 4909 vertit.

271 4946 606 5015 Quandoque
638 4945 798 5000 etiam
847 4943 1162 4997 sententiam
1208 4959 1463 4997 vocamus
1508 4958 1725 4999 sensum
1765 4956 1856 4998 aut

273 5045 511 5090 mentem
541 5035 822 5090 verborum
849 5048 969 5103 quae
995 5034 1222 5087 dicimus
1269 5035 1565 5111 diciturque
1593 5038 1855 5089 sententia

274 5146 307 5184 a
347 5130 645 5191 sentiendo,
676 5128 926 5198 quoniam
963 5128 1031 5182 ita
1075 5128 1386 5191 sentiamus,
1437 5128 1487 5181 id
1522 5137 1607 5183 est
1646 5128 1858 5196 judice-

276 5236 418 5276 mus.
454 5223 739 5275 Acmcou.

350 5312 415 5365 Et
456 5321 508 5364 tu
540 5310 763 5383 quidem]
791 5312 1003 5379 Repetit
1031 5311 1264 5365 breviter
1297 5311 1637 5382 Philosophia
1666 5328 1861 5383 querc-

278 5408 384 5459 lam
419 5404 609 5469 Boetii,
638 5412 693 5457 et
720 5418 811 5471 per
837 5404 1007 5471 capita
1038 5412 1448 5468 commemorat,
1482 5415 1764 5473 captatqne
1789 5408 1866 5470 (nt

282 5495 650 5562 prmdiximus)
673 5493 1118 5556 benevolentiam,
1146 5508 1266 5546 cum
1294 5493 1483 5547 fatetur
1506 5510 1630 5548 vera
1655 5510 1775 5549 esse
1802 5511 1861 5549 ea

278 5600 403 5656 qum
425 5585 571 5639 clare
602 5586 652 5636 in
682 5593 828 5637 textu
862 5592 1061 5652 patent.
1095 5586 1384 5637 Acincum.

352 5675 421 5727 In
449 5692 713 5728 commune
736 5674 942 5745 bonum]
974 5674 1026 5727 ltl
1055 5686 1138 5728 est
1167 5674 1218 5727 in
1252 5677 1529 5730 utilitatem
1576 5679 1861 5747 publicam.

281 5765 506 5823 Acmcut
526 5783 575 5818 Α.

1963 4685 2045 4729 ret
2075 4694 2086 4729 :
2118 4676 2259 4729 sicut
2290 4674 2487 4744 pepigi,
2516 4689 2545 4726 a
2578 4688 2686 4743 quo
2717 4674 2768 4728 id
2804 4676 3162 4743 componitur,
3206 4675 3353 4729 facit.
3392 4677 3550 4732 Actu-

1962 4784 2120 4822 COLA.

2045 4859 2193 4929 Vota]
2235 4859 2534 4929 Aliquando
2568 4870 2747 4913 votum
2786 4860 3053 4930 signiﬁcat
3085 4860 3224 4929 quod
3272 4861 3382 4913 Deo
3429 4875 3553 4927 pro-

1965 4952 2187 5004 mittitur
2208 4950 2434 5019 alicujus
2458 4952 2531 5005 rei
2562 4952 2909 5019 impetrandae
2935 4952 3016 5006 vel
3041 4952 3327 5006 exoranda)
3349 4953 3517 5021 gratia
3535 4993 3550 5013 ,

1965 5042 2251 5111 aliquando
2295 5041 2618 5095 dcs’derinm
2666 5050 2757 5094 aut
2807 5056 2994 5108 preces
3025 5058 3037 5093 :
3071 5042 3149 5095 sic
3178 5042 3406 5095 dicimus
3440 5056 3553 5094 rem

1968 5135 2212 5189 evenisse
2252 5149 2315 5185 cx
2370 5143 2515 5196 voto,
2563 5142 2615 5187 et
2661 5132 2785 5187 hinc
2822 5141 2943 5185 vota
2970 5133 3118 5198 dicit,
3151 5132 3201 5186 id
3239 5142 3320 5185 est
3366 5146 3556 5199 preces

1970 5227 2213 5295 posuisti.
2248 5226 2538 5278 AGRICOLA.

2036 5317 2142 5371 Sed
2168 5318 2407 5384 quoniam
2434 5315 2708 5386 plurimus]
2736 5316 2850 5369 lloc
2879 5318 2995 5371 loco
3023 5315 3250 5368 docilem
3281 5315 3407 5369 facit
3427 5315 3555 5368 l‘hi-

1967 5408 2232 5475 losophia,
2263 5407 2549 5461 ostendens
2571 5423 2676 5476 quo
2697 5408 2884 5461 ordine
2913 5409 3039 5461 velit
3060 5408 3127 5461 de
3156 5407 3313 5460 rebus
3334 5407 3397 5460 ad
3424 5422 3554 5461 con-

1972 5499 2254 5553 Solaudum
2304 5498 2544 5551 Boetium
2586 5497 2978 5567 pertinentibus
3016 5497 3300 5561 disserere,
3335 5507 3387 5550 et
3416 5500 3557 5563 quod

1976 5592 2225 5659 primttm,
2251 5590 2353 5644 hoc
2373 5601 2455 5644 est
2484 5590 2536 5643 in
2564 5589 2798 5643 secundo
2826 5587 2981 5651 lilrro,
3009 5588 3140 5642 velit
3162 5587 3235 5639 uti
3267 5588 3558 5642 lenioribus

1976 5684 2245 5747 remediis,
2279 5692 2336 5738 ut
2366 5684 2511 5751 quasi
2546 5689 2810 5751 praeparet
2842 5695 2961 5734 eum
2994 5680 3059 5731 ad
3091 5679 3295 5733 acriora
3325 5681 3557 5733 remedia

1976 5774 2337 5841 percipienda.
2378 5772 2666 5829 Plurimus.
2696 5770 2747 5824 id
2786 5779 2869 5823 est
2902 5768 3058 5821 valde
3100 5768 3317 5837 multus,
3350 5768 3561 5840 hocque
