4010 6372
526 352 630 406 945

1129 348 1453 405 APPENDIX
1497 350 1586 404 AD
1626 348 1864 402 LIliIIUS
1907 350 1989 402 DIC
2024 344 2537 401 CONSULATIONE
2581 345 3063 401 PIIILOSOPIIIAZ.

3683 358 3781 410 915

525 470 695 539 magis
725 483 789 523 ex
822 482 920 521 usu
965 467 1215 535 loquendi
1260 466 1555 531 hominum,
1592 480 1748 534 quam
1794 481 1860 517 ex
1907 467 2100 517 virtute
2130 467 2177 524 Α
2208 460 2416 525 urbem,
2445 468 2501 512 et
2531 460 2797 513 civitatem
2842 458 3113 512 hominum
3145 467 3197 513 et
3226 459 3466 525 deormn,
3500 472 3555 517 ct
3590 480 3780 519 unum-

525 560 671 617 verbi
701 568 791 613 aut
819 574 941 612 vera
968 556 1355 626 significatione
1384 557 1596 609 dicitur.
1630 557 1921 609 AGRICOLA.

595 648 905 717 Alfecluum]
948 649 1183 703 Affectus
1225 648 1415 701 dicitur
1450 648 1499 700 id
1538 646 1676 716 quod
1708 645 1877 700 Graeci
1911 653 2100 698 vocant

514 744 699 804 πάθος,
734 739 873 808 quod
905 741 1069 792 nostri
1103 739 1261 792 hodie
1301 737 1471 807 ignari
1497 737 1770 791 Ciceronis
1798 746 1849 789 et
1878 738 2097 789 aliorum

521 841 797 886 auctorum
841 831 1027 885 Latine
1068 830 1415 899 loquentium,
1456 828 1757 897 passionem
1798 828 1960 879 animi
2002 843 2095 880 vo.

520 933 664 976 cant.
700 922 791 974 Est
818 931 993 973 autem
1024 919 1243 974 affectus
1268 920 1435 987 major
1466 919 1675 986 quidam
1708 916 1869 970 animi
1902 928 2096 983 multis,

522 1010 773 1066 desinens
822 1010 1035 1064 tandem
1075 1025 1088 1062 :
1130 1026 1249 1063 nam
1297 1010 1342 1063 si
1385 1010 1560 1071 duret,
1589 1009 1695 1076 jam
1740 1023 1931 1062 nomen
1973 1009 2100 1061 affe-

522 1111 638 1157 ctus
660 1101 876 1167 amittit,
902 1099 1309 1155 etconsuetudo
1329 1098 1554 1153 dicetur.
1582 1098 1760 1167 Itaque
1784 1102 1853 1151 ira
1880 1098 2099 1152 affectus

521 1200 627 1257 est,
674 1166 945 1247 iracundia
993 1206 1120 1244 vero
1167 1191 1453 1244 assuetudo
1486 1207 1499 1242 :
1535 1189 1868 1245 affectionem
1921 1200 2097 1269 autem

521 1282 712 1341 Cicero
735 1292 887 1337 vocat
911 1298 1124 1336 omnem
1157 1284 1541 1350 permotionem
1574 1300 1677 1336 non
1710 1284 1870 1336 animi
1904 1284 2095 1347 solum,

521 1377 616 1432 sed
645 1383 699 1430 et
726 1374 985 1444 corporis,
1026 1375 1079 1427 id
1122 1376 1260 1442 quod
1292 1374 1555 1428 dialectici
1592 1378 1755 1427 nostri
1790 1376 2094 1443 dispesitio-

522 1460 644 1525 nem
673 1474 864 1522 vocant
900 1483 912 1519 :
947 1466 1391 1533 quemadmodum
1430 1466 1568 1531 quod
1613 1466 1690 1519 illi
1730 1466 1964 1519 habitum
2010 1481 2099 1519 vo-

522 1567 667 1627 cant,
686 1559 876 1612 melius
896 1557 1355 1619 consuetudinem,
1380 1557 1465 1611 vel
1490 1571 1665 1620 usum,
1692 1557 1771 1610 vel
1802 1557 2098 1611 assuetudi-

523 1666 645 1706 nem
686 1658 957 1713 vocarent,
989 1657 1045 1702 ut
1081 1650 1150 1701 sit
1194 1648 1403 1703 affectio
1445 1658 1663 1709 tremor,
1707 1649 1792 1715 qui
1842 1663 1905 1701 ex
1954 1658 2095 1701 metu

522 1739 811 1810 provenit,
862 1738 1150 1792 assuetudo
1192 1753 1319 1793 vero
1359 1747 1559 1793 tremor
1601 1736 1689 1807 qui
1729 1755 1791 1792 ex
1834 1739 1982 1792 senio
2014 1740 2094 1793 vel

521 1830 708 1885 morbo
733 1829 970 1884 relictus.
1001 1829 1296 1884 Aenrcou.

591 1919 863 1990 Incubuit]
910 1920 1012 1974 Per
1038 1920 1401 1989 metaphoram
1427 1921 1622 1975 dictum
1655 1932 1736 1976 est
1756 1964 1769 1985 ,
1812 1924 1861 1976 id
1891 1934 1973 1978 est
2012 1926 2082 1977 itt-

522 2013 687 2068 vasit:
722 2012 939 2081 pr0prie
964 2012 1108 2066 enim
1151 2026 1311 2080 super
1339 2012 1479 2066 aliud
1500 2012 1696 2081 jacere.
1738 2015 1910 2084 \‘irg.:

676 2098 995 2159 Incubuitque
1020 2105 1136 2148 toto.

520 2182 809 2236 Acntcou.
1494 2244 1497 2249 λ

592 2268 683 2324 Uti
707 2285 842 2322 nunc
860 2269 1061 2340 mentis]
1085 2270 1286 2324 Dictum
1314 2282 1393 2326 est
1424 2272 1489 2326 ad
1515 2273 1658 2328 illam
1685 2276 1927 2343 figuram,
1955 2281 2091 2333 sicut

516 2367 767 2429 dicimus,
798 2381 913 2420 sum
939 2366 1073 2420 lata:
1102 2368 1317 2422 mentis.
1342 2368 1555 2423 Ovidius-
1582 2388 1594 2421 :

672 2455 735 2506 Et
760 2457 918 2507 vultus
939 2457 1153 2506 melioris
1171 2460 1282 2507 eris.

517 2537 786 2607 habetque
811 2540 1034 2609 gratiam
1060 2553 1165 2594 non
1193 2539 1499 2597 indecoram
1528 2542 1611 2596 illa
1650 2544 1820 2598 forma
1852 2546 2086 2600 dicendi.

522 2628 809 2684 Acatcou.

598 2718 840 2773 Nondum
869 2730 917 2775 te
941 2722 1208 2785 validiora,
1240 2723 1372 2793 etc.]
1397 2724 1577 2793 Longe
1599 2735 1651 2779 et
1681 2729 1883 2782 crehm
1918 2740 2091 2785 trans-

522 2808 751 2863 lationes
801 2808 1103 2883 conjuncta:
1152 2818 1305 2875 sunt,
1345 2824 1399 2866 et
1453 2830 1619 2883 prope
1670 2818 1721 2870 in
1779 2819 2088 2889 allegoriam

522 2898 743 2953 vertitur
770 2900 961 2953 oratio.
992 2905 1279 2969 Acntcou.

591 2986 713 3041 Non
740 2988 943 3057 quidem
979 2990 1157 3056 pulsus
1196 3006 1268 3057 es,
1303 2992 1391 3043 sed
1439 2993 1700 3064 aberrasu']
1734 2995 1988 3065 Loquitur
2023 3016 2090 3054 ex

519 3078 821 3133 Stoicorum
854 3082 1138 3146 sententia,
1170 3083 1260 3149 qui
1291 3084 1434 3136 aiunt
1469 3088 1735 3140 hominem
1795 3091 2088 3157 sapientem

518 3165 735 3221 civitate
756 3165 948 3235 depelli
979 3184 1083 3223 non
1114 3184 1294 3237 posse,
1326 3174 1423 3225 nisi
1454 3175 1565 3241 ipse
1593 3179 1764 3243 pravis
1786 3184 2087 3247 cupiditati-
2116 3183 2160 3241 C
2197 3164 2331 3230 3P"d
2368 3165 2640 3216 ""Nlinm
2672 3186 2682 3215 τ

518 3258 622 3313 bus
650 3258 819 3313 victus
846 3258 1057 3313 aberret
1095 3262 1163 3315 ab
1191 3277 1275 3317 ea.
1308 3265 1495 3319 Cicero
1526 3268 1574 3319 in
1616 3268 1901 3327 Paradoxis
1941 3293 1953 3329 :
1985 3276 2084 3330 Sa-

518 3347 713 3417 pien‘tis
741 3348 952 3402 animus
989 3352 1354 3419 magnitudine
1398 3360 1629 3426 c0nsilii,
1671 3362 1950 3419 tolerantia
2004 3386 2085 3422 re-

518 3450 636 3489 rum
665 3437 1029 3503 humanarum,
1054 3445 1503 3512 contemplatione
1528 3448 1773 3516 fortuna),
1802 3457 2085 3512 virtutibus

522 3523 758 3594 denique
782 3526 1027 3583 omnibus
1060 3539 1116 3583 ιιι
1145 3535 1410 3589 mmnibus
1437 3546 1622 3605 septus
1648 3544 1892 3599 vincetur
1917 3558 1968 3601 et
1994 3564 2085 3603 ex-

519 3616 856 3686 pugnabitur,
882 3619 971 3688 qui
1002 3635 1067 3676 ne
1094 3624 1310 3679 civitate
1340 3628 1552 3695 quidem
1577 3632 1697 3700 pelli
1730 3641 1942 3702 petest?

588 3707 728 3761 ’Δλλά
770 3705 839 3768 εἷς
882 3710 1125 3784 βασιλεὺς
1155 3713 1310 3775 ἔστιν.
1358 3717 1427 3779 εἷς
1472 3725 1728 3800 κοίρανος]
1768 3728 1889 3783 Ilzec
1923 3735 2082 3789 verba

516 3803 643 3849 sunt
684 3796 736 3849 in
757 3800 1051 3868 exemplari
1103 3807 1243 3872 quod
1277 3796 1619 3864 doctissimus
1649 3813 1913 3871 Caesarius
1954 3823 2082 3877 mihi

514 3885 889 3942 commodavit.
922 3889 1345 3959 Interpretantur
1368 3910 1544 3952 autem
1568 3902 1662 3955 sic.
1690 3906 1792 3959 Sed
1827 3923 1962 3962 unus
1987 3927 2078 3965 rex

513 3978 618 4037 est,
648 3987 784 4028 unus
815 3974 1091 4033 Dominus.
1116 3980 1386 4037 Habentur
1414 3996 1469 4040 et
1499 3990 1575 4043 sic
1621 3991 1675 4045 in
1705 3996 1892 4051 eodem
1942 4016 2082 4056 mar—

510 4060 636 4155 sine
681 4065 909 4132 ascripta
929 4106 944 4131 ,
968 4067 1115 4125 Ἀλλὰ
1136 4068 1205 4132 εἷς·
1254 4076 1479 4149 κοίρανός
1514 4077 1672 4148 ἔστιν,
1707 4081 1777 4143 εἷς
1805 4088 2077 4155 βασιλεύςε

512 4137 617 4204 Sed
649 4166 783 4207 unus
833 4154 1082 4212 dominus
1115 4169 1232 4222 eest,
1267 4179 1401 4216 unus
1451 4182 1563 4220 rex.
1606 4170 1660 4222 In
1698 4174 1916 4241 epistola
1956 4195 2081 4233 vero

510 4238 777 4296 Edicollii
799 4245 953 4311 paqu
974 4248 1148 4315 aliter,
1172 4247 1253 4310 Εἷς
1274 4259 1502 4329 κοίρανος
1525 4256 1684 4328 ἔστω,
1714 4238 1791 4324 ei:
1813 4266 2071 4334 (suadeas:

510 4330 660 4388 Unus
687 4333 935 4391 dominus
957 4337 1045 4403 sit,
1080 4355 1213 4395 unus
1236 4359 1348 4417 rex.
1395 4348 1640 4415 Agricola
1674 4330 1820 4407 vero
1845 4356 1983 4413 hunc
2024 4361 2075 4413 in

507 4424 723 4480 modum
756 4426 904 4498 legit,
935 4427 1007 4492 εἷς
1029 4432 1197 4509 κύριός
1220 4436 1375 4503 ἐστιν,
1402 4436 1473 4501 εἷς
1500 4441 1757 4510 βασιλεὺς.
1793 4447 2070 4518 Sumptum

2204 566 2469 620 quemque
2490 562 2729 605 nostrum
2761 551 2876 619 ejus
2909 553 3091 605 mundi
3132 567 3253 607 esse
3279 564 3503 621 partem.
3558 556 3699 611 Idem
3732 560 3782 611 in

2208 641 2501 695 Paradoxis
2528 660 2538 692 ε
2572 642 2711 694 Mors
2745 640 2997 695 terribilis
3025 652 3108 694 est
3140 643 3202 697 iis
3254 658 3480 712 quorum
3513 661 3639 699 cum
3678 652 3781 699 vi‘a

2204 734 2385 785 omnia
2436 735 2867 801 exstinguuntur,
2905 748 3008 786 non
3050 734 3132 786 his
3189 750 3413 801 quorum
3449 737 3565 794 laus
3616 745 3781 794 emori

2204 837 2307 877 non
2334 832 2526 889 potest.
2561 824 2817 876 Exsilium
2852 834 3028 877 autem
3056 826 3292 881 terribile
3315 829 3396 881 his
3416 832 3609 897 quibus
3634 835 3781 901 quasi

2202 919 2637 985 circumscriptus
2685 928 2767 971 est
2812 918 3085 971 habitandi
3141 920 3333 986 locus,
3388 937 3492 975 non
3558 924 3644 977 his
3697 927 3781 994 qui

2202 1024 2413 1065 onmem
2445 1011 2629 1064 orbem
2663 1019 2924 1063 terrarum
2960 1024 3118 1062 unam
3177 1012 3363 1064 urbem
3408 1027 3529 1068 esse
3576 1014 3777 1069 dicunt.

2201 1100 2344 1153 Idem
2373 1100 2427 1153 in
2459 1099 2772 1153 Tusculanis
2797 1100 3193 1166 Quaestionibus
3224 1120 3238 1155 ς
3271 1104 3452 1173 Itaque
3475 1106 3540 1158 ad
3570 1122 3780 1163 omnem

2200 1191 2461 1245 rationem
2487 1190 2677 1244 Teucri
2702 1204 2802 1244 vox
2834 1192 3225 1246 accommodari
3266 1203 3469 1257 potest:
3497 1194 3677 1249 Patria
3707 1210 3782 1253 est

2202 1282 2502 1348 ubicunque
2531 1290 2617 1333 est
2646 1281 2807 1335 bene.
2834 1282 3084 1335 Socrates
3110 1281 3323 1350 quidem
3356 1298 3477 1337 cum
3507 1300 3781 1353 rogaretur

2199 1375 2526 1438 cujatensem
2581 1388 2701 1425 esse
2748 1374 2973 1437 diceret,
3005 1372 3326 1427 mundanum
3376 1374 3567 1445 inquit.
3602 1378 3781 1431 Totius

2199 1465 2344 1518 enim
2377 1466 2557 1519 mundi
2582 1482 2640 1519 se
2664 1466 2969 1521 int-clamet
2996 1470 3164 1524 civem
3196 1470 3582 1527 arbitrabatur.
3630 1475 3777 1527 Pros‘

2198 1570 2315 1623 per,
2340 1556 2579 1611 eruditus
2611 1567 2665 1612 et
2692 1557 3029 1613 Christianus
3060 1572 3251 1629 poeta:

2296 1650 2401 1697 Non
2426 1656 2591 1699 metuo
2618 1651 2865 1707 exsilium.
2892 1652 3099 1700 mundus
3128 1653 3300 1702 domus
3321 1657 3549 1705 omnibus
3572 1670 3662 1705 una
3689 1668 3777 1706 est.

2202 1730 2360 1785 Divus
2392 1733 2709 1785 Ambrosius
2740 1735 2787 1785 in
2820 1735 2852 1787 6
2880 1735 3038 1801 epist.
3068 1754 3079 1787 :
3117 1736 3449 1807 Quocunque
3494 1745 3778 1796 accesserit

2126 1825 2175 1883 B
2199 1819 2428 1888 sapiens,
2462 1822 2653 1889 ubique
2676 1823 2804 1875 civis
2828 1832 2929 1885 est,
2956 1825 3149 1894 ubique
3172 1842 3268 1880 sua
3301 1829 3480 1881 Omnia
3508 1832 3775 1902 intelligit,

2196 1926 2455 1978 nusquam
2484 1927 2543 1964 se
2574 1915 2931 1981 peregrinum,
2968 1930 3222 1983 nusquam
3258 1917 3523 1987 hospitem
3552 1924 3772 1990 judicat.

2194 2000 2591 2069 TlteOphrastus
2613 2002 2786 2057 dicere
2802 2005 2999 2058 solebat
3018 2006 3231 2061 doctum
3253 2009 3545 2077 hominem,
3574 2030 3638 2069 ex
3666 2031 3773 2069 om-

2194 2092 2350 2146 nibus
2378 2092 2570 2159 solum,
2604 2096 2838 2161 nequein
2870 2097 3058 2153 alienis
3091 2100 3219 2153 locis
3260 2103 3597 2171 peregrinum
3638 2122 3775 2172 esse,

2198 2198 2367 2251 neque
2389 2184 2597 2251 inopem
2626 2186 2939 2241 amicorum.
2970 2188 3129 2242 Vetus
3159 2191 3399 2260 adagium
3425 2204 3511 2248 est
3537 2214 3547 2247 :
3570 2196 3774 2262 Qtttevis

2196 2280 2334 2325 terra
2362 2275 2549 2340 patria,
2575 2291 2677 2343 quo
2695 2276 3044 2331 admonemur
3074 2281 3243 2334 virum
3274 2289 3569 2350 sapientem
3598 2302 3661 2341 ac
3687 2289 3773 2341 bo-

2195 2378 2341 2427 num,
2376 2363 2915 2433 ubicunquegcntium
2932 2370 3138 2433 vixerit,
3158 2369 3363 2426 Ieliccm
3386 2389 3531 2437 esse.
3547 2378 3701 2431 Ovid.
3723 2382 3773 2433 in

2197 2450 2365 2504 Fastis
2392 2468 2405 2502 :
2674 2496 2713 2524 ,

2317 2544 2473 2589 Omne
2494 2542 2647 2588 solum
2675 2543 2780 2591 forti
2806 2547 2953 2604 patria
2982 2555 3073 2603 est,
3103 2558 3156 2595 ιιι
3185 2552 3396 2609 piscibus
3423 2566 3622 2615 mquor.

2195 2622 2443 2689 Papinius
2470 2622 2520 2676 in
2551 2623 2821 2679 Thebaide
2846 2644 2858 2678 :

2326 2714 2481 2766 Omne
2508 2716 2689 2763 homini
2717 2719 2876 2767 natale
2902 2720 3075 2770 solum.

2270 2796 2329 2849 Et
2348 2802 2442 2869 jus
2458 2800 2693 2854 exsulare
2722 2818 2818 2854 non
2845 2802 2971 2873 esse]
3007 2804 3058 2856 Id
3106 2817 3185 2859 est
3214 2824 3316 2859 non
3352 2810 3518 2863 licere
3550 2815 3599 2865 ei
3622 2828 3771 2867 exsu-

2196 2888 2297 2941 lem
2325 2905 2462 2956 csse,
2487 2906 2581 2945 seu
2613 2894 2715 2959 pati
2750 2893 3015 2947 exsilium.
3044 2896 3158 2949 Meo
3184 2898 3387 2965 judicio
3416 2904 3669 2958 exsulare
3693 2906 3771 2959 hic

2194 2982 2411 3033 verbum
2445 2995 2542 3045 est,
2579 2986 2783 3039 tametsi
2814 3002 2969 3040 secus
2996 2989 3190 3042 sentiat
3214 2992 3481 3060 Agricola.
3522 2996 3699 3051 Potest
3722 3011 3771 3052 et

2195 3073 2269 3121 sic
2308 3074 2521 3135 exrioni,
2565 3074 2649 3141 jus
2680 3077 2944 3142 exsulare,
2986 3078 3085 3131 hoc
3113 3091 3195 3133 est
3236 3082 3324 3150 jus
3364 3087 3645 3141 exsulandi
3674 3130 3689 3153 ,
3720 3102 3770 3141 ut

2742 3260 2956 3321 Tempus
2974 3264 3105 3311 abire
3131 3265 3247 3323 tibi;

2654 3341 2700 3391 id
2726 3352 3025 3409 rsttcmptts
3057 3348 3304 3400 abeundi.

2735 3431 2798 3484 IN
2840 3433 3120 3488 METRUM
3168 3436 3247 3490 VI.

2261 3514 2383 3566 Cum
2414 3514 2592 3571 Phoebi
2618 3519 2796 3589 radiis]
2846 3522 3071 3576 Carmen
3106 3524 3203 3578 hoc
3230 3542 3292 3579 ex
3338 3532 3761 3594 prmcedentibtts

2192 3618 2290 3669 pen
2316 3614 2420 3657 fet;
2475 3607 2595 3674 quia
2651 3609 2790 3661 enim
2837 3613 3079 3677 praulixit
3139 3613 3483 3683 Philosophia
3528 3624 3665 3676 velle
3710 3642 3764 3676 se

2189 3692 2414 3759 primum
2451 3698 2585 3748 mala
2618 3710 2668 3749 et
2703 3699 2914 3755 dolores
2962 3702 3126 3756 Boetii
3168 3707 3471 3763 mitioribus
3515 3716 3761 3766 remediis

2189 3780 2420 3847 mollire,
2456 3796 2509 3838 ιιι
2536 3789 2611 3840 sic
2641 3788 2832 3843 deinde
2856 3790 2918 3842 ad
2952 3794 3155 3846 acriora
3202 3799 3561 3854 medicamina
3587 3805 3757 3871 perci-

2187 3874 2375 3940 pienda
2404 3878 2577 3944 aptior
2602 3879 2773 3933 fieret.
2820 3883 2871 3933 In
2906 3884 3002 3935 hoc
3023 3887 3258 3941 carmine
3288 3890 3457 3957 velut,
3489 3902 3752 3947 communi

2186 3966 2411 4029 quadam
2436 3971 2719 4033 sententia,
2754 3974 2988 4025 ostendit
3011 3975 3062 4027 in
3096 3978 3342 4032 omnibus
3372 3981 3537 4035 rebus
3564 3985 3633 4036 ita
3671 3986 3755 4037 de-

2186 4053 2312 4108 bere
2345 4056 2480 4120 ﬁeri,
2515 4067 2569 4109 ut
2600 4061 2847 4129 quodque
2869 4078 2965 4117 suo
2995 4076 3233 4135 tempore
3273 4085 3560 4142 peragatur
3584 4093 3597 4130 :
3621 4077 3754 4145 quod

2184 4143 2226 4193 si
2277 4156 2398 4198 ante
2445 4154 2653 4215 tempus
2686 4150 3027 4214 festinemus,
3067 4158 3148 4210 vel
3179 4168 3330 4212 extra
3363 4169 3575 4230 tempus
3603 4143 3753 4219 cone-

2184 4249 2303 4285 mur
2328 4236 2545 4302 aliquid,
2578 4238 2768 4293 frustra
2822 4258 2919 4295 nos
2965 4254 3017 4297 et
3045 4246 3161 4299 sine
3204 4248 3392 4304 effer-tu
3424 4253 3753 4308 Iaboraturos

2181 4339 2321 4379 esse.
2355 4314 2577 4382 Mitrum
2604 4340 2685 4382 est
2707 4331 3041 4403 Glyconitlin.
3066 4339 3261 4393 dictum
3284 4342 3351 4395 ab
3380 4357 3603 4400 auctore
3634 4349 3755 4415 Gly-

2179 4430 2312 4469 cone
2358 4436 2369 4469 :
2419 4422 2732 4483 trimetrum,
2778 4424 2877 4477 hoc
2912 4438 2993 4479 est
3040 4430 3205 4483 tribus
3233 4433 3453 4500 pedibus
3482 4448 3751 4499 constans,

506 4523 671 4570 estex
699 4516 1053 4590 Homero,qui
1086 4508 1136 4576 in
1168 4530 1398 4581 secunda
1445 4508 1636 4587 Iliados
1674 4508 1955 4606 rhapsodia
2000 4542 2076 4597 sic
2105 4551 2157 4609 D
2181 4508 2418 4573 Spnndeo
2449 4521 2501 4609 (ῗί
2531 4513 2733 4609 (imbus
2776 4515 3022 4609 dactyli?"
3062 4522 3194 4575 me“
3226 4530 3312 4592 qm
3353 4530 3451 4593 pel:
3491 4540 3753 4591 msmem'

507 4600 706 4671 inquit:

644 4695 745 4746 Οὐκ
766 4696 949 4767 ἀγαθὸν
977 4700 1345 4777 πλουκοιρανίη,
1372 4706 1439 4767 εἷς
1462 4716 1689 4786 κοίρανος
1726 4716 1877 4782 ἔστω,

642 4781 723 4844 Εἷς
737 4786 982 4858 βασιλεύς
1002 4808 1014 4841 :

503 4875 551 4928 id
583 4885 684 4942 est,
728 4894 833 4931 non
861 4880 1054 4937 bonum
1104 4890 1386 4946 multorum
1417 4894 1708 4952 dominatio
1738 4917 1751 4964 ;
1790 4920 1923 4959 unus
1971 4908 2068 4961 do-

498 4968 673 5023 minus
700 4970 788 5033 sit,
814 4986 951 5025 unus
978 4989 1096 5041 rex,
1125 4982 1266 5047 quod
1292 4985 1372 5053 (ιιι
1399 4986 1642 5058 Philippo
1666 4992 1928 5051 Beroaldo
1951 5002 2065 5068 pla-

496 5058 602 5126 cet)
634 5074 738 5115 uno
770 5076 923 5118 versu
952 5066 1029 5120 sic
1051 5070 1198 5123 reddi
1224 5084 1431 5143 potest,

646 5152 749 5262 ἓξὲξ
773 5168 895 5265 33::
918 5166 969 5206 ut
990 5160 1145 5220 multi,
1173 5165 1259 5213 sed
1282 5170 1507 5232 princeps
1528 5174 1738 5235 imperet
1764 5193 1907 5236 unus.

492 5292 778 5351 Possumus
803 5307 857 5353 et
884 5302 962 5355 sic
990 5304 1237 5369 reddere.

634 5385 742 5496 ἓξὲξ
769 5387 893 5499 3:3:
915 5391 1174 5443 multorum
1198 5397 1477 5461 dominatio,
1504 5405 1565 5452 sit
1582 5406 1824 5469 dominus,
1850 5417 1911 5460 sit

556 5543 678 5600 Tua:
696 5550 934 5623 civitatis]
964 5555 1205 5613 Civitatis
1225 5562 1546 5628 sapientum.
1577 5568 1764 5624 Cicero
1808 5576 1858 5627 in
1904 5592 1956 5628 ιιι
1987 5579 2050 5631 de

485 5629 656 5689 Finib.
684 5635 752 5692 de
772 5638 964 5697 Stoicis
987 5642 1101 5700 hanc
1132 5650 1291 5704 tradit
1317 5670 1329 5705 :
1352 5653 1603 5711 Mundum
1627 5669 1798 5715 autem
1830 5629 2049 5720 censent

484 5721 591 5788 regi
613 5726 830 5786 numine
858 5730 1101 5804 deorum,
1135 5751 1365 5810 eumque
1382 5757 1502 5800 esse
1528 5750 1677 5815 quasi
1704 5765 2040 5811 communem

2180 4611 2298 4650 cum
2330 4602 2507 4653 omnia
2548 4603 2755 4657 fervent
2781 4608 3065 4674 caloribus,
3126 4630 3302 4667 serere
3347 4620 3513 4685 volet,
3563 4622 3751 4675 frustra

2177 4689 2409 4755 sperabit
2442 4708 2667 4746 messem
2708 4711 2723 4749 :
2755 4697 2833 4750 sic
2859 4702 3016 4752 etiam
3046 4718 3137 4769 per
3179 4706 3409 4761 hiemem
3440 4712 3609 4766 violas
3652 4730 3751 4765 non

2176 4792 2293 4831 esse
2323 4781 2589 4848 legendas,
2623 4800 2720 4837 nec
2744 4802 2870 4839 uvas
2889 4791 3216 4857 colligendas
3247 4812 3404 4860 vere;
3440 4799 3583 4855 Deus
3606 4805 3749 4857 enim

2176 4868 2421 4921 omnibus
2446 4870 2604 4923 rebus
2635 4882 2870 4941 tempora
2894 4893 2985 4930 sua
3020 4879 3185 4946 dedit,
3218 4902 3337 4951 qua:
3381 4884 3471 4956 qui
3530 4908 3635 4943 non
3668 4908 3744 4944 se-

2174 4968 2384 5023 qttctttr,
2447 4976 2548 5012 non
2603 4963 2815 5017 habebit
2855 4967 3029 5021 laetum
3078 4974 3233 5027 liuent
3275 4992 3453 5031 rerum
3505 4998 3743 5035 suarum.

2173 5049 2461 5102 ACRICOLA.

2241 5139 2368 5191 Cum
2400 5140 2574 5198 Phoebi
2595 5148 2754 5201 radiis
2791 5170 2962 5219 grave,
2992 5156 3121 5226 etc.l
3179 5159 3371 5214 Totum
3419 5169 3741 5236 periphrasis

2168 5240 2265 5288 ειμι,
2300 5233 2349 5284 id
2381 5244 2463 5287 est
2490 5236 2890 5299 circumlocutio
2921 5250 3138 5302 testaris.
3162 5254 3451 5308 ACRICOLA.

2236 5319 2457 5393 Cancri]
2507 5325 2712 5383 Cancer
2764 5344 2845 5387 est
2896 5336 3101 5405 signum
3148 5344 3391 5408 cmleste,
3445 5348 3498 5399 in
3528 5364 3632 5417 quo
3657 5351 3731 5401 sol

2162 5418 2345 5463 a-state
2404 5411 2525 5466 facit
2576 5419 2887 5489 Solstitium,
2940 5443 3044 5495 quo
3097 5444 3334 5501 tempore
3376 5437 3728 5495 fervidissinta

2156 5510 2311 5551 testas
2338 5511 2437 5553 est.
2471 5506 2758 5562 Acntcou.

2230 5586 2575 5663 Neganlibus]
2625 5595 2827 5663 Negare
2870 5605 3059 5661 dicitur
3093 5621 3142 5663 et
3168 5613 3343 5668 verbis
3375 5618 3631 5688 abnuere,
3670 5631 3723 5671 ιιι

2154 5680 2369 5733 Terent.
2405 5684 2454 5735 in
2488 5683 2743 5743 Eunucho
2771 5712 2784 5745 :

2276 5776 2370 5834 Ait,
2390 5777 2463 5822 aio
2486 5791 2498 5833 ;
2522 5790 2616 5837 ιιος
2634 5786 2685 5838 .l,
2712 5796 2855 5845 nego.
