4010 6372
245 410 347 463 MT}

246 542 297 580 et
328 541 493 594 opere
527 537 632 579 non
660 521 899 589 obsequi.
934 519 1178 573 Lucanus
1216 518 1267 571 in
1293 518 1464 584 primo
1491 534 1502 566 :

742 615 1052 673 Summisque
1079 616 1306 669 negatum

368 680 513 729 Stare
530 678 632 727 diu.

248 769 538 817 Aotttcou.

320 848 517 920 Sutria]
556 846 744 902 Sufcus
784 854 866 899 est
895 842 1097 897 cavitas
1126 841 1351 909 oblonga
1396 838 1481 891 illa
1531 850 1649 904 qnze
1686 835 1823 886 inter

248 956 448 1000 terram
482 942 731 1008 utrinque
757 937 824 992 ab
849 945 1029 991 aratro
1055 934 1277 1003 disjecta
1316 932 1368 985 in
1399 930 1539 998 agris
1570 925 1823 992 relinqui:

246 1051 353 1095 tur.
377 1039 667 1091 Acmcou.

318 1123 586 1196 Credidit]
616 1122 849 1179 Credere
901 1119 1114 1189 proprie
1156 1114 1419 1184 signiﬁcat
1465 1112 1620 1165 alicui
1665 1110 1821 1164 fidem

245 1224 525 1286 adhibere,
558 1216 930 1273 undecredere
955 1214 1204 1277 dicimus,
1251 1206 1533 1278 aliquando
1570 1205 1818 1260 commit-

244 1326 362 1370 tere
390 1312 590 1382 aliquid
630 1307 805 1371 alteri,
836 1307 920 1361 vel
970 1306 1200 1368 tradere,
1234 1311 1290 1355 ut
1318 1300 1594 1368 pecuniam
1625 1298 1709 1352 vel
1740 1312 1824 1352 se-

244 1416 455 1460 cretum
488 1420 501 1454 :
534 1401 655 1470 quia
684 1398 838 1467 cujus
868 1396 991 1450 fidei
1023 1411 1125 1448 non
1150 1394 1439 1457 credimus,
1474 1392 1544 1445 illi
1577 1391 1688 1444 fere
1717 1405 1821 1443 non

248 1496 505 1550 tradimus
528 1493 689 1546 ullam
720 1505 854 1544 rem.
892 1491 1181 1542 Acatcou.

321 1581 573 1652 Quartus]
604 1582 694 1636 Sic
734 1579 947 1648 proprie
970 1577 1193 1631 facimus
1217 1576 1573 1645 possessivum
1603 1590 1632 1626 a
1660 1588 1823 1641 quer-

248 1691 338 1739 cu,
365 1689 469 1728 non
498 1671 806 1741 quereinas,
835 1679 890 1723 ut
907 1669 1093 1737 vulgus
1114 1667 1344 1724 barbare
1364 1666 1513 1721 dicit.
1534 1666 1626 1719 Est
1647 1674 1822 1717 autem

247 1781 477 1837 quercus
510 1764 672 1818 arbor
697 1761 1010 1831 glandifera,
1036 1761 1210 1828 ignota
1244 1758 1443 1813 nostris
1485 1756 1822 1825 regionibus:

1150 401 1525 459 MURMELLII
1567 402 1652 457 ET
1694 394 2059 454 AGRICOIAC
2101 394 2613 447 CUMMENTAIUA.

1855 513 1899 566 Α
1931 518 2049 561 ctus
2088 516 2186 567 est,
2220 509 2306 574 qui
2334 516 2465 559 te~te
2485 506 2642 559 Festo
2669 502 2941 571 Pompeio,
2961 501 3101 553 ﬁlum
3132 508 3246 552 erat
3266 497 3501 567 laneum,

3408 379 3508 439 946

1928 613 2035 665 quo
2068 598 2280 659 flamen,
2310 608 2467 665 caput
2513 598 2905 664 circumligatus,
2951 598 3147 657 crines,
3181 607 3247 645 ne
3286 603 3506 659 sparge-

1928 705 2131 752 rentur,
2159 690 2481 743 eontiuébat.
2513 690 2803 744 AGRICOLA.

2000 779 2208 850 U/ﬁciis]
2233 779 2475 832 Officium
2506 777 2791 847 aliquando
2832 774 3077 828 meritum
3109 772 3371 849 signiﬁcat
3417 768 3500 823 vel

1928 870 2270 925 beneficium.
2300 870 2486 923 Cicero
2517 869 2602 921 int
2631 868 2887 935 Epistol.:
2918 869 3022 935 Eg»
3050 864 3194 917 omni
3232 860 3410 916 ofﬁcio
3438 873 3501 914 ac
3546 867 3563 892 ‘

1924 961 2101 1027 potius
2151 962 2345 1029 pietate
2393 960 2601 1013 caeteris
2643 975 2763 1027 erga
2815 967 2866 1011 te
2923 955 3189 1011 satisfacio
3228 952 3497 1007 omnibus.

1928 1052 2076 1106 Unde
2088 1061 2140 1106 et
2153 1052 2211 1107 of
2212 1053 2421 1106 ficiosus
2442 1052 2635 1105 dicitur
2654 1051 2703 1104 in
2724 1051 2818 1102 hac
2832 1049 3235 1118 signiﬁcatione.
3248 1043 3499 1114 Quando-

1924 1141 2323 1211 quesigniﬁcat
2363 1142 2413 1195 id
2462 1142 2601 1211 quod
2648 1141 2876 1210 quisque
2925 1154 2989 1193 ex
3027 1136 3358 1206 professione
3406 1149 3498 1188 sua

1928 1232 2093 1289 facit:
2119 1236 2256 1287 sicut
2287 1232 2519 1287 ofﬁcium
2552 1231 2741 1286 medici
2758 1239 2841 1285 est
2869 1220 3335 1295 Sanare,'ofﬁcium
3364 1223 3498 1278 fabri

1924 1337 2154 1391 struere,
2204 1327 2438 1380 officium
2470 1325 2592 1380 boni
2624 1322 2723 1376 viri
2756 1331 2902 1377 recte
2935 1322 3124 1374 facere.
3178 1318 3268 1373 Sic
3312 1315 3500 1371 Cicero

1927 1420 2119 1473 librum
2168 1419 2481 1472 Ofﬁciorum
2524 1414 2827 1485 appellavit,
2881 1414 3129 1485 quoniam
3184 1410 3295 1466 illic
3328 1409 3396 1465 de
3424 1408 3500 1461 of-

1928 1510 2061 1564 ﬁciis
2121 1510 2241 1563 boni
2300 1509 2397 1561 viri
2453 1507 2690 1561 disserit.
2724 1506 3031 1560 Αεκιεοιλρ

1999 1598 2281 1671 Ρνιηὶρὶεἱ]
2313 1602 2354 1653 Α
2398 1613 2507 1666 prae
2544 1607 2596 1650 et
2634 1606 2796 1664 caput
2837 1596 3035 1648 dictum
3074 1602 3175 1656 est,
3205 1590 3504 1655 diciturque

1928 1690 2064 1744 mitti
2092 1703 2353 1759 prmreps,
2379 1689 2467 1757 qui
2501 1688 2580 1741 sic
2611 1687 2838 1740 mittitur
2866 1685 2932 1737 ab
2954 1684 3083 1747 alto,
3114 1692 3171 1736 ut
3202 1689 3361 1747 caput
3388 1680 3521 1747 ejus

1930 1781 2215 1849 praecedat,
2240 1789 2293 1834 et
2322 1787 2613 1846 sequantur
2662 1778 2843 1845 pedes.
2875 1776 3076 1830 Deinde
3104 1783 3157 1827 et
3188 1774 3334 1826 locus
3373 1770 3503 1825 dici-

244 1857 392 1926 q‘md
422 1856 565 1911 enim
596 1868 694 1907 nos
720 1866 974 1921 quercum
1006 1865 1279 1915 malum"
1310 1850 1523 1920 proprie
1552 1850 1718 1903 mh"
1746 1846 1825 1900 di‘
1857 1866 1903 1923 B
1932 1846 2015 1927 tur
2038 1887 2301 1943 pratceps,
2333 1874 2418 1941 qui
2451 1873 2657 1926 directe
2692 1882 2745 1925 et
2786 1871 2849 1924 ad
2879 1868 3309 1940 perpendiculum
3339 1866 3391 1919 in
3423 1865 3503 1918 al-

245 1950 405 2003 citur.
434 1947 726 2001 AGRICOLA.

322 2036 650 2104 Purpureum
688 2033 887 2101 nemus]
941 2032 1053 2087 Non
1112 2032 1242 2087 satis
1282 2030 1618 2085 considerate
1655 2026 1829 2098 posuit

250 2127 467 2181 Duelius
511 2126 611 2179 hoc
676 2125 1021 2193 adjectivum.
1075 2121 1336 2175 Describit
1382 2121 1522 2175 enim
1575 2118 1825 2180 hiemem,

247 2234 355 2287 quo
388 2228 629 2286 tempore
658 2216 783 2269 dicit
809 2215 872 2267 ad
900 2213 1152 2282 legendas
1181 2212 1348 2265 violas
1374 2225 1701 2280 purpureum
1735 2223 1827 2262 ne-

248 2324 370 2363 ιιιιις
409 2324 512 2362 NOII
544 2323 662 2361 esse
702 2306 1029 2375 petendum:
1063 2320 1245 2359 verum
1291 2319 1357 2359 eo
1398 2314 1637 2371 tempore
1687 2317 1831 2354 nun-

248 2415 408 2470 quam
441 2413 630 2454 nemus
676 2408 757 2451 εει
800 2410 1159 2465 purpureum,
1222 2394 1474 2457 quoniam
1525 2391 1654 2445 nulli
1706 2398 1828 2443 tunc

247 2498 377 2543 sunt
407 2489 588 2542 flores.
623 2487 766 2556 Ergo
796 2484 980 2555 parum
1018 2488 1427 2553 Circumspecte,
1464 2496 1583 2535 cum
1634 2480 1831 2534 oratio-

250 2597 374 2634 nem
400 2580 467 2634 ad
508 2580 640 2635 illud
674 2590 882 2647 tempus
908 2577 1125 2640 referat,
1162 2577 1371 2630 videtur
1400 2574 1603 2629 dixisse
1633 2586 1828 2642 purpu-

250 2688 402 2728 reum
429 2687 650 2736 nemus,
685 2671 785 2725 nisi
809 2671 875 2724 ad
901 2670 1139 2725 Graecam
1175 2670 1330 2738 hujus
1360 2668 1508 2722 verbi
1533 2666 1828 2737 proprieta-

252 2773 357 2816 tem
382 2761 581 2815 allusit.
612 2762 689 2815 Illi
714 2759 1016 2836 πορν-ἔρξον,
1042 2759 1090 2812 id
1115 2769 1195 2814 est
1219 2772 1377 2828 porro
1404 2757 1692 2830 φυρόμενον,
1729 2755 1829 2809 hoc

250 2862 333 2908 est
369 2869 587 2923 prorsus
616 2854 832 2907 mistum
864 2861 918 2907 et
949 2854 1201 2921 agitatum
1252 2851 1435 2905 dicunt
1475 2866 1488 2902 :
1522 2849 1642 2903 inde
1664 2847 1822 2903 etiam

251 2944 339 2997 hic
386 2957 708 3012 purpureum
760 2958 947 2997 nemus
994 2942 1191 2996 dixerit
1225 2942 1419 2996 hiemis
1465 2941 1609 2995 velut
1659 2938 1830 2993 ventis

251 3033 521 3089 turbidum
547 3042 601 3088 et
626 3032 935 3099 inquietum.
974 3033 1261 3087 AGBICOLA.

324 3123 542 3195 Nemus]
563 3126 607 3181 A
632 3125 818 3180 Graeco
842 3127 971 3196 νέμω
1002 3124 1053 3178 id
1087 3136 1168 3177 est
1202 3138 1380 3192 pasco,
1428 3122 1641 3175 dicitur.
1685 3120 1833 3187 Quo-
1908 3156 1911 3159 -

251 3216 397 3267 uiam
423 3216 583 3283 prisci
614 3231 709 3284 per
737 3230 977 3275 nemora,
1008 3214 1456 3282 quemadmodum
1484 3211 1658 3265 adhuc
1695 3210 1832 3263 mul-
1861 3222 1907 3284 ρ

251 3306 321 3357 iis
348 3304 657 3372 regionibus
686 3306 762 3366 lit.
794 3314 1033 3358 armenta
1060 3304 1363 3373 pascebant.
1396 3305 1685 3357 AGRICOLA.

321 3393 592 3465 Lecturus]
618 3394 762 3464 Lego
790 3396 1006 3463 pr0prie
1040 3395 1089 3448 id
1136 3394 1275 3463 quod
1307 3392 1499 3461 colligo
1535 3391 1829 3460 signiﬁcat:

250 3484 394 3537 unde
422 3492 476 3537 et
496 3483 671 3553 legere
714 3483 920 3538 litteras
965 3485 1228 3538 dicimus:
1262 3484 1512 3552 quoniam
1536 3482 1833 3551 colligendo

246 3582 305 3629 et
332 3573 705 3643 conjungendo
730 3590 843 3640 eas,
877 3576 1054 3643 verba,
1088 3587 1144 3631 et
1164 3592 1227 3631 ex
1259 3576 1361 3643 his,
1389 3576 1681 3632 sententias
1719 3576 1836 3630 eiii-

247 3664 450 3719 cimus.
474 3666 764 3719 AGBICOLA.

326 3752 615 3825 Iri/torruit]
631 3754 682 3808 id
706 3765 1094 3811 estconcussns
1109 3765 1191 3811 est
1212 3756 1294 3811 vel
1308 3767 1671 3824 exasperatus.
1702 3756 1834 3809 lior-

250 3857 375 3897 rere
405 3843 621 3913 pr0prie
651 3855 733 3899 est
764 3855 907 3900 metu
938 3846 1021 3900 vel
1042 3846 1237 3915 frigore
1257 3846 1491 3900 concuti.
1526 3846 1828 3900 Juvettalis:

536 3932 749 3995 Simplex
778 3947 840 3981 ne
865 3934 1014 3992 furor,
1039 3938 1265 3985 sestertia
1298 3943 1491 3984 centum

380 3993 623 4057 Perdere,
642 3993 698 4045 et
720 3995 938 4045 horrenti
962 4000 1171 4045 tunicam
1197 4010 1290 4045 non
1312 3998 1525 4046 reddere
1548 3998 1726 4046 servo?

252 4079 552 4131 AGRICOLA.

332 4162 550 4235 Ventos]
579 4164 682 4219 Ver
706 4165 843 4219 sicut
874 4166 1122 4234 pleraque
1145 4165 1330 4220 Latina
1367 4182 1396 4220 a
1435 4168 1624 4222 Grmeo
1649 4170 1712 4243 ἥρ
1734 4170 1831 4222 du-

250 4272 399 4315 ctum
431 4273 532 4324 est,
566 4263 847 4331 praeposita
886 4263 1096 4318 littera:
1133 4265 1262 4321 sicut
1306 4266 1378 4318 illi
1403 4265 1469 4328 ἴς,
1505 4283 1601 4320 nos
1646 4269 1724 4321 vis
1754 4269 1834 4321 di-

249 4353 446 4405 cimus.
482 4354 771 4407 Aculcou.

330 4441 615 4513 Palmites]
649 4444 900 4497 Dicuntur
949 4446 1079 4498 rami
1133 4445 1348 4504 vitium.
1415 4449 1661 4516 quitniam
1692 4451 1770 4501 vel
1817 4458 1835 4501 t

251 4532 520 4601 palpando
549 4534 887 4589 adminiculis
934 4536 1125 4603 qu'bus
1151 4546 1514 4591 sustentantur
1534 4538 1827 4592 adiurarent.

250 4626 545 4679 Acatcou.

324 4712 607 4786 Autumno]
632 4717 953 4770 Autumnum
986 4718 1185 4771 dictum
1214 4718 1393 4781 credo,
1412 4721 1550 4787 quod
1582 4723 1624 4772 is
1653 4732 1838 4773 auctor

250 4808 496 4862 laborum
538 4808 774 4859 omnium
840 4806 927 4874 qui
981 4824 1073 4870 per
1120 4818 1289 4861 tomm
1360 4825 1552 4863 annmn
1597 4811 1835 4863 colenda:

253 4910 417 4953 teme
450 4898 833 4967 suscipiuntur,
893 4898 1016 4965 quia
1067 4911 1353 4954 autumnus
1384 4913 1465 4955 est
1492 4904 1576 4971 qui
1612 4902 1835 4957 fructum

250 4992 500 5045 laborum
534 4990 716 5043 refert.
756 4995 1044 5045 Af-RICOLA.

325 5085 565 5138 Bacchus
596 5083 612 5154 ]
644 5084 891 5137 Grmcum
920 5094 1123 5139 nomen
1155 5095 1234 5139 est
1262 5086 1403 5153 quod
1441 5086 1492 5136 Di
1516 5101 1601 5137 um
1627 5086 1734 5138 vini
1767 5089 1839 5135 si-

249 5176 495 5252 gniﬁcat,
525 5184 579 5230 et
600 5175 787 5229 Latine
814 5176 973 5229 Liber
1002 5188 1149 5243 pater
1177 5176 1393 5229 dicitur.
1420 5179 1707 5231 AGlt'COLA.

330 5266 489 5335 Temp
508 5265 607 5335 ira]
625 5267 859 5335 Tempus
883 5282 910 5319 a
942 5267 1211 5321 tendendo
1232 5266 1431 5319 dictum
1454 5268 1680 5332 videtur,
1712 5283 1840 5335 quo-

248 5359 401 5410 niam
442 5371 537 5422 per
574 5358 750 5410 omnia
781 5356 1047 5420 tendatur,
1102 5366 1155 5409 et
1201 5359 1588 5424 complectatur
1636 5359 1836 5412 omnia.

251 5452 553 5503 AGRICOLA.
1557 5463 1560 5466 ~

328 5536 549 5607 Apiaria]
587 5538 639 5592 ld
671 5551 750 5590 est
783 5538 1213 5602 accommodans,
1248 5538 1445 5592 dictum
1482 5550 1562 5593 est
1589 5556 1614 5592 a
1661 5551 1840 5595 vetere

245 5629 424 5683 verbo
453 5644 577 5696 apo,
630 5631 768 5696 apis,
801 5644 982 5697 apere,
1033 5630 1172 5697 qud
1224 5630 1488 5698 signiﬁcat
1540 5643 1833 5696 connectn,

245 5721 399 5774 unde
430 5730 483 5772 et
509 5720 740 5788 apiscer,
770 5739 795 5771 a
827 5738 930 5790 quo
956 5722 1219 5787 adipiscar
1258 5723 1449 5774 dicitur
1477 5738 1489 5773 :
1527 5723 1662 5775 sicut
1700 5738 1727 5775 a
1763 5723 1837 5775 fa-

241 5810 338 5865 cio
368 5809 621 5875 faciscor,
648 5820 701 5865 et
731 5819 906 5866 tamen
953 5813 1279 5876 proficiscor.
1318 5814 1447 5866 Ilinc
1490 5827 1542 5867 et
1592 5829 1725 5883 apex
1758 5819 1807 5869 di

1932 1974 2035 2019 tum
2069 1966 2257 2030 tendit,
2284 1980 2331 2015 et
2367 1980 2469 2016 non
2501 1963 2761 2033 fastigiate
2782 1972 2835 2017 et
2859 1962 3104 2015 molliter.
3142 1960 3433 2013 Acntcou.

2015 2054 2141 2125 Via]
2169 2056 2226 2111 Ui
2262 2058 2334 2109 ait
2366 2056 2551 2122 Varro,
2587 2071 2616 2107 a
2655 2053 2898 2110 vehendo
2924 2053 3061 2107 dicta
3091 2059 3192 2115 est,
3235 2049 3385 2119 quasi
3413 2062 3505 2101 ve-

1932 2148 2023 2211 lra,
2054 2148 2176 2214 quia
2213 2160 2307 2213 per
2327 2160 2445 2200 eam
2475 2160 2563 2201 res
2588 2143 2873 2209 vehuntur,
2908 2143 3046 2197 sicut
3088 2142 3187 2194 iter
3217 2139 3282 2195 ab
3330 2136 3507 2193 eundo

1930 2238 2142 2291 dicitur.
2172 2235 2461 2293 Acatcou.
3548 2232 3551 2235 λ

2489 2345 2553 2399 1N
2584 2344 2852 2401 PROSAM
2884 2342 2966 2397 Vl.

2003 2440 2251 2493 Primum-
2280 2437 2465 2511 igitur]
2494 2438 2591 2492 Hic
2639 2437 2977 2505 Philosophia
3012 2431 3509 2502 infetrogalionibus

1933 2530 2252 2600 quibusdam
2284 2536 2547 2597 prteparat
2602 2528 2836 2581 animmu
2887 2523 3053 2578 Boetii
3102 2522 3168 2577 ad
3213 2538 3271 2576 ea
3314 2536 3433 2589 qua:
3459 2522 3510 2572 in

1932 2623 2353 2676 consolationem
2384 2620 2531 2674 illius
2555 2619 2819 2687 prolatura
2850 2626 2952 2682 est,
2977 2615 3166 2670 melius
3180 2611 3508 2680 accipienda.

1934 2714 2116 2782 Itaque
2147 2710 2596 2780 quemadmodum
2643 2717 2931 2778 geometra!
2974 2706 3148 2759 solent
3188 2701 3512 2773 suppositio-

1935 2821 2030 2858 nes
2051 2803 2304 2873 quasdam
2327 2816 2650 2872 proponere,
2675 2800 2868 2870 quibus
2889 2797 3158 2854 concessis
3188 2796 3387 2865 possint
3420 2793 3512 2847 ad-

1936 2893 2173 2947 versario
2202 2893 2252 2946 id
2283 2892 2423 2963 quod
2450 2892 2637 2945 volunt
2662 2906 2731 2946 ex
2763 2891 2867 2943 illis
2911 2890 3299 2951 demonstrare,
3333 2885 3402 2938 ita
3431 2885 3513 2937 hic

1937 2984 2276 3052 Philosophia
2311 2983 2454 3037 facit.
2506 2982 2638 3050 Quia
2696 2982 2837 3035 enim
2866 2981 2973 3033 duo
3002 2987 3127 3031 sunt
3152 2977 3417 3045 praecipua
3448 2974 3517 3027 ad

1937 3074 2328 3128 ostendendqu
2375 3073 2515 3141 quod
2568 3073 2695 3125 nihil
2740 3071 3033 3125 debeamus
3078 3072 3299 3122 moleste
3351 3067 3521 3127 ferre.

1937 3165 2187 3235 quidquid
2209 3166 2359 3218 nobis
2390 3164 2594 3217 accidat
2623 3161 2829 3216 adversi
2854 3202 2871 3229 ,
2931 3176 3152 3231 quorum
3181 3160 3405 3228 primum
3437 3168 3514 3215 est

1938 3256 2056 3319 quia
2086 3255 2222 3308 Deus
2252 3255 2503 3307 nihildum
2531 3253 2859 3323 proVidentia
2890 3267 2982 3304 sua
3009 3252 3160 3319 regit,
3192 3257 3394 3303 certum
3435 3260 3515 3303 est

1941 3345 2069 3396 nihil
2100 3346 2166 3398 ab
2196 3359 2259 3397 eo
2292 3344 2342 3397 in
2376 3344 2573 3396 mundo
2628 3344 2729 3396 nisi
2782 3342 3061 3395 beneﬁeri.
3099 3342 3235 3409 Ergo
3261 3340 3514 3409 quidquid

1937 3440 2003 3491 ab
2034 3438 2124 3491 illo
2169 3439 2321 3491 nobis
2377 3436 2697 3499 immittitur,
2742 3436 2935 3490 bonum
2968 3445 3084 3499 est,
3136 3448 3232 3488 nec
3263 3433 3516 3486 debemus

1939 3540 2153 3598 propter
2173 3529 2246 3593 id,
2270 3530 2636 3597 qualecunque
2658 3527 2832 3589 fuerit,
2852 3527 3051 3580 dolere.
3073 3525 3373 3580 Secundum
3394 3539 3517 3578 vero

1935 3630 2017 3674 est
2076 3620 2195 3689 quia
2232 3620 2390 3673 homo
2417 3629 2499 3672 est
2545 3620 2764 3671 sortitus
2802 3620 3031 3671 animam
3060 3633 3177 3687 qua:
3207 3616 3518 3671 immortalis

1937 3723 2017 3765 est
2066 3719 2119 3764 et
2173 3711 2237 3764 ad
2309 3721 2563 3764 aeternam
2628 3709 3009 3763 beatitudinem
3086 3708 3516 3776 consequendam

1938 3805 2068 3857 facta
2092 3820 2106 3867 ;
2133 3813 2211 3855 est
2242 3817 2347 3855 non
2380 3802 2537 3856 debet
2564 3817 2690 3869 ergo
2738 3800 3015 3868 quisquam
3065 3800 3248 3852 dolere
3302 3809 3517 3868 propter

1939 3896 2039 3947 ulla
2065 3894 2318 3955 adversa.
2352 3895 2473 3961 quia
2506 3892 2593 3945 illa
2620 3893 2764 3947 brevi
2785 3911 2794 3940 I
2814 3902 2953 3955 sunt,
2984 3902 3034 3944 et
3057 3906 3149 3959 per
3180 3891 3265 3943 illa
3295 3891 3358 3943 ad
3389 3892 3515 3945 bea-

1939 3986 2215 4040 titudinem
2265 3986 2501 4055 aperitur
2544 3983 2696 4037 nobis
2763 3984 2861 4035 tia.
2920 3983 3059 4038 Sane
3099 3982 3281 4036 Boetio
3326 3981 3515 4036 horum

1940 4089 2224 4148 utrumque
2250 4077 2646 4133 concedendum
2678 4075 2794 4139 fuit,
2847 4090 2952 4130 non
3002 4075 3172 4129 solum
3201 4075 3322 4143 quia
3359 4074 3514 4128 Chri-

1938 4171 2142 4224 stianus
2162 4179 2296 4233 erat,
2320 4168 2413 4222 sed
2441 4168 2598 4222 etiam
2617 4183 2681 4221 ex
2712 4176 2856 4222 secta
2881 4165 3229 4236 philosophia:
3253 4180 3407 4233 quam
3432 4181 3516 4220 se-
3563 4158 3571 4171 ’

1938 4261 2223 4331 quebatur,
2263 4276 2380 4329 qum
2431 4268 2547 4314 erat
2571 4268 2723 4313 vetus
2752 4258 3036 4311 Academia
3066 4272 3129 4311 ex
3184 4256 3516 4311 institutione

1940 4352 2197 4405 Platonis.
2226 4350 2471 4419 Epicurei
2499 4349 2712 4419 quidem
2734 4359 3019 4417 utrumque
3047 4358 3098 4401 et
3131 4347 3513 4415 providentiam

1938 4454 1992 4497 et
2017 4444 2205 4496 auimze
2238 4441 2689 4519 imntortalitatem
2741 4440 3022 4507 negabant,
3071 4446 3125 4490 et
3161 4436 3285 4490 item
3328 4450 3516 4491 omnes

1943 4537 2052 4589 fere
2082 4534 2287 4606 physici
2319 4543 2563 4596 veteres,
2596 4548 2817 4602 quorum
2878 4532 3192 4585 sententiam
3225 4530 3362 4600 apud
3416 4544 3517 4585 nos

1943 4628 2217 4680 Lucretius
2258 4626 2306 4679 in
2342 4632 2585 4693 poemate
2613 4624 2827 4693 copiose
2872 4624 3143 4691 explicuit.
3190 4621 3351 4677 Stoici
3392 4638 3518 4690 pro-

1942 4718 2228 4771 videntium
2260 4717 2349 4770 Dei
2383 4724 2652 4784 regentem
2688 4715 2940 4767 mundum
2972 4712 3260 4782 ponebant,
3296 4712 3518 4765 immor-

1943 4811 2198 4863 talitatem
2228 4811 2525 4862 animorum
2554 4807 2835 4877 negabant.
2865 4809 3001 4874 Ergo
3024 4806 3066 4858 si
3089 4820 3209 4860 cum
3233 4804 3314 4859 his
3338 4805 3520 4872 dispu-

1943 4901 2156 4953 tandum
2182 4901 2388 4965 fuisset,
2416 4909 2697 4968 utrumque
2723 4912 2907 4953 eorum
2929 4909 3019 4951 aut
3043 4899 3268 4953 alterum
3290 4898 3519 4966 probano

1945 4991 2068 5043 dum
2100 5000 2224 5044 ante
2277 5000 2414 5055 erat,
2448 5004 2513 5043 ne
2544 5004 2610 5043 ex
2651 5004 2756 5043 non
2801 4990 3061 5044 confessis
3105 4989 3517 5057 procederetur:

1948 5101 2086 5138 nunc
2110 5083 2347 5138 Boetiurn
2408 5082 2713 5137 credentem
2766 5083 2862 5136 ista
2905 5082 3031 5136 satis
3076 5081 3174 5135 fuit
3222 5080 3517 5134 admoneri.

1948 5176 2179 5227 Primum
2208 5192 2336 5241 ergo
2367 5176 2554 5227 horum
2585 5175 2799 5227 Boetius
2841 5174 3089 5228 celeriter
3116 5173 3383 5227 concedit.
3440 5170 3520 5225 Ad

1944 5268 2234 5320 secundum
2266 5282 2397 5321 vero
2426 5282 2545 5319 cum
2575 5266 2916 5335 Philosophia
2948 5267 3000 5320 id
3028 5266 3209 5319 multis
3231 5265 3523 5333 interroga-

1951 5358 2184 5411 tionibus
2210 5369 2431 5411 conetur
2456 5358 2673 5421 elicere,
2709 5368 2767 5409 ut
2795 5364 2974 5411 servet
3002 5356 3251 5410 decorum
3298 5370 3523 5423 persona

1950 5447 2118 5500 ltoetii
2146 5489 2160 5510 ,
2200 5450 2286 5516 qui
2320 5447 2489 5500 tristis
2516 5460 2567 5499 et
2598 5447 2906 5514 perturbato
2928 5447 3103 5499 animo
3135 5457 3271 5509 erat,
3302 5460 3401 5498 nec
3433 5460 3523 5513 po-

1950 5551 2083 5595 terat
2111 5556 2217 5609 prte
2249 5554 2481 5595 maerore
2522 5539 2817 5607 intelligere
2864 5538 2987 5608 quid
3035 5538 3241 5592 diceret
3288 5536 3524 5590 Philoso-

1952 5632 2094 5699 l-hia,
2128 5632 2257 5685 nihil
2287 5641 2489 5685 certum
2516 5630 2824 5699 respondet,
2865 5644 2985 5684 cum
3018 5629 3065 5681 id
3097 5629 3254 5682 etiam
3289 5627 3525 5696 philoso-

1950 5725 2067 5791 phia
2098 5740 2201 5777 non
2230 5736 2414 5791 aperte
2442 5729 2724 5790 proponat,
2751 5722 2844 5776 sed
2880 5731 3054 5775 tamen
3084 5720 3279 5773 elicere
3304 5734 3373 5773 ex
3409 5716 3539 5770 aliis.

1947 5818 2447 5886 interrogationibus
2478 5817 2674 5884 cupiat.
2701 5817 2762 5870 Et
2784 5814 3074 5869 secundum
3098 5814 3307 5879 quidem
3343 5812 3441 5866 hoc
3474 5812 3552 5870 in.
