4010 6372
506 318 606 369 M7

1115 324 1452 380 APPENDIX
1492 328 1582 379 AD
1621 328 1865 385 LIBROS
1896 330 1984 384 DE
2023 331 2534 393 CON:OLATIONE
2573 339 3063 405 PlllLOSOPlllIE.

3680 352 3780 407 948

503 441 641 493 duas
671 440 1262 510 partitsuppositioues.
1310 445 1385 497 Ex
1431 448 1531 500 hoc
1559 448 1699 501 enim
1740 449 1879 517 quod
1911 449 2086 502 anima
2118 454 2162 510 Α
2192 453 2405 526 Colligit
2464 474 2592 526 ergo
2646 461 2742 516 has
2783 474 2890 518 tres
2952 466 3346 535 suppositiones
3395 483 3548 523 more
3583 484 3685 523 suo
3713 472 3780 524 ab

504 532 819 585 immortalis
840 539 943 597 est,
974 534 1264 601 conjuncta
1310 551 1432 588 cum
1477 553 1541 591 eo
1577 539 1718 606 quod
1749 540 2081 607 providentia

502 626 706 693 regitur
745 625 991 689 mundus,
1050 629 1396 696 consequitur
1459 630 1860 693 linem.anim:n
1920 633 2083 685 Deum

503 732 646 777 esse,
679 716 778 769 hnc
817 727 896 770 cst
925 718 1328 786 beatitudinem,
1362 721 1427 773 ad
1451 738 1607 790 qttatn
1641 738 1670 775 a
1704 723 1811 777 Deo
1839 724 2082 778 ordinata

498 816 599 861 est.
637 808 1105 879 lnterrogatigitur
1129 814 1353 879 primum
1386 814 1729 882 Philosophia
1758 816 1998 871 Boetium
2018 834 2082 871 an

498 901 682 954 credat
735 902 916 957 divina
969 906 1176 959 ratione
1222 908 1477 961 mundum
1514 910 1661 976 regi,
1696 910 1834 978 quod
1870 911 2084 979 quidem

496 991 745 1057 expedite
808 993 1019 1048 Boetius
1059 995 1269 1051 tfatetur
1300 1040 1314 1063 ,
1389 1001 1835 1067 quemadmodum
1882 1001 1991 1069 jatn
2032 1002 2084 1054 in

497 1087 745 1153 proximo
767 1088 1005 1141 carmine
1028 1091 1316 1145 cecinerat.
1338 1093 1535 1146 Deinde
1562 1096 1818 1164 perquirit
1842 1094 2084 1166 Philoso-

498 1175 619 1241 phia
649 1191 715 1229 an
747 1179 881 1232 sciat
916 1178 1131 1234 Boetius
1184 1184 1378 1251 quibus
1425 1184 1800 1253 gubernaculis
1855 1188 2084 1240 mundus

497 1277 731 1336 regatur.
758 1268 838 1322 Ad
872 1270 1013 1338 quod
1036 1272 1329 1339 respondet
1387 1276 1475 1329 vix
1531 1291 1589 1330 se
1621 1277 1917 1346 intelligere
1956 1279 2082 1346 quid

496 1356 637 1412 dicat
660 1359 1004 1428 Philosophia
1029 1378 1042 1425 ;
1080 1363 1261 1432 itaque
1286 1380 1388 1419 non
1413 1365 1566 1420 facile
1593 1382 1750 1436 posse
1774 1384 1831 1423 se
1849 1384 2082 1437 respon-

497 1448 626 1503 dere
656 1450 719 1503 ad
750 1450 1074 1520 interrogata
1100 1469 1113 1505 :
1134 1470 1307 1537 quare
1349 1456 1564 1525 subjicit
1605 1459 1946 1530 l’ltil050pbia
1978 1478 2083 1516 non

498 1544 693 1598 mirum
741 1559 859 1600 esse
899 1548 941 1599 si
977 1550 1025 1600 in
1054 1562 1114 1600 ea
1159 1549 1459 1617 ignorantia
1512 1562 1597 1603 aut
1641 1568 1825 1606 errore
1874 1564 2085 1622 pertur-

498 1632 739 1688 batione~
769 1637 962 1704 aliqua:
990 1638 1224 1690 animum
1256 1639 1373 1707 ejus
1402 1641 1715 1695 invaserint.
1768 1643 1861 1697 Est
1900 1655 2077 1699 autem

500 1724 581 1787 (ut
632 1740 813 1779 verum
870 1726 1103 1798 dicatur)
1148 1739 1265 1797 post
1320 1732 1556 1799 priorem
1608 1732 2080 1804 interrogationem

2194 547 2378 602 ultima
2406 550 2688 620 incipiens.
2721 553 2982 619 Quoniam
3016 558 3159 611 enim
3189 557 3385 612 oblitus
3406 568 3491 614 est
3538 563 3649 623 sui,
3680 563 3780 616 hoc

2190 649 2291 703 est,
2323 632 2491 695 nescit
2519 642 2585 696 ad
2618 641 2975 700 immortalem
2997 661 3057 701 se
3079 647 3456 704 beatitudinem
3498 650 3777 715 destinari,

2191 734 2391 789 ideirco
2423 747 2674 805 tanquam
2717 743 2957 794 exsulem
2989 752 3039 796 et
3064 742 3217 797 bonis
3260 745 3370 798 suis
3410 746 3700 812 spoliatum
3723 761 3779 799 se

2197 825 2375 881 deflet.
2408 829 2557 895 Quod
2580 830 2690 884 fieri
2722 847 2825 884 non
2855 843 3029 899 potest
3059 875 3072 896 ,
3144 849 3265 889 nam
3320 836 3615 893 immortali
3649 840 3779 894 nihil

2190 919 2415 973 mortale
2440 919 2635 974 bonum
2661 924 2745 975 vel
2793 925 2989 976 malum
3019 939 3139 978 esse
3165 935 3363 995 potest.
3393 929 3621 998 Deinde,
3660 933 3776 1000 quia

2192 1009 2399 1079 ignoret
2430 1011 2587 1066 finem
2622 1031 2822 1079 rerum,
2850 1017 3025 1083 decipi
3057 1033 3176 1071 eum
3216 1028 3272 1073 ut
3296 1020 3476 1075 felices
3507 1033 3662 1090 putet
3688 1038 3778 1079 eos

2189 1116 2414 1169 quorum
2449 1118 2703 1172 prospera
2730 1115 2855 1159 sunt
2878 1108 3082 1161 scelera
3117 1150 3131 1173 ,
3157 1124 3278 1163 cum
3312 1110 3489 1179 potius
3520 1112 3777 1167 infelicis-

2187 1192 2351 1246 simos
2380 1208 2471 1247 eos
2494 1203 2685 1264 putare
2711 1195 2951 1263 deberet,
2989 1208 3046 1251 ut
3087 1213 3222 1264 quos
3243 1202 3579 1267 gravissima:
3605 1218 3775 1269 parum

2188 1293 2441 1337 maneant
2491 1285 2753 1339 scelerum
2798 1302 3037 1341 suorum.
3092 1290 3394 1357 Postremo,
3441 1294 3568 1361 quia
3634 1305 3777 1361 putet

2170 1374 2577 1442 providentiam
2618 1392 2724 1432 non
2781 1394 2901 1433 esse
2944 1395 3063 1448 qur
3104 1383 3361 1435 mundum
3406 1395 3587 1453 regat,
3623 1396 3774 1455 putat

2186 1466 2362 1519 omnia
2388 1467 2588 1520 incerta
2613 1479 2758 1522 sorte
2792 1478 2847 1521 et
2877 1467 3099 1523 fortuito
3131 1471 3347 1525 evenire
3384 1488 3399 1527 :
3433 1474 3529 1540 qui
3557 1489 3771 1529 errores

2185 1555 2251 1608 ad
2292 1570 2505 1609 omnem
2540 1556 2941 1613 subversionem
2984 1568 3039 1613 et
3083 1561 3375 1629 perniciem
3416 1564 3617 1619 mentis
3646 1567 3774 1621 satis

2186 1646 2361 1714 magni
2389 1657 2532 1700 sunt.
2563 1651 2851 1703 Acatcout.

2258 1734 2484 1808 Pateris]
2534 1738 2714 1792 Patior
2743 1741 3061 1809 quandoque
3084 1742 3347 1807 significat
3387 1748 3679 1812 permitto,
3721 1757 3775 1801 ut

498 1818 615 1872 haec
663 1819 928 1887 posterior
975 1834 1329 1891 supervacua,
1378 1839 1550 1892 neque
1596 1826 1808 1879 videtur
1868 1827 2081 1883 Boetius
2112 1816 2161 1877 B
2190 1827 2299 1890 hic,
2330 1836 2384 1880 et
2411 1826 2600 1883 Cicero
2624 1830 2676 1882 in
2720 1829 3005 1885 Catilinam
3043 1833 3195 1886 :Non
3222 1838 3415 1902 patiar,
3445 1852 3553 1890 non
3582 1837 3772 1902 feram,

496 1909 627 1964 satis
655 1910 938 1979 diligenter
970 1922 1211 1967 naturam
1240 1916 1591 1983 quaestionum
1642 1918 1859 1971 istarum
1890 1918 2083 1972 distiu-

497 2000 659 2055 xisse.
689 2000 820 2055 Nam
848 2003 891 2055 si
917 2004 1231 2073 conceditur
1258 2006 1514 2060 mundum
1562 2022 1666 2061 non
1709 2008 1819 2077 regi
1848 2008 2081 2064 fortuitis

496 2092 728 2159 casibus,
746 2092 840 2147 sed
864 2093 1040 2148 divina
1072 2095 1299 2158 ratione,
1321 2097 1445 2165 quid
1476 2112 1611 2166 opus
1639 2109 1754 2152 erat
1776 2099 1969 2154 deinde
1994 2099 2078 2153 in-

462 2192 772 2252 .tcrrogare
830 2185 1025 2254 quibus
1069 2188 1447 2255 gubernaculis
1502 2190 1730 2244 mundus
1784 2201 2075 2261 regeretur,

498 2289 619 2329 cum
650 2284 857 2331 certum
884 2277 995 2345 jam
1028 2278 1095 2331 sit
1126 2294 1193 2333 ex
1217 2280 1382 2347 priori
1410 2281 1749 2349 confessione
1789 2283 1966 2337 divina
1994 2299 2079 2336 ra-

498 2364 666 2429 tione,
717 2366 767 2419 id
819 2376 901 2421 est
932 2367 1321 2437 providentiam
1352 2385 1490 2435 esse,
1541 2386 1634 2441 per
1671 2387 1829 2441 quam
1880 2375 2079 2441 regitur

498 2456 765 2511 mundus?
792 2458 933 2514 Sane
966 2462 1192 2529 primum
1219 2462 1655 2532 interrogandum
1691 2473 1807 2518 erat
1853 2481 1919 2518 an
1960 2481 2077 2520 cre-

499 2552 647 2608 deret
678 2568 797 2609 esse
827 2555 988 2609 ullum
1019 2556 1210 2624 Deum,
1239 2557 1380 2625 quod
1404 2559 1640 2612 nonnulli
1671 2561 1888 2613 omnino
1917 2574 2076 2629 nega-

500 2650 626 2705 bant
664 2670 676 2704 :
728 2651 815 2705 alii
848 2656 923 2722 (ut
959 2642 1219 2722 Epicurus
1264 2663 1317 2707 et
1358 2663 1651 2707 sectatores
1693 2655 1798 2722 sui)
1829 2654 2074 2707 dicebant

498 2756 618 2797 esse
641 2743 828 2805 Deum.
865 2746 955 2798 sed
984 2747 1215 2800 otiosum
1240 2756 1294 2801 et
1326 2762 1431 2800 non
1463 2755 1737 2800 curantem
1772 2762 1855 2799 res
1883 2746 2069 2799 buma-

499 2851 613 2891 nas.
672 2836 890 2906 Utrique
918 2839 1075 2907 igitur
1106 2838 1191 2892 isti
1256 2842 1524 2909 ponebant
1577 2840 1801 2893 fortuitis
1859 2839 2071 2892 casibus

498 2927 631 2995 regi,
658 2942 784 2997 ergo
812 2943 930 2982 cum
959 2930 1317 2984 concessisset
1369 2930 1582 2982 Boetius
1620 2943 1739 2982 esse
1780 2928 1965 2991 Deum,
1998 2938 2063 2979 ta-

498 3031 620 3071 men
660 3017 1032 3085 inquirendum
1064 3027 1180 3073 erat
1226 3019 1538 3074 crederetne
1569 3018 1897 3087 providentia
1931 3017 2071 3071 illius

499 3107 610 3177 regi
639 3109 912 3163 mundum.
938 3111 1105 3163 Nemo
1136 3112 1278 3165 enim
1308 3112 1543 3164 omnium
1578 3111 1825 3164 inventus
1847 3120 1928 3164 est
1957 3111 2069 3179 qui,

505 3215 625 3255 cum
657 3201 904 3256 crederet
948 3202 1115 3255 Deum
1157 3202 1489 3256 conditorem
1525 3202 1810 3269 praesidere
1858 3201 2079 3263 mundo,

500 3292 588 3363 qui
619 3303 831 3361 putaret
851 3293 1082 3348 fortuitis
1113 3294 1327 3348 casibus
1357 3310 1442 3347 res
1464 3294 1676 3362 agitari,
1703 3294 1800 3348 sed
1830 3293 2081 3349 credebat

501 3385 676 3440 omnia
706 3385 1038 3455 providentia
1066 3385 1372 3455 gubernari.
1410 3386 1701 3440 AGRICULA.

572 3474 680 3529 Sed
707 3476 790 3528 dic
809 3476 957 3542 mihi,
992 3476 1285 3535 meministi.
1315 3475 1461 3546 etc.]
1512 3475 1608 3529 Hic
1639 3484 1863 3530 conatur
1888 3476 2082 3531 elicere

503 3564 791 3619 secundam
808 3566 1251 3633 suppositionem,
1275 3582 1394 3635 qua:
1424 3576 1528 3629 est,
1568 3567 1837 3620 hominem
1861 3570 1926 3620 ad
1955 3569 2082 3623 bea-

504 3652 784 3707 titudinem
839 3653 1267 3723 consequendam
1322 3656 1516 3710 factum
1576 3670 1695 3709 esse
1741 3672 1754 3707 :
1793 3658 2083 3726 interrogat

505 3757 633 3813 ergo
667 3743 1010 3813 Philosophia
1040 3761 1105 3797 an
1140 3746 1441 3799 meminerit
1469 3746 1682 3799 Boetius
1706 3746 1825 3814 quis
1853 3747 1921 3801 sit
1966 3749 2084 3801 linis

504 3850 680 3890 rerum
700 3879 715 3902 ,
743 3836 883 3906 quod
913 3837 1067 3905 quale
1090 3838 1159 3889 sit
1206 3839 1418 3891 Boetius
1446 3837 1573 3891 dicit
1602 3838 1826 3892 oblitum
1854 3855 1912 3894 se
1940 3855 2079 3895 esse.

504 3926 558 3981 ld
572 3941 757 3981 rursus
772 3937 938 3981 ten'at
957 3928 1297 3996 Philosophia
1322 3929 1424 3981 alia
1448 3931 1849 3997 percontatione
1864 3931 2081 3997 elicere,

508 4018 803 4086 quaeritque
832 4033 897 4070 an
951 4018 1091 4086 quod
1145 4019 1214 4072 sit
1243 4018 1479 4071 omnium
1536 4020 1856 4089 principium
1902 4022 2079 4074 sciat-

506 4109 593 4176 qui
623 4107 897 4175 respondit
941 4109 1103 4162 Deum
1138 4125 1276 4175 esse,
1307 4120 1363 4162 ut
1411 4110 1568 4177 paulo
1590 4121 1712 4165 ante
1756 4112 1909 4166 dixit.
1950 4113 2086 4168 Dicit

508 4212 636 4266 ergo
664 4197 1002 4267 Phil050phia
1039 4201 1232 4252 mirum
1257 4215 1396 4263 esse,
1430 4215 1553 4254 cum
1601 4200 1736 4254 sciat
1768 4201 2085 4270 principium

508 4288 745 4342 omnium
777 4305 979 4353 rerum,
1010 4299 1067 4343 ut
1094 4291 1251 4343 finem
1281 4294 1509 4359 ignoret.
1541 4290 1650 4344 Hoc
1678 4291 1798 4345 ideo
1820 4302 1922 4355 est,
1957 4309 2087 4361 quo-

510 4383 649 4437 niam
676 4383 819 4436 enitn
841 4385 941 4438 scit
965 4383 1129 4438 Demn
1154 4384 1468 4451 principium
1500 4386 1735 4438 omnium
1760 4399 1900 4450 esse,
1928 4385 2087 4439 debe-

512 4472 601 4525 bat
632 4474 768 4528 scire
800 4473 969 4527 Deum
996 4474 1172 4527 omnia
1208 4474 1418 4537 fecisse,
1453 4483 1512 4528 ut
1540 4482 1721 4529 essent
1742 4474 1914 4541 bona,
1965 4473 2084 4544 quia

2184 1938 2287 1977 non
2312 1926 2482 1977 sinam
2508 1943 2522 1977 :
2547 1924 2867 1993 quandoque
2887 1926 3142 1996 significat
3162 1931 3471 1986 maleafftci.
3498 1932 3774 1987 Juvenal.:

2461 2013 2650 2063 Lateris
2670 2015 2801 2076 vigili
2821 2030 2932 2065 cum
2952 2017 3095 2067 febre
3115 2018 3333 2069 dolorem

2305 2075 2356 2123 Si
2382 2088 2582 2137 coepere
2604 2078 2722 2139 pati.

2182 2156 2467 2210 AGRICOLA.

2254 2248 2491 2319 Statum]
2522 2249 2702 2304 Status
2738 2252 3061 2321 quandoque
3077 2253 3272 2308 dicitur
3296 2255 3513 2310 habitus
3530 2259 3775 2327 corporis

2180 2339 2231 2391 itt
2265 2340 2424 2407 pedes
2452 2340 2640 2404 erecti,
2664 2351 2716 2393 ut
2749 2340 2995 2406 dicimus,
3019 2352 3207 2407 status,
3234 2346 3427 2411 sessio,
3449 2351 3769 2411 accubitio;

2178 2431 2496 2501 quandoque
2526 2432 2789 2501 signiﬁcat
2816 2433 3198 2490 conditionem.
3236 2435 3422 2506 Virgil.

2303 2522 2392 2579 Qui
2413 2529 2569 2570 status
2592 2524 2790 2584 antiquo
2815 2522 2951 2572 Latio
2974 2524 2999 2574 ?

2183 2606 2472 2658 AGRICttI.A.

2229 2695 2554 2766 Curatiom’s]
2574 2695 2771 2751 Curare
2789 2698 3002 2767 proprie
3018 2714 3199 2752 curam
3213 2698 3469 2755 adhibere
3482 2700 3765 2771 signiﬁcat.

2175 2788 2303 2846 inde
2330 2788 2576 2856 quoniam
2604 2790 2871 2857 przecipua
2899 2799 2982 2844 est
3000 2791 3191 2845 medici
3223 2792 3364 2845 circa
3388 2804 3651 2862 aegrotum
3682 2809 3771 2848 sa-

2177 2878 2410 2931 nandum
2438 2892 2599 2940 cura;
2644 2893 2832 2933 curare
2856 2880 3018 2933 etiam
3060 2896 3155 2945 pro
3181 2895 3409 2944 sanare;
3443 2884 3771 2953 quandoque

2181 2984 2287 3022 non
2312 2983 2522 3031 sanare,
2548 2967 2641 3021 sed
2671 2984 2850 3022 curam
2880 2970 3121 3022 sanitatis
3160 2970 3357 3025 habere
3384 2989 3397 3023 :
3428 2973 3572 3025 unde
3603 2974 3771 3025 etiam

2176 3068 2359 3114 utnon
2389 3070 2610 3112 sanetur
2632 3074 2793 3127 :eger,
2818 3060 3058 3115 medicus
3084 3076 3273 3116 curare
3309 3061 3547 3127 dicitur;
3584 3073 3767 3119 tamen

2110 3178 2155 3240 Ο
2188 3150 2370 3205 Horat.
2396 3153 2446 3203 in
2475 3166 2509 3203 ιι
2544 3150 2768 3217 Epistol.
2792 3151 2894 3203 ait:

2560 3239 2805 3299 Fugeres,
2831 3241 2993 3288 radice
3014 3240 3092 3287 vel
3118 3241 3269 3288 herba

2494 3301 2785 3349 Prolicit-ute
2808 3302 2925 3349 nihil
2950 3304 3187 3350 curarier.

2188 3387 2366 3441 Potest
2393 3400 2519 3455 ergo
2564 3386 2738 3438 curari
2787 3386 2962 3440 radice
2991 3386 3121 3440 nihil
3154 3389 3501 3454 proliciente,
3548 3388 3649 3443 sed
3676 3405 3775 3443 ne-

2182 3492 2393 3547 quaque
2419 3477 2617 3530 sanari.
2649 3479 2938 3531 Acntcout.

2256 3565 2618 3636 Arbitratujld
2658 3574 2741 3620 est
2786 3567 3058 3621 voluntate
3109 3567 3192 3620 vel
3235 3566 3467 3636 judicio.
3507 3570 3774 3625 Arbitrari

2189 3670 2397 3712 veteres
2423 3659 2668 3712 dicebant
2707 3659 2975 3727 inspicere
3004 3659 3088 3714 vel
3136 3674 3487 3729 cognoscere,
3517 3664 3659 3718 unde
3687 3680 3774 3718 τίκ

2188 3751 2346 3803 motis
2376 3750 2587 3803 arbitris
2617 3749 2757 3818 loqui
2781 3750 2993 3817 dicitur,
3025 3751 3117 3819 qui
3140 3751 3289 3806 solus
3324 3767 3446 3807 eum
3470 3754 3655 3823 aliquo
3684 3756 3768 3809 ιο.

2188 3842 2386 3911 quitur,
2411 3852 2463 3895 et
2489 3840 2867 3909 arbiterjudex
2900 3850 3141 3896 vocatus.
3178 3844 3477 3897 Acatcout;

2266 3930 2482 4001 Ullum]
2532 3932 2614 3986 Ab
2661 3946 2767 3985 uno
2824 3933 3062 3997 nonnulli
3103 3934 3248 3987 ullus
3297 3934 3500 3989 dictum
3560 3936 3769 3991 volunt.

2189 4028 2477 4079 AGBICOLA.

2264 4119 2557 4190 Conditum]
2588 4120 3173 4195 (Juttderequandoqtte
3201 4123 3469 4191 significat
3489 4122 3685 4189 facere,
3721 4135 3777 4179 ut

2194 4213 2279 4267 ltic
2298 4224 2351 4268 et
2376 4228 2530 4281 supra
2555 4232 2565 4264 :

2508 4304 2547 4354 Ο
2575 4303 2799 4353 stelliferi
2827 4303 3046 4352 conditor
3070 4302 3217 4351 orbis.

2201 4388 2528 4456 Quandoque
2556 4387 2821 4454 colligere.
2857 4386 3104 4439 Horatius
3132 4386 3182 4438 in
3216 4400 3230 4437 ι
3258 4384 3597 4439 Carminum:

2356 4480 2496 4528 Illum
2517 4482 2554 4526 si
2578 4460 2771 4541 proprio
2791 4476 3004 4526 condidit
3030 4476 3221 4524 horreo.

512 4563 722 4618 bonitas
745 4565 1024 4634 cujusque.
1054 4566 1325 4619 beatitudo
1356 4565 1470 4633 ejus
1500 4574 1582 4620 est
1607 4583 1620 4630 ;
1644 4581 1771 4635 ergo
1800 4567 1979 4620 omnia
2003 4583 2089 4619 vo-
2122 4545 2178 4605 Ῑ)
2206 4566 2534 4633 Quandoque
2562 4563 2911 4616 abscondere.
2951 4561 3137 4630 Virgil.
3173 4562 3225 4612 in
3256 4559 3521 4614 Bucolicis
3546 4578 3558 4611 :

514 4656 609 4710 luit
630 4672 752 4711 esse
791 4658 965 4725 beata,
1011 4669 1271 4725 quatenus
1317 4670 1502 4711 natura
1556 4659 1973 4727 uniuscujusque
2012 4660 2095 4727 (ut

511 4746 588 4800 ait
617 4747 790 4816 Plato)
818 4762 983 4817 capax
1017 4749 1362 4803 beatitudinis
1383 4764 1503 4803 esse
1528 4757 1755 4817 poterat.
1778 4748 1975 4802 Deinde
1999 4747 2090 4810 ibi,

513 4837 621 4894 Sed
652 4838 747 4892 hoc
772 4856 990 4909 quoque,
1027 4850 1155 4905 etc.,
1202 4842 1413 4894 tertium
1456 4842 1523 4895 de
1571 4840 1732 4893 animi
1780 4841 2093 4894 immortali-

515 4940 623 4986 tate
650 4930 927 5001 perquirit.
953 4931 1292 5003 Qumritergo
1313 4948 1377 4986 an
1411 4934 1714 4988 meminerit
1734 4932 2002 4986 hominem
2030 4948 2089 4986 se

511 5040 635 5080 esse
661 5068 675 5090 ,
707 5024 900 5080 deinde
925 5040 991 5078 an
1016 5027 1150 5079 sciat
1170 5028 1293 5094 qttid
1326 5030 1395 5080 sit
1413 5028 1591 5081 homo.
1608 5028 1685 5081 Ad
1710 5028 1849 5097 quod
1874 5042 2095 5095 rt-spOu-

512 5116 604 5170 det
626 5116 862 5181 Boetius,
901 5130 965 5169 ex
993 5118 1257 5170 sententia
1302 5118 1602 5188 Porphyrii,
1652 5118 1923 5171 hominem
1979 5134 2095 5171 esse

513 5206 710 5259 animal
738 5206 996 5260 rationale
1043 5208 1291 5271 mortale,
1352 5224 1471 5260 cum
1525 5208 1719 5261 rectius
1767 5208 2095 5261 definivisset

516 5298 786 5351 hominem
816 5312 936 5351 esse
960 5296 1157 5351 animal
1186 5314 1247 5352 ex
1272 5313 1498 5366 corpore
1522 5306 1575 5351 et
1604 5298 1850 5350 rationali
1878 5299 2095 5351 immoi-

514 5385 603 5441 tali
626 5386 802 5441 anima
826 5387 1200 5456 compositum.
1223 5386 1354 5441 Cum
1378 5388 1518 5441 enim
1552 5386 1749 5442 oblitus
1793 5384 1861 5440 sit
1882 5386 2096 5440 Boetius

511 5489 759 5534 constare
789 5494 846 5534 se
874 5494 941 5534 ex
973 5479 1150 5532 anima
1197 5479 1508 5544 immortali,
1550 5494 1655 5531 non
1686 5486 1768 5532 est
1799 5477 2096 5531 mirandum

513 5573 559 5627 si
610 5573 861 5627 brevibus
911 5573 1027 5627 istis
1078 5572 1491 5627 adversitatibus
1550 5570 1889 5640 perturbetur
1926 5586 1936 5619 :
1972 5568 2097 5621 dicit

512 5678 645 5733 ergo
666 5664 801 5720 hanc
828 5666 985 5719 etiam
1009 5681 1128 5720 esse
1152 5666 1235 5719 vel
1264 5665 1582 5733 praecipuam
1607 5662 1730 5716 mali
1753 5661 1830 5713 sui
1855 5674 2090 5725 causam,

518 5752 660 5821 quod
726 5756 805 5807 sui
853 5756 1047 5808 oblitus
1106 5757 1193 5817 sit,
1242 5754 1565 5822 tlesieritque
1616 5752 1849 5820 seipsunt
1911 5763 2088 5801 ηοεευ.

2328 4656 2417 4705 llis
2441 4671 2536 4717 ego
2558 4668 2693 4716 saepe
2712 4655 2876 4715 lupum
2901 4652 3009 4701 fieri
3034 4659 3085 4701 et
3103 4664 3159 4701 se
3174 4651 3391 4701 condere
3412 4651 3563 4701 silvis.

2204 4741 2492 4792 AGRICOLA.

2273 4826 2535 4897 Exsortes]
2569 4829 2762 4880 Exsms
2788 4827 2854 4879 ab
2874 4825 2937 4878 ad
2969 4835 3023 4878 et
3048 4838 3166 4877 sors
3195 4823 3410 4891 dicitur,
3448 4825 3600 4893 quasi
3637 4835 3779 4879 cura

2202 4929 2422 4983 sortem,
2474 4920 2521 4971 id
2568 4928 2649 4971 est
2680 4925 2904 4986 partem,
2938 4917 3026 4985 qtti
3061 4925 3276 4983 prorsus
3307 4917 3547 4983 privatus
3583 4925 3667 4969 est
3702 4932 3777 4967 re.

2206 4998 2491 5065 Αδιιιοοιιι.
3378 5002 3387 5005 ’

2280 5101 2477 5173 Papae]
2510 5102 2806 5169 interiectio
2849 5101 3111 5165 stupentis
3154 5098 3234 5153 vel
3277 5097 3592 5152 admirantis
3614 5108 3712 5161 est,
3751 5115 3776 5145 a

2204 5195 2391 5250 Graaco
2414 5197 2572 5250 Βαϐαῖ
2599 5194 2776 5246 ducta.
2812 5198 3095 5247 Acmcuu.

2278 5289 2539 5344 Sententia
2562 5285 2778 5357 locatus]
2805 5284 3010 5353 Frigida
3038 5294 3091 5337 et
3118 5283 3293 5351 Segnis
3315 5281 3527 5336 videtur
3548 5296 3664 5336 esse
3684 5282 3774 5332 ista

2210 5386 2502 5445 translatio,
2539 5383 2699 5436 locari
2740 5385 2790 5434 in
2831 5378 3091 5434 sententia
3119 5396 3133 5440 ;
3164 5378 3362 5431 rectius
3378 5386 3495 5430 erat
3520 5386 3775 5442 utcunque

2208 5485 2296 5528 aut
2314 5475 2540 5528 locatam
2571 5475 2620 5526 in
2640 5488 2761 5527 eum
2789 5470 3138 5531 sententiam;
3165 5467 3355 5520 melius
3379 5468 3561 5535 utique
3587 5476 3638 5518 et
3664 5482 3772 5517 utu-

2206 5568 2407 5621 (lustius
2433 5577 2565 5629 erat,
2601 5581 2699 5619 cur
2738 5575 2843 5618 tam
2876 5564 3142 5617 salubrem
3174 5559 3375 5612 habens
3422 5559 3770 5617 sententiam;

2206 5669 2294 5710 aut
2318 5658 2505 5720 fretus,
2531 5666 2621 5710 aut
2650 5656 2925 5725 prmtlitus,
2958 5653 3038 5706 vel
3064 5653 3220 5705 nixus
3246 5649 3508 5704 sententia
3541 5654 3770 5715 :egro‘tct.

2202 5750 2485 5802 Acmeora
