4010 6372
318 294 408 349 ΜΟ
1228 288 1600 346 MUIiMELIJI
1644 287 1729 343 ET
1770 286 2135 343 AGItIthLxE
2181 292 2691 347 COMSIENTAIIIA.

3454 293 3555 347 950

378 406 641 476 Confecto]
669 406 722 460 Id
753 414 833 461 est
861 409 1134 472 suspicor;
1169 404 1307 457 unde
1336 404 1670 472 roujectores
1699 401 1882 456 dicun-
1918 402 1959 459 Α
1990 403 2061 453 tio
2106 401 2443 470 Philosophia
2499 401 2775 470 promittit.
2823 400 3055 453 I‘riututn
3084 401 3295 470 quidem
3327 401 3473 455 Imvia
3505 413 3560 456 et

313 506 393 551 tur
439 497 804 557 somniorum,
852 503 943 547 aut
999 495 1247 547 similium
1299 509 1475 547 rerum
1528 495 1880 561 interpretes,

312 588 555 654 quoniam
577 586 967 655 suspicionibus
1000 584 1173 637 futura
1198 584 1471 650 colligunt.
1502 585 1786 636 AGMCOLA.

382 674 627 747 Ambigis]
659 672 963 742 Ambigere,
1018 672 1085 726 ab
1120 687 1203 725 am
1235 671 1374 741 quod
1421 672 1619 725 circum
1657 686 1710 723 tn
1738 683 1883 723 com-

311 764 591 826 positione,
636 772 692 815 et
717 778 818 829 ago
838 761 1035 815 dictum
1066 774 1160 829 per
1192 760 1649 828 interpositionem
1686 758 1715 809 b
1743 756 1883 810 litte-

310 870 401 907 τω.
428 859 714 907 Acatcou.

383 944 526 997 Num
562 944 747 1013 inquit,
780 942 909 1012 δια]
952 940 1226 997 Sententia
1262 949 1364 993 est.
1422 938 1534 992 Non
1573 938 1879 994 dubitabam

309 1039 436 1104 quin
457 1053 612 1093 error
639 1047 781 1092 esset
808 1037 996 1101 aliquis
1028 1038 1077 1088 in
1120 1047 1189 1099 te,
1218 1035 1309 1104 qui
1334 1047 1490 1087 causa
1523 1040 1667 1086 esset
1705 1042 1758 1083 ut
1784 1032 1878 1085 do-

306 1132 390 1183 Ior
412 1131 516 1184 iste
547 1146 724 1185 rerum
757 1130 1103 1185 adversarum
1137 1138 1315 1196 posset
1349 1126 1617 1181 intrarein
1647 1126 1879 1178 animum

308 1235 475 1277 tuum.
506 1223 794 1279 Aentcou.

383 1316 571 1370 lliante
626 1316 745 1368 mili
796 1312 1008 1383 robore]
1053 1312 1359 1367 Similitudo
1410 1326 1439 1363 a
1496 1308 1882 1363 munitionibus

307 1408 464 1459 ducta
496 1418 579 1460 est
608 1424 623 1471 ;
652 1406 863 1475 quando
889 1405 1029 1457 enim
1055 1402 1253 1468 aliquid
1295 1402 1446 1455 deest
1493 1400 1633 1453 vallo
1664 1409 1717 1451 ut
1750 1399 1880 1461 hiet,

308 1499 358 1549 id
391 1509 472 1551 est
498 1508 740 1567 apertum
767 1498 857 1558 sit,
892 1496 1045 1549 datur
1074 1495 1249 1549 aditus
1275 1492 1515 1547 hostibus
1543 1493 1594 1559 in
1637 1490 1880 1543 monitio-

306 1606 421 1644 nes.
455 1593 717 1644 Acntcou

381 1681 607 1751 Morbus]
663 1680 744 1733 hic
795 1696 886 1747 per
916 1678 1317 1731 translationem
1349 1676 1523 1729 dictus
1567 1682 1685 1728 cst:
1715 1672 1878 1726 credo

1985 487 2271 547 mediocria
2294 496 2357 547 ad
2378 494 2753 549 removendam
2774 494 3225 561 perturbationum
3254 493 3555 564 caliginem,

1984 600 2101 650 qua:
2142 586 2522 653 impedimento
2553 597 2633 640 est
2677 587 2856 639 animo
2892 601 2997 654 quo
3041 585 3217 640 minus
3248 595 3405 654 queat
3432 600 3558 654 spe.

1984 678 2149 731 cuIari
2179 682 2476 732 veritatem.
2510 678 2707 732 Deinde
2727 693 2854 732 vero
2874 679 3079 732 acriora
3108 678 3467 749 lirmioraque,
3503 685 3561 732 ut

1985 768 2131 822 falsa:
2178 767 2443 822 felicitatis
2488 768 2667 834 specie
2712 776 3009 837 perspecta,
3042 784 3181 823 vera:
3219 768 3559 823 beatitudinis

1985 860 2205 914 formam
2232 860 2398 929 possit
2426 860 2637 913 intueri.

2200 941 2209 953 ’
2501 950 2566 1004 IN
2599 948 2885 1003 METBUM
2930 948 3036 1001 VII.

2057 1044 2285 1099 Carmen
2314 1051 2395 1097 est
2422 1042 2696 1103 adoniuut,
2719 1040 2930 1111 dactylo
2944 1052 3194 1095 conSIans
3222 1051 3275 1094 et
3299 1040 3557 1109 spondeo:

1986 1152 2092 1205 quo
2116 1137 2274 1190 docet
2306 1134 2644 1202 PtziloSophia
2679 1133 2845 1185 tribus
2876 1132 3244 1201 pulcherrimis
3281 1146 3559 1201 compara-

1985 1227 2220 1281 tionibus
2244 1227 2315 1279 ita
2343 1235 2575 1279 mentem
2601 1223 2833 1276 hominis
2857 1223 3309 1289 perturbationum
3336 1221 3563 1290 caligine

1986 1316 2263 1381 contundi,
2312 1327 2365 1369 et
2396 1316 2703 1383 passionum
2738 1314 2964 1367 vinculis
3007 1313 3289 1382 obstringi,
3325 1324 3379 1367 ut
3424 1330 3561 1366 tton-

1986 1426 2253 1477 nunquam
2282 1410 2333 1462 in
2374 1410 2688 1463 servitutem
2738 1410 2977 1472 redacta,
3026 1408 3305 1462 veritatem
3343 1407 3567 1461 minime

1984 1502 2153 1570 possit
2179 1501 2394 1555 intueri.
2426 1500 2709 1554 Sciendum
2737 1508 2818 1553 est
2840 1510 3068 1568 quatuor
3097 1499 3417 1568 principales
3444 1513 3563 1554 esse

1985 1591 2178 1645 anima:
2207 1591 2657 1659 perturbationes,
2706 1606 2828 1659 quae
2861 1600 2915 1644 et
2950 1589 3261 1645 atlectiones
3290 1589 3561 1657 dicuntur,

1989 1695 2041 1737 et
2094 1699 2123 1736 a
2159 1683 2457 1751 junioribus
2506 1681 2804 1751 passiones.
2842 1682 3036 1735 Ilarutn
3067 1682 3188 1735 dure
3224 1681 3438 1750 quidem
3492 1696 3579 1735 ex:

304 1773 504 1826 dictum
535 1787 564 1825 a
597 1782 784 1834 morte,
814 1771 1065 1840 quoniam
1092 1769 1309 1822 morbus
1338 1766 1404 1820 ad
1428 1776 1654 1820 mortem
1702 1763 1877 1818 ducat.
1914 1760 1962 1819 B
1989 1776 2237 1843 opinione
2262 1774 2382 1827 boui
2414 1783 2723 1840 nascuntur,
2754 1774 3003 1843 gaudium
3029 1784 3083 1828 et
3100 1788 3225 1843 spes
3250 1791 3264 1825 :
3297 1774 3419 1827 dum
3440 1788 3571 1829 vero

306 1868 594 1920 Acntcou.

383 1954 696 2025 Exstirpare]
714 1955 755 2008 Α
780 1953 943 2023 stirpe
966 1952 1183 2016 dicitur,
1212 1951 1351 2020 quod
1373 1950 1665 2001 masculino
1685 1961 1883 2016 genere

305 2048 541 2100 radicem
566 2046 849 2114 signiﬁcat,
871 2045 1023 2113 quasi
1046 2044 1290 2111 stirpitus
1306 2042 1557 2096 evellere.
1590 2043 1878 2097 AGBICOLA.

386 2138 479 2191 γει
509 2135 805 2207 mox'mom]
829 2135 923 2190 Vel
953 2134 1039 2187 hic
1063 2148 1165 2187 non
1189 2132 1503 2201 disjunctive
1526 2130 1757 2199 ponitur,
1788 2128 1881 2184 sed

304 2230 356 2284 id
386 2230 497 2284 fere
524 2229 664 2299 quod
690 2233 850 2285 etiam
872 2228 1133 2297 signiﬁcat
1166 2244 1178 2278 :
1210 2228 1285 2278 sic
1313 2226 1615 2293 Propertius
1641 2241 1654 2277 :

430 2322 582 2373 Nocte
608 2337 703 2373 una
728 2323 886 2384 quivis
910 2320 987 2369 vel
1014 2320 1151 2369 Dus
1174 2332 1285 2367 esse
1306 2324 1481 2378 potest.

303 2416 594 2469 Acraeam.
680 2466 688 2472 .

380 2504 793 2559 Reconciliandw
839 2499 1149 2571 sospitatis.]
1180 2501 1317 2553 Dttra
1372 2498 1688 2560 translatio,
1740 2496 1880 2549 sicut

304 2598 473 2651 Doetii
507 2598 791 2665 pleneque,
821 2610 916 2661 pro
943 2594 1254 2662 reparanda:
1282 2592 1361 2645 vel
1394 2588 1769 2657 recuperanda:
1800 2597 1882 2642 est

301 2690 525 2744 dic'um.
562 2687 990 2741 lteconciliantur
1044 2684 1185 2738 enim
1218 2682 1430 2752 proprie
1472 2681 1561 2749 qui
1598 2697 1663 2733 ex
1694 2679 1882 2733 amicis

302 2781 502 2834 inimici
558 2780 703 2845 facti,
737 2786 933 2833 rursus
969 2778 1194 2831 redeunt
1239 2776 1289 2829 in
1322 2774 1565 2844 gratiam.
1600 2775 1640 2826 A
1691 2772 1880 2826 concio

302 2870 446 2923 enim
478 2868 759 2921 concilium
795 2867 996 2920 dictum
1019 2874 1119 2926 est,
1169 2865 1218 2917 id
1253 2877 1337 2919 est
1382 2872 1677 2917 conventus
1710 2862 1880 2917 homi-

301 2974 467 3015 num:
504 2960 639 3013 unde
668 2957 1216 3015 conciliarehomines
1244 2956 1310 3011 ad
1335 2969 1659 3027 consensum,
1682 2952 1879 3025 perdu-

300 3072 445 3115 cere.
477 3055 590 3109 Fuit
616 3070 743 3108 sane
773 3055 1064 3108 modestior
1110 3055 1381 3122 aliquanto
1428 3052 1723 3115 translatio;
1778 3065 1876 3105 nec

303 3149 397 3201 isti
442 3151 662 3203 multum
694 3136 971 3201 dissimilis
1030 3157 1204 3200 tamen
1248 3160 1405 3213 quam
1450 3146 1499 3197 in
1543 3144 1755 3214 Tyrnne
1780 3158 1877 3197 suo

298 3240 537 3308 graviter
567 3239 792 3309 castigat
813 3240 1023 3301 Cicero,
1049 3238 1190 3307 quod
1220 3237 1304 3291 ille
1333 3236 1561 3297 dixcrat,
1588 3236 1875 3289 valetudini

299 3330 529 3384 tide'ic-r
553 3329 855 3384 serviendo.
891 3331 1178 3381 AGRICOLA.

376 3418 632 3489 Nequam]
656 3419 711 3472 Id
740 3427 947 3473 estnon
977 3418 1309 3487 cujusquam,
1345 3418 1444 3471 hoc
1469 3426 1571 3477 est,
1604 3418 1693 3486 qui
1723 3415 1876 3470 nihili

300 3510 466 3563 homo
493 3520 575 3563 est
595 3520 648 3563 et
674 3510 870 3563 nullius
910 3510 1062 3576 pretii
1085 3527 1097 3560 :
1128 3510 1282 3574 cujus
1302 3512 1631 3567 contrarium
1657 3519 1759 3573 est,
1785 3509 1876 3577 qui

297 3604 498 3658 dicitur
522 3602 678 3672 frugi,
702 3603 788 3670 qui
817 3601 1018 3669 frugem
1043 3600 1270 3669 aliquam
1305 3601 1497 3654 bonam
1522 3611 1574 3654 et
1598 3600 1688 3654 util
1716 3609 1875 3655 tatem

297 3698 385 3750 sui
420 3696 643 3765 przcbet.
680 3694 860 3761 Itaque
890 3695 1103 3748 Plautus
1132 3709 1403 3747 nummum
1457 3709 1684 3763 nequam
1716 3695 1872 3758 dixit,

296 3787 390 3855 qui
421 3788 590 3840 bonus
621 3800 725 3839 non
761 3793 923 3838 esset.
950 3785 1238 3839 ACRICOI.A.

384 3876 543 3948 γὶερε]
571 3876 624 3930 Id
650 3884 750 3943 est,
779 3875 1196 3939 vicissitudines,
1231 3872 1663 3942 permutationes.
1713 3873 1874 3927 Acm-

294 3967 502 4022 cocx.‘

369 4059 593 4128 Reliqua
627 4056 891 4126 Rodolpbi
923 4056 1182 4126 Agricolae
1211 4070 1329 4125 qua:
1373 4056 1423 4107 in
1456 4054 1695 4108 Boetium
1747 4055 1875 4109 scri-

293 4153 473 4223 psisse
526 4151 693 4206 fertur
741 4152 793 4204 in
825 4165 1014 4204 manus
1054 4164 1198 4203 meas
1220 4165 1322 4201 non
1352 4156 1727 4217 pervenerunt,
1754 4164 1873 4218 quae

292 4244 498 4299 utinam
522 4243 916 4312 pervenissent!
935 4242 1064 4295 Nam
1090 4250 1146 4294 ut
1170 4241 1300 4305 haec,
1317 4242 1384 4294 ita
1400 4240 1549 4293 etilla
1576 4256 1701 4293 sane
1716 4256 1872 4310 quam

290 4335 471 4391 libens
493 4336 585 4389 tibi
598 4336 1065 4389 communicarem.
1080 4335 1344 4388 Creterum
1362 4344 1430 4399 te,
1444 4334 1667 4387 candide
1686 4334 1870 4397 lector,

290 4437 504 4481 oratum
534 4427 691 4481 velim
720 4436 777 4480 ut
808 4427 1099 4480 hisaostris
1130 4426 1584 4494 qualibusmtnque
1614 4426 1871 4495 tantisper

287 4526 578 4573 contentus
607 4518 699 4581 sis,
725 4518 850 4570 dum
880 4518 1042 4570 fueris
1074 4520 1299 4583 adeptus
1342 4517 1579 4569 meliora.

367 4608 475 4662 Sed
496 4607 751 4676 sospitatis
777 4610 973 4659 auctori
1002 4605 1197 4677 grates]
1224 4611 1493 4660 Atteutum
1514 4609 1669 4660 simul
1702 4619 1749 4661 et
1780 4609 1870 4660 be-

286 4700 542 4755 nevolum
572 4700 740 4753 reddit
778 4699 1039 4761 Boctium,
1073 4700 1255 4752 dicens
1286 4715 1388 4751 non
1421 4699 1639 4752 omnino
1668 4701 1733 4751 de
1754 4700 1869 4767 ejus

284 4816 309 4843 μ
355 4795 466 4847 tute
488 4793 878 4861 desperandum
924 4808 1064 4854 esse,
1099 4792 1190 4846 sed
1223 4792 1327 4844 Deo
1367 4792 1565 4859 gratias
1605 4792 1863 4857 agendas,

284 4884 431 4950 quod
462 4883 724 4935 elementa
758 4883 1134 4949 recuperanda:
1158 4882 1346 4935 salutis
1378 4884 1487 4935 sint
1510 4882 1712 4935 relicta.

362 4972 665 5043 Sospitam]
697 4973 1097 5027 Incolumitatis.

360 5063 593 5133 Aucto’ri]
632 5064 760 5116 Deo.

357 5155 561 5225 Grates]
592 5155 802 5209 Gratias
827 5155 1046 5207 subaudi
1077 5170 1315 5221 agamus.

358 5246 469 5300 Sed
511 5248 749 5314 quoniam
820 5245 1169 5313 [iunioribus]
1222 5246 1465 5298 Ostendit
1509 5262 1610 5312 qua
1657 5249 1862 5301 ratione

280 5340 471 5395 Iloetio
500 5339 696 5391 sanitas
724 5337 927 5391 restitui
959 5338 1144 5405 possit.

356 5430 577 5497 Tempus
607 5429 698 5498 uti]
734 5430 832 5481 I’r0
865 5428 1066 5491 utendi,
1107 5430 1324 5495 ligttrattt
1356 5429 1550 5481 locutio
1590 5441 1688 5483 est.

355 5519 528 5587 Mauri
558 5518 1017 5571 I’crtttrbatiouuut
1049 5519 1348 5583 caliginem.

352 5612 640 5683 Fomeutis]
667 5612 955 5665 Itcntediis.
993 5612 1226 5679 Duplicia
1257 5621 1432 5664 autem
1461 5612 1691 5665 remedia
1728 5613 1858 5666 Boc-

1900 4486 1954 4547 D

1989 1881 2054 1920 ex
2085 1866 2336 1935 Opinione
2358 1866 2503 1931 mali,
2526 1866 2682 1919 dolor
2707 1875 2760 1919 et
2810 1876 3005 1920 metus.
3045 1864 3329 1928 Gaudium,
3357 1880 3476 1934 qua:
3510 1874 3564 1920 et

1989 1959 2234 2025 voluptas
2264 1958 2499 2027 gestiens
2530 1957 2604 2026 (id
2628 1966 2709 2011 est
2731 1967 2924 2025 praeter
2952 1956 3165 2011 modum
3187 1956 3322 2010 elata
3353 1956 3563 2026 Imtitia)

1988 2048 2205 2112 dicitur,
2258 2058 2338 2102 est
2382 2046 2547 2100 animi
2590 2045 2801 2101 alI‘ectio
2854 2048 3174 2115 proveniens
3202 2060 3267 2101 ex
3311 2045 3563 2114 opinione

1987 2140 2267 2209 praesentis
2297 2134 2472 2208 inagui
2495 2138 2790 2208 cujuspiam
2821 2137 2965 2201 boni,
3001 2138 3193 2192 rationi
3226 2152 3329 2192 non
3351 2138 3562 2193 obtem-

1988 2248 2201 2303 perans.
2234 2232 2368 2301 Spes
2395 2247 2513 2300 qurc
2542 2242 2595 2286 et
2621 2231 2881 2301 cupiditas
2909 2239 3147 2297 vocatur,
3184 2240 3265 2285 est
3292 2230 3456 2284 animi
3486 2231 3543 2283 at

1988 2322 2148 2378 lectio
2178 2322 2497 2391 proveniens
2519 2337 2584 2375 ex
2610 2321 2861 2390 opinione
2892 2321 3050 2375 futuri
3077 2320 3374 2391 cujuspiam
3413 2322 3564 2389 boni,

1986 2413 2176 2466 rationi
2229 2428 2333 2465 non
2377 2412 2772 2481 obtemperans.
2816 2412 2977 2465 Dolor
3022 2427 3117 2466 seu
3173 2412 3435 2481 {egritudo
3478 2424 3559 2467 est

1983 2505 2145 2558 animi
2168 2504 2379 2559 affectio
2402 2506 2718 2572 proveniens
2739 2520 2805 2559 cx
2817 2505 3068 2575 opinione
3084 2506 3258 2574 magni
3286 2506 3410 2558 ntali
3426 2521 3561 2574 prm-

1983 2597 2154 2650 scntis
2176 2597 2366 2649 rationi
2393 2612 2496 2650 non
2524 2598 2919 2666 obtemperans.
2948 2597 3117 2652 Metus
3143 2609 3223 2651 est
3246 2597 3409 2651 animi
3436 2613 3555 2666 per-

1986 2686 2234 2747 turbatio,
2252 2688 2499 2741 acci'lens
2524 2703 2587 2741 ex
2612 2689 2865 2755 opinione
2887 2689 3063 2757 magni
3094 2688 3218 2741 mali
3243 2688 3559 2758 impenden-

1986 2778 2075 2842 tis,
2099 2786 2291 2845 prteter
2320 2787 2519 2833 rectam
2545 2779 2825 2833 rationem.
2857 2779 2963 2833 llas
2984 2779 3414 2849 perturbationes
3440 2795 3555 2835 ma-

1982 2883 2117 2938 gnus
2140 2879 2291 2937 poeta
2317 2870 2499 2937 paucis
2520 2868 2838 2938 complexus
2856 2880 2960 2933 est,
2990 2870 3041 2921 in
3074 2868 3337 2924 Eneidos
3368 2879 3555 2924 sexto:

2106 2960 2247 3011 Hunc
2283 2965 2507 3011 metuunt
2530 2960 2849 3024 cupiuntque,
2892 2959 3059 3011 dolent
3094 2960 3433 3024 gaudentque,
3467 2971 3560 3010 nec

3357 3035 3501 3071 auras

2111 3086 2411 3148 Respiciunt,
2438 3084 2612 3135 clausa:
2638 3085 2858 3134 tenebris
2882 3092 2933 3133 et
2957 3096 3159 3133 carcere
3178 3097 3327 3134 caeo.

1982 3170 2059 3225 Ex
2093 3170 2174 3225 his
2201 3171 2384 3224 vitium
2417 3184 2577 3225 omne
2604 3173 2839 3224 nascitur
2861 3187 2872 3223 :
2894 3168 3035 3225 unde
3054 3167 3293 3224 Francis.
3327 3168 3553 3240 I’hilelp.

1979 3263 2031 3316 in
2064 3262 2281 3317 Saitris:

2101 3351 2332 3401 Dedecus
2353 3363 2496 3400 omne
2521 3349 2672 3400 audet
2694 3362 2834 3400 meus
2855 3349 3140 3412 perturbata
3164 3348 3417 3412 nefasque.

2054 3434 2235 3489 Danda
2259 3435 2415 3505 igitur
2443 3448 2562 3488 cum
2595 3433 2779 3503 primis
2804 3447 2963 3502 opera
2987 3442 3071 3489 est
3099 3432 3251 3487 nobis
3281 3441 3337 3485 ut
3362 3446 3454 3485 eos
3476 3432 3556 3484 Vel

1978 3527 2354 3595 exstirpemus,
2381 3526 2462 3581 vel
2506 3536 2653 3580 certe
2707 3526 2928 3580 rationis
2975 3524 3263 3579 subdamus
3294 3524 3549 3593 imperio.

1981 3629 2037 3674 ut
2066 3628 2343 3687 compotes
2382 3618 2650 3672 beatitatis
2690 3616 2998 3671 evadamus.
3052 3615 3213 3670 Divus
3238 3615 3555 3669 Ambrosius

1979 3710 2029 3763 in
2050 3725 2083 3762 tt
2104 3708 2497 3775 Epistolarum:
2520 3706 2751 3774 Insurgit
2776 3707 2917 3759 enim
2947 3706 3159 3773 sapiens
3180 3708 3352 3774 quasi,
3387 3707 3556 3760 victor

1978 3799 2255 3853 debellatis
2286 3813 2314 3851 a
2346 3813 2405 3851 se
2433 3812 2494 3850 ac
2527 3797 2887 3865 triumphalis,
2923 3794 3150 3859 libidini,
3177 3795 3376 3859 timori,
3410 3796 3555 3863 igua-

1980 3890 2103 3951 vize.
2134 3888 2503 3953 mmstttudini,
2528 3886 2847 3955 cmterisque
2864 3886 3024 3949 vitiis,
3050 3884 3219 3938 donec
3242 3900 3301 3938 (3.1
3335 3884 3402 3938 de
3427 3900 3553 3952 pus-

1977 3980 2220 4035 scs~ione
2246 3995 2356 4034 sua:
2382 3978 2575 4034 mentis
2611 3978 2872 4043 eliminet,
2924 3986 2977 4031 ct
3008 3976 3255 4031 omnibus
3314 3977 3557 4031 terminis

1979 4072 2276 4141 ﬁnibusque
2302 4071 2412 4123 suis
2443 4070 2738 4139 propulset,
2768 4078 2926 4139 atque
2957 4076 3157 4123 arceat.
3186 4067 3421 4123 Joannes
3452 4068 3554 4124 Bo-
3635 4122 3641 4128 .

1976 4163 2155 4218 cacius
2188 4163 2239 4215 in
2269 4162 2529 4216 Bucolicis
2555 4178 2569 4214 :

2098 4256 2137 4305 Ο
2167 4256 2285 4303 Dam
2320 4269 2370 4315 n,
2401 4255 2601 4310 Damon,
2628 4259 2861 4315 quantum
2885 4254 2976 4303 sibi
3000 4253 3207 4313 quisque
3233 4251 3417 4311 heat-it,

2101 4319 2192 4376 Qui
2218 4322 2371 4377 potuit
2395 4318 2573 4363 mentis
2596 4317 2789 4366 rabidos
2811 4315 2986 4363 sedare
3011 4322 3245 4362 tumores.

1978 4403 2209 4471 Baptista
2245 4403 2589 4455 Mantuanus:

2102 4494 2260 4541 Ardua
2285 4506 2384 4550 res,
2411 4493 2584 4541 vicisse
2610 4492 2764 4540 alios:
2792 4493 2987 4540 victoria
3014 4492 3161 4552 major

2165 4555 2247 4603 Est
2271 4556 2414 4602 animi
2442 4557 2613 4603 tluctus
2638 4554 2966 4613 composuisse
2983 4554 3078 4601 sui.

2102 4616 2380 4676 Sultjcvisse
2406 4624 2583 4676 metus,
2613 4621 2663 4663 et
2696 4616 2971 4663 debellasse
3000 4624 3225 4663 tumores.

2167 4678 2368 4739 Gaudia,
2391 4690 2626 4737 spemque
2654 4678 2787 4737 gravi
2812 4679 3123 4737 supposuisse
3142 4677 3279 4737 jugo.

2048 4762 2155 4815 Nos
2177 4777 2386 4831 quoque
2416 4776 2587 4813 annos
2615 4762 2809 4814 abhinc
2834 4768 3039 4829 septem
3072 4760 3122 4814 in
3150 4760 3360 4829 Eclogis
3374 4774 3559 4812 moan

1980 4855 2117 4908 libus
2146 4854 2287 4907 hunc
2320 4856 2369 4906 in
2404 4854 2615 4905 modum
2646 4854 2903 4907 lusimus:

2226 4945 2446 4991 Portibus
2470 4944 2611 4991 bellis
2644 4948 2825 4992 animos
2849 4945 3055 5004 domate,

2222 5006 2427 5054 Vinculo
2454 5010 2583 5066 pacis
2608 5012 2900 5065 reg-rimatur
2925 5008 3015 5065 ira,

2219 5068 2341 5117 Cura
2376 5070 2436 5114 sit
2463 5068 2655 5115 mordax
2688 5070 2872 5129 procul,
2898 5075 3118 5116 arceatur

2345 5129 2407 5175 I‘r
2422 5142 2493 5174 tva
2514 5130 2703 5189 cupido.

2221 5190 2376 5237 Nemo
2398 5198 2621 5249 captares
2643 5192 2803 5239 rutilis
2825 5192 2870 5236 in
2896 5192 3040 5237 armis

2221 5251 2419 5299 Urbium
2440 5252 2604 5310 jactet.
2635 5253 2859 5298 celebres
2884 5253 3151 5311 triumphos

2220 5313 2375 5360 Nemo
2399 5314 2619 5369 miretur,
2647 5315 2822 5372 quibus
2849 5314 3178 5359 intumescunt

2339 5376 2480 5430 Sche
2508 5378 2709 5429 tyranni.

2213 5436 2443 5482 tiestiens
2466 5435 2686 5493 quisquis
2716 5434 2901 5493 pepulit
2926 5434 3096 5491 quiete

2214 5498 2448 5542 tiattdium
2477 5504 2519 5541 ct
2550 5496 2695 5541 durus
2718 5498 2874 5540 animo
2897 5493 3110 5547 dolores,

2210 5560 2334 5618 Spes
2355 5557 2662 5613 anhelantes,
2695 5558 3016 5615 patulumque
3043 5556 3185 5604 vicit»-

2336 5619 2491 5665 Iiorde
2516 5619 2738 5665 timorem
2768 5632 2774 5641 '

337 5708 350 5721 '
382 5704 623 5752 Delicium
656 5702 842 5765 Agricol
862 5718 885 5749 υ
911 5704 1252 5753 couuueutaria
1283 5716 1293 5749 :
1321 5702 1451 5749 SJIIIS
1474 5702 1707 5764 deinceps
1734 5704 2136 5753 cotumcntabitut‘
2160 5700 2469 5749 Murncllius.
2507 5698 2635 5747 lion:
