4010 6372
270 329 375 385 953

1476 328 1850 385 MURMELLII
1891 329 2404 391 COMMENTARIA.

3426 338 3530 391 954

331 439 1846 523 ξῗῖἓὲῗέτῗξ¹¹ῗέἓέ¹ἔ¹3ἶ⁸ἒλῖξξ’ξὲξὲῗὶΒἽῨΡῙῨ⁰1¹ΕΞἾΡΞΞΙῬΡ¹¹⁵ν
1876 445 1924 501 Α
1952 460 2012 497 ea
2040 446 2366 513 (τοηδηίουθν
2399 458 2456 502 Ui
2477 466 2581 505 “0"
2617 461 2831 521 Ροεεθηί
2863 451 3003 523 “PN
3031 463 3081 507 '8
3126 463 3378 521 ρθτῐδειιιο
3405 469 3527 523 [W-

330 502 551 563 Saxique
574 503 633 549 ad
666 504 812 549 instar
837 500 1020 563 globosi
1046 500 1307 563 praedicant
1333 513 1442 563 esse
1472 500 1752 552 volubilem.

332 566 454 622 Quia
476 562 579 623 quo
598 575 767 611 suum
784 562 1029 623 impulerit
1054 562 1171 625 fors,
1199 574 1260 609 eo
1280 562 1459 610 cadere
1494 563 1734 613 fortunam
1758 578 1846 612 au-

331 685 516 735 Cazcam
539 684 605 734 ob
630 696 736 733 eam
761 696 867 733 rem
891 694 1003 733 esse
1026 690 1215 744 vocant,
1244 695 1357 743 quia
1394 684 1511 757 nihil
1550 625 1850 757 5:223:11":in

334 807 557 857 Imm)
581 812 744 857 amem
768 807 922 866 mm"
946 805 1062 867 quia
1099 747 1849 899 δίτοτν’ίηοάνὲῗξδῗηὲἐξῧὶῗίξξύο

1695 874 1750 899 αἱ.
1772 884 1785 895 .

226 994 231 999 _
329 930 680 991 Brutam,qun
697 928 894 990 dignum
907 932 993 976 aut
1004 926 1251 987 indignum
1266 936 1477 988 nequeat
1492 879 1850 978 intermiiiiaie.

268 1012 527 1081 Apuleius
569 1012 622 1063 in
652 1010 881 1077 septimo
914 1007 981 1062 de
1008 1008 1174 1061 Asino
1201 1023 1382 1062 aureo.
1408 1008 1733 1077 Subibatqne
1763 1026 1849 1066 me

268 1119 376 1157 non
408 1104 474 1158 de
504 1102 672 1157 nihilo
696 1099 887 1155 veteris
934 1101 1227 1169 prisczeque
1259 1100 1515 1155 doctrinae
1553 1102 1717 1156 viros
1744 1106 1846 1157 lin-

267 1196 414 1250 xisse
444 1210 509 1249 ac
535 1193 909 1264 pronuntiasse
938 1206 1133 1245 czecam
1165 1201 1219 1246 et
1270 1206 1486 1259 prorsus
1509 1193 1849 1248 exoculatam

267 1303 391 1343 esse
417 1288 679 1342 fortunam
706 1326 723 1353 ,
752 1301 869 1355 quae
890 1298 1101 1353 semper
1129 1299 1253 1338 suas
1278 1299 1410 1353 opes
1430 1297 1479 1339 et
1504 1286 1659 1339 malis
1682 1296 1738 1341 et
1769 1288 1847 1339 iu-

270 1381 447 1451 dignis
471 1380 731 1443 conferat,
764 1393 861 1433 nec
887 1393 1117 1447 unquam
1144 1376 1343 1445 indit-io
1363 1393 1682 1447 quemquam
1706 1396 1850 1434 mor-

267 1471 457 1526 talium
489 1470 686 1541 eligat;
723 1469 829 1522 imo
862 1483 990 1522 vero
1017 1482 1138 1523 cum
1170 1467 1255 1523 bis
1296 1470 1629 1538 potissimum
1668 1471 1847 1525 direr-

266 1570 418 1619 setur
439 1576 595 1631 quos,
636 1560 820 1631 procul
849 1560 895 1615 si
925 1560 1150 1623 videret,
1184 1559 1363 1631 fugere
1390 1561 1637 1626 deberet;
1679 1565 1847 1631 quod-

266 1669 371 1723 que
414 1654 621 1709 cunctis
676 1662 757 1706 est
805 1651 1122 1716 extremius,
1154 1654 1329 1706 varias
1383 1653 1685 1721 opiniones,
1740 1656 1851 1709 imo

266 1747 563 1804 contrarias
589 1746 742 1802 nobis
768 1745 1044 1809 attribuat,
1071 1754 1129 1801 ut
1153 1755 1207 1800 et
1226 1746 1398 1799 malus
1429 1747 1551 1800 boni
1583 1754 1627 1799 vi
1638 1748 1679 1803 ri
1707 1751 1843 1803 larua

264 1840 543 1910 glorietur,
590 1848 644 1893 et
690 1836 1158 1892 innocentissimus
1185 1846 1369 1891 contra
1420 1837 1701 1893 noxiorum
1751 1855 1845 1895 ore

267 1933 545 2000 plectatur.

333 2031 414 2083 An
458 2044 576 2081 vero
606 2036 659 2080 tu
693 2022 988 2095 pretiosam]
1032 2022 1273 2078 Ostendit
1311 2023 1364 2077 in
1412 2024 1635 2078 fortunte
1684 2025 1840 2079 bonis

263 2134 446 2174 veram
486 2117 792 2172 felicitatem
836 2130 943 2169 non
973 2115 1287 2181 consistere,
1317 2116 1455 2183 quod
1490 2115 1577 2168 illa
1626 2116 1843 2172 minime

258 2208 466 2261 stabilis
496 2210 584 2270 sit,
614 2205 959 2274 diseessuque
988 2218 1084 2258 suo
1121 2206 1276 2274 longe
1324 2204 1437 2272 plus
1480 2205 1729 2259 mmroris
1765 2206 1843 2258 af-

251 2286 418 2364 ferat,
444 2314 601 2369 quam
632 2298 857 2351 adventu
885 2296 1084 2350 laetitia:
1125 2310 1304 2349 secum
1335 2295 1590 2348 attuli-rit.

331 2390 444 2444 Nec
483 2389 719 2442 manendi
760 2385 890 2457 ﬁda]
923 2386 1161 2442 Valerius
1199 2386 1339 2440 Max.
1384 2386 1476 2441 lib.
1509 2403 1596 2439 vi:
1630 2386 1841 2441 Caduca

260 2480 480 2533 nimium
526 2488 580 2533 et
608 2478 811 2547 fragilia
857 2476 1252 2547 puerilibusque
1280 2487 1639 2531 consentanea
1669 2479 1843 2547 crepi-

254 2576 341 2628 dis
369 2584 490 2627 sunt
532 2573 650 2633 ista,
682 2587 799 2642 qua:
826 2572 971 2627 vires
1007 2580 1167 2641 atque
1195 2586 1324 2640 opes
1367 2571 1610 2627 humanm
1641 2590 1837 2627 νιιεζὶηο

257 2676 380 2718 tur:
418 2664 643 2719 affluunt
690 2663 884 2726 subito,
939 2671 1163 2731 repente
1202 2663 1527 2727 dilabuntur,
1583 2665 1732 2719 nullo
1788 2666 1838 2719 in

255 2758 398 2819 loco,
426 2756 567 2808 nulla
594 2756 643 2807 in
674 2767 902 2823 persona
935 2752 1214 2809 stabilibus
1242 2754 1362 2807 nixa
1421 2754 1841 2809 radicibusqu-

253 2847 476 2909 sistunt,
500 2844 593 2899 sed
623 2845 986 2899 incertissimo
1017 2844 1141 2898 flatu
1168 2844 1508 2898 fortunzehnc
1526 2856 1685 2915 atque
1712 2848 1837 2900 illuc

250 2948 398 3002 acta,
447 2950 584 3004 quos
628 2935 856 2988 sublime
901 2936 1231 2998 extulerunt.
1278 2936 1570 2999 improviso
1620 2952 1834 2991 recursu

248 3030 536 3085 destitutos
567 3028 619 3083 in
655 3028 921 3099 profundo
950 3028 1180 3082 cladium
1209 3028 1586 3083 miserabiliter
1621 3031 1834 3083 immer-

246 3132 401 3189 guut.
449 3120 630 3188 Itaque
678 3136 851 3189 neque
901 3120 1098 3175 debent
1141 3121 1461 3186 existimari,
1510 3138 1680 3191 neque
1730 3124 1833 3177 dici

246 3216 412 3280 bona,
441 3231 559 3283 qua:
600 3213 921 3267 inllictorum
950 3212 1210 3267 malorum
1253 3215 1661 3269 amaritudinem
1690 3217 1831 3270 desi-

242 3304 396 3359 derio
416 3307 497 3358 sui
529 3303 818 3371 duplicant.
1334 3327 1363 3353 ο

319 3397 551 3453 Atlatura
598 3396 881 3467 maerorem]
921 3396 1152 3465 Baptista
1201 3396 1512 3451 Mantuanus
1561 3398 1611 3450 in
1659 3398 1824 3467 prima

240 3489 561 3548 Puttbenice
586 3507 600 3544 :

682 3580 891 3630 Tristem
917 3590 1129 3643 sperata,
1157 3586 1420 3643 superbum

365 3642 469 3691 Jam
493 3656 726 3705 praesens,
752 3644 924 3692 amissa
949 3641 1062 3691 facrt
1086 3641 1275 3691 fortuna
1296 3642 1575 3690 dolentem.

318 3727 507 3780 Rerum
536 3729 702 3779 exitus
737 3725 1007 3793 prudentia
1052 3724 1277 3796 metitur]
1322 3725 1676 3779 ali-morabilis
1707 3726 1821 3779 hu'c

235 3827 320 3872 cst
336 3816 623 3880 sententia,
638 3816 722 3870 cui
738 3816 1025 3870 concordat
1048 3813 1176 3868 illud
1192 3815 1425 3868 Terentii
1452 3817 1503 3867 in
1529 3817 1815 3883 Adelphis:

366 3933 494 3982 Istuc
518 3940 594 3981 est
612 3946 807 3992 sapere,
833 3946 924 3981 nou
950 3933 1077 3993 quod
1101 3938 1211 3979 ante
1236 3933 1388 3992 pedes
1412 3946 1552 3980 mouo
1576 3940 1652 3980 est

363 3995 570 4052 Videre,
592 3997 677 4039 seri
705 3995 849 4042 et'rnu
874 3994 952 4041 illa
978 4007 1043 4055 qu
1060 4010 1085 4040 e
1111 3996 1268 4042 futura
1293 4002 1405 4041 sunt

583 4056 889 4113 Prospicere.

308 4158 378 4214 In
405 4156 672 4227 alterutro]
692 4157 782 4210 Vel
808 4157 862 4210 in
891 4157 1232 4220 adversitate,
1256 4158 1339 4211 vel
1363 4158 1413 4209 iu
1444 4158 1813 4226 prosperitate.

304 4248 421 4304 Nec
443 4248 794 4317 formidandus
824 4253 1043 4315 fortuna
1076 4244 1260 4315 minas]
1292 4248 1494 4301 Seneca
1546 4261 1774 4315 tragicus
1800 4263 1817 4301 :

486 4339 642 4388 Nemo
665 4339 870 4388 confidat
895 4341 1116 4386 nimirum
1141 4338 1391 4399 secundis,

482 4400 638 4449 Nemo
661 4402 893 4459 desineret
918 4402 1118 4448 meliora
1145 4401 1302 4460 lapsis.

484 4462 654 4510 Miscet
681 4466 781 4509 haec
803 4462 899 4510 illis
923 4463 1251 4522 prohibetque
1272 4460 1407 4510 Cloto

476 4525 621 4572 Stare
645 4523 903 4581 fortunam,
929 4531 1053 4571 rotat
1077 4536 1220 4569 omne
1245 4523 1409 4570 fatum.

480 4583 635 4633 Nemo
658 4594 753 4632 tam
774 4584 911 4631 diros
936 4585 1101 4631 habuit
1125 4584 1365 4641 faventes,

479 4647 753 4695 Crastinum
780 4653 830 4693 ut
853 4654 1015 4706 posset
1038 4647 1130 4693 sibi
1158 4645 1396 4705 pollceri.

482 4708 577 4755 lies
601 4708 737 4756 Dens
770 4719 956 4755 ηοω-δε
978 4707 1131 4755 celeri
1154 4707 1326 4754 citatas

573 4770 789 4818 'l'tu‘bine
814 4778 993 4815 versat.

226 4855 468 4926 Baptista
503 4855 815 4909 Mantuanus
848 4854 905 4907 in
930 4853 1094 4920 prima
1118 4850 1473 4904 Parthenice:

325 4950 380 4999 id
404 4964 601 5012 quoque
641 4961 981 5012 nouum-qnam
1008 4955 1201 5012 mentes
1219 4947 1401 5012 solatur
1420 4958 1623 5006 amaras,

320 5009 458 5069 Quod
482 5011 613 5058 durat
632 5025 659 5058 e
683 5010 798 5057 nihil
822 5013 1001 5069 potitur
1022 5009 1232 5069 fortuna,
1260 5009 1489 5069 vicesque

321 5073 520 5122 Mobilis
538 5073 763 5123 alternat.
795 5082 1041 5130 vi-moquo
1054 5072 1291 5118 simillima
1315 5082 1505 5131 proram

326 5134 467 5183 Nunc
492 5148 632 5195 prem
652 5142 691 5190 t,
716 5148 740 5180 a
767 5146 913 5194 puppi
943 5132 1124 5193 placida
1148 5134 1288 5179 modo
1310 5138 1575 5179 murmurat
1598 5143 1729 5178 aura.

297 5215 567 5271 Postremo
612 5230 754 5284 aqua
792 5212 985 5285 animo]
1029 5214 1186 5267 Aliud
1236 5202 1390 5268 affert
1437 5222 1808 5283 argumentum

223 5304 595 5373 Philosophia,
627 5319 736 5373 quo
768 5304 953 5357 Boetio
980 5319 1083 5356 non
1116 5317 1236 5357 esse
1267 5295 1333 5357 de
1366 5302 1573 5357 fortuna
1608 5302 1811 5357 lamen-

223 5395 446 5452 taudum
494 5394 730 5449 ostendit
769 5394 908 5448 hunc
936 5394 987 5447 in
1020 5394 1269 5461 modum;
1297 5394 1609 5464 Quicunque
1638 5396 1804 5448 semel

225 5489 457 5545 fortuna:
486 5490 728 5545 dominio
755 5506 813 5546 se
841 5492 1131 5555 commisit,
1176 5491 1225 5543 id
1258 5506 1411 5560 aequo
1450 5491 1631 5544 animo
1675 5489 1809 5544 ferat

1953 549 2191 587 manere.

2022 623 2168 678 Intra
2194 632 2415 696 fortuna:
2442 628 2638 702 aream]
2668 632 2807 687 Intra
2830 633 3003 688 locum
3038 636 3125 689 ubi
3172 634 3377 689 fortuna
3432 636 3528 689 d0-

1951 716 2206 770 minatur.
2242 718 2462 774 Videtur
2498 725 2773 778 translatio
2802 735 3006 795 sumpta
3055 728 3123 780 ab
3153 743 3277 781 area
3342 729 3393 781 in
3423 743 3525 796 qua

1950 820 1977 856 a
2010 806 2180 860 bobus
2208 808 2391 877 jugnm
2417 813 2747 879 gestantibus
2774 816 3042 882 quondam
3087 817 3273 870 tritura
3306 815 3418 869 iii-ri
3448 831 3530 869 so-

1952 894 2113 949 lebat.
2143 897 2375 952 Tametsi
2402 900 2615 968 quidam
2647 918 2751 955 non
2782 904 3096 959 inconcinne
3133 905 3307 975 legant
3332 906 3525 973 aleam,

1954 986 2099 1052 prior
2126 996 2297 1042 tamen
2326 988 2486 1043 lectio
2516 992 2683 1060 magis
2710 993 2839 1046 mihi
2867 994 3266 1063 comprobatur.

2024 1077 2084 1129 Si
2104 1081 2259 1131 ventis
2290 1080 2396 1131 vela
2423 1082 2778 1152 committeres]
2811 1082 2997 1136 Probat
3021 1084 3310 1152 aptissimis
3334 1083 3525 1137 simili-

1953 1166 2219 1220 tudinibus
2243 1166 2457 1221 ferenda
2476 1184 2617 1235 eSse,
2638 1186 2741 1222 non
2764 1170 3045 1239 culpanda,
3062 1189 3178 1241 qua:
3197 1184 3401 1227 mutare
3423 1188 3527 1227 non

1953 1270 2254 1321 possumus.

2030 1346 2308 1419 Volventis]
2336 1349 2758 1418 Circumagentis
2782 1368 2860 1415 se,
2892 1362 2979 1405 aut
3006 1353 3275 1406 volubilis.

2022 1439 2256 1513 Coum-is]
2296 1441 2676 1511 lmerrogatire
2720 1443 2998 1511 legendum
3041 1444 3158 1501 hoc.
3192 1452 3245 1496 et
3272 1457 3391 1496 cum
3417 1452 3525 1496 sto-

1951 1533 2163 1587 macbo.

2378 1624 2440 1678 IN
2482 1623 2773 1680 METRUM
2814 1623 3070 1679 PRIMUM

2022 1717 2133 1771 Hoc
2163 1718 2399 1773 carmine
2434 1719 2663 1772 iambico
2698 1718 2838 1787 quod
2869 1721 3073 1783 σκάζον,
3115 1716 3163 1770 id
3204 1726 3287 1770 est
3327 1715 3527 1769 claudi-

1877 1807 2136 1867 Bdicans
2186 1809 2513 1879 appellatur,
2578 1810 2633 1864 in
2689 1810 3023 1877 superiorum
3068 1806 3524 1862 confirmationem

1948 1900 2079 1953 dicit
2135 1900 2398 1953 fortunam
2445 1901 2545 1955 sibi
2587 1916 2854 1971 nunquam
2888 1900 3077 1953 melius
3109 1900 3318 1968 placere
3362 1914 3520 1969 quam

1946 1992 2156 2058 quoties
2176 2007 2275 2044 una
2296 1991 2586 2060 eademque
2614 1990 2745 2045 hora
2774 1988 3195 2057 potentissimum
3219 1988 3523 2055 quempiam

1947 2080 2160 2143 viderit,
2190 2081 2543 2149 eumdemque
2570 2081 2948 2134 miserrimum.
2967 2079 3190 2133 Carmen
3223 2077 3323 2132 hoc
3353 2078 3524 2132 sunile

1945 2178 2029 2224 est
2053 2170 2127 2223 illi
2152 2170 2438 2225 Persiano:

2127 2258 2230 2308 Nec
2256 2259 2387 2308 fonte
2413 2259 2540 2308 labra
2565 2259 2720 2322 prolui
2745 2258 2991 2308 caballiuo.

2021 2344 2165 2418 Ilwc]
2197 2346 2450 2401 Fortuna.

2015 2438 2164 2509 Cum]
2201 2441 2503 2508 Postquam.

2020 2532 2260 2601 Verterit]
2295 2531 2591 2586 Mutarerit.

2027 2623 2189 2693 Vices]
2224 2624 2416 2676 lterum
2443 2623 2914 2691 conditionumq‘ue
2942 2621 3377 2691 permutationes.

2016 2710 2379 2781 Esttuantis]
2427 2714 2571 2767 Ultra
2600 2715 2812 2766 modum
2847 2713 3165 2767 ﬂuctuantis.
3196 2713 3359 2766 Vetus
3398 2712 3519 2763 ada-

1940 2809 2083 2875 gium
2107 2819 2211 2871 est,
2242 2811 2385 2879 τύχη
2426 2806 2671 2882 Εὔριπος,
2702 2805 2909 2859 fortuna
2942 2805 3194 2875 Euripus,
3224 2804 3340 2857 sive
3370 2804 3519 2854 volu-

1943 2899 2091 2963 bilis,
2128 2913 2223 2951 seu
2264 2897 2532 2960 aestuaria,
2582 2896 2721 2964 quod
2752 2896 2985 2948 vicissim
3016 2911 3155 2947 nunc
3185 2893 3306 2947 huic
3345 2892 3519 2947 fauerit

1939 2992 2128 3052 soleat,
2162 3004 2301 3042 nunc
2344 2989 2435 3050 illi,
2481 3003 2507 3040 a
2553 2988 2715 3040 maris
2748 2987 2926 3053 Euripi
2960 2985 3260 3054 prodigiosa
3289 2984 3517 3053 quadam

1941 3080 2305 3148 reciprocandi
2336 3079 2609 3132 celi-ritate
2636 3078 2795 3135 ducta
2844 3073 3174 3143 metaphora.
3212 3073 3307 3126 Est
3338 3086 3515 3125 autem

1862 3177 1909 3240 (ζ
1944 3175 2168 3240 Euripus
2203 3172 2363 3225 maris
2394 3186 2517 3239 pars
2559 3171 2699 3224 inter
2736 3168 3022 3222 Phocidem
3066 3167 3280 3224 "tentia!
3309 3175 3515 3234 partem

1934 3277 1983 3318 ct
2016 3264 2270 3318 Euboeam
2313 3263 2558 3325 insulam,
2582 3262 2735 3330 cujus
2766 3261 3009 3314 meminit
3052 3259 3188 3313 Plin.
3240 3258 3332 3311 lib.
3360 3274 3413 3311 ιι.
3455 3260 3518 3311 Et

1932 3358 2284 3425 quorumdam
2319 3365 2519 3421 tamen,
2564 3354 2755 3423 inquit,
2787 3352 2987 3421 privata
3019 3362 3207 3404 natura
3246 3359 3346 3411 est,
3371 3351 3517 3403 velut

1934 3444 2354 3498 'l'aurominitani
2407 3442 2609 3511 Euripi,
2653 3444 2849 3511 saepius
2880 3450 2934 3496 et
2974 3442 3025 3493 in
3070 3440 3268 3495 Eubma
3314 3440 3515 3508 septies

1931 3535 2016 3589 die
2047 3551 2107 3588 ac
2144 3545 2300 3588 nocte
2332 3534 2736 3603 reciprocantis,
2774 3542 2879 3586 tam
2924 3533 3107 3600 rapida
3138 3534 3511 3596 conversione,

1940 3639 1993 3680 ut
2021 3627 2491 3697 (quemadmodum
2519 3636 2706 3681 auctor
2741 3634 2823 3679 est
2854 3625 3176 3693 Pomponius
3209 3623 3363 3692 Mela)
3388 3639 3515 3677 ven~

1926 3735 2006 3778 ros
2037 3735 2097 3771 ac
2119 3719 2276 3771 etiam
2316 3721 2469 3786 plena
2500 3719 2669 3771 ventis
2710 3717 2915 3785 navigia
2961 3730 3141 3767 secum
3178 3724 3373 3782 portet.
3402 3714 3508 3766 Ne-

1922 3825 2025 3878 que
2049 3810 2173 3862 dum
2203 3810 2358 3873 hujus
2400 3817 2505 3860 tam
2539 3807 2817 3872 stupenda:
2844 3805 2921 3858 rei
2951 3819 3106 3856 causa
3140 3804 3271 3856 satis
3313 3802 3504 3856 idonea

1926 3902 2279 3968 pervestigata
2312 3911 2393 3952 est
2423 3915 2449 3948 a
2477 3896 2850 3963 scriptoribus,
2874 3894 3031 3948 etiam
3062 3892 3103 3946 si
3133 3892 3281 3944 Titus
3306 3890 3509 3954 Livius,

1922 3991 2143 4045 secundi
2175 3990 2298 4043 belli
2332 3989 2515 4042 Punici
2552 3988 2641 4040 lib.
2665 4000 2778 4050 vui,
2806 3999 2835 4038 a
2859 3988 3031 4037 ventis
3055 3982 3370 4053 quibusdam
3396 3982 3506 4034 illic

1924 4071 2172 4137 flantibus
2202 4084 2269 4135 ita
2304 4079 2417 4148 rapi
2463 4079 2653 4134 credit.
2687 4078 2889 4131 Seneca
2920 4078 2970 4128 in
3001 4075 3225 4129 Ilercule
3249 4072 3461 4128 (Etbeo
3488 4087 3503 4122 :

2043 4174 2251 4235 Euripus
2268 4173 2419 4221 undas
2436 4173 2589 4235 flectit
2611 4170 2847 4219 instabilis
2872 4180 3037 4235 vagas,

2042 4228 2347 4297 Sept'einque
2376 4247 2542 4297 rursus
2562 4234 2717 4281 ﬂectit
2738 4238 2791 4297 et
2814 4232 3015 4297 totidem
3033 4228 3219 4297 refert,

2045 4290 2168 4347 Dum
2197 4290 2372 4345 las'sUni
2396 4293 2533 4343 Titan
2560 4296 2735 4354 mergit
2757 4292 2953 4341 Oceano
2974 4290 3134 4348 jubar.

1920 4383 2107 4437 Cicero
2132 4399 2223 4449 pro
2254 4380 2466 4434 l'lancio
2492 4397 2504 4430 :
2538 4378 2687 4443 Quod
2712 4368 2927 4441 fretum,
2954 4390 3111 4443 quem
3145 4371 3395 4440 Euripum
3423 4380 3501 4424 tot

1923 4488 2118 4539 motus,
2144 4484 2335 4537 tantas,
2366 4483 2471 4526 tam
2504 4471 2674 4524 varias
2706 4469 2904 4523 habere
2927 4467 3068 4520 credi
3098 4466 3140 4517 is
3163 4463 3499 4532 agitationes,

1842 4541 1894 4601 υ
1923 4567 2385 4629 rutulnutationes,
2433 4560 2642 4627 ﬂuctus,
2686 4571 2910 4630 qualitas
2961 4558 3405 4627 perturbationes,
3449 4566 3504 4608 t-t

1922 4672 2150 4729 quantos
2172 4670 2331 4711 :esrus
2354 4656 2511 4711 habet
2533 4658 2669 4709 ratio
2690 4653 3067 4708 comitiorum?
3094 4652 3316 4731 Enripos
3343 4651 3503 4704 etiam

1925 4755 2068 4805 lacus
2112 4750 2463 4819 temporarios
2507 4762 2662 4799 manu
2706 4743 2893 4808 factos,
2940 4743 2989 4795 iu
3021 4742 3212 4811 quibus
3258 4741 3500 4793 nautium

1924 4859 2149 4912 pugnam
2174 4840 2579 4896 committebant
2611 4847 2844 4898 veteres,
2875 4850 3008 4904 quos
3039 4835 3195 4887 etiam
3228 4832 3376 4886 Nilos
3412 4846 3504 4897 ap-

1923 4934 2207 5002 pellabant,
2237 4941 2416 4983 notqu
2451 4938 2534 4983 est
2563 4943 2626 4983 ex
2661 4926 2989 4995 Tranquillo,
3029 4924 3236 4988 Tacito,
3271 4921 3475 4975 Senica

1918 5042 1964 5079 ct
1999 5026 2136 5079 aliis.

1995 5115 2220 5186 Dudum]
2250 5115 2412 5169 Paulo
2438 5125 2583 5168 ante.

1989 5206 2315 5278 Tremeudos]
2338 5206 2418 5260 0b
2442 5207 2731 5275 potentiam
2758 5200 3137 5257 formidandos.

1986 5299 2229 5370 Proterit]
2264 5297 2576 5352 Pessuudat.

1987 5389 2249 5461 Sublevat]
2277 5390 2500 5444 Sursum
2531 5389 2693 5450 levat.
2721 5397 2776 5441 et
2797 5386 3006 5438 attolut.

1986 5483 2148 5557 Dura]
2181 5482 2543 5537 lnexorabilis.

1983 5573 2196 5644 Probat]
2227 5573 2490 5628 Ostendit.

1986 5668 2272 5739 Ostentum]
2306 5668 2633 5737 Prodigium,
2668 5662 3006 5719 miraculum.

1992 5760 2218 5831 Visetur]
2247 5759 2519 5814 Videatur.

218 5599 447 5639 necesse
475 5595 578 5638 est.
606 5587 852 5655 Acceptis
882 5595 1059 5640 autem
1084 5587 1151 5639 ab
1177 5601 1237 5640 ea
1268 5587 1456 5653 opibus
1498 5595 1553 5639 et
1576 5584 1806 5653 dignita-

219 5676 389 5738 tibus,
425 5682 477 5727 te
518 5673 743 5728 fortunte
793 5675 1097 5741 subdidisti,
1130 5674 1272 5730 feras
1318 5675 1479 5743 igitur
1521 5677 1803 5743 patienter,

216 5771 271 5826 si
296 5768 577 5837 deponere
604 5778 823 5825 coactus
853 5768 1017 5823 fueris
1039 5782 1101 5824 ea
1122 5784 1240 5837 qua:
1263 5768 1353 5822 tibi
1383 5768 1571 5823 tradita
1597 5768 1805 5822 fuerunt
1892 5822 1901 5841 τ
