4010 6372
446 364 548 420 955

518 475 746 545 Stratus]
772 475 1028 542 .Zejcctus,
1059 473 1239 525 miser.

996 564 1057 618 IN
1100 563 1374 617 PROSAM
1415 561 1480 616 11.

521 659 628 712 lloc
661 658 778 712 loco
807 655 1017 710 fortuna
1045 654 1312 708 inducitur
1350 667 1536 706 severe
1571 667 1688 704 ctnn
1734 649 1917 704 Boetio
1969 648 2018 700 id

446 730 812 819 expostulans,
847 748 987 816 quod
1017 747 1086 799 oh
1121 747 1314 799 amissa
1345 746 1527 799 doleat
1554 760 1656 797 non
1694 757 1848 797 secus
1887 757 1948 794 ac
1977 742 2021 794 si

445 857 540 895 sua
569 841 734 910 ipsius
769 841 903 894 bona
947 839 1304 908 perdidisset:
1337 853 1456 906 qua:
1500 837 1543 889 si
1595 836 1801 904 propria
1843 848 2026 903 posse-

443 932 633 996 disset,
680 945 948 999 nunquam
995 944 1125 983 sane
1175 928 1434 997 patuisset
1485 927 1750 979 amittere.
1795 925 2024 977 Proinde

445 1023 655 1076 fortuna
685 1020 785 1074 sibi
809 1019 1041 1074 vindicat
1070 1033 1222 1088 Qpes,
1256 1018 1510 1083 honores,
1535 1025 1590 1070 et
1623 1017 1673 1070 id
1700 1029 1869 1085 genrrs
1895 1014 2020 1078 alia,

445 1127 736 1182 secumque
765 1112 968 1181 pariter
997 1109 1248 1163 advenire
1277 1108 1662 1176 discedereque
1695 1107 1790 1160 ait.
1825 1105 1891 1158 Et
1919 1120 2025 1172 quo

447 1202 623 1255 minus
643 1201 799 1269 justa:
829 1199 1109 1254 videantur
1138 1198 1304 1252 Btlelii
1329 1196 1579 1266 querelze,
1614 1193 1892 1264 pollicetur
1909 1195 2026 1260 ejus

447 1292 612 1347 fuisse
651 1305 983 1360 qumcunque
1014 1288 1314 1351 abstulerit,
1358 1301 1416 1340 se
1452 1287 1702 1340 continuo
1741 1298 2028 1338 coner-ssu-

449 1398 587 1448 ram,
621 1382 664 1435 si
687 1381 999 1450 cujusquam
1032 1379 1335 1432 mortalium
1360 1376 1645 1446 quidquam
1674 1375 1881 1428 illorrmr
1907 1389 2027 1443 pro-

449 1473 626 1541 prium
647 1488 764 1528 esse
784 1472 1110 1526 demonstrar
1127 1471 1182 1523 it.
1209 1470 1397 1523 Postea
1443 1468 1848 1522 inconstantiam
1874 1481 2024 1520 suam

451 1566 595 1619 vires
621 1579 744 1618 suas
765 1579 885 1619 esse
916 1563 1133 1626 fatetur,
1161 1577 1189 1613 a
1215 1577 1318 1629 qua
1343 1561 1384 1614 si
1417 1559 1783 1628 prohibeatur,
1809 1558 2029 1626 iniquis-

453 1656 588 1710 sime
609 1670 792 1709 sccrrm
820 1654 925 1722 agi.
951 1654 1226 1707 Postremo
1252 1651 1410 1705 docet
1429 1650 1684 1718 exemplis
1713 1648 2026 1718 quibusdam

452 1746 542 1813 jus
564 1745 662 1799 sibi
691 1760 902 1814 semper
931 1743 1098 1798 fuisse
1145 1742 1359 1796 volrrbili
1396 1741 1527 1794 orbe
1575 1749 1744 1794 rotam
1795 1740 2032 1794 circumr

453 1851 610 1904 {gere
632 1849 838 1904 suoqrre
868 1834 1093 1887 arbitrio
1117 1847 1357 1886 versare.

520 1923 746 1996 Agitare]
775 1925 1046 1988 Tractare,
1081 1923 1374 1992 dESputare.

527 2015 664 2082 Quid
694 2025 744 2067 tu
768 2031 797 2067 ο
827 2013 995 2084 homo]
1029 2013 1197 2069 Verba
1235 2013 1459 2068 fortuna:
1480 2012 1737 2067 adversus
1764 2000 2029 2068 Boetium.

527 2106 681 2159 fleam
697 2104 827 2175 agis]
852 2107 1106 2159 Accusas.
1128 2105 1292 2158 lteum
1314 2118 1474 2174 agere
1495 2113 1575 2158 est
1605 2117 1878 2159 accusare.
1906 2104 2032 2158 Per-

453 2216 611 2271 agere
637 2215 784 2262 vero,
811 2199 1188 2254 condemnare.

465 2309 478 2318 -
529 2291 685 2362 Quid]
708 2292 942 2357 Aliquid.

531 2385 744 2439 Nudum
775 2387 923 2438 rebus
950 2381 1202 2455 omnibus]
1234 2382 1367 2436 Nudi
1414 2384 1555 2437 enim
1594 2381 1878 2446 nascimur,
1909 2381 2034 2455 nudi

459 2476 739 2529 mrrrimur.
800 2474 1000 2528 Plinius
1054 2474 1106 2526 in
1176 2473 1434 2540 prooemio
1499 2471 1710 2540 septimi
1772 2471 2036 2527 Naturalis

459 2567 738 2621 llistOr'ize:
768 2565 1044 2620 Ilomincm
1074 2573 1276 2618 tantum
1301 2563 1498 2618 nudttut
1529 2572 1584 2618 et
1616 2566 1664 2618 in
1695 2564 1830 2618 nuda
1875 2563 2036 2617 humo

461 2658 622 2712 natali
651 2658 738 2712 die
767 2657 950 2726 abjicit
971 2657 1035 2712 ad
1067 2657 1272 2725 vagitus
1301 2658 1480 2710 statim
1517 2665 1571 2710 et
1605 2657 1892 2724 ploratum.
1913 2657 2032 2710 'l.u-

459 2750 687 2804 cretirrs:

583 2841 706 2890 Tum
734 2854 874 2901 porro
901 2854 1041 2901 puer,
1068 2850 1118 2889 ut
1135 2843 1276 2889 strvis
1301 2841 1548 2902 projectus
1566 2840 1627 2886 ab
1652 2840 1790 2888 undis

584 2902 772 2959 Navita,
795 2905 951 2948 mulus
974 2903 1104 2949 hrrmi
1129 2905 1269 2958 iacet,
1297 2901 1472 2956 infans.
1499 2903 1721 2954 indignus
1740 2903 1868 2949 omni

585 2964 731 3012 V'itall
752 2966 949 3020 auxilio,
975 2977 1082 3010 cum
1113 2967 1317 3023 primum
1346 2978 1392 3010 ill
1422 2964 1615 3023 luminis
1637 2977 1748 3010 oras

589 3024 795 3072 Nixibus
821 3039 879 3073 ex
909 3027 1014 3072 alro
1039 3022 1202 3072 matris
1224 3033 1390 3070 urtura
1414 3022 1671 3083 profundit,

588 3086 869 3146 Vagituque
895 3085 1048 3133 locum
1073 3085 1268 3145 lugubri
1294 3084 1523 3142 complet,
1551 3091 1601 3146 ut
1627 3098 1814 3140 :equum
1838 3091 1931 3138 est,

584 3146 674 3196 Cui
699 3155 778 3195 tan
804 3160 884 3194 um
911 3150 957 3193 in
987 3149 1078 3194 vita
1097 3154 1250 3194 restet
1281 3146 1487 3192 transire
1507 3145 1760 3192 malorum.

538 3227 737 3298 Prona]
772 3229 1061 3293 Prolrensa.

538 3319 644 3374 Mei
674 3319 822 3390 iuris]
853 3321 1169 3375 Subditione
1196 3335 1332 3373 mea.

540 3411 823 3482 Aﬁluentia]
849 3411 1204 3465 Abundantia.
1459 3467 1464 3472 ,

536 3501 688 3553 Habe
709 3501 920 3572 gratias]
951 3503 1036 3557 Sis
1061 3511 1241 3570 gratrrs
1268 3504 1466 3556 animo.

537 3595 616 3647 An
651 3609 744 3664 ego
771 3594 902 3664 sola]
937 3595 1252 3664 Singulatim
1301 3596 1502 3664 colligit
1546 3594 1830 3662 unicuique
1883 3594 2044 3648 licere

466 3687 585 3758 jure
606 3702 704 3741 suo
731 3689 954 3742 naturali
985 3703 1196 3755 semper
1220 3691 1292 3741 uti
1329 3703 1340 3738 :
1371 3703 1489 3741 cum
1525 3688 1680 3755 igitur
1705 3688 1775 3739 sit
1803 3687 1883 3739 srri
1911 3686 2045 3752 juris

467 3779 754 3834 volubilem
778 3789 946 3834 rotant
974 3779 1190 3832 assiduo
1218 3793 1432 3833 versare
1456 3779 1801 3838 circrrruaetu,
1824 3778 2042 3844 iniquis-

465 3869 602 3924 sime
630 3885 811 3923 secum
853 3884 1010 3936 agere
1052 3871 1314 3938 queritur,
1349 3871 1758 3938 indignaturque
1810 3868 2038 3935 inexple-

465 3960 558 4016 bili
585 3959 883 4029 cupiditate
911 3961 1189 4026 mortalcs,
1219 3961 1306 4028 qui
1337 3960 1403 4014 ab
1435 3976 1495 4012 ea
1553 3959 1637 4013 cui
1673 3959 1930 4011 naturalis
1976 3959 2045 4012 sit

466 4054 823 4107 inconstantia
893 4054 1322 4123 mutabilitasque
1367 4054 1719 4108 constantiam
1765 4061 1819 4105 et
1860 4066 2047 4120 perpe-

469 4154 616 4198 tuum
645 4144 1015 4214 prosperitatis
1047 4155 1284 4199 tenorem
1316 4144 1608 4213 requirant.

540 4236 790 4307 Condere]
818 4236 1174 4305 Componere,
1209 4237 1478 4301 claudere,
1508 4233 1678 4287 linire.
1807 4297 1818 4299 _

549 4327 783 4400 Vultum]
813 4331 1127 4396 ASpt‘Clllm,
1183 4327 1389 4381 faciem.
1427 4327 1735 4395 Metaphora
1786 4333 1868 4379 est
1919 4327 2048 4377 satis

470 4417 639 4471 audax
670 4418 738 4470 ab
767 4418 981 4472 homine
1002 4418 1067 4470 ad
1105 4435 1216 4473 rem
1252 4420 1560 4485 inaninam,
1583 4432 1808 4487 eamque
1840 4418 2046 4486 gravis-

468 4511 657 4566 t’mam
681 4519 734 4563 et
758 4511 1108 4564 immobilem.

545 4601 824 4670 Itedimire]
853 4602 1077 4655 Ornare.

540 4688 882 4762 Confundere]
909 4690 1244 4746 Perturbare.

542 4779 738 4849 Strato]
761 4779 1093 4846 Composito.

541 4870 793 4942 JEquore]
826 4871 1068 4934 Planitie,
1098 4873 1287 4941 arquati
1319 4870 1623 4941 superficie.

544 4961 834 5031 Incxpleta]
867 4961 1226 5029 Inexplcbilis,
1255 4962 1588 5016 insatiabilis.

542 5050 808 5124 Alligabit]
836 5050 967 5106 Cum
997 5053 1409 5121 interrogatione
1437 5062 1492 5106 et
1538 5052 1783 5106 vultuose
1815 5067 2050 5119 pronun-

472 5145 736 5212 tiandum,
756 5145 908 5214 quasi
933 5145 1096 5207 dicat,
1112 5145 1330 5198 minime
1349 5146 1543 5213 poterit
1561 5159 1791 5213 unquam
1813 5145 2053 5212 alligare.

548 5238 672 5291 11ηέ
694 5246 868 5290 nostra
889 5239 958 5290 vis
971 5236 1067 5308 est]
1089 5237 1364 5292 Utnullam
1389 5253 1666 5292 servemus
1680 5237 2051 5291 constantiam.

541 5329 874 5402 Continuam]
905 5330 1034 5386 Sine
1071 5331 1484 5385 intermissione.

549 5419 760 5493 Rotum]
803 5407 1072 5476 Fortuna!
1101 5421 1466 5476 simulacrum.
1512 5420 1762 5475 Nonnulli
1815 5430 2054 5474 veterum

474 5529 595 5566 cum
638 5515 790 5580 copia
833 5524 883 5566 et
929 5513 1292 5583 gubernaculo
1339 5512 1626 5578 finxerunt,
1660 5521 1908 5580 tanquam
1943 5509 2058 5563 hare

477 5618 606 5672 opes
636 5603 854 5670 tribuat,
878 5613 932 5658 et
955 5605 1308 5658 humanarum
1339 5618 1516 5656 rerum
1546 5603 1780 5670 regimen
1801 5603 2056 5656 obtineat.

476 5695 574 5749 Cui
600 5695 837 5762 opinioni
870 5705 924 5749 et
955 5696 1206 5761 Virgilius
1249 5695 1501 5760 assensit,
1534 5695 1620 5764 qui
1654 5695 1915 5748 fortunam
1945 5711 2058 5759 orn-

483 5786 806 5856 uipotcutern
828 5781 1005 5841 vocat.
1035 5786 1104 5841 Et
1125 5786 1412 5840 historicus
1437 5786 1522 5855 qui
1551 5787 1622 5840 ait
1650 5805 1658 5838 :
1687 5785 1789 5842 Sed
1826 5787 2060 5854 profecto

1088 357 1430 415 APPENDIX
1473 357 1562 411 AD
1604 356 1847 412 LlBi‘tOS
1888 356 1973 409 DE
2013 349 2530 409 CONSOLATIONE
2571 349 3061 404 l’lllLOSUPrilrE.

2056 470 2105 526 Α
2136 463 2346 516 fortuna
2382 463 2432 515 in
2464 462 2607 516 onmi
2636 477 2693 515 re
2719 461 3040 515 dominatur.
3071 461 3171 514 Alii
3205 478 3321 513 cam
3345 475 3507 530 super
3539 462 3722 530 lapide

2079 4559 2130 4617 D

3611 349 3721 402 956

2125 553 2354 622 quodam
2407 542 2639 605 rotundo
2677 553 2971 606 consistere
3016 551 3192 620 lepide
3226 553 3515 606 commenti
3567 565 3717 606 sunt.

2124 644 2228 698 Alii
2253 653 2421 697 rotam
2449 645 2523 696 illi
2539 644 2826 697 volubilem
2845 645 3258 715 versatilemque
3278 645 3572 713 appingunt
3593 661 3720 698 cum

2126 748 2356 807 quatuor
2402 737 2678 789 hominum
2729 737 3080 806 imaginibus,
3139 737 3292 803 primi
3341 739 3452 804 jam
3501 752 3718 791 sursum

2125 827 2485 888 ascendentis,
2515 826 2734 879 secundi
2759 840 3024 879 summum
3051 827 3302 888 tenentis,
3326 827 3467 879 tertii
3499 841 3720 879 rursum

2126 916 2524 981 descendentis,
2574 918 2747 980 quarti
2807 931 2935 970 vero
2983 918 3035 969 in
3086 930 3219 970 rota:
3276 917 3383 970 imo
3430 917 3716 985 depressi:

2127 1021 2288 1076 Super
2315 1007 2504 1075 quibus
2534 1007 2619 1059 hic
2636 1015 2720 1060 est
2739 1006 3063 1059 versiculus:

2252 1095 2504 1157 Regnabo,
2528 1109 2704 1158 regno,
2732 1097 2958 1156 regnavi,
2981 1109 3088 1144 sum
3109 1095 3217 1144 sine
3237 1108 3409 1156 regno.

2209 1177 2431 1231 Volubili
2461 1176 2597 1246 orbe]
2629 1179 2798 1231 (.‘elr-ri
2828 1178 3198 1231 conversione.
3223 1178 3375 1244 Apud
3409 1176 3716 1244 Baptistam

2131 1272 2470 1325 Mantuanum
2502 1272 2551 1324 in
2598 1271 3008 1346 Epigrammatis
3048 1253 3134 1323 ad.
3160 1269 3448 1324 Falconetn
3496 1269 3549 1322 hi
3589 1278 3723 1321 sunt

2129 1376 2316 1415 VL‘I‘SUS

2255 1451 2417 1501 Fidite
2440 1453 2624 1510 virtuti,
2648 1452 2833 1500 fortuna
2860 1452 3077 1512 fugacior
3101 1451 3244 1499 undis

2314 1513 2418 1561 Non
2444 1523 2625 1571 manet,
2649 1521 2699 1560 et
2722 1525 2904 1562 certam
2925 1511 3090 1560 nescit
3113 1513 3297 1560 [rabere
3322 1511 3533 1561 domum.

2256 1573 2439 1622 Gaudia
2464 1573 2578 1620 dum
2603 1575 2814 1628 simulat,
2839 1576 3132 1622 subvertere
3155 1575 3334 1632 cogitat
3352 1579 3542 1631 orbem,

2320 1634 2523 1682 Insidias
2550 1637 2714 1684 ridens
2740 1637 3046 1695 exitiumque
3071 1644 3220 1696 parat.

2133 1716 2234 1770 Ubi
2265 1717 2796 1783 animadvertendum
2826 1719 2999 1772 obiter
3053 1731 3336 1788 perperam
3379 1715 3577 1769 sciolos
3625 1728 3726 1778 per

2061 1837 2108 1894 Β
2133 1807 2318 1860 urbem
2351 1807 2605 1860 mundum
2649 1809 2913 1876 accipere,
2941 1821 3060 1860 cum
3090 1807 3176 1859 hic
3217 1807 3286 1858 sit
3312 1821 3498 1858 seusrts
3528 1821 3543 1856 :
3588 1803 3728 1856 For-

2138 1906 2261 1949 tuna
2304 1897 2428 1950 dum
2478 1897 2692 1949 simulat
2735 1897 2947 1965 gaudia,
2983 1906 3036 1949 et
3075 1895 3200 1947 dum
3242 1894 3447 1947 videtur
3485 1891 3729 1957 blanda,

2134 1989 2330 2053 cogitat
2358 1987 2692 2055 subvertere,
2722 1988 2770 2041 id
2801 1999 2884 2042 est
2908 1989 3206 2041 clanculum
3232 1997 3284 2040 et
3318 1998 3505 2052 ιιι-,νων
3542 1972 3730 2037 homi-

2137 2093 2260 2131 num
2291 2093 2438 2146 spem
2471 2089 2678 2133 vertere
2708 2081 2892 2133 orbem
2912 2121 2926 2144 ,
2959 2078 3062 2132 hoc
3089 2087 3199 2142 est,
3234 2087 3401 2131 rotam
3433 2091 3591 2129 suam
3626 2091 3726 2128 or-

2135 2171 2386 2226 bicularis
2420 2171 2621 2236 figurat.
3614 2164 3620 2168 ’

2210 2259 2398 2328 Inﬁma
2429 2255 2659 2327 summis]
2684 2256 2887 2310 Seneca
2917 2257 3181 2325 tragicus:

2263 2347 2359 2395 lma
2387 2363 2395 2408 ι
2418 2353 2633 2396 ermutat
2657 2347 2825 2393 brevis
2851 2345 2969 2393 hora
2992 2347 3208 2393 summis.

2139 2428 2323 2482 Exstat
2361 2443 2576 2482 carmen
2610 2442 2740 2480 sane
2770 2442 2872 2480 non
2906 2427 3205 2496 illepidum,
3243 2425 3424 2479 ne~cio
3467 2425 3630 2492 cujus
3659 2424 3735 2477 de

2139 2518 2382 2581 fortuna,
2430 2517 2571 2586 qrrod
2619 2515 2720 2570 hoc
2771 2517 3102 2584 potissimum
3151 2516 3268 2568 loco
3323 2511 3735 2581 subjiciendum

2140 2609 2314 2677 putavi
2343 2624 2357 2661 :

2261 2697 2300 2743 Ο
2328 2695 2516 2742 fortuna
2543 2695 2736 2757 potens!
2764 2706 2907 2755 quam
2933 2693 3172 2741 variabilis

2263 2761 2505 2815 Quantum
2525 2756 2648 2817 juris
2665 2766 2822 2813 atrox,
2847 2768 2956 2816 quas
2979 2757 3062 2802 tibi
3092 2756 3303 2803 vindicas
3320 2756 3343 2803 Ῠ

2269 2820 2462 2867 Evcrtis
2481 2821 2699 2873 meritos,
2724 2818 2868 2877 eligis
2893 2819 3148 2877 improbos.

2265 2881 2364 2928 Nec.
2387 2892 2585 2928 servare
2616 2887 2752 2939 potes
2776 2879 3061 2925 muneribus
3083 2878 3245 2924 fidem.

2271 2941 2480 2990 Fortuna
2506 2944 2775 2988 immeritos
2792 2952 2850 2986 au
2861 2948 2943 2994 get
2965 2940 3250 2994 honoribus,

2266 3002 2479 3051 Fortuna
2505 3007 2733 3049 innocuos
2755 3001 2969 3047 cladibus
2991 2999 3147 3048 allicit.

2265 3064 2428 3111 .lrrstos
2453 3062 2530 3109 illa
2555 3065 2682 3110 viros
2710 3063 2940 3124 pauperie
2967 3069 3146 3120 gravat.

2267 3125 2492 3184 lndignos
2515 3124 2686 3172 eadem
2709 3124 2891 3169 divitiis
2914 3124 3047 3170 heat.

2268 3186 2381 3233 llaec
2405 3187 2563 3232 aufert
2584 3185 2808 3245 juvenes,
2837 3193 2887 3231 et
2909 3185 3090 3231 retinet
3111 3195 3280 3242 senes,

2269 3247 2448 3307 lujusto
2475 3246 2674 3294 arbitrio
2700 3253 2915 3305 tempora
2940 3245 3176 3292 dividens.

2267 3306 2403 3364 Quod
2427 3307 2587 3368 dignis
2610 3308 2797 3366 adimit,
2825 3309 2996 3355 transit
3019 3309 3076 3353 ad
3103 3306 3287 3368 impios.

2268 3369 2370 3416 Nec
2393 3367 2654 3417 discrimen
2690 3369 2854 3426 habet,
2880 3373 3109 3428 rectaque
3127 3367 3324 3425 jttdtcat.

2277 3429 2573 3488 lnconstans,
2603 3428 2803 3489 fragilis,
2834 3427 3253 3489 perlida,lﬁubrira.

2275 3491 2378 3539 Nec
2401 3504 2522 3552 quos
2545 3488 2773 3537 ctarilicat
2792 3488 3032 3550 perpetuo
3054 3488 3201 3536 fovet.

2269 3552 2370 3600 Nec
2403 3566 2526 3613 quos
2547 3553 2766 3600 deseruit
2791 3559 3032 3612 perpetuo
3063 3552 3259 3611 premit.

2145 3655 2441 3708 A-rsorrius:

2275 3765 2480 3813 Fortuna
2508 3777 2754 3823 nunquam
2778 3765 2905 3812 sis'it
2927 3767 2974 3813 in
3002 3764 3172 3811 cariem
3197 3771 3344 3811 statu.

2271 3828 2482 3886 Semper
2506 3837 2747 3884 movetur,
2779 3834 2932 3873 variat
2954 3838 3008 3872 ac
3033 3833 3183 3873 tnutat
3203 3839 3350 3872 vices.

2269 3889 2324 3937 lit
2349 3899 2534 3935 summa
2559 3890 2606 3934 itt
2633 3889 2780 3934 imutn
2809 3890 2970 3945 vertit,
2999 3900 3054 3934 ac
3080 3900 3216 3934 versa
3241 3888 3408 3949 erigit.

2227 3970 2305 4022 Ea
2328 3967 2458 4038 lege]
2483 3971 2551 4022 lia
2565 3969 2886 4023 CutttliliOttc.

2224 4059 2312 4112 Uti
2339 4058 2421 4128 ne]
2457 4061 2521 4111 Ut
2548 4074 2672 4111 non.

2228 4144 2564 4214 Descrndere]
2601 4147 2956 4210 Descensum,
2985 4145 3206 4198 subaudi
3235 4159 3355 4198 e~se
3385 4145 3660 4214 irrjuriam.

2221 4234 2470 4307 Crassum]
2499 4235 2717 4290 Croesus
2745 4247 2836 4289 rex
2870 4236 2964 4288 frrit
2993 4235 3174 4304 Lydia’c
3199 4235 3513 4300 ditissimus,
3544 4247 3744 4304 captus

2151 4337 2328 4382 autem
2359 4341 2387 4378 a
2418 4326 2558 4395 Cyro
2587 4340 2710 4395 rege
2751 4325 3064 4388 Persarum;
3113 4326 3317 4378 vinctrrs
3355 4328 3736 4393 erunpedibus,

2151 4431 2312 4486 super
2336 4417 2600 4485 ingentem
2629 4419 2810 4486 (quam
2837 4419 3126 4480 struxerat)
3161 4416 3419 4483 lignorum
3445 4416 3742 4470 srruemab

2153 4528 2218 4567 co
2265 4512 2580 4579 irnponitrrr,
2621 4521 2678 4562 ut
2728 4510 2880 4562 vivus
2924 4521 3272 4563 crcruaretur.
3313 4512 3505 4562 Croeso
3552 4521 3746 4562 autem

2153 4621 2313 4674 super
2344 4620 2527 4675 pyram
2559 4605 2718 4657 stanti
2751 4605 2958 4657 venisse
3002 4605 3053 4656 in
3088 4615 3319 4656 nrerrtem
3359 4603 3564 4664 ferunt,
3593 4601 3746 4672 quod

2155 4698 2253 4750 sibi
2286 4709 2412 4750 rrrrtu
2446 4697 2538 4751 Dei
2568 4713 2596 4750 a
2627 4698 2827 4752 Solone
2857 4698 3042 4750 fui-set
3067 4698 3304 4750 dictum:
3337 4713 3399 4749 ex
3432 4696 3747 4749 viventibus

2155 4788 2368 4843 beatum
2396 4805 2517 4843 esse
2567 4792 2860 4843 neminem.
2891 4789 3095 4852 Quibus
3135 4773 3337 4839 auditis
3375 4787 3577 4852 Cyrum
3622 4797 3746 4838 tra-

2155 4879 2288 4934 dunt
2314 4880 2653 4949 paenituisse,
2680 4893 2800 4931 cum
2837 4893 2895 4932 se
2921 4893 3134 4945 quoque
3164 4877 3429 4930 hominem
3460 4891 3578 4930 esse
3606 4891 3751 4946 cog-

2159 4985 2436 5037 nosceret,
2462 4973 2550 5039 qui
2574 4970 2732 5024 alium
2761 4970 3026 5022 hominem
3051 4968 3175 5021 olim
3197 4982 3256 5022 se
3284 4984 3390 5021 non
3421 4967 3748 5021 inferiorem

2158 5063 2332 5114 vivum
2390 5076 2516 5130 -cgo
2563 5060 2828 5114 traderet:
2860 5070 3112 5126 prarterea
3155 5058 3380 5112 veritum
3429 5058 3499 5111 ob
3539 5058 3595 5111 id
3630 5073 3750 5126 [m-

2161 5169 2283 5206 natn
2330 5168 2392 5206 ac
2441 5161 2780 5218 reputantem
2827 5149 2957 5204 nihil
3005 5164 3124 5202 esse
3176 5148 3226 5202 in
3275 5148 3436 5202 rebus
3484 5148 3782 5212 humanis

2161 5241 2373 5303 stabile,
2401 5241 2629 5309 jussisse
2670 5242 2842 5308 ignem
2885 5239 3163 5293 celerrirrre
3200 5239 3461 5306 exstingui
3499 5240 3615 5308 jam
3662 5223 3778 5294 in?

2161 5345 2378 5384 censum
2406 5347 2419 5393 ;
2453 5331 2541 5397 qui
2593 5346 2712 5384 cum
2745 5329 2812 5382 ab
2842 5329 3148 5383 lrominihus
3193 5329 3442 5383 adhibitis
3472 5331 3754 5400 exstingui

2163 5436 2267 5474 non
2302 5429 2516 5486 posset,
2549 5420 2768 5473 Crassus
2800 5419 3098 5484 Apollinem
3133 5419 3407 5473 invocasse
3437 5419 3659 5484 dicitur,
3692 5432 3754 5478 et

2166 5526 2349 5577 magna
2383 5515 2431 5562 vi
2463 5510 2652 5578 pluvia:
2679 5511 2890 5564 cmlitus
2921 5509 3083 5563 effusa
3127 5509 3400 5565 liberatus.
3436 5512 3615 5580 Super
3645 5515 3757 5568 hoc

2166 5603 2321 5655 latius
2355 5602 2558 5670 legatur
2589 5601 2886 5654 Ilerodotus
2919 5601 3055 5653 libro
3087 5601 3273 5667 primo.

2245 5693 2466 5745 Paulum
2504 5693 2670 5762 I’rr'ai]
2703 5694 2892 5746 Perses
2922 5692 3006 5746 ille
3049 5707 3138 5745 rex
3189 5692 3539 5746 Macedonum
3589 5695 3755 5747 fatui-

2168 5797 2401 5856 ενι-31ης,
2434 5787 2513 5840 cui
2549 5787 2662 5855 pius
2691 5787 2800 5838 auri
2834 5786 2927 5837 frrit
2959 5800 3113 5853 quam
3158 5785 3356 5849 animi,
3389 5786 3562 5840 victus
3592 5803 3757 5856 supe-
