4010 6372
297 383 395 437 957

1458 386 1837 443 MURMELLII
1875 390 2399 448 COMMENTAIHA.

3450 384 3558 447 958

299 507 553 567 ratusque
594 498 732 552 bello
770 513 800 551 a
841 498 1115 562 Romanis,
1145 512 1204 552 se
1246 499 1345 553 Cn.
1375 500 1596 553 Octavio
1637 502 1868 569 dedidit,
1903 507 1952 564 Α
1980 504 2113 557 alter
2144 504 2537 568 Pherecratius,
2572 504 2785 558 tandem
2817 506 3122 559 mortalium
3155 504 3348 573 iniquis
3390 502 3563 559 mori-

298 606 463 646 orans
490 600 549 644 ut
577 590 641 643 ad
676 590 893 643 Paulum
926 589 1217 645 Emelium
1248 592 1626 658 imperatorem
1652 594 1874 647 ducere-

301 696 408 748 tur,
438 683 525 750 qui
557 683 631 735 illi
660 682 870 735 obviam
899 698 1021 736 cum
1047 683 1235 735 amicis
1267 684 1439 751 venit,
1470 686 1792 747 assurrexit,
1820 695 1874 738 et

298 786 380 846 (ut
425 775 663 828 historici
711 775 948 840 tradunt)
998 774 1380 845 illacryiuavit,
1412 776 1721 830 varietatem
1771 777 1876 830 sci-

298 869 419 922 licet
448 866 675 921 fortunte
702 880 883 920 secum
917 876 1195 933 reputans,
1223 882 1341 934 qua:
1369 883 1545 935 regem
1568 884 1633 922 ex
1658 882 1874 922 summo

297 959 570 1030 dignitatis
603 958 810 1027 lastigio
836 958 886 1011 iu
918 972 1157 1025 przeceps
1181 958 1508 1012 detraxerat.
1543 960 1735 1014 Perses
1775 973 1872 1012 au-

299 1062 407 1105 tem
435 1051 625 1105 ductus
656 1050 706 1103 in
740 1049 1065 1118 tritrmphum
1094 1059 1175 1103 est
1220 1034 1323 1103 una
1346 1065 1467 1103 cum
1501 1050 1640 1116 filiis,
1685 1051 1869 1119 periit-

299 1156 403 1211 que
448 1142 498 1194 in
537 1154 753 1195 carcere
802 1142 966 1193 animi
1019 1155 1251 1194 mmrore
1299 1142 1609 1205 confectus,
1648 1142 1731 1195 vel
1783 1143 1877 1213 (ut

300 1234 391 1288 alii
426 1232 669 1295 tradunt,
701 1231 892 1300 vigiliis
930 1231 1302 1300 insomnioque
1350 1240 1667 1287 maceratus.
1727 1232 1873 1287 Persi

299 1335 519 1393 prOpIer
542 1323 913 1393 ὁμοιοτέλευτον
935 1321 1166 1376 detraxit
1188 1340 1212 1377 δ
1239 1323 1491 1387 litteram,
1510 1338 1628 1392 qua:
1652 1324 1876 1391 plerum-

299 1431 402 1484 que
435 1430 530 1484 pro
575 1414 733 1468 sibilo
761 1413 1006 1478 habetur,
1044 1428 1146 1466 non
1191 1415 1362 1466 solum
1398 1415 1750 1478 necessitatis,
1780 1418 1872 1471 sed

297 1506 461 1559 etiam
509 1505 788 1573 euphonia:
834 1519 1012 1558 causa.
1058 1503 1124 1557 Ut
1169 1504 1479 1558 Salustius:
1523 1508 1567 1559 A
1611 1508 1873 1576 principio

304 1596 462 1650 Urbis
504 1596 569 1648 ad
620 1595 815 1649 bellum
865 1594 1013 1648 Persi
1057 1594 1483 1657 Macedonicum,
1534 1610 1629 1663 pro
1672 1596 1870 1652 Persis.

300 1685 609 1740 Detrahitur
636 1694 810 1737 autem
837 1702 861 1737 δ
890 1684 1059 1738 tertia:
1087 1685 1453 1738 declinationis
1480 1685 1730 1751 genitivo.
1760 1686 1876 1741 Vir-

297 1774 389 1845 gil.
415 1775 468 1828 in
495 1790 511 1828 ι
535 1774 793 1829 Ᾰζηρίάος
821 1792 832 1826 :

424 1865 576 1913 'l‘roas
601 1864 851 1925 relliquias
873 1863 1091 1911 Danaum
1115 1870 1260 1925 atque
1285 1866 1481 1913 immitis
1502 1865 1687 1914 Achilli.

370 1944 779 2019 Tragrzdiarum]
824 1946 1106 2014 Tragmdia
1152 1956 1235 1999 est
1279 1947 1505 2002 hernica:
1552 1948 1776 2001 fortuna:
1819 1949 1871 2004 in

297 2040 541 2095 adversis
589 2038 1019 2107 comprehensio.
1062 2038 1230 2106 Hujus
1278 2040 1487 2091 tristitia
1526 2049 1581 2093 et
1628 2039 1875 2108 frequens

297 2134 508 2190 clamor
541 2133 754 2202 propria
785 2140 925 2183 sunt.
955 2130 1184 2197 Ideoque
1223 2131 1503 2199 Euripides
1535 2142 1746 2201 petente
1776 2133 1877 2186 Ar-

295 2225 487 2281 chelao
517 2239 640 2293 rege
700 2231 757 2276 ut
790 2221 858 2276 de
888 2237 947 2277 se
978 2222 1289 2291 tragoediam
1332 2224 1620 2289 scriberet,
1659 2225 1873 2287 abnuit,

295 2332 362 2372 ac
402 2325 647 2386 precatus
683 2326 763 2370 est
803 2330 870 2369 ne
929 2315 1194 2370 accideret
1235 2316 1500 2370 Archelao
1541 2318 1736 2387 aliquid
1771 2328 1877 2371 tra-

295 2408 489 2477 goedia:
519 2407 823 2474 proprium,
852 2408 1141 2461 ostendens
1181 2407 1315 2461 nihil
1344 2407 1484 2460 aliud
1516 2423 1635 2461 esse
1681 2418 1875 2477 tragus-

296 2498 445 2553 diam
482 2513 638 2567 quam
702 2498 1037 2551 miseriarum
1086 2497 1643 2566 comprehensionem.
1688 2498 1875 2553 Nonne

293 2589 728 2643 adolescentulus
758 2588 849 2643 δύο
875 2592 991 2650 τοὺς
1012 2591 1211 2651 πίθους,
1234 2592 1317 2643 τὸν
1345 2592 1433 2659 μὲν
1459 2590 1547 2642 ἕνα
1576 2598 1759 2651 κακῶν,
1790 2592 1877 2644 τὸν

295 2680 353 2736 δὲ
381 2682 549 2755 ἕτερσν
571 2680 788 2752 ἀγαθῶν.
834 2680 958 2733 llaec
989 2679 1173 2733 Cra-ca
1228 2679 1367 2731 misit
1408 2678 1472 2731 ad
1519 2693 1603 2731 me
1644 2679 1875 2732 Joannes

296 2769 611 2824 Edicollius
640 2785 706 2822 ex
756 2779 1059 2836 pervetusto
1107 2769 1430 2831 exemplari,
1460 2783 1579 2835 qua:
1626 2770 1701 2820 sic
1750 2768 1872 2820 red-

299 2865 502 2916 duntur
547 2864 751 2917 Latine.
800 2864 909 2914 Duo
940 2862 1107 2923 dolia,
1144 2861 1401 2913 malorum
1434 2860 1645 2927 quidem
1676 2875 1836 2912 unum
1858 2904 1871 2927 ,

296 2953 523 3007 alterum
544 2962 716 3007 autem
742 2953 1023 3005 bonorum.
1050 2951 1103 3004 lu
1125 2950 1341 3004 Czesarii
1368 2949 1533 3003 nostri
1564 2948 1743 3002 Iibel'o
1762 2948 1876 3003 haec

298 3045 509 3111 insunt,
539 3046 596 3097 οὐ
635 3044 891 3119 μειράκιον
921 3039 988 3095 ὧν
1018 3040 1099 3095 ἔτι
1144 3039 1235 3095 δύο
1274 3041 1472 3103 πίθους,
1515 3042 1599 3093 τὸν
1646 3043 1736 3109 μέν
1789 3040 1876 3094 ἕνα

297 3142 483 3199 κακῶν,
510 3136 596 3189 τὸν
622 3132 674 3187 δὲ
699 3135 870 3208 ἕτερον
900 3135 1116 3205 ἀγαθῶν.
1147 3132 1275 3197 Quae
1296 3130 1361 3183 ad
1393 3130 1615 3184 verbum
1644 3131 1723 3184 sic
1752 3144 1874 3197 pos-

295 3240 484 3280 sumus
512 3227 844 3292 interpretari
872 3239 885 3275 :
920 3222 1032 3277 Non
1060 3222 1491 3276 adolescentulus
1513 3221 1687 3275 adhuc
1714 3222 1871 3275 etiam
1902 3234 1946 3292 ο

297 3317 409 3369 duo
438 3314 609 3380 dolia,
642 3330 805 3367 unum
853 3313 1067 3382 quidem
1099 3313 1391 3373 malorum.
1424 3312 1650 3365 alterum
1696 3320 1871 3366 autem

297 3407 582 3460 buuorum.
617 3403 710 3459 Ubi
737 3404 1267 3459 animadvertendum
1297 3413 1398 3468 est,
1434 3419 1538 3457 non
1573 3418 1667 3471 pro
1698 3418 1876 3457 nonne

298 3498 560 3565 positum,
590 3506 875 3566 petereque
905 3495 1005 3549 sibi
1036 3496 1184 3548 reddi
1208 3494 1641 3547 aflirmationem.
1668 3493 1763 3547 Et
1784 3509 1878 3546 au-

299 3602 407 3645 tem
436 3590 533 3643 hoc
566 3600 833 3659 sumptum
876 3604 938 3642 ex
971 3589 1183 3643 Homeri
1216 3588 1347 3641 libro
1379 3588 1554 3641 Iliadis
1586 3588 1791 3650 ultimo,
1823 3589 1873 3642 in

297 3696 408 3751 quo
449 3682 562 3734 inec
610 3680 820 3743 insunt,
864 3678 1156 3748 interprete
1210 3679 1495 3731 Laurentio
1541 3678 1730 3731 Valla:
1762 3678 1877 3731 Duo

297 3774 443 3827 enim
488 3772 629 3827 dolia
658 3772 712 3827 in
740 3771 885 3825 Jovis
930 3770 1108 3825 limine
1150 3770 1330 3823 sidunt
1369 3775 1523 3838 plena
1555 3786 1869 3834 munerum,

297 3881 419 3934 quae
450 3864 601 3918 nobis
629 3862 800 3917 danda
832 3864 1137 3927 constituit,
1170 3861 1428 3914 malorum
1458 3861 1713 3921 alterum,
1744 3863 1874 3914 alte-

296 3972 419 4011 rum
446 3958 724 4010 honorum.
752 3955 823 4009 Ex
853 3954 1044 4023 quibus
1066 3952 1295 4022 Jupiter,
1321 3968 1461 4007 nunc
1486 3952 1685 4005 homini
1714 3952 1873 4019 mala,

297 4064 444 4104 nunc
467 4050 602 4104 bona
636 4048 877 4103 exhibet.
908 4046 1003 4101 Cui
1038 4046 1206 4109 mala,
1238 4061 1359 4099 eum
1397 4046 1463 4097 ad
1505 4044 1750 4113 injuriam
1782 4058 1871 4098 ει·
1924 4094 1925 4097 η

297 4140 483 4211 ponit,
513 4149 569 4193 ut
608 4138 657 4192 in
700 4138 912 4191 miseria
958 4137 1118 4189 vitam
1160 4146 1300 4205 agat.
1336 4135 1476 4187 Vivit
1516 4136 1657 4190 enim
1702 4149 1875 4197 neque

297 4230 425 4295 diis,
458 4244 631 4297 neque
656 4227 959 4281 hominibus
988 4226 1301 4279 honoratus.
1350 4225 1658 4279 Homericos
1688 4240 1875 4280 versus

299 4320 557 4376 Nicolaus
588 4321 730 4371 Valla
753 4321 829 4373 sic
861 4318 1077 4371 Latinos
1109 4315 1374 4370 reddidit:

422 4413 640 4473 Dinaque
668 4420 905 4473 praterca
932 4410 1063 4473 Jov's
1086 4422 1196 4456 esse
1223 4409 1267 4455 in
1291 4407 1458 4473 limine
1483 4407 1647 4455 dicunt

422 4470 573 4533 Vasa,
604 4470 778 4533 quibus
797 4479 982 4533 scrtem
1007 4470 1140 4517 Deus
1164 4473 1269 4528 ipse
1294 4482 1371 4516 em
1394 4472 1474 4517 ttit
1493 4478 1748 4531 utramque

422 4535 515 4583 Ille
540 4531 705 4593 miser,
732 4536 805 4582 cui
832 4547 940 4581 sors
964 4531 1044 4579 fati
1072 4533 1303 4591 contingit
1327 4543 1507 4590 amara,

424 4596 532 4643 Heu
554 4592 757 4657 quantos
778 4597 918 4643 etiam
942 4595 1174 4657 gemitus,
1200 4606 1341 4653 quam
1366 4594 1483 4657 dura
1512 4592 1691 4657 videbit

425 4654 613 4713 Exilia,
639 4665 784 4717 atque
810 4654 1002 4702 omnem
1029 4654 1532 4717 niistarntnmroribtts
1554 4655 1670 4700 atris

424 4718 583 4767 Vitam
609 4715 743 4779 aget,
774 4719 900 4765 hunc
920 4717 1143 4764 homines
1164 4715 1275 4762 odio
1294 4717 1559 4774 superique
1583 4722 1872 4774 sequentur.

296 4803 453 4857 Hanc
484 4802 697 4855 Homeri
733 4800 1039 4869 opinionem
1063 4799 1314 4851 Socrates
1342 4798 1480 4864 apud
1513 4797 1786 4850 Platonem
1821 4798 1874 4850 in

292 4892 537 4949 secundo
565 4891 633 4945 de
665 4891 951 4958 Republica
983 4890 1119 4943 libro
1148 4888 1381 4957 graviter
1409 4887 1704 4957 improbat,
1731 4888 1880 4941 aiens

294 5000 408 5039 non
436 4982 824 5036 admittendum
854 4995 974 5033 esse
1005 4980 1192 5033 Jovem
1227 4978 1377 5031 nobis
1421 4979 1733 5045 pennatium
1759 4992 1880 5032 esse

294 5078 564 5129 bonorum
614 5084 774 5141 atque
805 5072 1086 5124 malorum.
1119 5070 1375 5137 Loquitur
1404 5078 1581 5124 autem
1615 5069 1715 5123 hoc
1762 5070 1881 5124 loco
1926 5088 1929 5089 '

292 5164 644 5232 Philosophia
689 5179 794 5217 non
839 5179 904 5216 ex
951 5178 1080 5224 sua,
1114 5177 1297 5214 verum
1349 5161 1576 5215 fortuna:
1627 5176 1875 5227 persona,

294 5272 480 5324 neque
512 5272 626 5309 rem
658 5256 729 5308 ita
758 5269 817 5308 se
847 5254 1068 5316 habere,
1098 5253 1189 5305 sed
1237 5252 1476 5305 Boetium
1507 5251 1878 5304 adolescentu-

290 5350 408 5404 lum
439 5361 504 5398 ex
541 5346 770 5398 llomero
790 5344 1040 5397 didicisse
1066 5341 1248 5395 refert.

372 5432 533 5503 Quid]
559 5434 993 5488 Subaudiendum
1027 5433 1172 5485 dices

367 5527 628 5598 Sperandt'
660 5526 889 5596 meliora]
916 5525 1072 5578 Juxta
1106 5526 1234 5577 illttd
1268 5524 1502 5592 Tragici.

486 5616 643 5665 Nemo
662 5617 902 5675 desperet
927 5616 1130 5662 meliora
1152 5616 1311 5675 lapsis.

840 5696 902 5748 IN
946 5695 1233 5750 METllUM
1280 5695 1340 5745 ll.

367 5788 486 5849 Hoc
512 5788 768 5853 carmine,
799 5788 946 5857 cujus
981 5788 1113 5842 alter
1147 5801 1331 5842 versus
1362 5796 1443 5841 est
1474 5787 1871 5854 Asclepiadcus,

1979 594 2077 647 bus
2102 595 2334 663 graviter
2361 596 2559 648 offensa
2604 594 2844 657 fortuna,
2893 596 2945 648 in
2978 611 3161 649 eorum
3195 594 3550 665 insatiabilem

1978 686 2253 737 avaritiam
2286 684 2575 748 invehitur,
2618 686 2708 754 qui
2738 702 2844 755 quo
2873 688 3023 755 plura
3054 686 3458 755 congesserint,
3483 701 3555 742 eo

1978 773 2133 840 longe
2164 774 2312 839 plura
2344 774 2741 841 concupiscant.

2051 862 2302 932 Quantas]
2344 864 2511 929 Quot,
2544 864 2625 915 Vt'l
2663 879 2818 931 quam
2878 879 3115 931 magnas.
3147 864 3332 918 Melius
3372 872 3551 918 tamen

1977 963 2059 1007 est
2096 963 2151 1005 ut
2180 969 2275 1021 pro
2298 965 2428 1020 quot
2451 955 2702 1021 accipias.
2728 956 2889 1009 Silius
2916 956 3127 1009 Italicus
3160 957 3210 1009 itt
3244 971 3349 1013 xv:

2101 1046 2318 1104 Quantas
2344 1044 2449 1103 ipse
2475 1044 2609 1091 Deus
2633 1043 2767 1091 laetos
2786 1046 3045 1104 generavit
3067 1046 3116 1093 in
3141 1058 3279 1103 usus,

2100 1102 2204 1152 Hes
2225 1102 2401 1151 homini

1976 1185 2331 1240 Claudianus:

2102 1273 2405 1335 Conveniunt
2430 1277 2618 1333 animm,
2644 1281 2846 1335 quantas
2870 1275 3183 1323 truculentior
3209 1283 3370 1325 auster

2103 1334 2299 1384 Decutit.
2324 1339 2579 1384 arboribus
2603 1334 2815 1383 frondes.

1977 1421 2329 1475 Terentianus
2357 1438 2367 1472 :

2103 1513 2299 1561 Maurus
2318 1515 2437 1561 ltem
2460 1518 2665 1573 quantos
2690 1512 2818 1572 potui
2845 1520 3143 1569 cognoscere
3167 1508 3351 1557 Graius.

2057 1594 2296 1665 Rapidis]
2331 1594 2648 1662 ltttpetuusis

2053 1685 2267 1755 Pontus]
2300 1685 2459 1738 Mare.

2062 1777 2259 1847 Versat]
2290 1777 2490 1831 Crebro
2519 1776 2696 1832 vertit.

1906 1870 1954 1929 B
2053 1870 2233 1939 Edita]
2264 1870 2316 1923 lu
2350 1870 2519 1923 luerim
2546 1869 2689 1922 data.

2051 1960 2234 2029 Copia]
2269 1960 2412 2011 llanc
2445 1960 2748 2011 fabulantur
2780 1958 3067 2012 fertilitatis
3102 1971 3223 2011 esse
3252 1956 3403 2009 deam
3423 1998 3438 2020 ,
3470 1955 3553 2009 cui

1978 2068 2145 2107 cornu
2174 2052 2241 2104 ab
2272 2051 2502 2104 Hercule
2550 2050 2781 2103 Acheloo
2811 2050 2861 2101 iu
2896 2050 3031 2101 tauri
3061 2047 3294 2116 Speciem
3347 2055 3551 2099 mutatu

1978 2143 2272 2197 detractum
2311 2140 2547 2195 Omnium
2574 2139 2837 2192 fructuum
2858 2140 3102 2205 primitiis
3127 2138 3377 2191 refertum
3406 2135 3553 2189 Naia-

1979 2232 2074 2285 des
2104 2230 2490 2292 consecrarint,
2518 2228 2656 2281 unde
2677 2228 2813 2294 apud
2838 2227 2992 2280 Ovid.
3022 2226 3285 2280 Achelous
3311 2241 3325 2279 :

2230 2319 2452 2378 lligidum
2480 2317 2578 2364 fera
2598 2319 2805 2364 dextera
2826 2330 2973 2364 cornu

2072 2382 2193 2429 Dum
2217 2375 2374 2435 ten—et,
2402 2382 2619 2437 intre-git,
2651 2386 2919 2438 truncaque
2944 2391 2969 2424 a
2992 2377 3150 2423 fronte
3180 2375 3369 2423 revelli'

2071 2442 2158 2490 Nai
2178 2444 2281 2488 .des
2307 2441 2397 2488 hoc
2424 2442 2573 2500 pontis
2599 2449 2648 2487 et
2672 2441 2822 2488 odero
2841 2442 2959 2486 flore
2987 2438 3226 2497 l't'llit'ttlllt

2070 2505 2349 2557 Sacraruut,
2375 2502 2612 2560 divesque
2637 2516 2748 2549 meo
2774 2503 2894 2547 bona
2912 2503 3043 2559 copia
3069 2511 3216 2545 cornu
3235 2503 3329 2545 est.

1979 2585 2241 2639 Lucianus
2271 2586 2337 2639 de
2378 2584 2624 2637 mercede
2673 2582 3065 2636 servientibus:
3103 2580 3166 2632 Et
3200 2577 3419 2632 habebis
3462 2592 3556 2630 co-

1980 2674 2077 2741 pia:
2128 2690 2327 2737 cornu,
2375 2683 2428 2727 et
2483 2673 2561 2725 lac
2610 2673 2957 2739 galhuaceum
3011 2667 3327 2736 emulgebis.
3381 2666 3554 2719 Ilora-

1982 2765 2120 2817 tius:

2072 2855 2220 2904 Beata
2245 2854 2384 2916 plena
2403 2854 2536 2915 c0pia
2558 2866 2724 2902 cornu.

1980 2937 2123 2991 Idem
2150 2953 2162 2987 :

2510 3024 2671 3073 Aurea
2695 3022 2863 3082 fruges

2078 3087 2228 3135 ltalim
2250 3086 2397 3147 pleno
2415 3086 2607 3134 diffudit
2630 3086 2765 3145 capia
2789 3094 2958 3131 cornu.

2050 3170 2196 3240 Ideo]
2229 3170 2307 3224 0b
2337 3185 2453 3225 eam
2485 3168 2807 3222 afﬂuentiam
2834 3180 3016 3235 opum.

2054 3261 2333 3333 Prodigus]
2364 3262 2583 3331 Largus.
2622 3260 2892 3328 Accipitur
2921 3270 3061 3310 nunc
3105 3257 3157 3309 in
3200 3256 3392 3308 bonam
3432 3268 3553 3320 par-

1980 3364 2108 3408 tem.
2136 3354 2450 3407 Clanculum
2484 3362 2660 3405 tamen
2712 3349 2920 3403 videtur
2964 3346 3205 3401 alludere
3241 3345 3306 3398 ad
3350 3346 3554 3413 prodigi

1981 3446 2211 3499 hominis
2256 3458 2455 3507 mores,
2500 3444 2590 3512 qtti
2633 3458 2775 3511 smpe
2826 3442 2961 3494 ttltra
3010 3440 3224 3493 modum
3273 3435 3554 3513 pecunittn

1980 3537 2201 3606 largitur
2231 3536 2478 3602 indignis.
2503 3534 2827 3587 Claudianus
2853 3551 2867 3587 :

2075 3625 2321 3675 Munilicus
2344 3624 2518 3685 laudis,
2541 3625 2627 3671 sed
2654 3636 2746 3671 non
2766 3635 2821 3669 es
2842 3621 3073 3683 prodigus
3098 3620 3221 3667 auri.

2058 3708 2147 3761 Nil
2163 3710 2275 3778 jam
2309 3719 2455 3776 parta
2486 3704 2737 3775 videntur]
2762 3703 2813 3757 Id
2844 3712 2951 3765 est,
2986 3718 3048 3755 ea
3075 3715 3193 3767 qua:
3214 3742 3227 3763 ,
3260 3699 3381 3751 dum
3418 3697 3557 3751 desi-

1978 3801 2011 3853 d
2051 3804 2313 3860 rarentur,
2351 3810 2537 3865 magna
2568 3796 2774 3861 cupidis
2808 3792 3150 3857 videbantur,
3187 3800 3365 3858 postea
3397 3803 3555 3856 quant

1982 3892 2032 3944 in
2059 3904 2245 3943 eorum
2274 3904 2465 3941 venere
2500 3888 2803 3953 possession
2825 3900 2923 3947 'm,
2957 3898 3051 3950 pro
3080 3881 3243 3934 nihilo
3273 3879 3553 3943 habentur,

1980 3996 2193 4050 semper
2220 3980 2470 4032 ulteriora
2502 3978 2747 4030 sitienter
2778 3972 3126 4027 initiantibus.

2053 4070 2179 4135 Qua:
2208 4066 2374 4139 frena]
2406 4068 2566 4134 Quasi
2597 4066 2743 4119 dicit
2773 4064 2938 4117 nulla.

2055 4157 2336 4227 Retenteut]
2370 4157 2619 4211 Retinere
2649 4156 2872 4225 po~siut.

2051 4250 2177 4305 Sitis
2224 4246 2465 4317 habendi]
2497 4246 2843 4300 Ecclesiastes
2886 4243 3058 4311 capite
3098 4258 3166 4295 v:
3200 4243 3405 4294 Avarus
3448 4253 3554 4291 nun

1980 4341 2287 4406 imple-bitur
2332 4338 2594 4407 pecunia:
2629 4347 2683 4390 et
2726 4336 2815 4404 qui
2847 4338 2989 4387 amat
3030 4330 3276 4393 divitias,
3324 4330 3553 4383 fructum

1982 4448 2084 4484 non
2114 4432 2285 4497 capiet
2310 4446 2374 4483 ex
2401 4431 2499 4483 eis.
2526 4427 2797 4481 Juvenalis
2823 4441 2836 4477 :

2074 4524 2261 4571 t'rescit
2282 4536 2415 4571 amor
2439 4521 2640 4581 nutntni,
2665 4524 2895 4579 quantum
2918 4527 3020 4576 ipsa
3040 4512 3243 4575 pecunia
3266 4511 3463 4560 crescit.

1900 4614 1955 4674 D
1980 4605 2299 4659 Prudentius
2323 4624 2335 4655 :

2072 4696 2190 4744 Auri
2215 4708 2422 4757 namque
2440 4693 2601 4743 fames
2620 4690 2755 4755 parto
2780 4690 2830 4738 lit
2850 4689 3003 4750 major
3027 4687 3089 4736 ab
3113 4699 3250 4735 auro.

1983 4778 2230 4831 lloratius
2255 4794 2267 4806 ·

2075 4890 2389 4937 Crescentem
2411 4890 2631 4949 sequitur
2651 4898 2765 4936 cura
2787 4886 3061 4946 pecuniam,

2077 4951 2407 5011 Majoruinque
2432 4950 2584 4997 fames

1987 5053 2148 5107 Divus
2190 5051 2508 5106 Ambrosius
2540 5051 2589 5103 in
2636 5049 2793 5103 tertio
2842 5047 3198 5117 Epistolarum
3232 5045 3296 5099 ad
3342 5040 3562 5109 Simpli-

1983 5144 2232 5198 ciunum:
2266 5140 2395 5208 Quis
2427 5153 2599 5193 autem
2630 5149 2753 5192 ante
2782 5139 2949 5193 Deum
2997 5138 3169 5201 dives,
3218 5134 3315 5189 nisi
3350 5134 3560 5201 quietus

1984 5246 2036 5286 et
2086 5234 2358 5285 modestus
2411 5233 2658 5299 spiritus,
2702 5231 2792 5300 qui
2840 5244 3107 5297 nunquam
3156 5224 3559 5292 corrumpitur?

1983 5324 2167 5377 Nonne
2210 5326 2301 5376 tibi
2348 5322 2558 5375 videtur
2600 5322 2768 5385 dives,
2802 5322 2891 5389 qui
2934 5322 3091 5374 habet
3135 5334 3317 5388 pacem
3365 5316 3561 5381 animi,

1985 5411 2418 5481 tranquillitatem
2461 5412 2674 5477 quietis,
2708 5421 2763 5466 ut
2812 5412 2940 5465 nihil
2986 5412 3360 5478 concupiscat,
3405 5409 3565 5461 nullis

1983 5506 2279 5574 exagitetur
2301 5504 2651 5573 cupiditatum
2683 5504 2951 5572 procellis,
2983 5518 3080 5556 nec
3103 5513 3281 5555 vetera
3310 5500 3563 5555 fastidiat.

1984 5608 2035 5653 et
2067 5614 2199 5651 nova
2229 5608 2461 5666 qumrat,
2493 5608 2543 5650 et
2573 5611 2785 5663 semper
2826 5594 3181 5649 desideramlo
3214 5596 3299 5645 liat
3335 5594 3384 5646 in
3417 5607 3562 5644 smn-

1985 5693 2086 5746 ntis
2110 5692 2307 5745 divitiis
2336 5691 2521 5759 inops?
2545 5690 2685 5744 ldern
2721 5690 2771 5742 in
2804 5690 2991 5743 eodem
3023 5690 3157 5742 libro
3185 5688 3248 5740 ad
3277 5688 3521 5739 eumdem
3550 5701 3563 5736 :

1982 5789 2050 5840 At
2080 5802 2205 5841 vero
2256 5786 2510 5854 insipiens
2569 5794 2621 5839 et
2665 5783 2802 5852 quod
2837 5792 2983 5853 putat
3037 5780 3340 5837 se'baberc
3368 5793 3566 5848 nequa.
