  <div class='ocr_page' id='page_1' title='image "/cluster/home/n/w/nwhite01/storage/ocr_20150623/63/hvd.32044015469307/483.png"; bbox 0 0 4010 6372; ppageno 0'>
   <div class='ocr_carea' id='block_1_1' title="bbox 455 374 558 429">
    <p class='ocr_par' dir='ltr' id='par_1_1' title="bbox 455 374 558 429">
     <span class='ocr_line' id='line_1_1' title="bbox 455 374 558 429; baseline 0 -1"><span class='ocrx_word' id='word_1_1' title='bbox 455 374 558 429; x_wconf 81' lang='lat'><strong>959</strong></span> 
     </span>
    </p>
   </div>
   <div class='ocr_carea' id='block_1_2' title="bbox 1098 359 3064 427">
    <p class='ocr_par' dir='ltr' id='par_1_2' title="bbox 1098 359 3064 427">
     <span class='ocr_line' id='line_1_2' title="bbox 1098 359 3064 427; baseline -0.005 -1"><span class='ocrx_word' id='word_1_2' title='bbox 1098 359 1435 427; x_wconf 68' lang='lat' dir='ltr'><strong>A&#39;l&#39;PENliIX</strong></span> <span class='ocrx_word' id='word_1_3' title='bbox 1476 370 1566 423; x_wconf 86' lang='lat' dir='ltr'><strong>AD</strong></span> <span class='ocrx_word' id='word_1_4' title='bbox 1610 367 1849 423; x_wconf 78' lang='lat' dir='ltr'><strong>LIBROS</strong></span> <span class='ocrx_word' id='word_1_5' title='bbox 1891 369 1975 421; x_wconf 84' lang='lat' dir='ltr'><strong>DE</strong></span> <span class='ocrx_word' id='word_1_6' title='bbox 2014 362 2533 422; x_wconf 75' lang='lat' dir='ltr'><strong>CONSOLATIONE</strong></span> <span class='ocrx_word' id='word_1_7' title='bbox 2573 361 3064 419; x_wconf 70' lang='lat' dir='ltr'><strong>PHILOSOPIIIAZ.</strong></span> 
     </span>
    </p>
   </div>
   <div class='ocr_carea' id='block_1_3' title="bbox 3609 363 3715 413">
    <p class='ocr_par' dir='ltr' id='par_1_3' title="bbox 3609 363 3715 413">
     <span class='ocr_line' id='line_1_3' title="bbox 3609 363 3715 413; baseline 0 0"><span class='ocrx_word' id='word_1_8' title='bbox 3609 363 3715 413; x_wconf 74' lang='lat'><strong>960</strong></span> 
     </span>
    </p>
   </div>
   <div class='ocr_carea' id='block_1_4' title="bbox 454 473 3713 555">
    <p class='ocr_par' dir='ltr' id='par_1_4' title="bbox 454 473 3713 555">
     <span class='ocr_line' id='line_1_4' title="bbox 454 473 3713 555; baseline -0.004 -16"><span class='ocrx_word' id='word_1_9' title='bbox 454 500 611 555; x_wconf 92' lang='lat' dir='ltr'><strong>quam</strong></span> <span class='ocrx_word' id='word_1_10' title='bbox 661 473 911 551; x_wconf 79' lang='lat' dir='ltr'><strong>possidet.</strong></span> <span class='ocrx_word' id='word_1_11' title='bbox 944 483 1024 536; x_wconf 92' lang='lat' dir='ltr'><strong>An</strong></span> <span class='ocrx_word' id='word_1_12' title='bbox 1067 490 1217 551; x_wconf 88' lang='lat' dir='ltr'><strong>putas</strong></span> <span class='ocrx_word' id='word_1_13' title='bbox 1264 482 1410 534; x_wconf 91' lang='lat' dir='ltr'><strong>illum</strong></span> <span class='ocrx_word' id='word_1_14' title='bbox 1460 481 1753 549; x_wconf 88' lang='lat' dir='ltr'><strong>possidere,</strong></span> <span class='ocrx_word' id='word_1_15' title='bbox 1784 479 1873 549; x_wconf 86' lang='lat' dir='ltr'><strong>qui</strong></span> <span class='ocrx_word' id='word_1_16' title='bbox 1905 480 2024 534; x_wconf 89' lang='lat' dir='ltr'><strong>the-</strong></span> <span class='ocrx_word' id='word_1_17' title='bbox 2053 483 2097 538; x_wconf 78' lang='grc' dir='ltr'>Α</span> <span class='ocrx_word' id='word_1_18' title='bbox 2130 485 2374 539; x_wconf 88' lang='lat' dir='ltr'><strong>ornatus,</strong></span> <span class='ocrx_word' id='word_1_19' title='bbox 2409 478 2587 544; x_wconf 93' lang='lat' dir='ltr'><strong>aitque</strong></span> <span class='ocrx_word' id='word_1_20' title='bbox 2619 476 2795 527; x_wconf 86' lang='lat' dir='ltr'><strong>minus</strong></span> <span class='ocrx_word' id='word_1_21' title='bbox 2836 489 2958 527; x_wconf 86' lang='lat' dir='ltr'><strong>eum</strong></span> <span class='ocrx_word' id='word_1_22' title='bbox 2989 474 3132 540; x_wconf 84' lang='lat' dir='ltr'><strong>juste</strong></span> <span class='ocrx_word' id='word_1_23' title='bbox 3162 473 3227 527; x_wconf 90' lang='lat' dir='ltr'><strong>dc</strong></span> <span class='ocrx_word' id='word_1_24' title='bbox 3258 473 3342 525; x_wconf 87' lang='lat' dir='ltr'><strong>illa</strong></span> <span class='ocrx_word' id='word_1_25' title='bbox 3374 473 3559 539; x_wconf 80' lang='lat' dir='ltr'><strong>queri,</strong></span> <span class='ocrx_word' id='word_1_26' title='bbox 3589 489 3713 527; x_wconf 88' lang='lat' dir='ltr'><strong>cum</strong></span> 
     </span>
    </p>
   </div>
   <div class='ocr_carea' id='block_1_5' title="bbox 454 572 2022 635">
    <p class='ocr_par' dir='ltr' id='par_1_5' title="bbox 454 572 2022 635">
     <span class='ocr_line' id='line_1_5' title="bbox 454 572 2022 635; baseline -0.003 -7"><span class='ocrx_word' id='word_1_27' title='bbox 454 590 613 635; x_wconf 85' lang='lat' dir='ltr'><strong>sauro</strong></span> <span class='ocrx_word' id='word_1_28' title='bbox 632 588 729 627; x_wconf 91' lang='lat' dir='ltr'><strong>suo</strong></span> <span class='ocrx_word' id='word_1_29' title='bbox 755 573 841 626; x_wconf 89' lang='lat' dir='ltr'><strong>die</strong></span> <span class='ocrx_word' id='word_1_30' title='bbox 866 582 920 627; x_wconf 89' lang='lat' dir='ltr'><strong>et</strong></span> <span class='ocrx_word' id='word_1_31' title='bbox 952 581 1104 625; x_wconf 87' lang='lat' dir='ltr'><strong>nocte</strong></span> <span class='ocrx_word' id='word_1_32' title='bbox 1136 572 1415 634; x_wconf 86' lang='lat' dir='ltr'><strong>incubans,</strong></span> <span class='ocrx_word' id='word_1_33' title='bbox 1439 587 1593 623; x_wconf 87' lang='lat' dir='ltr'><strong>avara</strong></span> <span class='ocrx_word' id='word_1_34' title='bbox 1618 581 1670 624; x_wconf 81' lang='lat' dir='ltr'><strong>et</strong></span> <span class='ocrx_word' id='word_1_35' title='bbox 1699 574 1889 625; x_wconf 89' lang='lat' dir='ltr'><strong>misera</strong></span> <span class='ocrx_word' id='word_1_36' title='bbox 1915 582 2022 623; x_wconf 87' lang='lat' dir='ltr'><strong>tor-</strong></span> 
     </span>
    </p>
   </div>
   <div class='ocr_carea' id='block_1_6' title="bbox 455 662 2026 732">
    <p class='ocr_par' dir='ltr' id='par_1_6' title="bbox 455 662 2026 732">
     <span class='ocr_line' id='line_1_6' title="bbox 455 662 2026 732; baseline 0 -17"><span class='ocrx_word' id='word_1_37' title='bbox 455 674 649 732; x_wconf 88' lang='lat' dir='ltr'><strong>quetur</strong></span> <span class='ocrx_word' id='word_1_38' title='bbox 693 662 1082 717; x_wconf 77' lang='lat' dir='ltr'><strong>sollicitudine?</strong></span> <span class='ocrx_word' id='word_1_39' title='bbox 1126 662 1217 716; x_wconf 91' lang='lat' dir='ltr'><strong>Ille</strong></span> <span class='ocrx_word' id='word_1_40' title='bbox 1259 677 1388 716; x_wconf 88' lang='lat' dir='ltr'><strong>vero</strong></span> <span class='ocrx_word' id='word_1_41' title='bbox 1415 672 1564 731; x_wconf 89' lang='lat' dir='ltr'><strong>eget,</strong></span> <span class='ocrx_word' id='word_1_42' title='bbox 1593 672 1646 716; x_wconf 91' lang='lat' dir='ltr'><strong>et</strong></span> <span class='ocrx_word' id='word_1_43' title='bbox 1672 662 1717 715; x_wconf 74' lang='lat' dir='ltr'><strong>si</strong></span> <span class='ocrx_word' id='word_1_44' title='bbox 1759 664 1847 716; x_wconf 89' lang='lat' dir='ltr'><strong>alii</strong></span> <span class='ocrx_word' id='word_1_45' title='bbox 1878 663 2026 715; x_wconf 94' lang='lat' dir='ltr'><strong>dives</strong></span> 
     </span>
    </p>
   </div>
   <div class='ocr_carea' id='block_1_7' title="bbox 454 752 2023 822">
    <p class='ocr_par' dir='ltr' id='par_1_7' title="bbox 454 752 2023 822">
     <span class='ocr_line' id='line_1_7' title="bbox 454 752 2023 822; baseline 0.001 -19"><span class='ocrx_word' id='word_1_46' title='bbox 454 753 681 817; x_wconf 93' lang='lat' dir='ltr'><strong>videtur,</strong></span> <span class='ocrx_word' id='word_1_47' title='bbox 708 752 806 805; x_wconf 86' lang='lat' dir='ltr'><strong>sibi</strong></span> <span class='ocrx_word' id='word_1_48' title='bbox 829 769 1027 822; x_wconf 82' lang='lat' dir='ltr'><strong>pauper</strong></span> <span class='ocrx_word' id='word_1_49' title='bbox 1047 761 1148 819; x_wconf 90' lang='lat' dir='ltr'><strong>est,</strong></span> <span class='ocrx_word' id='word_1_50' title='bbox 1172 756 1257 820; x_wconf 90' lang='lat' dir='ltr'><strong>qui</strong></span> <span class='ocrx_word' id='word_1_51' title='bbox 1289 768 1392 805; x_wconf 92' lang='lat' dir='ltr'><strong>non</strong></span> <span class='ocrx_word' id='word_1_52' title='bbox 1416 755 1579 805; x_wconf 90' lang='lat' dir='ltr'><strong>utitur</strong></span> <span class='ocrx_word' id='word_1_53' title='bbox 1598 768 1663 805; x_wconf 90' lang='lat' dir='ltr'><strong>eo</strong></span> <span class='ocrx_word' id='word_1_54' title='bbox 1683 754 1817 818; x_wconf 88' lang='lat' dir='ltr'><strong>quod</strong></span> <span class='ocrx_word' id='word_1_55' title='bbox 1844 753 2023 815; x_wconf 88' lang='lat' dir='ltr'><strong>habet,</strong></span> 
     </span>
    </p>
   </div>
   <div class='ocr_carea' id='block_1_8' title="bbox 454 842 2028 928">
    <p class='ocr_par' dir='ltr' id='par_1_8' title="bbox 454 842 2028 928">
     <span class='ocr_line' id='line_1_8' title="bbox 454 842 2028 928; baseline 0.002 -35"><span class='ocrx_word' id='word_1_56' title='bbox 454 843 541 909; x_wconf 89' lang='lat' dir='ltr'><strong>qui</strong></span> <span class='ocrx_word' id='word_1_57' title='bbox 570 842 743 928; x_wconf 68' lang='lat' dir='ltr'><strong>adhuc</strong></span> <span class='ocrx_word' id='word_1_58' title='bbox 770 842 869 894; x_wconf 88' lang='lat' dir='ltr'><strong>alia</strong></span> <span class='ocrx_word' id='word_1_59' title='bbox 904 844 1069 910; x_wconf 82' lang='lat' dir='ltr'><strong>rapit,</strong></span> <span class='ocrx_word' id='word_1_60' title='bbox 1097 844 1196 894; x_wconf 86' lang='lat' dir='ltr'><strong>alia</strong></span> <span class='ocrx_word' id='word_1_61' title='bbox 1228 842 1514 895; x_wconf 85' lang='lat' dir='ltr'><strong>desiderat.</strong></span> <span class='ocrx_word' id='word_1_62' title='bbox 1553 843 1648 897; x_wconf 85' lang='lat' dir='ltr'><strong>Ubi</strong></span> <span class='ocrx_word' id='word_1_63' title='bbox 1678 844 1818 896; x_wconf 91' lang='lat' dir='ltr'><strong>enim</strong></span> <span class='ocrx_word' id='word_1_64' title='bbox 1852 843 2028 896; x_wconf 90' lang='lat' dir='ltr'><strong>nullus</strong></span> 
     </span>
    </p>
   </div>
   <div class='ocr_carea' id='block_1_9' title="bbox 453 932 2030 1000">
    <p class='ocr_par' dir='ltr' id='par_1_9' title="bbox 453 932 2030 1000">
     <span class='ocr_line' id='line_1_9' title="bbox 453 932 2030 1000; baseline 0.001 -13"><span class='ocrx_word' id='word_1_65' title='bbox 453 933 729 1000; x_wconf 91' lang='lat' dir='ltr'><strong>cupiditati</strong></span> <span class='ocrx_word' id='word_1_66' title='bbox 778 932 966 987; x_wconf 90' lang='lat' dir='ltr'><strong>modus</strong></span> <span class='ocrx_word' id='word_1_67' title='bbox 998 934 1085 1000; x_wconf 84' lang='lat' dir='ltr'><strong>qui</strong></span> <span class='ocrx_word' id='word_1_68' title='bbox 1127 934 1326 988; x_wconf 58' lang='lat' dir='ltr'><strong>fructus</strong></span> <span class='ocrx_word' id='word_1_69' title='bbox 1359 935 1704 987; x_wconf 81' lang='lat' dir='ltr'><strong>divitiarum?</strong></span> <span class='ocrx_word' id='word_1_70' title='bbox 1752 936 1915 989; x_wconf 79' lang='lat' dir='ltr'><strong>Nemo</strong></span> <span class='ocrx_word' id='word_1_71' title='bbox 1946 947 2030 990; x_wconf 89' lang='lat' dir='ltr'><strong>est</strong></span> 
     </span>
    </p>
   </div>
   <div class='ocr_carea' id='block_1_10' title="bbox 454 1024 2029 1098">
    <p class='ocr_par' dir='ltr' id='par_1_10' title="bbox 454 1024 2029 1098">
     <span class='ocr_line' id='line_1_10' title="bbox 454 1024 2029 1098; baseline -0.001 -19"><span class='ocrx_word' id='word_1_72' title='bbox 454 1024 623 1087; x_wconf 86' lang='lat' dir='ltr'><strong>dives,</strong></span> <span class='ocrx_word' id='word_1_73' title='bbox 667 1025 755 1098; x_wconf 74' lang='lat' dir='ltr'><strong>qui</strong></span> <span class='ocrx_word' id='word_1_74' title='bbox 804 1026 943 1093; x_wconf 93' lang='lat' dir='ltr'><strong>quod</strong></span> <span class='ocrx_word' id='word_1_75' title='bbox 976 1028 1135 1081; x_wconf 84' lang='lat' dir='ltr'><strong>habet</strong></span> <span class='ocrx_word' id='word_1_76' title='bbox 1173 1041 1353 1081; x_wconf 88' lang='lat' dir='ltr'><strong>secum</strong></span> <span class='ocrx_word' id='word_1_77' title='bbox 1386 1026 1509 1080; x_wconf 91' lang='lat' dir='ltr'><strong>hinc</strong></span> <span class='ocrx_word' id='word_1_78' title='bbox 1540 1028 1753 1082; x_wconf 88' lang='lat' dir='ltr'><strong>auferre</strong></span> <span class='ocrx_word' id='word_1_79' title='bbox 1800 1043 1902 1081; x_wconf 92' lang='lat' dir='ltr'><strong>non</strong></span> <span class='ocrx_word' id='word_1_80' title='bbox 1936 1043 2029 1095; x_wconf 82' lang='lat' dir='ltr'><strong>po-</strong></span> 
     </span>
    </p>
   </div>
   <div class='ocr_carea' id='block_1_11' title="bbox 454 1116 2030 1185">
    <p class='ocr_par' dir='ltr' id='par_1_11' title="bbox 454 1116 2030 1185">
     <span class='ocr_line' id='line_1_11' title="bbox 454 1116 2030 1185; baseline 0.001 -17"><span class='ocrx_word' id='word_1_81' title='bbox 454 1124 577 1168; x_wconf 87' lang='lat' dir='ltr'><strong>test.</strong></span> <span class='ocrx_word' id='word_1_82' title='bbox 606 1116 754 1181; x_wconf 83' lang='lat' dir='ltr'><strong>Quod</strong></span> <span class='ocrx_word' id='word_1_83' title='bbox 782 1117 923 1171; x_wconf 90' lang='lat' dir='ltr'><strong>enim</strong></span> <span class='ocrx_word' id='word_1_84' title='bbox 956 1116 1041 1170; x_wconf 91' lang='lat' dir='ltr'><strong>hic</strong></span> <span class='ocrx_word' id='word_1_85' title='bbox 1067 1117 1404 1185; x_wconf 88' lang='lat' dir='ltr'><strong>relinquitur,</strong></span> <span class='ocrx_word' id='word_1_86' title='bbox 1426 1128 1531 1171; x_wconf 87' lang='lat' dir='ltr'><strong>etc.</strong></span> <span class='ocrx_word' id='word_1_87' title='bbox 1560 1117 1699 1169; x_wconf 92' lang='lat' dir='ltr'><strong>Idem</strong></span> <span class='ocrx_word' id='word_1_88' title='bbox 1731 1132 1833 1170; x_wconf 89' lang='lat' dir='ltr'><strong>non</strong></span> <span class='ocrx_word' id='word_1_89' title='bbox 1865 1119 2030 1171; x_wconf 87' lang='lat' dir='ltr'><strong>multo</strong></span> 
     </span>
    </p>
   </div>
   <div class='ocr_carea' id='block_1_12' title="bbox 455 1208 2025 1282">
    <p class='ocr_par' dir='ltr' id='par_1_12' title="bbox 455 1208 2025 1282">
     <span class='ocr_line' id='line_1_12' title="bbox 455 1208 2025 1282; baseline 0.004 -22"><span class='ocrx_word' id='word_1_90' title='bbox 455 1217 611 1272; x_wconf 90' lang='lat' dir='ltr'><strong>post:</strong></span> <span class='ocrx_word' id='word_1_91' title='bbox 645 1208 788 1262; x_wconf 88' lang='lat' dir='ltr'><strong>Duos</strong></span> <span class='ocrx_word' id='word_1_92' title='bbox 815 1208 1065 1263; x_wconf 90' lang='lat' dir='ltr'><strong>ﬁnitimos</strong></span> <span class='ocrx_word' id='word_1_93' title='bbox 1095 1220 1247 1263; x_wconf 90' lang='lat' dir='ltr'><strong>vetus</strong></span> <span class='ocrx_word' id='word_1_94' title='bbox 1279 1210 1496 1263; x_wconf 90' lang='lat' dir='ltr'><strong>historia</strong></span> <span class='ocrx_word' id='word_1_95' title='bbox 1529 1211 1815 1278; x_wconf 86' lang='lat' dir='ltr'><strong>describit,</strong></span> <span class='ocrx_word' id='word_1_96' title='bbox 1851 1228 2025 1282; x_wconf 84' lang='lat' dir='ltr'><strong>regem</strong></span> 
     </span>
    </p>
   </div>
   <div class='ocr_carea' id='block_1_13' title="bbox 454 1296 2026 1368">
    <p class='ocr_par' dir='ltr' id='par_1_13' title="bbox 454 1296 2026 1368">
     <span class='ocr_line' id='line_1_13' title="bbox 454 1296 2026 1368; baseline 0.002 -19"><span class='ocrx_word' id='word_1_97' title='bbox 454 1296 657 1362; x_wconf 90' lang='lat' dir='ltr'><strong>Achab,</strong></span> <span class='ocrx_word' id='word_1_98' title='bbox 686 1308 740 1351; x_wconf 87' lang='lat' dir='ltr'><strong>et</strong></span> <span class='ocrx_word' id='word_1_99' title='bbox 769 1312 1056 1366; x_wconf 84' lang='lat' dir='ltr'><strong>pauperem</strong></span> <span class='ocrx_word' id='word_1_100' title='bbox 1088 1298 1366 1352; x_wconf 82' lang='lat' dir='ltr'><strong>Nalmthan</strong></span> <span class='ocrx_word' id='word_1_101' title='bbox 1401 1297 1522 1368; x_wconf 90' lang='grc' dir='ltr'><em>(ΙΙΙ</em></span> <span class='ocrx_word' id='word_1_102' title='bbox 1546 1299 1672 1368; x_wconf 82' lang='lat' dir='ltr'><strong>Reg.</strong></span> <span class='ocrx_word' id='word_1_103' title='bbox 1698 1298 1831 1368; x_wconf 78' lang='lat' dir='ltr'><strong>xxi).</strong></span> <span class='ocrx_word' id='word_1_104' title='bbox 1860 1300 2026 1366; x_wconf 89' lang='lat' dir='ltr'><strong>Quem</strong></span> 
     </span>
    </p>
   </div>
   <div class='ocr_carea' id='block_1_14' title="bbox 456 1386 2028 1457">
    <p class='ocr_par' dir='ltr' id='par_1_14' title="bbox 456 1386 2028 1457">
     <span class='ocr_line' id='line_1_14' title="bbox 456 1386 2028 1457; baseline 0.003 -18"><span class='ocrx_word' id='word_1_105' title='bbox 456 1386 646 1440; x_wconf 90' lang='lat' dir='ltr'><strong>horum</strong></span> <span class='ocrx_word' id='word_1_106' title='bbox 676 1389 1064 1455; x_wconf 86' lang='lat' dir='ltr'><strong>pauperiorem,</strong></span> <span class='ocrx_word' id='word_1_107' title='bbox 1093 1404 1250 1457; x_wconf 90' lang='lat' dir='ltr'><strong>quem</strong></span> <span class='ocrx_word' id='word_1_108' title='bbox 1283 1390 1525 1443; x_wconf 88' lang='lat' dir='ltr'><strong>ditiorem</strong></span> <span class='ocrx_word' id='word_1_109' title='bbox 1550 1390 1849 1444; x_wconf 83' lang='lat' dir='ltr'><strong>credimus?</strong></span> <span class='ocrx_word' id='word_1_110' title='bbox 1877 1392 2028 1446; x_wconf 80' lang='lat' dir='ltr'><strong>Alter</strong></span> 
     </span>
    </p>
   </div>
   <div class='ocr_carea' id='block_1_15' title="bbox 456 1476 2025 1547">
    <p class='ocr_par' dir='ltr' id='par_1_15' title="bbox 456 1476 2025 1547">
     <span class='ocr_line' id='line_1_15' title="bbox 456 1476 2025 1547; baseline 0.003 -19"><span class='ocrx_word' id='word_1_111' title='bbox 456 1477 617 1545; x_wconf 81' lang='lat' dir='ltr'><strong>regali</strong></span> <span class='ocrx_word' id='word_1_112' title='bbox 648 1476 816 1532; x_wconf 81' lang='lat' dir='ltr'><strong>fulcro</strong></span> <span class='ocrx_word' id='word_1_113' title='bbox 839 1478 1139 1532; x_wconf 79' lang='lat' dir='ltr'><strong>divitiarum</strong></span> <span class='ocrx_word' id='word_1_114' title='bbox 1182 1479 1455 1547; x_wconf 64' lang='lat' dir='ltr'><strong>pra&#39;ditus,</strong></span> <span class='ocrx_word' id='word_1_115' title='bbox 1488 1480 1846 1546; x_wconf 79' lang='lat' dir='ltr'><strong>inexplebilis,</strong></span> <span class='ocrx_word' id='word_1_116' title='bbox 1882 1482 2025 1535; x_wconf 88' lang='lat' dir='ltr'><strong>insa-</strong></span> 
     </span>
    </p>
   </div>
   <div class='ocr_carea' id='block_1_16' title="bbox 457 1567 2027 1638">
    <p class='ocr_par' dir='ltr' id='par_1_16' title="bbox 457 1567 2027 1638">
     <span class='ocr_line' id='line_1_16' title="bbox 457 1567 2027 1638; baseline 0.001 -18"><span class='ocrx_word' id='word_1_117' title='bbox 457 1567 756 1637; x_wconf 88' lang='lat' dir='ltr'><strong>tiabilisque</strong></span> <span class='ocrx_word' id='word_1_118' title='bbox 801 1570 991 1637; x_wconf 89' lang='lat' dir='ltr'><strong>opibus</strong></span> <span class='ocrx_word' id='word_1_119' title='bbox 1034 1569 1175 1636; x_wconf 90' lang='lat' dir='ltr'><strong>suis,</strong></span> <span class='ocrx_word' id='word_1_120' title='bbox 1225 1570 1469 1637; x_wconf 83' lang='lat' dir='ltr'><strong>exiguam</strong></span> <span class='ocrx_word' id='word_1_121' title='bbox 1521 1572 1770 1638; x_wconf 86' lang='lat' dir='ltr'><strong>pauperis</strong></span> <span class='ocrx_word' id='word_1_122' title='bbox 1820 1572 2027 1625; x_wconf 90' lang='lat' dir='ltr'><strong>vineam</strong></span> 
     </span>
    </p>
   </div>
   <div class='ocr_carea' id='block_1_17' title="bbox 457 1656 2024 1729">
    <p class='ocr_par' dir='ltr' id='par_1_17' title="bbox 457 1656 2024 1729">
     <span class='ocr_line' id='line_1_17' title="bbox 457 1656 2024 1729; baseline 0.003 -19"><span class='ocrx_word' id='word_1_123' title='bbox 457 1656 795 1712; x_wconf 87' lang='lat' dir='ltr'><strong>desideravit.</strong></span> <span class='ocrx_word' id='word_1_124' title='bbox 825 1659 971 1712; x_wconf 81' lang='lat' dir='ltr'><strong>Alter</strong></span> <span class='ocrx_word' id='word_1_125' title='bbox 999 1660 1262 1727; x_wconf 86' lang='lat' dir='ltr'><strong>aspiciens</strong></span> <span class='ocrx_word' id='word_1_126' title='bbox 1290 1661 1471 1712; x_wconf 91' lang='lat' dir='ltr'><strong>animo</strong></span> <span class='ocrx_word' id='word_1_127' title='bbox 1500 1660 1748 1729; x_wconf 70' lang='grc' dir='ltr'><strong>βασιλέων</strong></span> <span class='ocrx_word' id='word_1_128' title='bbox 1788 1664 1883 1722; x_wconf 82' lang='grc' dir='ltr'><strong>τὰς</strong></span> <span class='ocrx_word' id='word_1_129' title='bbox 1926 1684 2024 1715; x_wconf 84' lang='grc' dir='ltr'><strong>πο-</strong></span> 
     </span>
    </p>
   </div>
   <div class='ocr_carea' id='block_1_18' title="bbox 457 1751 2029 1823">
    <p class='ocr_par' dir='ltr' id='par_1_18' title="bbox 457 1751 2029 1823">
     <span class='ocr_line' id='line_1_18' title="bbox 457 1751 2029 1823; baseline 0.004 -23"><span class='ocrx_word' id='word_1_130' title='bbox 457 1751 755 1823; x_wconf 80' lang='grc' dir='ltr'><strong>λυχρύσους</strong></span> <span class='ocrx_word' id='word_1_131' title='bbox 809 1753 1012 1821; x_wconf 79' lang='grc' dir='ltr'><strong>τύχας,</strong></span> <span class='ocrx_word' id='word_1_132' title='bbox 1065 1751 1472 1820; x_wconf 86' lang='lat' dir='ltr'><strong>itnperialesque</strong></span> <span class='ocrx_word' id='word_1_133' title='bbox 1521 1768 1706 1823; x_wconf 84' lang='lat' dir='ltr'><strong>gazas,</strong></span> <span class='ocrx_word' id='word_1_134' title='bbox 1762 1767 1858 1804; x_wconf 82' lang='lat' dir='ltr'><strong>suo</strong></span> <span class='ocrx_word' id='word_1_135' title='bbox 1914 1764 2029 1808; x_wconf 85' lang='lat' dir='ltr'><strong>erat</strong></span> 
     </span>
    </p>
   </div>
   <div class='ocr_carea' id='block_1_19' title="bbox 2104 564 3715 632">
    <p class='ocr_par' dir='ltr' id='par_1_19' title="bbox 2104 564 3715 632">
     <span class='ocr_line' id='line_1_19' title="bbox 2104 564 3715 632; baseline 0 -14"><span class='ocrx_word' id='word_1_136' title='bbox 2104 568 2303 626; x_wconf 68' lang='lat' dir='ltr'><strong>.adhuc</strong></span> <span class='ocrx_word' id='word_1_137' title='bbox 2325 581 2383 619; x_wconf 90' lang='lat' dir='ltr'><strong>se</strong></span> <span class='ocrx_word' id='word_1_138' title='bbox 2409 566 2613 618; x_wconf 78' lang='lat' dir='ltr'><strong>felicem</strong></span> <span class='ocrx_word' id='word_1_139' title='bbox 2646 579 2840 632; x_wconf 86' lang='lat' dir='ltr'><strong>negare</strong></span> <span class='ocrx_word' id='word_1_140' title='bbox 2868 579 2973 616; x_wconf 90' lang='lat' dir='ltr'><strong>non</strong></span> <span class='ocrx_word' id='word_1_141' title='bbox 3006 565 3202 631; x_wconf 87' lang='lat' dir='ltr'><strong>possit,</strong></span> <span class='ocrx_word' id='word_1_142' title='bbox 3228 564 3316 632; x_wconf 92' lang='lat' dir='ltr'><strong>qui</strong></span> <span class='ocrx_word' id='word_1_143' title='bbox 3348 564 3475 616; x_wconf 89' lang='lat' dir='ltr'><strong>inita</strong></span> <span class='ocrx_word' id='word_1_144' title='bbox 3505 565 3715 618; x_wconf 83' lang='lat' dir='ltr'><strong>ratione</strong></span> 
     </span>
    </p>
   </div>
   <div class='ocr_carea' id='block_1_20' title="bbox 2131 655 3715 725">
    <p class='ocr_par' dir='ltr' id='par_1_20' title="bbox 2131 655 3715 725">
     <span class='ocr_line' id='line_1_20' title="bbox 2131 655 3715 725; baseline -0.002 -14"><span class='ocrx_word' id='word_1_145' title='bbox 2131 659 2249 725; x_wconf 90' lang='lat' dir='ltr'><strong>plus</strong></span> <span class='ocrx_word' id='word_1_146' title='bbox 2316 658 2575 709; x_wconf 86' lang='lat' dir='ltr'><strong>b0nornm</strong></span> <span class='ocrx_word' id='word_1_147' title='bbox 2621 670 2777 723; x_wconf 84' lang='lat' dir='ltr'><strong>quam</strong></span> <span class='ocrx_word' id='word_1_148' title='bbox 2824 655 3083 709; x_wconf 83' lang='lat' dir='ltr'><strong>malorum</strong></span> <span class='ocrx_word' id='word_1_149' title='bbox 3133 656 3317 708; x_wconf 84' lang='lat' dir='ltr'><strong>tulisse</strong></span> <span class='ocrx_word' id='word_1_150' title='bbox 3361 656 3715 708; x_wconf 86' lang='lat' dir='ltr'><strong>convincatur</strong></span> 
     </span>
    </p>
   </div>
   <div class='ocr_carea' id='block_1_21' title="bbox 2131 748 2567 817">
    <p class='ocr_par' dir='ltr' id='par_1_21' title="bbox 2131 748 2567 817">
     <span class='ocr_line' id='line_1_21' title="bbox 2131 748 2567 817; baseline 0 -16"><span class='ocrx_word' id='word_1_151' title='bbox 2131 756 2288 817; x_wconf 85' lang='lat' dir='ltr'><strong>atque</strong></span> <span class='ocrx_word' id='word_1_152' title='bbox 2320 748 2567 801; x_wconf 91' lang='lat' dir='ltr'><strong>retinere.</strong></span> 
     </span>
    </p>
   </div>
   <div class='ocr_carea' id='block_1_22' title="bbox 2204 839 3713 910">
    <p class='ocr_par' dir='ltr' id='par_1_22' title="bbox 2204 839 3713 910">
     <span class='ocr_line' id='line_1_22' title="bbox 2204 839 3713 910; baseline -0.001 -17"><span class='ocrx_word' id='word_1_153' title='bbox 2204 840 2458 910; x_wconf 76' lang='lat' dir='ltr'><strong>Hisceres]</strong></span> <span class='ocrx_word' id='word_1_154' title='bbox 2491 840 2828 907; x_wconf 88' lang='lat' dir='ltr'><strong>Loquereris.</strong></span> <span class='ocrx_word' id='word_1_155' title='bbox 2864 839 3022 894; x_wconf 89' lang='lat' dir='ltr'><strong>Ilisco</strong></span> <span class='ocrx_word' id='word_1_156' title='bbox 3048 840 3311 907; x_wconf 84' lang='lat' dir='ltr'><strong>significat</strong></span> <span class='ocrx_word' id='word_1_157' title='bbox 3336 839 3608 893; x_wconf 84' lang='lat' dir='ltr'><strong>submisse</strong></span> <span class='ocrx_word' id='word_1_158' title='bbox 3638 839 3713 892; x_wconf 78' lang='lat' dir='ltr'><strong>lo-</strong></span> 
     </span>
    </p>
   </div>
   <div class='ocr_carea' id='block_1_23' title="bbox 2132 928 3491 998">
    <p class='ocr_par' dir='ltr' id='par_1_23' title="bbox 2132 928 3491 998">
     <span class='ocr_line' id='line_1_23' title="bbox 2132 928 3491 998; baseline -0.003 -15"><span class='ocrx_word' id='word_1_159' title='bbox 2132 946 2288 998; x_wconf 87' lang='lat' dir='ltr'><strong>quor.</strong></span> <span class='ocrx_word' id='word_1_160' title='bbox 2320 930 2432 982; x_wconf 90' lang='lat' dir='ltr'><strong>sive</strong></span> <span class='ocrx_word' id='word_1_161' title='bbox 2460 944 2519 981; x_wconf 91' lang='lat' dir='ltr'><strong>os</strong></span> <span class='ocrx_word' id='word_1_162' title='bbox 2548 929 2612 982; x_wconf 90' lang='lat' dir='ltr'><strong>ad</strong></span> <span class='ocrx_word' id='word_1_163' title='bbox 2644 928 2965 997; x_wconf 89' lang='lat' dir='ltr'><strong>loquendum</strong></span> <span class='ocrx_word' id='word_1_164' title='bbox 2997 930 3200 997; x_wconf 84' lang='lat' dir='ltr'><strong>aperio.</strong></span> <span class='ocrx_word' id='word_1_165' title='bbox 3237 928 3453 982; x_wconf 83' lang='lat' dir='ltr'><strong>Plautus</strong></span> <span class='ocrx_word' id='word_1_166' title='bbox 3479 946 3491 979; x_wconf 91' lang='lat'>:</span> 
     </span>
    </p>
   </div>
   <div class='ocr_carea' id='block_1_24' title="bbox 2258 1018 2957 1081">
    <p class='ocr_par' dir='ltr' id='par_1_24' title="bbox 2258 1018 2957 1081">
     <span class='ocr_line' id='line_1_24' title="bbox 2258 1018 2957 1081; baseline -0.004 -14"><span class='ocrx_word' id='word_1_167' title='bbox 2258 1020 2329 1068; x_wconf 74' lang='lat' dir='ltr'><strong>Nc</strong></span> <span class='ocrx_word' id='word_1_168' title='bbox 2357 1020 2549 1069; x_wconf 82' lang='lat' dir='ltr'><strong>hiscere</strong></span> <span class='ocrx_word' id='word_1_169' title='bbox 2571 1018 2769 1081; x_wconf 87' lang='lat' dir='ltr'><strong>quidem</strong></span> <span class='ocrx_word' id='word_1_170' title='bbox 2794 1020 2957 1067; x_wconf 82' lang='lat' dir='ltr'><strong>audet.</strong></span> 
     </span>
    </p>
   </div>
   <div class='ocr_carea' id='block_1_25' title="bbox 2135 1102 2373 1157">
    <p class='ocr_par' dir='ltr' id='par_1_25' title="bbox 2135 1102 2373 1157">
     <span class='ocr_line' id='line_1_25' title="bbox 2135 1102 2373 1157; baseline -0.008 0"><span class='ocrx_word' id='word_1_171' title='bbox 2135 1102 2327 1157; x_wconf 88' lang='lat' dir='ltr'><strong>Accius</strong></span> <span class='ocrx_word' id='word_1_172' title='bbox 2358 1119 2373 1155; x_wconf 91' lang='lat'><strong>:</strong></span> 
     </span>
    </p>
   </div>
   <div class='ocr_carea' id='block_1_26' title="bbox 2258 1189 3567 1252">
    <p class='ocr_par' dir='ltr' id='par_1_26' title="bbox 2258 1189 3567 1252">
     <span class='ocr_line' id='line_1_26' title="bbox 2258 1189 3567 1252; baseline -0.002 -11"><span class='ocrx_word' id='word_1_173' title='bbox 2258 1192 2380 1241; x_wconf 82' lang='lat' dir='ltr'><strong>Hem</strong></span> <span class='ocrx_word' id='word_1_174' title='bbox 2408 1204 2587 1241; x_wconf 84' lang='lat' dir='ltr'><strong>vereor</strong></span> <span class='ocrx_word' id='word_1_175' title='bbox 2609 1189 2718 1252; x_wconf 87' lang='lat' dir='ltr'><strong>plus</strong></span> <span class='ocrx_word' id='word_1_176' title='bbox 2736 1205 2877 1252; x_wconf 86' lang='lat' dir='ltr'><strong>quam</strong></span> <span class='ocrx_word' id='word_1_177' title='bbox 2904 1191 2973 1238; x_wconf 83' lang='lat' dir='ltr'><strong>fas</strong></span> <span class='ocrx_word' id='word_1_178' title='bbox 2998 1198 3073 1239; x_wconf 85' lang='lat' dir='ltr'><strong>est</strong></span> <span class='ocrx_word' id='word_1_179' title='bbox 3092 1191 3329 1251; x_wconf 85' lang='lat' dir='ltr'><strong>captivum</strong></span> <span class='ocrx_word' id='word_1_180' title='bbox 3355 1192 3567 1238; x_wconf 78' lang='lat' dir='ltr'><strong>hiscere.</strong></span> 
     </span>
    </p>
   </div>
   <div class='ocr_carea' id='block_1_27' title="bbox 2206 1274 3435 1347">
    <p class='ocr_par' dir='ltr' id='par_1_27' title="bbox 2206 1274 3435 1347">
     <span class='ocr_line' id='line_1_27' title="bbox 2206 1274 3435 1347; baseline -0.002 -18"><span class='ocrx_word' id='word_1_181' title='bbox 2206 1278 2257 1329; x_wconf 86' lang='grc' dir='ltr'><em>Μ</em></span> <span class='ocrx_word' id='word_1_182' title='bbox 2268 1278 2419 1331; x_wconf 65' lang='lat' dir='ltr'><strong>unica:</strong></span> <span class='ocrx_word' id='word_1_183' title='bbox 2442 1274 2747 1347; x_wconf 75' lang='lat' dir='ltr'><strong>dulcedinis]</strong></span> <span class='ocrx_word' id='word_1_184' title='bbox 2777 1274 3005 1328; x_wconf 68' lang='lat' dir='ltr'><strong>Poeticae</strong></span> <span class='ocrx_word' id='word_1_185' title='bbox 3035 1274 3435 1328; x_wconf 74' lang='lat' dir='ltr'><strong>delectationis.-</strong></span> 
     </span>
    </p>
   </div>
   <div class='ocr_carea' id='block_1_28' title="bbox 2208 1367 2556 1435">
    <p class='ocr_par' dir='ltr' id='par_1_28' title="bbox 2208 1367 2556 1435">
     <span class='ocr_line' id='line_1_28' title="bbox 2208 1367 2556 1435; baseline 0 -15"><span class='ocrx_word' id='word_1_186' title='bbox 2208 1367 2358 1435; x_wconf 85' lang='lat' dir='ltr'><strong>Tumj</strong></span> <span class='ocrx_word' id='word_1_187' title='bbox 2387 1368 2556 1420; x_wconf 84' lang='lat' dir='ltr'><strong>Tunc.</strong></span> 
     </span>
    </p>
   </div>
   <div class='ocr_carea' id='block_1_29' title="bbox 2206 1456 2622 1527">
    <p class='ocr_par' dir='ltr' id='par_1_29' title="bbox 2206 1456 2622 1527">
     <span class='ocr_line' id='line_1_29' title="bbox 2206 1456 2622 1527; baseline -0.002 -15"><span class='ocrx_word' id='word_1_188' title='bbox 2206 1456 2351 1527; x_wconf 85' lang='lat' dir='ltr'><strong>Cum]</strong></span> <span class='ocrx_word' id='word_1_189' title='bbox 2380 1457 2622 1523; x_wconf 86' lang='lat' dir='ltr'><strong>Quando.</strong></span> 
     </span>
    </p>
   </div>
   <div class='ocr_carea' id='block_1_30' title="bbox 2204 1544 2752 1615">
    <p class='ocr_par' dir='ltr' id='par_1_30' title="bbox 2204 1544 2752 1615">
     <span class='ocr_line' id='line_1_30' title="bbox 2204 1544 2752 1615; baseline 0.002 -16"><span class='ocrx_word' id='word_1_190' title='bbox 2204 1544 2387 1615; x_wconf 84' lang='lat' dir='ltr'><strong>Altior]</strong></span> <span class='ocrx_word' id='word_1_191' title='bbox 2415 1545 2752 1600; x_wconf 87' lang='lat' dir='ltr'><strong>Profundior.</strong></span> 
     </span>
    </p>
   </div>
   <div class='ocr_carea' id='block_1_31' title="bbox 2207 1638 2702 1709">
    <p class='ocr_par' dir='ltr' id='par_1_31' title="bbox 2207 1638 2702 1709">
     <span class='ocr_line' id='line_1_31' title="bbox 2207 1638 2702 1709; baseline -0.004 -18"><span class='ocrx_word' id='word_1_192' title='bbox 2207 1638 2417 1709; x_wconf 67' lang='lat' dir='ltr'><strong>narrar]</strong></span> <span class='ocrx_word' id='word_1_193' title='bbox 2444 1638 2702 1693; x_wconf 85' lang='lat' dir='ltr'><strong>Tristitia.</strong></span> 
     </span>
    </p>
   </div>
   <div class='ocr_carea' id='block_1_32' title="bbox 2205 1728 3249 1798">
    <p class='ocr_par' dir='ltr' id='par_1_32' title="bbox 2205 1728 3249 1798">
     <span class='ocr_line' id='line_1_32' title="bbox 2205 1728 3249 1798; baseline -0.003 -15"><span class='ocrx_word' id='word_1_194' title='bbox 2205 1728 2551 1798; x_wconf 84' lang='lat' dir='ltr'><strong>Contumacis]</strong></span> <span class='ocrx_word' id='word_1_195' title='bbox 2582 1728 2832 1791; x_wconf 78' lang='lat' dir='ltr'><strong>Rebellis,</strong></span> <span class='ocrx_word' id='word_1_196' title='bbox 2866 1728 3249 1782; x_wconf 88' lang='lat' dir='ltr'><strong>inobedientis.</strong></span> 
     </span>
    </p>
   </div>
   <div class='ocr_carea' id='block_1_33' title="bbox 456 1817 2029 1909">
    <p class='ocr_par' dir='ltr' id='par_1_33' title="bbox 456 1817 2025 1909">
     <span class='ocr_line' id='line_1_33' title="bbox 456 1817 2025 1909; baseline 0.002 -16"><span class='ocrx_word' id='word_1_197' title='bbox 456 1817 733 1894; x_wconf 75' lang='lat' dir='ltr'><strong>contentus</strong></span> <span class='ocrx_word' id='word_1_198' title='bbox 752 1817 980 1909; x_wconf 72' lang='lat' dir='ltr'><strong>palmite.</strong></span> <span class='ocrx_word' id='word_1_199' title='bbox 1003 1817 1187 1896; x_wconf 81' lang='lat' dir='ltr'><strong>Nonne</strong></span> <span class='ocrx_word' id='word_1_200' title='bbox 1214 1817 1425 1896; x_wconf 84' lang='lat' dir='ltr'><strong>videtur</strong></span> <span class='ocrx_word' id='word_1_201' title='bbox 1447 1817 1721 1909; x_wconf 32' lang='lat' dir='ltr'><strong>hicvmagis</strong></span> <span class='ocrx_word' id='word_1_202' title='bbox 1748 1844 1919 1907; x_wconf 87' lang='lat' dir='ltr'><strong>dives,</strong></span> <span class='ocrx_word' id='word_1_203' title='bbox 1942 1844 2025 1896; x_wconf 74' lang='lat' dir='ltr'><strong>hic</strong></span> 
     </span>
    </p>
   </div>
   <div class='ocr_carea' id='block_1_34' title="bbox 2154 1817 3717 1909">
    <p class='ocr_par' dir='ltr' id='par_1_34' title="bbox 2207 1817 3717 1889">
     <span class='ocr_line' id='line_1_34' title="bbox 2207 1817 3717 1889; baseline -0.001 -18"><span class='ocrx_word' id='word_1_204' title='bbox 2207 1818 2479 1889; x_wconf 81' lang='lat' dir='ltr'><strong>Fomenta]</strong></span> <span class='ocrx_word' id='word_1_205' title='bbox 2510 1819 2896 1889; x_wconf 83' lang='lat' dir='ltr'><strong>Mitigamenta,</strong></span> <span class='ocrx_word' id='word_1_206' title='bbox 2925 1830 2978 1873; x_wconf 91' lang='lat' dir='ltr'><strong>et</strong></span> <span class='ocrx_word' id='word_1_207' title='bbox 3008 1837 3124 1885; x_wconf 85' lang='lat' dir='ltr'><strong>qu.c</strong></span> <span class='ocrx_word' id='word_1_208' title='bbox 3170 1817 3339 1872; x_wconf 71' lang='grc' dir='ltr'><strong>(ἓηεί</strong></span> <span class='ocrx_word' id='word_1_209' title='bbox 3383 1826 3577 1873; x_wconf 86' lang='lat' dir='ltr'><strong>vocant</strong></span> <span class='ocrx_word' id='word_1_210' title='bbox 3616 1841 3717 1888; x_wconf 69' lang='grc' dir='ltr'><strong>μαι</strong></span> 
     </span>
    </p>
   </div>
   <div class='ocr_carea' id='block_1_35' title="bbox 455 1930 2023 2004">
    <p class='ocr_par' dir='ltr' id='par_1_35' title="bbox 455 1930 2023 2004">
     <span class='ocr_line' id='line_1_35' title="bbox 455 1930 2023 2004; baseline 0.006 -25"><span class='ocrx_word' id='word_1_211' title='bbox 455 1930 621 1998; x_wconf 80' lang='lat' dir='ltr'><strong>magis</strong></span> <span class='ocrx_word' id='word_1_212' title='bbox 657 1944 778 1996; x_wconf 77' lang='lat' dir='ltr'><strong>rex,</strong></span> <span class='ocrx_word' id='word_1_213' title='bbox 809 1931 897 1999; x_wconf 89' lang='lat' dir='ltr'><strong>qui</strong></span> <span class='ocrx_word' id='word_1_214' title='bbox 926 1931 1026 1985; x_wconf 89' lang='lat' dir='ltr'><strong>sibi</strong></span> <span class='ocrx_word' id='word_1_215' title='bbox 1058 1932 1388 1999; x_wconf 84' lang='lat' dir='ltr'><strong>abundabat,</strong></span> <span class='ocrx_word' id='word_1_216' title='bbox 1421 1947 1547 1986; x_wconf 89' lang='lat' dir='ltr'><strong>suas</strong></span> <span class='ocrx_word' id='word_1_217' title='bbox 1576 1935 1792 2003; x_wconf 89' lang='lat' dir='ltr'><strong>regebat</strong></span> <span class='ocrx_word' id='word_1_218' title='bbox 1821 1936 2023 2004; x_wconf 90' lang='lat' dir='ltr'><strong>cupidi-</strong></span> 
     </span>
    </p>
   </div>
   <div class='ocr_carea' id='block_1_36' title="bbox 456 2022 2021 2092">
    <p class='ocr_par' dir='ltr' id='par_1_36' title="bbox 456 2022 2021 2092">
     <span class='ocr_line' id='line_1_36' title="bbox 456 2022 2021 2092; baseline 0.003 -20"><span class='ocrx_word' id='word_1_219' title='bbox 456 2027 619 2084; x_wconf 86' lang='lat' dir='ltr'><strong>tates,</strong></span> <span class='ocrx_word' id='word_1_220' title='bbox 666 2030 724 2073; x_wconf 93' lang='lat' dir='ltr'><strong>ut</strong></span> <span class='ocrx_word' id='word_1_221' title='bbox 774 2022 904 2075; x_wconf 82' lang='lat' dir='ltr'><strong>nihil</strong></span> <span class='ocrx_word' id='word_1_222' title='bbox 947 2024 1180 2077; x_wconf 86' lang='lat' dir='ltr'><strong>alienum</strong></span> <span class='ocrx_word' id='word_1_223' title='bbox 1229 2023 1673 2092; x_wconf 65' lang='lat' dir='ltr'><strong>concupisceret?</strong></span> <span class='ocrx_word' id='word_1_224' title='bbox 1719 2025 1807 2077; x_wconf 86' lang='lat' dir='ltr'><strong>Ille</strong></span> <span class='ocrx_word' id='word_1_225' title='bbox 1846 2036 2021 2079; x_wconf 90' lang='lat' dir='ltr'><strong>autem</strong></span> 
     </span>
    </p>
   </div>
   <div class='ocr_carea' id='block_1_37' title="bbox 457 2109 2026 2183">
    <p class='ocr_par' dir='ltr' id='par_1_37' title="bbox 457 2109 2026 2183">
     <span class='ocr_line' id='line_1_37' title="bbox 457 2109 2026 2183; baseline 0.003 -20"><span class='ocrx_word' id='word_1_226' title='bbox 457 2109 847 2177; x_wconf 74' lang='lat' dir='ltr'><strong>egentissimus,</strong></span> <span class='ocrx_word' id='word_1_227' title='bbox 878 2113 959 2165; x_wconf 91' lang='lat' dir='ltr'><strong>cui</strong></span> <span class='ocrx_word' id='word_1_228' title='bbox 1010 2127 1196 2166; x_wconf 90' lang='lat' dir='ltr'><strong>aurum</strong></span> <span class='ocrx_word' id='word_1_229' title='bbox 1244 2128 1399 2167; x_wconf 87' lang='lat' dir='ltr'><strong>suum</strong></span> <span class='ocrx_word' id='word_1_230' title='bbox 1430 2114 1554 2179; x_wconf 89' lang='lat' dir='ltr'><strong>vile,</strong></span> <span class='ocrx_word' id='word_1_231' title='bbox 1586 2115 1792 2168; x_wconf 92' lang='lat' dir='ltr'><strong>alienus</strong></span> <span class='ocrx_word' id='word_1_232' title='bbox 1825 2115 2026 2183; x_wconf 81' lang='lat' dir='ltr'><strong>palmes</strong></span> 
     </span>
    </p>
   </div>
   <div class='ocr_carea' id='block_1_38' title="bbox 457 2201 2028 2273">
    <p class='ocr_par' dir='ltr' id='par_1_38' title="bbox 457 2201 2028 2273">
     <span class='ocr_line' id='line_1_38' title="bbox 457 2201 2028 2273; baseline 0.003 -21"><span class='ocrx_word' id='word_1_233' title='bbox 457 2201 872 2268; x_wconf 86' lang='lat' dir='ltr'><strong>pretiosissintus</strong></span> <span class='ocrx_word' id='word_1_234' title='bbox 901 2203 1325 2258; x_wconf 83' lang='lat' dir='ltr'><strong>existimabatur.</strong></span> <span class='ocrx_word' id='word_1_235' title='bbox 1370 2203 1510 2258; x_wconf 92' lang='lat' dir='ltr'><strong>Idem</strong></span> <span class='ocrx_word' id='word_1_236' title='bbox 1544 2206 1595 2258; x_wconf 92' lang='lat' dir='ltr'><strong>in</strong></span> <span class='ocrx_word' id='word_1_237' title='bbox 1625 2205 1836 2259; x_wconf 84' lang='lat' dir='ltr'><strong>decimo</strong></span> <span class='ocrx_word' id='word_1_238' title='bbox 1898 2206 2028 2273; x_wconf 83' lang='lat' dir='ltr'><strong>Epi-</strong></span> 
     </span>
    </p>
   </div>
   <div class='ocr_carea' id='block_1_39' title="bbox 458 2291 2028 2367">
    <p class='ocr_par' dir='ltr' id='par_1_39' title="bbox 458 2291 2028 2367">
     <span class='ocr_line' id='line_1_39' title="bbox 458 2291 2028 2367; baseline 0.004 -23"><span class='ocrx_word' id='word_1_239' title='bbox 458 2291 752 2345; x_wconf 84' lang='lat' dir='ltr'><strong>stolarum:</strong></span> <span class='ocrx_word' id='word_1_240' title='bbox 794 2295 908 2360; x_wconf 88' lang='lat' dir='ltr'><strong>Quo</strong></span> <span class='ocrx_word' id='word_1_241' title='bbox 959 2296 1076 2362; x_wconf 90' lang='lat' dir='ltr'><strong>plus</strong></span> <span class='ocrx_word' id='word_1_242' title='bbox 1104 2296 1465 2365; x_wconf 54' lang='lat' dir='ltr'><strong>unusquisque</strong></span> <span class='ocrx_word' id='word_1_243' title='bbox 1518 2297 1858 2366; x_wconf 88' lang='lat' dir='ltr'><strong>acquisierit,</strong></span> <span class='ocrx_word' id='word_1_244' title='bbox 1914 2301 2028 2367; x_wconf 80' lang='lat' dir='ltr'><strong>plus</strong></span> 
     </span>
    </p>
   </div>
   <div class='ocr_carea' id='block_1_40' title="bbox 459 2378 2027 2455">
    <p class='ocr_par' dir='ltr' id='par_1_40' title="bbox 459 2378 2027 2455">
     <span class='ocr_line' id='line_1_40' title="bbox 459 2378 2027 2455; baseline 0.003 -22"><span class='ocrx_word' id='word_1_245' title='bbox 459 2378 605 2445; x_wconf 77' lang='lat' dir='ltr'><strong>sitit,</strong></span> <span class='ocrx_word' id='word_1_246' title='bbox 636 2390 689 2434; x_wconf 90' lang='lat' dir='ltr'><strong>et</strong></span> <span class='ocrx_word' id='word_1_247' title='bbox 727 2384 876 2450; x_wconf 87' lang='lat' dir='ltr'><strong>quasi</strong></span> <span class='ocrx_word' id='word_1_248' title='bbox 917 2383 1144 2451; x_wconf 86' lang='lat' dir='ltr'><strong>quadam</strong></span> <span class='ocrx_word' id='word_1_249' title='bbox 1179 2385 1466 2439; x_wconf 83' lang='lat' dir='ltr'><strong>inardescit</strong></span> <span class='ocrx_word' id='word_1_250' title='bbox 1511 2386 1773 2441; x_wconf 86' lang='lat' dir='ltr'><strong>ebrietate</strong></span> <span class='ocrx_word' id='word_1_251' title='bbox 1818 2388 2027 2455; x_wconf 80' lang='lat' dir='ltr'><strong>cupidi-</strong></span> 
     </span>
    </p>
   </div>
   <div class='ocr_carea' id='block_1_41' title="bbox 459 2474 2027 2537">
    <p class='ocr_par' dir='ltr' id='par_1_41' title="bbox 459 2474 2027 2537">
     <span class='ocr_line' id='line_1_41' title="bbox 459 2474 2027 2537; baseline 0.008 -13"><span class='ocrx_word' id='word_1_252' title='bbox 459 2478 627 2524; x_wconf 90' lang='lat' dir='ltr'><strong>tatum</strong></span> <span class='ocrx_word' id='word_1_253' title='bbox 679 2486 916 2529; x_wconf 88' lang='lat' dir='ltr'><strong>suarum.</strong></span> <span class='ocrx_word' id='word_1_254' title='bbox 962 2474 1101 2529; x_wconf 88' lang='lat' dir='ltr'><strong>Idem</strong></span> <span class='ocrx_word' id='word_1_255' title='bbox 1135 2476 1185 2528; x_wconf 93' lang='lat' dir='ltr'><strong>in</strong></span> <span class='ocrx_word' id='word_1_256' title='bbox 1215 2476 1349 2531; x_wconf 87' lang='lat' dir='ltr'><strong>libro</strong></span> <span class='ocrx_word' id='word_1_257' title='bbox 1381 2477 1448 2533; x_wconf 90' lang='lat' dir='ltr'><strong>de</strong></span> <span class='ocrx_word' id='word_1_258' title='bbox 1481 2477 1720 2532; x_wconf 85' lang='lat' dir='ltr'><strong>Nabutha</strong></span> <span class='ocrx_word' id='word_1_259' title='bbox 1752 2498 1764 2531; x_wconf 90' lang='lat'><strong>:</strong></span> <span class='ocrx_word' id='word_1_260' title='bbox 1794 2480 1837 2534; x_wconf 92' lang='grc' dir='ltr'><strong>Ο</strong></span> <span class='ocrx_word' id='word_1_261' title='bbox 1859 2481 2027 2537; x_wconf 82' lang='lat' dir='ltr'><strong>dives.</strong></span> 
     </span>
    </p>
   </div>
   <div class='ocr_carea' id='block_1_42' title="bbox 461 2561 2032 2636">
    <p class='ocr_par' dir='ltr' id='par_1_42' title="bbox 461 2561 2032 2636">
     <span class='ocr_line' id='line_1_42' title="bbox 461 2561 2032 2636; baseline 0.006 -23"><span class='ocrx_word' id='word_1_262' title='bbox 461 2561 634 2613; x_wconf 90' lang='lat' dir='ltr'><strong>nescis</strong></span> <span class='ocrx_word' id='word_1_263' title='bbox 683 2576 840 2629; x_wconf 86' lang='lat' dir='ltr'><strong>quam</strong></span> <span class='ocrx_word' id='word_1_264' title='bbox 869 2576 1070 2631; x_wconf 87' lang='lat' dir='ltr'><strong>pauper</strong></span> <span class='ocrx_word' id='word_1_265' title='bbox 1094 2564 1188 2629; x_wconf 83' lang='lat' dir='ltr'><strong>sis,</strong></span> <span class='ocrx_word' id='word_1_266' title='bbox 1222 2580 1378 2633; x_wconf 84' lang='lat' dir='ltr'><strong>quam</strong></span> <span class='ocrx_word' id='word_1_267' title='bbox 1414 2568 1567 2636; x_wconf 89' lang='lat' dir='ltr'><strong>inops</strong></span> <span class='ocrx_word' id='word_1_268' title='bbox 1600 2568 1691 2621; x_wconf 89' lang='lat' dir='ltr'><strong>tibi</strong></span> <span class='ocrx_word' id='word_1_269' title='bbox 1724 2568 1825 2636; x_wconf 89' lang='lat' dir='ltr'><strong>ipsi</strong></span> <span class='ocrx_word' id='word_1_270' title='bbox 1855 2569 2032 2622; x_wconf 88' lang='lat' dir='ltr'><strong>videa-</strong></span> 
     </span>
    </p>
   </div>
   <div class='ocr_carea' id='block_1_43' title="bbox 463 2650 2031 2727">
    <p class='ocr_par' dir='ltr' id='par_1_43' title="bbox 463 2650 2031 2727">
     <span class='ocr_line' id='line_1_43' title="bbox 463 2650 2031 2727; baseline 0.006 -25"><span class='ocrx_word' id='word_1_271' title='bbox 463 2650 557 2711; x_wconf 90' lang='lat' dir='ltr'><strong>ris,</strong></span> <span class='ocrx_word' id='word_1_272' title='bbox 585 2651 672 2718; x_wconf 92' lang='lat' dir='ltr'><strong>qui</strong></span> <span class='ocrx_word' id='word_1_273' title='bbox 701 2659 751 2703; x_wconf 90' lang='lat' dir='ltr'><strong>te</strong></span> <span class='ocrx_word' id='word_1_274' title='bbox 779 2652 998 2706; x_wconf 85' lang='lat' dir='ltr'><strong>divitem</strong></span> <span class='ocrx_word' id='word_1_275' title='bbox 1028 2654 1183 2707; x_wconf 89' lang='lat' dir='ltr'><strong>dicis.</strong></span> <span class='ocrx_word' id='word_1_276' title='bbox 1213 2656 1420 2720; x_wconf 89' lang='lat' dir='ltr'><strong>Quanto</strong></span> <span class='ocrx_word' id='word_1_277' title='bbox 1450 2657 1565 2725; x_wconf 92' lang='lat' dir='ltr'><strong>plus</strong></span> <span class='ocrx_word' id='word_1_278' title='bbox 1606 2658 1877 2723; x_wconf 82' lang='lat' dir='ltr'><strong>habueris,</strong></span> <span class='ocrx_word' id='word_1_279' title='bbox 1914 2660 2031 2727; x_wconf 90' lang='lat' dir='ltr'><strong>plus</strong></span> 
     </span>
    </p>
   </div>
   <div class='ocr_carea' id='block_1_44' title="bbox 462 2741 2031 2814">
    <p class='ocr_par' dir='ltr' id='par_1_44' title="bbox 462 2741 2031 2814">
     <span class='ocr_line' id='line_1_44' title="bbox 462 2741 2031 2814; baseline 0.008 -22"><span class='ocrx_word' id='word_1_280' title='bbox 462 2741 723 2809; x_wconf 90' lang='lat' dir='ltr'><strong>requiris:</strong></span> <span class='ocrx_word' id='word_1_281' title='bbox 755 2743 819 2796; x_wconf 88' lang='lat' dir='ltr'><strong>Et</strong></span> <span class='ocrx_word' id='word_1_282' title='bbox 844 2744 1095 2814; x_wconf 88' lang='lat' dir='ltr'><strong>quidquid</strong></span> <span class='ocrx_word' id='word_1_283' title='bbox 1127 2748 1462 2814; x_wconf 90' lang='lat' dir='ltr'><strong>acquisieris,</strong></span> <span class='ocrx_word' id='word_1_284' title='bbox 1494 2758 1671 2802; x_wconf 90' lang='lat' dir='ltr'><strong>tamen</strong></span> <span class='ocrx_word' id='word_1_285' title='bbox 1720 2751 1815 2805; x_wconf 91' lang='lat' dir='ltr'><strong>tibi</strong></span> <span class='ocrx_word' id='word_1_286' title='bbox 1859 2751 2031 2805; x_wconf 92' lang='lat' dir='ltr'><strong>adhuc</strong></span> 
     </span>
    </p>
   </div>
   <div class='ocr_carea' id='block_1_45' title="bbox 460 2831 2027 2911">
    <p class='ocr_par' dir='ltr' id='par_1_45' title="bbox 460 2831 2027 2911">
     <span class='ocr_line' id='line_1_45' title="bbox 460 2831 2027 2911; baseline 0.008 -28"><span class='ocrx_word' id='word_1_287' title='bbox 460 2831 681 2901; x_wconf 76' lang='lat' dir='ltr'><strong>indiges.</strong></span> <span class='ocrx_word' id='word_1_288' title='bbox 710 2834 1069 2889; x_wconf 87' lang='lat' dir='ltr'><strong>Inﬁammatur</strong></span> <span class='ocrx_word' id='word_1_289' title='bbox 1092 2838 1240 2892; x_wconf 93' lang='lat' dir='ltr'><strong>lucro</strong></span> <span class='ocrx_word' id='word_1_290' title='bbox 1260 2840 1501 2904; x_wconf 83' lang='lat' dir='ltr'><strong>avaritia,</strong></span> <span class='ocrx_word' id='word_1_291' title='bbox 1534 2856 1637 2893; x_wconf 92' lang='lat' dir='ltr'><strong>non</strong></span> <span class='ocrx_word' id='word_1_292' title='bbox 1662 2844 2027 2911; x_wconf 78' lang='lat' dir='ltr'><strong>restinguitur.</strong></span> 
     </span>
    </p>
   </div>
   <div class='ocr_carea' id='block_1_46' title="bbox 460 2923 2032 3002">
    <p class='ocr_par' dir='ltr' id='par_1_46' title="bbox 460 2923 2032 3002">
     <span class='ocr_line' id='line_1_46' title="bbox 460 2923 2032 3002; baseline 0.007 -26"><span class='ocrx_word' id='word_1_293' title='bbox 460 2923 619 2990; x_wconf 85' lang='lat' dir='ltr'><strong>Quasi</strong></span> <span class='ocrx_word' id='word_1_294' title='bbox 651 2926 842 2989; x_wconf 67' lang='lat' dir='ltr'><strong>gradus</strong></span> <span class='ocrx_word' id='word_1_295' title='bbox 870 2929 1125 2995; x_wconf 91' lang='lat' dir='ltr'><strong>quosdam</strong></span> <span class='ocrx_word' id='word_1_296' title='bbox 1174 2930 1436 2997; x_wconf 86' lang='lat' dir='ltr'><strong>cupiditas</strong></span> <span class='ocrx_word' id='word_1_297' title='bbox 1480 2932 1668 2997; x_wconf 86' lang='lat' dir='ltr'><strong>habet,</strong></span> <span class='ocrx_word' id='word_1_298' title='bbox 1712 2950 1814 3002; x_wconf 86' lang='lat' dir='ltr'><strong>quo</strong></span> <span class='ocrx_word' id='word_1_299' title='bbox 1852 2936 2032 3002; x_wconf 89' lang='lat' dir='ltr'><strong>plures</strong></span> 
     </span>
    </p>
   </div>
   <div class='ocr_carea' id='block_1_47' title="bbox 460 3015 2035 3093">
    <p class='ocr_par' dir='ltr' id='par_1_47' title="bbox 460 3015 2035 3093">
     <span class='ocr_line' id='line_1_47' title="bbox 460 3015 2035 3093; baseline 0.007 -27"><span class='ocrx_word' id='word_1_300' title='bbox 460 3015 793 3081; x_wconf 87' lang='lat' dir='ltr'><strong>ascenderit,</strong></span> <span class='ocrx_word' id='word_1_301' title='bbox 849 3033 914 3071; x_wconf 92' lang='lat' dir='ltr'><strong>co</strong></span> <span class='ocrx_word' id='word_1_302' title='bbox 956 3018 1020 3071; x_wconf 90' lang='lat' dir='ltr'><strong>ad</strong></span> <span class='ocrx_word' id='word_1_303' title='bbox 1065 3021 1253 3073; x_wconf 86' lang='lat' dir='ltr'><strong>altiora</strong></span> <span class='ocrx_word' id='word_1_304' title='bbox 1306 3020 1547 3088; x_wconf 77' lang='lat' dir='ltr'><strong>festinat,</strong></span> <span class='ocrx_word' id='word_1_305' title='bbox 1592 3022 1731 3077; x_wconf 89' lang='lat' dir='ltr'><strong>unde</strong></span> <span class='ocrx_word' id='word_1_306' title='bbox 1765 3024 1819 3075; x_wconf 91' lang='lat' dir='ltr'><strong>ﬁt</strong></span> <span class='ocrx_word' id='word_1_307' title='bbox 1857 3028 2035 3093; x_wconf 80' lang='lat' dir='ltr'><strong>gravis</strong></span> 
     </span>
    </p>
   </div>
   <div class='ocr_carea' id='block_1_48' title="bbox 464 3102 2035 3187">
    <p class='ocr_par' dir='ltr' id='par_1_48' title="bbox 464 3102 2035 3187">
     <span class='ocr_line' id='line_1_48' title="bbox 464 3102 2035 3187; baseline 0.006 -28"><span class='ocrx_word' id='word_1_308' title='bbox 464 3102 612 3159; x_wconf 89' lang='lat' dir='ltr'><strong>ruina</strong></span> <span class='ocrx_word' id='word_1_309' title='bbox 643 3105 875 3174; x_wconf 65' lang='lat' dir='ltr'><strong>lapsuz‘o.</strong></span> <span class='ocrx_word' id='word_1_310' title='bbox 910 3107 974 3161; x_wconf 85' lang='lat' dir='ltr'><strong>Et.</strong></span> <span class='ocrx_word' id='word_1_311' title='bbox 1005 3107 1158 3183; x_wconf 84' lang='lat' dir='ltr'><strong>paulo</strong></span> <span class='ocrx_word' id='word_1_312' title='bbox 1189 3121 1307 3178; x_wconf 92' lang='lat' dir='ltr'><strong>post</strong></span> <span class='ocrx_word' id='word_1_313' title='bbox 1347 3112 1459 3166; x_wconf 68' lang='lat' dir='ltr'><strong>haec</strong></span> <span class='ocrx_word' id='word_1_314' title='bbox 1488 3113 1743 3182; x_wconf 69' lang='lat' dir='ltr'><strong>sulijicit:</strong></span> <span class='ocrx_word' id='word_1_315' title='bbox 1777 3116 1907 3187; x_wconf 86' lang='lat' dir='ltr'><strong>Quis</strong></span> <span class='ocrx_word' id='word_1_316' title='bbox 1940 3116 2035 3185; x_wconf 86' lang='lat' dir='ltr'><strong>igi-</strong></span> 
     </span>
    </p>
   </div>
   <div class='ocr_carea' id='block_1_49' title="bbox 2129 1913 2385 1984">
    <p class='ocr_par' dir='ltr' id='par_1_49' title="bbox 2129 1913 2385 1984">
     <span class='ocr_line' id='line_1_49' title="bbox 2129 1913 2385 1984; baseline -0.008 -18"><span class='ocrx_word' id='word_1_317' title='bbox 2129 1913 2385 1984; x_wconf 74' lang='grc' dir='ltr'><strong>λάγματα.</strong></span> 
     </span>
    </p>
   </div>
   <div class='ocr_carea' id='block_1_50' title="bbox 2204 2002 3075 2072">
    <p class='ocr_par' dir='ltr' id='par_1_50' title="bbox 2204 2002 3075 2072">
     <span class='ocr_line' id='line_1_50' title="bbox 2204 2002 3075 2072; baseline 0.001 -17"><span class='ocrx_word' id='word_1_318' title='bbox 2204 2002 2499 2072; x_wconf 77' lang='lat' dir='ltr'><strong>Penetrmt]</strong></span> <span class='ocrx_word' id='word_1_319' title='bbox 2532 2002 2749 2056; x_wconf 89' lang='lat' dir='ltr'><strong>Penitus</strong></span> <span class='ocrx_word' id='word_1_320' title='bbox 2778 2002 3075 2056; x_wconf 74' lang='lat' dir='ltr'><strong>immittunt.</strong></span> 
     </span>
    </p>
   </div>
   <div class='ocr_carea' id='block_1_51' title="bbox 2207 2092 2837 2161">
    <p class='ocr_par' dir='ltr' id='par_1_51' title="bbox 2207 2092 2837 2161">
     <span class='ocr_line' id='line_1_51' title="bbox 2207 2092 2837 2161; baseline 0 -14"><span class='ocrx_word' id='word_1_321' title='bbox 2207 2092 2527 2161; x_wconf 78' lang='lat' dir='ltr'><strong>Desolatum]</strong></span> <span class='ocrx_word' id='word_1_322' title='bbox 2556 2093 2837 2148; x_wconf 86' lang='lat' dir='ltr'><strong>Orbalum.</strong></span> 
     </span>
    </p>
   </div>
   <div class='ocr_carea' id='block_1_52' title="bbox 2208 2185 2662 2254">
    <p class='ocr_par' dir='ltr' id='par_1_52' title="bbox 2208 2185 2662 2254">
     <span class='ocr_line' id='line_1_52' title="bbox 2208 2185 2662 2254; baseline 0.004 -16"><span class='ocrx_word' id='word_1_323' title='bbox 2208 2185 2450 2254; x_wconf 80' lang='lat' dir='ltr'><strong>Parente]</strong></span> <span class='ocrx_word' id='word_1_324' title='bbox 2484 2187 2662 2240; x_wconf 85' lang='lat' dir='ltr'><strong>Patre.</strong></span> 
     </span>
    </p>
   </div>
   <div class='ocr_carea' id='block_1_53' title="bbox 2206 2275 3457 2344">
    <p class='ocr_par' dir='ltr' id='par_1_53' title="bbox 2206 2275 3457 2344">
     <span class='ocr_line' id='line_1_53' title="bbox 2206 2275 3457 2344; baseline 0.001 -16"><span class='ocrx_word' id='word_1_325' title='bbox 2206 2275 2376 2344; x_wconf 85' lang='lat' dir='ltr'><strong>Quod]</strong></span> <span class='ocrx_word' id='word_1_326' title='bbox 2407 2277 2556 2329; x_wconf 85' lang='lat' dir='ltr'><strong>Prius</strong></span> <span class='ocrx_word' id='word_1_327' title='bbox 2585 2292 2766 2330; x_wconf 88' lang='lat' dir='ltr'><strong>carum</strong></span> <span class='ocrx_word' id='word_1_328' title='bbox 2797 2290 2919 2330; x_wconf 89' lang='lat' dir='ltr'><strong>esse</strong></span> <span class='ocrx_word' id='word_1_329' title='bbox 2948 2290 3103 2343; x_wconf 85' lang='lat' dir='ltr'><strong>quam</strong></span> <span class='ocrx_word' id='word_1_330' title='bbox 3136 2275 3457 2341; x_wconf 80' lang='lat' dir='ltr'><strong>proximum.</strong></span> 
     </span>
    </p>
   </div>
   <div class='ocr_carea' id='block_1_54' title="bbox 2203 2364 3343 2435">
    <p class='ocr_par' dir='ltr' id='par_1_54' title="bbox 2203 2364 3343 2435">
     <span class='ocr_line' id='line_1_54' title="bbox 2203 2364 3343 2435; baseline -0.001 -17"><span class='ocrx_word' id='word_1_331' title='bbox 2203 2364 2385 2435; x_wconf 78' lang='lat' dir='ltr'><strong>Carus]</strong></span> <span class='ocrx_word' id='word_1_332' title='bbox 2415 2366 2493 2419; x_wconf 92' lang='lat' dir='ltr'><strong>Oh</strong></span> <span class='ocrx_word' id='word_1_333' title='bbox 2522 2367 2829 2431; x_wconf 65' lang='lat' dir='ltr'><strong>praeclaram</strong></span> <span class='ocrx_word' id='word_1_334' title='bbox 2860 2366 3093 2417; x_wconf 90' lang='lat' dir='ltr'><strong>indolem</strong></span> <span class='ocrx_word' id='word_1_335' title='bbox 3116 2374 3343 2418; x_wconf 89' lang='lat' dir='ltr'><strong>amatus.</strong></span> 
     </span>
    </p>
   </div>
   <div class='ocr_carea' id='block_1_55' title="bbox 2209 2455 3716 2525">
    <p class='ocr_par' dir='ltr' id='par_1_55' title="bbox 2209 2455 3716 2525">
     <span class='ocr_line' id='line_1_55' title="bbox 2209 2455 3716 2525; baseline -0.001 -17"><span class='ocrx_word' id='word_1_336' title='bbox 2209 2455 2503 2525; x_wconf 74' lang='lat' dir='ltr'><strong>Proximus]</strong></span> <span class='ocrx_word' id='word_1_337' title='bbox 2538 2456 2743 2508; x_wconf 74' lang='lat' dir='ltr'><strong>Afﬁnis.</strong></span> <span class='ocrx_word' id='word_1_338' title='bbox 2774 2456 2973 2509; x_wconf 87' lang='lat' dir='ltr'><strong>Sensus</strong></span> <span class='ocrx_word' id='word_1_339' title='bbox 3002 2465 3121 2510; x_wconf 87' lang='lat' dir='ltr'><strong>est:</strong></span> <span class='ocrx_word' id='word_1_340' title='bbox 3157 2455 3493 2523; x_wconf 86' lang='lat' dir='ltr'><strong>Principibus</strong></span> <span class='ocrx_word' id='word_1_341' title='bbox 3524 2458 3716 2509; x_wconf 75' lang='lat' dir='ltr'><strong>civita-</strong></span> 
     </span>
    </p>
   </div>
   <div class='ocr_carea' id='block_1_56' title="bbox 2137 2543 3715 2612">
    <p class='ocr_par' dir='ltr' id='par_1_56' title="bbox 2137 2543 3715 2612">
     <span class='ocr_line' id='line_1_56' title="bbox 2137 2543 3715 2612; baseline -0.001 -14"><span class='ocrx_word' id='word_1_342' title='bbox 2137 2547 2200 2599; x_wconf 88' lang='lat' dir='ltr'><strong>tis</strong></span> <span class='ocrx_word' id='word_1_343' title='bbox 2231 2555 2355 2599; x_wconf 89' lang='lat' dir='ltr'><strong>ante</strong></span> <span class='ocrx_word' id='word_1_344' title='bbox 2396 2560 2553 2599; x_wconf 91' lang='lat' dir='ltr'><strong>carus</strong></span> <span class='ocrx_word' id='word_1_345' title='bbox 2583 2545 2729 2598; x_wconf 80' lang='lat' dir='ltr'><strong>fuisti</strong></span> <span class='ocrx_word' id='word_1_346' title='bbox 2757 2545 2826 2599; x_wconf 92' lang='lat' dir='ltr'><strong>ob</strong></span> <span class='ocrx_word' id='word_1_347' title='bbox 2864 2545 3075 2598; x_wconf 90' lang='lat' dir='ltr'><strong>virtutis</strong></span> <span class='ocrx_word' id='word_1_348' title='bbox 3117 2543 3380 2604; x_wconf 82' lang='lat' dir='ltr'><strong>s&#39;tudiuin,</strong></span> <span class='ocrx_word' id='word_1_349' title='bbox 3415 2560 3578 2611; x_wconf 78' lang='lat' dir='ltr'><strong>qnam</strong></span> <span class='ocrx_word' id='word_1_350' title='bbox 3627 2561 3715 2612; x_wconf 83' lang='lat' dir='ltr'><strong>per</strong></span> 
     </span>
    </p>
   </div>
   <div class='ocr_carea' id='block_1_57' title="bbox 2136 2638 2822 2705">
    <p class='ocr_par' dir='ltr' id='par_1_57' title="bbox 2136 2638 2822 2705">
     <span class='ocr_line' id='line_1_57' title="bbox 2136 2638 2822 2705; baseline -0.006 -16"><span class='ocrx_word' id='word_1_351' title='bbox 2136 2638 2444 2691; x_wconf 75' lang='lat' dir='ltr'><strong>afﬁnitatem</strong></span> <span class='ocrx_word' id='word_1_352' title='bbox 2476 2638 2822 2705; x_wconf 83' lang='lat' dir='ltr'><strong>propinquus.</strong></span> 
     </span>
    </p>
   </div>
   <div class='ocr_carea' id='block_1_58' title="bbox 2207 2725 3715 2796">
    <p class='ocr_par' dir='ltr' id='par_1_58' title="bbox 2207 2725 3715 2796">
     <span class='ocr_line' id='line_1_58' title="bbox 2207 2725 3715 2796; baseline -0.005 -14"><span class='ocrx_word' id='word_1_353' title='bbox 2207 2728 2532 2796; x_wconf 84' lang='lat' dir='ltr'><strong>Socerorum]</strong></span> <span class='ocrx_word' id='word_1_354' title='bbox 2564 2727 2872 2796; x_wconf 87' lang='lat' dir='ltr'><strong>Symmachi</strong></span> <span class='ocrx_word' id='word_1_355' title='bbox 2915 2734 2969 2779; x_wconf 84' lang='lat' dir='ltr'><strong>et</strong></span> <span class='ocrx_word' id='word_1_356' title='bbox 3001 2726 3185 2779; x_wconf 77' lang='lat' dir='ltr'><strong>uxoris</strong></span> <span class='ocrx_word' id='word_1_357' title='bbox 3229 2725 3366 2792; x_wconf 88' lang='lat' dir='ltr'><strong>ejus,</strong></span> <span class='ocrx_word' id='word_1_358' title='bbox 3414 2736 3507 2776; x_wconf 85' lang='lat' dir='ltr'><strong>aut</strong></span> <span class='ocrx_word' id='word_1_359' title='bbox 3553 2726 3715 2777; x_wconf 84' lang='lat' dir='ltr'><strong>etiam</strong></span> 
     </span>
    </p>
   </div>
   <div class='ocr_carea' id='block_1_59' title="bbox 2139 2814 3521 2877">
    <p class='ocr_par' dir='ltr' id='par_1_59' title="bbox 2139 2814 3521 2877">
     <span class='ocr_line' id='line_1_59' title="bbox 2139 2814 3521 2877; baseline -0.004 -8"><span class='ocrx_word' id='word_1_360' title='bbox 2139 2818 2355 2871; x_wconf 85' lang='lat' dir='ltr'><strong>fratrum</strong></span> <span class='ocrx_word' id='word_1_361' title='bbox 2386 2818 2686 2871; x_wconf 82' lang='lat' dir='ltr'><strong>ﬁliorumve</strong></span> <span class='ocrx_word' id='word_1_362' title='bbox 2714 2818 2873 2877; x_wconf 86' lang='lat' dir='ltr'><strong>illius.</strong></span> <span class='ocrx_word' id='word_1_363' title='bbox 2904 2816 3048 2869; x_wconf 81' lang='lat' dir='ltr'><strong>Maro</strong></span> <span class='ocrx_word' id='word_1_364' title='bbox 3077 2814 3129 2867; x_wconf 94' lang='lat' dir='ltr'><strong>in</strong></span> <span class='ocrx_word' id='word_1_365' title='bbox 3158 2814 3420 2868; x_wconf 59' lang='lat' dir='ltr'><strong>{Eueidos</strong></span> <span class='ocrx_word' id='word_1_366' title='bbox 3445 2831 3479 2867; x_wconf 89' lang='lat' dir='ltr'><strong>It</strong></span> <span class='ocrx_word' id='word_1_367' title='bbox 3510 2833 3521 2864; x_wconf 91' lang='lat'>:</span> 
     </span>
    </p>
   </div>
   <div class='ocr_carea' id='block_1_60' title="bbox 2325 2906 3320 2967">
    <p class='ocr_par' dir='ltr' id='par_1_60' title="bbox 2325 2906 3320 2967">
     <span class='ocr_line' id='line_1_60' title="bbox 2325 2906 3320 2967; baseline -0.004 -12"><span class='ocrx_word' id='word_1_368' title='bbox 2325 2908 2497 2956; x_wconf 74' lang='lat' dir='ltr'><strong>Infelix</strong></span> <span class='ocrx_word' id='word_1_369' title='bbox 2521 2924 2630 2967; x_wconf 73' lang='lat' dir='ltr'><strong>qute</strong></span> <span class='ocrx_word' id='word_1_370' title='bbox 2656 2922 2709 2957; x_wconf 87' lang='lat' dir='ltr'><strong>se</strong></span> <span class='ocrx_word' id='word_1_371' title='bbox 2729 2910 2841 2956; x_wconf 93' lang='lat' dir='ltr'><strong>dum</strong></span> <span class='ocrx_word' id='word_1_372' title='bbox 2868 2920 3019 2967; x_wconf 85' lang='lat' dir='ltr'><strong>regna</strong></span> <span class='ocrx_word' id='word_1_373' title='bbox 3044 2918 3165 2953; x_wconf 74' lang='lat' dir='ltr'><strong>matr</strong></span> <span class='ocrx_word' id='word_1_374' title='bbox 3188 2906 3320 2963; x_wconf 88' lang='lat' dir='ltr'><strong>bant,</strong></span> 
     </span>
    </p>
   </div>
   <div class='ocr_carea' id='block_1_61' title="bbox 2236 2924 3447 3030">
    <p class='ocr_par' dir='ltr' id='par_1_61' title="bbox 2236 2924 3447 3030">
     <span class='ocr_line' id='line_1_61' title="bbox 2326 2924 3320 2967; baseline -0.004 -12"><span class='ocrx_word' id='word_1_375' title='bbox 2326 2924 2497 2956; x_wconf 70' lang='lat' dir='ltr'><strong>tutetis</strong></span> <span class='ocrx_word' id='word_1_376' title='bbox 2556 2924 2630 2956; x_wconf 62' lang='lat' dir='ltr'><strong>ua!</strong></span> <span class='ocrx_word' id='word_1_377' title='bbox 2656 2924 2709 2957; x_wconf 90' lang='lat' dir='ltr'><strong>se</strong></span> <span class='ocrx_word' id='word_1_378' title='bbox 2729 2924 2841 2956; x_wconf 79' lang='lat' dir='ltr'><strong>cum</strong></span> <span class='ocrx_word' id='word_1_379' title='bbox 2868 2924 3019 2967; x_wconf 86' lang='lat' dir='ltr'><strong>regna</strong></span> <span class='ocrx_word' id='word_1_380' title='bbox 3044 2924 3165 2953; x_wconf 76' lang='lat' dir='ltr'><strong>matr</strong></span> <span class='ocrx_word' id='word_1_381' title='bbox 3190 2924 3320 2963; x_wconf 75' lang='lat' dir='ltr'><strong>uani,</strong></span> 
     </span>
     <span class='ocr_line' id='line_1_62' title="bbox 2236 2924 3447 3030; baseline -0.005 -13"><span class='ocrx_word' id='word_1_382' title='bbox 2236 2970 2425 3030; x_wconf 68' lang='lat' dir='ltr'><strong>S:epius</strong></span> <span class='ocrx_word' id='word_1_383' title='bbox 2451 2924 2781 3017; x_wconf 49' lang='lat' dir='ltr'><strong>Andromache</strong></span> <span class='ocrx_word' id='word_1_384' title='bbox 2806 2969 2937 3016; x_wconf 72' lang='lat' dir='ltr'><strong>frrrc</strong></span> <span class='ocrx_word' id='word_1_385' title='bbox 2964 2969 3235 3015; x_wconf 84' lang='lat' dir='ltr'><strong>incomitata</strong></span> <span class='ocrx_word' id='word_1_386' title='bbox 3261 2967 3447 3030; x_wconf 80' lang='lat' dir='ltr'><strong>so!ebat</strong></span> 
     </span>
    </p>
   </div>
   <div class='ocr_carea' id='block_1_62' title="bbox 2230 3028 3532 3092">
    <p class='ocr_par' dir='ltr' id='par_1_62' title="bbox 2230 3028 3532 3092">
     <span class='ocr_line' id='line_1_63' title="bbox 2230 3028 3532 3092; baseline -0.001 -14"><span class='ocrx_word' id='word_1_387' title='bbox 2230 3032 2303 3078; x_wconf 80' lang='lat' dir='ltr'><strong>Ad</strong></span> <span class='ocrx_word' id='word_1_388' title='bbox 2322 3028 2538 3091; x_wconf 68' lang='lat' dir='ltr'><strong>Soireros,</strong></span> <span class='ocrx_word' id='word_1_389' title='bbox 2568 3040 2617 3079; x_wconf 90' lang='lat' dir='ltr'><strong>et</strong></span> <span class='ocrx_word' id='word_1_390' title='bbox 2643 3044 2729 3078; x_wconf 74' lang='lat' dir='ltr'><strong>avo</strong></span> <span class='ocrx_word' id='word_1_391' title='bbox 2756 3044 2957 3092; x_wconf 86' lang='lat' dir='ltr'><strong>puerum</strong></span> <span class='ocrx_word' id='word_1_392' title='bbox 2980 3032 3264 3090; x_wconf 80' lang='lat' dir='ltr'><strong>Astyanacta</strong></span> <span class='ocrx_word' id='word_1_393' title='bbox 3289 3028 3532 3077; x_wconf 76' lang='lat' dir='ltr'><strong>trahebat.</strong></span> 
     </span>
    </p>
   </div>
   <div class='ocr_carea' id='block_1_63' title="bbox 2140 3108 3714 3167">
    <p class='ocr_par' dir='ltr' id='par_1_63' title="bbox 2140 3108 3714 3167">
     <span class='ocr_line' id='line_1_64' title="bbox 2140 3108 3714 3167; baseline -0.004 -1"><span class='ocrx_word' id='word_1_394' title='bbox 2140 3114 2194 3167; x_wconf 92' lang='lat' dir='ltr'><strong>In</strong></span> <span class='ocrx_word' id='word_1_395' title='bbox 2226 3113 2358 3166; x_wconf 92' lang='lat' dir='ltr'><strong>libro</strong></span> <span class='ocrx_word' id='word_1_396' title='bbox 2388 3114 2569 3166; x_wconf 64' lang='lat' dir='ltr'><strong>Tobite</strong></span> <span class='ocrx_word' id='word_1_397' title='bbox 2596 3130 2608 3164; x_wconf 93' lang='lat'><strong>:</strong></span> <span class='ocrx_word' id='word_1_398' title='bbox 2640 3113 2762 3165; x_wconf 87' lang='lat' dir='ltr'><strong>Post</strong></span> <span class='ocrx_word' id='word_1_399' title='bbox 2790 3113 2991 3165; x_wconf 90' lang='lat' dir='ltr'><strong>obitmn</strong></span> <span class='ocrx_word' id='word_1_400' title='bbox 3022 3112 3209 3163; x_wconf 88' lang='lat' dir='ltr'><strong>matris</strong></span> <span class='ocrx_word' id='word_1_401' title='bbox 3234 3125 3345 3162; x_wconf 70' lang='lat' dir='ltr'><strong>sua:</strong></span> <span class='ocrx_word' id='word_1_402' title='bbox 3372 3109 3572 3161; x_wconf 82' lang='lat' dir='ltr'><strong>Tobias</strong></span> <span class='ocrx_word' id='word_1_403' title='bbox 3597 3108 3714 3160; x_wconf 78' lang='lat' dir='ltr'><strong>abs~</strong></span> 
     </span>
    </p>
   </div>
   <div class='ocr_carea' id='block_1_64' title="bbox 460 3196 3689 3271">
    <p class='ocr_par' dir='ltr' id='par_1_64' title="bbox 460 3196 3689 3271">
     <span class='ocr_line' id='line_1_65' title="bbox 460 3196 3689 3271; baseline -0 -22"><span class='ocrx_word' id='word_1_404' title='bbox 460 3202 548 3250; x_wconf 82' lang='lat' dir='ltr'><strong>tur</strong></span> <span class='ocrx_word' id='word_1_405' title='bbox 576 3196 667 3249; x_wconf 91' lang='lat' dir='ltr'><strong>tibi</strong></span> <span class='ocrx_word' id='word_1_406' title='bbox 719 3212 914 3267; x_wconf 89' lang='lat' dir='ltr'><strong>pauper</strong></span> <span class='ocrx_word' id='word_1_407' title='bbox 956 3199 1183 3265; x_wconf 88' lang='lat' dir='ltr'><strong>videtur,</strong></span> <span class='ocrx_word' id='word_1_408' title='bbox 1228 3204 1317 3269; x_wconf 90' lang='lat' dir='ltr'><strong>qui</strong></span> <span class='ocrx_word' id='word_1_409' title='bbox 1362 3212 1640 3257; x_wconf 88' lang='lat' dir='ltr'><strong>contentus</strong></span> <span class='ocrx_word' id='word_1_410' title='bbox 1686 3215 1766 3259; x_wconf 88' lang='lat' dir='ltr'><strong>est</strong></span> <span class='ocrx_word' id='word_1_411' title='bbox 1811 3222 1930 3269; x_wconf 88' lang='lat' dir='ltr'><strong>suo,</strong></span> <span class='ocrx_word' id='word_1_412' title='bbox 1962 3223 2027 3259; x_wconf 91' lang='lat' dir='ltr'><strong>an</strong></span> <span class='ocrx_word' id='word_1_413' title='bbox 2060 3210 2104 3271; x_wconf 65' lang='grc' dir='ltr'><strong>(ζ</strong></span> <span class='ocrx_word' id='word_1_414' title='bbox 2135 3207 2293 3258; x_wconf 91' lang='lat' dir='ltr'><strong>cessit</strong></span> <span class='ocrx_word' id='word_1_415' title='bbox 2324 3219 2386 3256; x_wconf 78' lang='lat' dir='ltr'><strong>ex</strong></span> <span class='ocrx_word' id='word_1_416' title='bbox 2423 3204 2611 3257; x_wconf 81' lang='lat' dir='ltr'><strong>Ninive</strong></span> <span class='ocrx_word' id='word_1_417' title='bbox 2641 3219 2758 3254; x_wconf 80' lang='lat' dir='ltr'><strong>rum</strong></span> <span class='ocrx_word' id='word_1_418' title='bbox 2806 3217 2968 3253; x_wconf 85' lang='lat' dir='ltr'><strong>uxore</strong></span> <span class='ocrx_word' id='word_1_419' title='bbox 2996 3216 3113 3261; x_wconf 90' lang='lat' dir='ltr'><strong>sua,</strong></span> <span class='ocrx_word' id='word_1_420' title='bbox 3142 3209 3195 3253; x_wconf 89' lang='lat' dir='ltr'><strong>et</strong></span> <span class='ocrx_word' id='word_1_421' title='bbox 3224 3199 3347 3252; x_wconf 89' lang='lat' dir='ltr'><strong>ﬁliis</strong></span> <span class='ocrx_word' id='word_1_422' title='bbox 3376 3209 3430 3251; x_wconf 88' lang='lat' dir='ltr'><strong>et</strong></span> <span class='ocrx_word' id='word_1_423' title='bbox 3460 3198 3689 3250; x_wconf 87' lang='lat' dir='ltr'><strong>filiorum</strong></span> 
     </span>
    </p>
   </div>
   <div class='ocr_carea' id='block_1_65' title="bbox 460 3286 2030 3361">
    <p class='ocr_par' dir='ltr' id='par_1_65' title="bbox 460 3286 2030 3361">
     <span class='ocr_line' id='line_1_66' title="bbox 460 3286 2030 3361; baseline 0.006 -22"><span class='ocrx_word' id='word_1_424' title='bbox 460 3286 549 3355; x_wconf 89' lang='lat' dir='ltr'><strong>qui</strong></span> <span class='ocrx_word' id='word_1_425' title='bbox 594 3288 919 3354; x_wconf 89' lang='lat' dir='ltr'><strong>concupiscit</strong></span> <span class='ocrx_word' id='word_1_426' title='bbox 949 3290 1212 3343; x_wconf 82' lang='lat' dir='ltr'><strong>alienum?</strong></span> <span class='ocrx_word' id='word_1_427' title='bbox 1244 3290 1393 3345; x_wconf 86' lang='lat' dir='ltr'><strong>Alter</strong></span> <span class='ocrx_word' id='word_1_428' title='bbox 1422 3302 1569 3346; x_wconf 88' lang='lat' dir='ltr'><strong>certe</strong></span> <span class='ocrx_word' id='word_1_429' title='bbox 1601 3310 1799 3361; x_wconf 87' lang='lat' dir='ltr'><strong>pauper</strong></span> <span class='ocrx_word' id='word_1_430' title='bbox 1843 3305 1925 3349; x_wconf 89' lang='lat' dir='ltr'><strong>est</strong></span> <span class='ocrx_word' id='word_1_431' title='bbox 1954 3298 2030 3349; x_wconf 91' lang='lat' dir='ltr'><strong>af-</strong></span> 
     </span>
    </p>
   </div>
   <div class='ocr_carea' id='block_1_66' title="bbox 460 3377 2033 3449">
    <p class='ocr_par' dir='ltr' id='par_1_66' title="bbox 460 3377 2033 3449">
     <span class='ocr_line' id='line_1_67' title="bbox 460 3377 2033 3449; baseline 0.007 -19"><span class='ocrx_word' id='word_1_432' title='bbox 460 3377 619 3431; x_wconf 86' lang='lat' dir='ltr'><strong>fectu.</strong></span> <span class='ocrx_word' id='word_1_433' title='bbox 652 3379 779 3433; x_wconf 51' lang='lat' dir='ltr'><strong>Alfet</strong></span> <span class='ocrx_word' id='word_1_434' title='bbox 803 3388 885 3432; x_wconf 81' lang='lat' dir='ltr'><strong>lus</strong></span> <span class='ocrx_word' id='word_1_435' title='bbox 914 3380 1059 3434; x_wconf 86' lang='lat' dir='ltr'><strong>dives</strong></span> <span class='ocrx_word' id='word_1_436' title='bbox 1086 3397 1243 3448; x_wconf 87' lang='lat' dir='ltr'><strong>egere</strong></span> <span class='ocrx_word' id='word_1_437' title='bbox 1286 3398 1389 3436; x_wconf 89' lang='lat' dir='ltr'><strong>non</strong></span> <span class='ocrx_word' id='word_1_438' title='bbox 1432 3386 1609 3449; x_wconf 92' lang='lat' dir='ltr'><strong>novit,</strong></span> <span class='ocrx_word' id='word_1_439' title='bbox 1640 3401 1835 3440; x_wconf 90' lang='lat' dir='ltr'><strong>census</strong></span> <span class='ocrx_word' id='word_1_440' title='bbox 1866 3388 2033 3441; x_wconf 85' lang='lat' dir='ltr'><strong>almu-</strong></span> 
     </span>
    </p>
   </div>
   <div class='ocr_carea' id='block_1_67' title="bbox 461 3466 2035 3545">
    <p class='ocr_par' dir='ltr' id='par_1_67' title="bbox 461 3466 2035 3545">
     <span class='ocr_line' id='line_1_68' title="bbox 461 3466 2035 3545; baseline 0.008 -26"><span class='ocrx_word' id='word_1_441' title='bbox 461 3466 595 3520; x_wconf 85' lang='lat' dir='ltr'><strong>dans</strong></span> <span class='ocrx_word' id='word_1_442' title='bbox 647 3471 828 3537; x_wconf 90' lang='lat' dir='ltr'><strong>nequit</strong></span> <span class='ocrx_word' id='word_1_443' title='bbox 875 3472 1020 3523; x_wconf 88' lang='lat' dir='ltr'><strong>avari</strong></span> <span class='ocrx_word' id='word_1_444' title='bbox 1078 3484 1263 3540; x_wconf 67' lang='lat' dir='ltr'><strong>pectus</strong></span> <span class='ocrx_word' id='word_1_445' title='bbox 1315 3475 1557 3539; x_wconf 72' lang='lat' dir='ltr'><strong>eXpIere.</strong></span> <span class='ocrx_word' id='word_1_446' title='bbox 1613 3476 1839 3545; x_wconf 88' lang='lat' dir='ltr'><strong>Ideoque</strong></span> <span class='ocrx_word' id='word_1_447' title='bbox 1886 3479 2035 3532; x_wconf 84' lang='lat' dir='ltr'><strong>dives</strong></span> 
     </span>
    </p>
   </div>
   <div class='ocr_carea' id='block_1_68' title="bbox 461 3557 2035 3635">
    <p class='ocr_par' dir='ltr' id='par_1_68' title="bbox 461 3557 2035 3635">
     <span class='ocr_line' id='line_1_69' title="bbox 461 3557 2035 3635; baseline 0.008 -26"><span class='ocrx_word' id='word_1_448' title='bbox 461 3557 702 3624; x_wconf 88' lang='lat' dir='ltr'><strong>cupidus.</strong></span> <span class='ocrx_word' id='word_1_449' title='bbox 729 3558 784 3611; x_wconf 93' lang='lat' dir='ltr'><strong>In</strong></span> <span class='ocrx_word' id='word_1_450' title='bbox 804 3560 1051 3613; x_wconf 90' lang='lat' dir='ltr'><strong>invidiam</strong></span> <span class='ocrx_word' id='word_1_451' title='bbox 1076 3564 1447 3629; x_wconf 84' lang='lat' dir='ltr'><strong>possessionis,</strong></span> <span class='ocrx_word' id='word_1_452' title='bbox 1474 3575 1525 3617; x_wconf 90' lang='lat' dir='ltr'><strong>et</strong></span> <span class='ocrx_word' id='word_1_453' title='bbox 1556 3569 1878 3634; x_wconf 72' lang='lat' dir='ltr'><strong>paupertatis</strong></span> <span class='ocrx_word' id='word_1_454' title='bbox 1906 3585 2035 3635; x_wconf 89' lang='lat' dir='ltr'><strong>qne-</strong></span> 
     </span>
    </p>
   </div>
   <div class='ocr_carea' id='block_1_69' title="bbox 464 3647 2029 3722">
    <p class='ocr_par' dir='ltr' id='par_1_69' title="bbox 464 3647 2029 3722">
     <span class='ocr_line' id='line_1_70' title="bbox 464 3647 2029 3722; baseline 0.007 -22"><span class='ocrx_word' id='word_1_455' title='bbox 464 3647 664 3713; x_wconf 91' lang='lat' dir='ltr'><strong>relam,</strong></span> <span class='ocrx_word' id='word_1_456' title='bbox 715 3651 983 3704; x_wconf 85' lang='lat' dir='ltr'><strong>Ambrosii</strong></span> <span class='ocrx_word' id='word_1_457' title='bbox 1035 3652 1200 3717; x_wconf 87' lang='lat' dir='ltr'><strong>libro,</strong></span> <span class='ocrx_word' id='word_1_458' title='bbox 1250 3655 1399 3722; x_wconf 87' lang='lat' dir='ltr'><strong>cujus</strong></span> <span class='ocrx_word' id='word_1_459' title='bbox 1446 3657 1605 3709; x_wconf 92' lang='lat' dir='ltr'><strong>modo</strong></span> <span class='ocrx_word' id='word_1_460' title='bbox 1660 3658 2029 3721; x_wconf 88' lang='lat' dir='ltr'><strong>memininms,</strong></span> 
     </span>
    </p>
   </div>
   <div class='ocr_carea' id='block_1_70' title="bbox 466 3741 2031 3825">
    <p class='ocr_par' dir='ltr' id='par_1_70' title="bbox 466 3741 2031 3825">
     <span class='ocr_line' id='line_1_71' title="bbox 466 3741 2031 3825; baseline 0.004 -30"><span class='ocrx_word' id='word_1_461' title='bbox 466 3741 689 3825; x_wconf 71' lang='lat' dir='ltr'><strong>nescios</strong></span> <span class='ocrx_word' id='word_1_462' title='bbox 712 3756 816 3810; x_wconf 92' lang='lat' dir='ltr'><strong>quo</strong></span> <span class='ocrx_word' id='word_1_463' title='bbox 847 3742 1109 3809; x_wconf 89' lang='lat' dir='ltr'><strong>adjectum</strong></span> <span class='ocrx_word' id='word_1_464' title='bbox 1139 3755 1221 3797; x_wconf 89' lang='lat' dir='ltr'><strong>est</strong></span> <span class='ocrx_word' id='word_1_465' title='bbox 1253 3750 1598 3815; x_wconf 78' lang='lat' dir='ltr'><strong>epigramma,</strong></span> <span class='ocrx_word' id='word_1_466' title='bbox 1631 3763 1733 3799; x_wconf 89' lang='lat' dir='ltr'><strong>non</strong></span> <span class='ocrx_word' id='word_1_467' title='bbox 1763 3748 2031 3816; x_wconf 84' lang='lat' dir='ltr'><strong>indignum</strong></span> 
     </span>
    </p>
   </div>
   <div class='ocr_carea' id='block_1_71' title="bbox 460 3833 1294 3904">
    <p class='ocr_par' dir='ltr' id='par_1_71' title="bbox 460 3833 1294 3904">
     <span class='ocr_line' id='line_1_72' title="bbox 460 3833 1294 3904; baseline 0.004 -18"><span class='ocrx_word' id='word_1_468' title='bbox 460 3848 589 3887; x_wconf 87' lang='lat' dir='ltr'><strong>sane</strong></span> <span class='ocrx_word' id='word_1_469' title='bbox 610 3833 747 3902; x_wconf 90' lang='lat' dir='ltr'><strong>quod</strong></span> <span class='ocrx_word' id='word_1_470' title='bbox 776 3844 830 3888; x_wconf 90' lang='lat' dir='ltr'><strong>et</strong></span> <span class='ocrx_word' id='word_1_471' title='bbox 858 3835 938 3888; x_wconf 92' lang='lat' dir='ltr'><strong>his</strong></span> <span class='ocrx_word' id='word_1_472' title='bbox 960 3847 1254 3904; x_wconf 87' lang='lat' dir='ltr'><strong>apponatur</strong></span> <span class='ocrx_word' id='word_1_473' title='bbox 1281 3854 1294 3889; x_wconf 90' lang='lat'>:</span> 
     </span>
    </p>
   </div>
   <div class='ocr_carea' id='block_1_72' title="bbox 555 3923 1861 3988">
    <p class='ocr_par' dir='ltr' id='par_1_72' title="bbox 555 3923 1861 3988">
     <span class='ocr_line' id='line_1_73' title="bbox 555 3923 1861 3988; baseline 0.005 -17"><span class='ocrx_word' id='word_1_474' title='bbox 555 3923 763 3988; x_wconf 74' lang='lat' dir='ltr'><strong>Plurima</strong></span> <span class='ocrx_word' id='word_1_475' title='bbox 792 3924 976 3975; x_wconf 89' lang='lat' dir='ltr'><strong>habere</strong></span> <span class='ocrx_word' id='word_1_476' title='bbox 1001 3928 1151 3987; x_wconf 88' lang='lat' dir='ltr'><strong>cupit,</strong></span> <span class='ocrx_word' id='word_1_477' title='bbox 1176 3928 1258 3987; x_wconf 88' lang='lat' dir='ltr'><strong>qui</strong></span> <span class='ocrx_word' id='word_1_478' title='bbox 1285 3928 1495 3987; x_wconf 75' lang='lat' dir='ltr'><strong>possidet</strong></span> <span class='ocrx_word' id='word_1_479' title='bbox 1521 3931 1677 3975; x_wconf 84' lang='lat' dir='ltr'><strong>oamia</strong></span> <span class='ocrx_word' id='word_1_480' title='bbox 1707 3929 1861 3988; x_wconf 66' lang='lat' dir='ltr'><strong>dives,</strong></span> 
     </span>
    </p>
   </div>
   <div class='ocr_carea' id='block_1_73' title="bbox 612 3983 1723 4048">
    <p class='ocr_par' dir='ltr' id='par_1_73' title="bbox 612 3983 1723 4048">
     <span class='ocr_line' id='line_1_74' title="bbox 612 3983 1723 4048; baseline 0.001 -14"><span class='ocrx_word' id='word_1_481' title='bbox 612 3983 801 4048; x_wconf 79' lang='lat' dir='ltr'><strong>Nempe</strong></span> <span class='ocrx_word' id='word_1_482' title='bbox 828 3988 995 4046; x_wconf 82' lang='lat' dir='ltr'><strong>inopes</strong></span> <span class='ocrx_word' id='word_1_483' title='bbox 1022 3983 1345 4048; x_wconf 56' lang='lat' dir='ltr'><strong>reddit&#39;copia</strong></span> <span class='ocrx_word' id='word_1_484' title='bbox 1376 4002 1547 4045; x_wconf 59' lang='lat' dir='ltr'><strong>magna</strong></span> <span class='ocrx_word' id='word_1_485' title='bbox 1575 3992 1632 4035; x_wconf 65' lang='lat' dir='ltr'><strong>vi.</strong></span> <span class='ocrx_word' id='word_1_486' title='bbox 1650 4004 1723 4047; x_wconf 84' lang='lat' dir='ltr'><strong>os,</strong></span> 
     </span>
    </p>
   </div>
   <div class='ocr_carea' id='block_1_74' title="bbox 557 4044 1911 4108">
    <p class='ocr_par' dir='ltr' id='par_1_74' title="bbox 557 4044 1911 4108">
     <span class='ocr_line' id='line_1_75' title="bbox 557 4044 1911 4108; baseline 0.004 -14"><span class='ocrx_word' id='word_1_487' title='bbox 557 4044 695 4108; x_wconf 80' lang='lat' dir='ltr'><strong>Unde</strong></span> <span class='ocrx_word' id='word_1_488' title='bbox 722 4044 929 4108; x_wconf 79' lang='lat' dir='ltr'><strong>habeant</strong></span> <span class='ocrx_word' id='word_1_489' title='bbox 949 4060 1064 4095; x_wconf 88' lang='lat' dir='ltr'><strong>eura</strong></span> <span class='ocrx_word' id='word_1_490' title='bbox 1091 4056 1167 4096; x_wconf 88' lang='lat' dir='ltr'><strong>est</strong></span> <span class='ocrx_word' id='word_1_491' title='bbox 1191 4044 1373 4107; x_wconf 80' lang='lat' dir='ltr'><strong>paucis,</strong></span> <span class='ocrx_word' id='word_1_492' title='bbox 1401 4044 1487 4096; x_wconf 86' lang='lat' dir='ltr'><strong>sed</strong></span> <span class='ocrx_word' id='word_1_493' title='bbox 1506 4044 1911 4108; x_wconf 49' lang='lat' dir='ltr'><strong>oportet&#39;habere</strong></span> 
     </span>
    </p>
   </div>
   <div class='ocr_carea' id='block_1_75' title="bbox 618 4106 1825 4172">
    <p class='ocr_par' dir='ltr' id='par_1_75' title="bbox 618 4106 1825 4172">
     <span class='ocr_line' id='line_1_76' title="bbox 618 4106 1825 4172; baseline 0.007 -19"><span class='ocrx_word' id='word_1_494' title='bbox 618 4106 714 4153; x_wconf 80' lang='lat' dir='ltr'><strong>l’er</strong></span> <span class='ocrx_word' id='word_1_495' title='bbox 733 4107 891 4172; x_wconf 81' lang='lat' dir='ltr'><strong>scelus</strong></span> <span class='ocrx_word' id='word_1_496' title='bbox 913 4117 1059 4172; x_wconf 75' lang='lat' dir='ltr'><strong>atque.</strong></span> <span class='ocrx_word' id='word_1_497' title='bbox 1082 4106 1234 4172; x_wconf 74' lang='lat' dir='ltr'><strong>nefas,</strong></span> <span class='ocrx_word' id='word_1_498' title='bbox 1265 4106 1449 4172; x_wconf 81' lang='lat' dir='ltr'><strong>pauper</strong></span> <span class='ocrx_word' id='word_1_499' title='bbox 1471 4106 1648 4169; x_wconf 86' lang='lat' dir='ltr'><strong>ubique</strong></span> <span class='ocrx_word' id='word_1_500' title='bbox 1673 4114 1825 4170; x_wconf 81' lang='lat' dir='ltr'><strong>jacet,</strong></span> 
     </span>
    </p>
   </div>
   <div class='ocr_carea' id='block_1_76' title="bbox 555 4164 1873 4227">
    <p class='ocr_par' dir='ltr' id='par_1_76' title="bbox 555 4164 1873 4227">
     <span class='ocr_line' id='line_1_77' title="bbox 555 4164 1873 4227; baseline 0.004 -14"><span class='ocrx_word' id='word_1_501' title='bbox 555 4164 656 4214; x_wconf 79' lang='lat' dir='ltr'><strong>Hoc</strong></span> <span class='ocrx_word' id='word_1_502' title='bbox 684 4176 820 4227; x_wconf 87' lang='lat' dir='ltr'><strong>pater</strong></span> <span class='ocrx_word' id='word_1_503' title='bbox 846 4164 1123 4217; x_wconf 75' lang='lat' dir='ltr'><strong>Ambrosius</strong></span> <span class='ocrx_word' id='word_1_504' title='bbox 1142 4164 1375 4219; x_wconf 44' lang='lat' dir='ltr'><strong>Nalm-dmi</strong></span> <span class='ocrx_word' id='word_1_505' title='bbox 1402 4164 1607 4219; x_wconf 77' lang='lat' dir='ltr'><strong>testatur</strong></span> <span class='ocrx_word' id='word_1_506' title='bbox 1632 4164 1690 4220; x_wconf 70' lang='lat' dir='ltr'><strong>iii</strong></span> <span class='ocrx_word' id='word_1_507' title='bbox 1706 4164 1873 4220; x_wconf 77' lang='lat' dir='ltr'><strong>umbra</strong></span> 
     </span>
    </p>
   </div>
   <div class='ocr_carea' id='block_1_77' title="bbox 616 4229 1603 4293">
    <p class='ocr_par' dir='ltr' id='par_1_77' title="bbox 616 4229 1603 4293">
     <span class='ocr_line' id='line_1_78' title="bbox 616 4229 1603 4293; baseline 0.004 -19"><span class='ocrx_word' id='word_1_508' title='bbox 616 4229 705 4285; x_wconf 87' lang='lat' dir='ltr'><strong>Qui</strong></span> <span class='ocrx_word' id='word_1_509' title='bbox 733 4241 817 4289; x_wconf 82' lang='lat' dir='ltr'><strong>pio</strong></span> <span class='ocrx_word' id='word_1_510' title='bbox 840 4242 956 4276; x_wconf 90' lang='lat' dir='ltr'><strong>rure</strong></span> <span class='ocrx_word' id='word_1_511' title='bbox 982 4244 1070 4277; x_wconf 87' lang='lat' dir='ltr'><strong>suo</strong></span> <span class='ocrx_word' id='word_1_512' title='bbox 1096 4245 1219 4293; x_wconf 82' lang='lat' dir='ltr'><strong>rege</strong></span> <span class='ocrx_word' id='word_1_513' title='bbox 1244 4233 1435 4281; x_wconf 85' lang='lat' dir='ltr'><strong>volente</strong></span> <span class='ocrx_word' id='word_1_514' title='bbox 1462 4232 1603 4280; x_wconf 58' lang='lat' dir='ltr'><strong>cadit.</strong></span> 
     </span>
    </p>
   </div>
   <div class='ocr_carea' id='block_1_78' title="bbox 464 4309 2034 4380">
    <p class='ocr_par' dir='ltr' id='par_1_78' title="bbox 464 4309 2034 4380">
     <span class='ocr_line' id='line_1_79' title="bbox 464 4309 2034 4380; baseline 0.003 -16"><span class='ocrx_word' id='word_1_515' title='bbox 464 4309 775 4364; x_wconf 83' lang='lat' dir='ltr'><strong>Addidimus</strong></span> <span class='ocrx_word' id='word_1_516' title='bbox 798 4321 851 4363; x_wconf 77' lang='lat' dir='ltr'><strong>et</strong></span> <span class='ocrx_word' id='word_1_517' title='bbox 884 4327 979 4365; x_wconf 56' lang='lat'><strong>&quot;0&quot;</strong></span> <span class='ocrx_word' id='word_1_518' title='bbox 1011 4314 1212 4380; x_wconf 84' lang='lat' dir='ltr'><strong>aliquot</strong></span> <span class='ocrx_word' id='word_1_519' title='bbox 1236 4316 1301 4365; x_wconf 87' lang='lat' dir='ltr'><strong>ah</strong></span> <span class='ocrx_word' id='word_1_520' title='bbox 1336 4316 1457 4367; x_wconf 92' lang='lat' dir='ltr'><strong>hinc</strong></span> <span class='ocrx_word' id='word_1_521' title='bbox 1504 4331 1690 4376; x_wconf 81' lang='lat' dir='ltr'><strong>annos,</strong></span> <span class='ocrx_word' id='word_1_522' title='bbox 1723 4331 1842 4368; x_wconf 89' lang='lat' dir='ltr'><strong>cum</strong></span> <span class='ocrx_word' id='word_1_523' title='bbox 1897 4316 2034 4369; x_wconf 88' lang='lat' dir='ltr'><strong>idem</strong></span> 
     </span>
    </p>
   </div>
   <div class='ocr_carea' id='block_1_79' title="bbox 458 4401 2036 4475">
    <p class='ocr_par' dir='ltr' id='par_1_79' title="bbox 458 4401 2036 4475">
     <span class='ocr_line' id='line_1_80' title="bbox 458 4401 2036 4475; baseline 0.003 -22"><span class='ocrx_word' id='word_1_524' title='bbox 458 4410 593 4470; x_wconf 79' lang='lat' dir='ltr'><strong>opus</strong></span> <span class='ocrx_word' id='word_1_525' title='bbox 622 4401 893 4469; x_wconf 87' lang='lat' dir='ltr'><strong>discipulis</strong></span> <span class='ocrx_word' id='word_1_526' title='bbox 921 4405 1273 4455; x_wconf 82' lang='lat' dir='ltr'><strong>ettatrandttm</strong></span> <span class='ocrx_word' id='word_1_527' title='bbox 1304 4407 1747 4473; x_wconf 78' lang='lat' dir='ltr'><strong>suscepissemus,</strong></span> <span class='ocrx_word' id='word_1_528' title='bbox 1783 4412 1885 4460; x_wconf 89' lang='lat' dir='ltr'><strong>hoc</strong></span> <span class='ocrx_word' id='word_1_529' title='bbox 1907 4423 2036 4475; x_wconf 88' lang='lat' dir='ltr'><strong>qua-</strong></span> 
     </span>
    </p>
   </div>
   <div class='ocr_carea' id='block_1_80' title="bbox 461 4491 1397 4560">
    <p class='ocr_par' dir='ltr' id='par_1_80' title="bbox 461 4491 1397 4560">
     <span class='ocr_line' id='line_1_81' title="bbox 461 4491 1397 4560; baseline 0.004 -16"><span class='ocrx_word' id='word_1_530' title='bbox 461 4491 721 4560; x_wconf 91' lang='lat' dir='ltr'><strong>lecunque</strong></span> <span class='ocrx_word' id='word_1_531' title='bbox 741 4495 993 4548; x_wconf 90' lang='lat' dir='ltr'><strong>carminis</strong></span> <span class='ocrx_word' id='word_1_532' title='bbox 1019 4494 1357 4548; x_wconf 90' lang='lat' dir='ltr'><strong>simulacrum</strong></span> <span class='ocrx_word' id='word_1_533' title='bbox 1385 4512 1397 4548; x_wconf 91' lang='lat'><strong>:</strong></span> 
     </span>
    </p>
   </div>
   <div class='ocr_carea' id='block_1_81' title="bbox 556 4576 1968 4646">
    <p class='ocr_par' dir='ltr' id='par_1_81' title="bbox 556 4576 1968 4646">
     <span class='ocr_line' id='line_1_82' title="bbox 556 4576 1968 4646; baseline 0.004 -17"><span class='ocrx_word' id='word_1_534' title='bbox 556 4580 693 4646; x_wconf 70' lang='lat' dir='ltr'><strong>mens</strong></span> <span class='ocrx_word' id='word_1_535' title='bbox 714 4576 921 4646; x_wconf 67' lang='lat' dir='ltr'><strong>hominis</strong></span> <span class='ocrx_word' id='word_1_536' title='bbox 940 4582 1097 4641; x_wconf 86' lang='lat' dir='ltr'><strong>dives,</strong></span> <span class='ocrx_word' id='word_1_537' title='bbox 1126 4596 1215 4630; x_wconf 88' lang='lat' dir='ltr'><strong>non</strong></span> <span class='ocrx_word' id='word_1_538' title='bbox 1242 4598 1375 4645; x_wconf 82' lang='lat' dir='ltr'><strong>gaza,</strong></span> <span class='ocrx_word' id='word_1_539' title='bbox 1402 4598 1493 4633; x_wconf 88' lang='lat' dir='ltr'><strong>nec</strong></span> <span class='ocrx_word' id='word_1_540' title='bbox 1511 4596 1616 4632; x_wconf 89' lang='lat' dir='ltr'><strong>arca</strong></span> <span class='ocrx_word' id='word_1_541' title='bbox 1642 4589 1850 4646; x_wconf 89' lang='lat' dir='ltr'><strong>putanda</strong></span> <span class='ocrx_word' id='word_1_542' title='bbox 1876 4597 1968 4645; x_wconf 90' lang='lat' dir='ltr'><strong>est,</strong></span> 
     </span>
    </p>
   </div>
   <div class='ocr_carea' id='block_1_82' title="bbox 614 4642 1805 4707">
    <p class='ocr_par' dir='ltr' id='par_1_82' title="bbox 614 4642 1805 4707">
     <span class='ocr_line' id='line_1_83' title="bbox 614 4642 1805 4707; baseline 0.003 -16"><span class='ocrx_word' id='word_1_543' title='bbox 614 4642 840 4707; x_wconf 81' lang='lat' dir='ltr'><strong>Cuisatis</strong></span> <span class='ocrx_word' id='word_1_544' title='bbox 864 4652 939 4707; x_wconf 83' lang='lat' dir='ltr'><strong>est</strong></span> <span class='ocrx_word' id='word_1_545' title='bbox 962 4658 1226 4707; x_wconf 76' lang='lat' dir='ltr'><strong>nunquam,</strong></span> <span class='ocrx_word' id='word_1_546' title='bbox 1251 4642 1447 4707; x_wconf 77' lang='lat' dir='ltr'><strong>semper</strong></span> <span class='ocrx_word' id='word_1_547' title='bbox 1472 4642 1653 4694; x_wconf 56' lang='lat' dir='ltr'><strong>aVarus&#39;</strong></span> <span class='ocrx_word' id='word_1_548' title='bbox 1670 4655 1805 4707; x_wconf 87' lang='lat' dir='ltr'><strong>eget.</strong></span> 
     </span>
    </p>
   </div>
   <div class='ocr_carea' id='block_1_83' title="bbox 552 4703 1871 4770">
    <p class='ocr_par' dir='ltr' id='par_1_83' title="bbox 552 4703 1871 4770">
     <span class='ocr_line' id='line_1_84' title="bbox 552 4703 1871 4770; baseline 0.005 -20"><span class='ocrx_word' id='word_1_549' title='bbox 552 4703 741 4770; x_wconf 55' lang='lat' dir='ltr'><strong>Crescit</strong></span> <span class='ocrx_word' id='word_1_550' title='bbox 764 4707 816 4750; x_wconf 82' lang='lat' dir='ltr'><strong>tit</strong></span> <span class='ocrx_word' id='word_1_551' title='bbox 844 4703 1105 4765; x_wconf 82' lang='lat' dir='ltr'><strong>indulgens</strong></span> <span class='ocrx_word' id='word_1_552' title='bbox 1130 4703 1294 4770; x_wconf 83' lang='lat' dir='ltr'><strong>potum</strong></span> <span class='ocrx_word' id='word_1_553' title='bbox 1319 4703 1424 4770; x_wconf 13' lang='lat' dir='ltr'><strong>sibi]</strong></span> <span class='ocrx_word' id='word_1_554' title='bbox 1440 4706 1624 4754; x_wconf 90' lang='lat' dir='ltr'><strong>luridus</strong></span> <span class='ocrx_word' id='word_1_555' title='bbox 1643 4703 1871 4770; x_wconf 71' lang='lat' dir='ltr'><strong>hydrOps,</strong></span> 
     </span>
    </p>
   </div>
   <div class='ocr_carea' id='block_1_84' title="bbox 614 4763 1768 4827">
    <p class='ocr_par' dir='ltr' id='par_1_84' title="bbox 614 4763 1768 4827">
     <span class='ocr_line' id='line_1_85' title="bbox 614 4763 1768 4827; baseline 0.009 -19"><span class='ocrx_word' id='word_1_556' title='bbox 614 4763 694 4809; x_wconf 74' lang='lat' dir='ltr'><strong>Sic</strong></span> <span class='ocrx_word' id='word_1_557' title='bbox 718 4774 926 4827; x_wconf 75' lang='lat' dir='ltr'><strong>augetur</strong></span> <span class='ocrx_word' id='word_1_558' title='bbox 950 4763 1113 4825; x_wconf 82' lang='lat' dir='ltr'><strong>opum,</strong></span> <span class='ocrx_word' id='word_1_559' title='bbox 1131 4763 1251 4814; x_wconf 78' lang='lat' dir='ltr'><strong>dum</strong></span> <span class='ocrx_word' id='word_1_560' title='bbox 1268 4768 1591 4827; x_wconf 91' lang='lat' dir='ltr'><strong>cumulantur,</strong></span> <span class='ocrx_word' id='word_1_561' title='bbox 1620 4763 1768 4818; x_wconf 82' lang='lat' dir='ltr'><strong>amor.</strong></span> 
     </span>
    </p>
   </div>
   <div class='ocr_carea' id='block_1_85' title="bbox 554 4824 1541 4889">
    <p class='ocr_par' dir='ltr' id='par_1_85' title="bbox 554 4824 1541 4889">
     <span class='ocr_line' id='line_1_86' title="bbox 554 4824 1541 4889; baseline 0.007 -19"><span class='ocrx_word' id='word_1_562' title='bbox 554 4824 648 4871; x_wconf 77' lang='lat' dir='ltr'><strong>Fas</strong></span> <span class='ocrx_word' id='word_1_563' title='bbox 673 4831 724 4872; x_wconf 87' lang='lat' dir='ltr'><strong>et</strong></span> <span class='ocrx_word' id='word_1_564' title='bbox 743 4826 848 4889; x_wconf 88' lang='lat' dir='ltr'><strong>jura</strong></span> <span class='ocrx_word' id='word_1_565' title='bbox 874 4824 1129 4889; x_wconf 25' lang='lat' dir='ltr'><strong>lacit’nihili</strong></span> <span class='ocrx_word' id='word_1_566' title='bbox 1158 4842 1328 4877; x_wconf 85' lang='lat' dir='ltr'><strong>vesana</strong></span> <span class='ocrx_word' id='word_1_567' title='bbox 1350 4829 1541 4889; x_wconf 87' lang='lat' dir='ltr'><strong>cupido,</strong></span> 
     </span>
    </p>
   </div>
   <div class='ocr_carea' id='block_1_86' title="bbox 619 4887 1713 4952">
    <p class='ocr_par' dir='ltr' id='par_1_86' title="bbox 619 4887 1713 4952">
     <span class='ocr_line' id='line_1_87' title="bbox 619 4887 1713 4952; baseline 0.007 -23"><span class='ocrx_word' id='word_1_568' title='bbox 619 4887 892 4952; x_wconf 81' lang='lat' dir='ltr'><strong>Quodque]</strong></span> <span class='ocrx_word' id='word_1_569' title='bbox 918 4889 961 4934; x_wconf 67' lang='lat' dir='ltr'><strong>ha</strong></span> <span class='ocrx_word' id='word_1_570' title='bbox 983 4896 1019 4943; x_wconf 85' lang='lat' dir='ltr'><strong>t,</strong></span> <span class='ocrx_word' id='word_1_571' title='bbox 1050 4903 1171 4935; x_wconf 60' lang='grc' dir='ltr'><strong>νει-(τι</strong></span> <span class='ocrx_word' id='word_1_572' title='bbox 1198 4899 1360 4952; x_wconf 85' lang='lat' dir='ltr'><strong>mente</strong></span> <span class='ocrx_word' id='word_1_573' title='bbox 1390 4887 1543 4939; x_wconf 84' lang='lat' dir='ltr'><strong>licere</strong></span> <span class='ocrx_word' id='word_1_574' title='bbox 1566 4898 1713 4952; x_wconf 82' lang='lat' dir='ltr'><strong>putat.</strong></span> 
     </span>
    </p>
   </div>
   <div class='ocr_carea' id='block_1_87' title="bbox 557 4945 1730 5009">
    <p class='ocr_par' dir='ltr' id='par_1_87' title="bbox 557 4945 1730 5009">
     <span class='ocr_line' id='line_1_88' title="bbox 557 4945 1730 5009; baseline 0.009 -17"><span class='ocrx_word' id='word_1_575' title='bbox 557 4945 691 5009; x_wconf 71' lang='lat' dir='ltr'><strong>Inter</strong></span> <span class='ocrx_word' id='word_1_576' title='bbox 713 4962 757 5005; x_wconf 77' lang='grc' dir='ltr'><strong>οι</strong></span> <span class='ocrx_word' id='word_1_577' title='bbox 778 4962 833 4995; x_wconf 88' lang='lat' dir='ltr'><strong>es</strong></span> <span class='ocrx_word' id='word_1_578' title='bbox 856 4951 1045 5006; x_wconf 76' lang='lat' dir='ltr'><strong>inopem</strong></span> <span class='ocrx_word' id='word_1_579' title='bbox 1075 4954 1201 4996; x_wconf 85' lang='lat' dir='ltr'><strong>noris</strong></span> <span class='ocrx_word' id='word_1_580' title='bbox 1225 4962 1296 5009; x_wconf 89' lang='lat' dir='ltr'><strong>ut,</strong></span> <span class='ocrx_word' id='word_1_581' title='bbox 1324 4951 1491 5008; x_wconf 79' lang='lat' dir='ltr'><strong>lector,</strong></span> <span class='ocrx_word' id='word_1_582' title='bbox 1521 4945 1730 5001; x_wconf 74' lang='lat' dir='ltr'><strong>avarum.</strong></span> 
     </span>
    </p>
   </div>
   <div class='ocr_carea' id='block_1_88' title="bbox 615 5007 1587 5073">
    <p class='ocr_par' dir='ltr' id='par_1_88' title="bbox 615 5007 1587 5073">
     <span class='ocr_line' id='line_1_89' title="bbox 615 5007 1587 5073; baseline 0.006 -17"><span class='ocrx_word' id='word_1_583' title='bbox 615 5007 717 5057; x_wconf 84' lang='lat' dir='ltr'><strong>Hoc</strong></span> <span class='ocrx_word' id='word_1_584' title='bbox 740 5009 852 5071; x_wconf 91' lang='lat' dir='ltr'><strong>lege</strong></span> <span class='ocrx_word' id='word_1_585' title='bbox 871 5010 939 5058; x_wconf 70' lang='lat' dir='ltr'><strong>dit</strong></span> <span class='ocrx_word' id='word_1_586' title='bbox 955 5013 1017 5057; x_wconf 89' lang='lat' dir='ltr'><strong>ini</strong></span> <span class='ocrx_word' id='word_1_587' title='bbox 1042 5024 1164 5058; x_wconf 85' lang='lat' dir='ltr'><strong>nunc</strong></span> <span class='ocrx_word' id='word_1_588' title='bbox 1187 5007 1309 5073; x_wconf 88' lang='lat' dir='ltr'><strong>Opus</strong></span> <span class='ocrx_word' id='word_1_589' title='bbox 1333 5007 1587 5062; x_wconf 80' lang='lat' dir='ltr'><strong>Ambrosii.</strong></span> 
     </span>
    </p>
   </div>
   <div class='ocr_carea' id='block_1_89' title="bbox 528 5090 855 5161">
    <p class='ocr_par' dir='ltr' id='par_1_89' title="bbox 528 5090 855 5161">
     <span class='ocr_line' id='line_1_90' title="bbox 528 5090 855 5161; baseline 0.003 -18"><span class='ocrx_word' id='word_1_590' title='bbox 528 5090 665 5161; x_wconf 75' lang='lat' dir='ltr'><strong>Agit]</strong></span> <span class='ocrx_word' id='word_1_591' title='bbox 694 5092 855 5145; x_wconf 86' lang='lat' dir='ltr'><strong>Vivit.</strong></span> 
     </span>
    </p>
   </div>
   <div class='ocr_carea' id='block_1_90' title="bbox 528 5181 1115 5253">
    <p class='ocr_par' dir='ltr' id='par_1_90' title="bbox 528 5181 1115 5253">
     <span class='ocr_line' id='line_1_91' title="bbox 528 5181 1115 5253; baseline 0.007 -19"><span class='ocrx_word' id='word_1_592' title='bbox 528 5181 795 5253; x_wconf 67' lang='lat' dir='ltr'><strong>Egeritem]</strong></span> <span class='ocrx_word' id='word_1_593' title='bbox 831 5185 967 5237; x_wconf 84' lang='lat' dir='ltr'><strong>llnta</strong></span> <span class='ocrx_word' id='word_1_594' title='bbox 1001 5188 1115 5238; x_wconf 88' lang='lat' dir='ltr'><strong>ius:</strong></span> 
     </span>
    </p>
   </div>
   <div class='ocr_carea' id='block_1_91' title="bbox 616 5272 1277 5337">
    <p class='ocr_par' dir='ltr' id='par_1_91' title="bbox 616 5272 1277 5337">
     <span class='ocr_line' id='line_1_92' title="bbox 616 5272 1277 5337; baseline 0.009 -19"><span class='ocrx_word' id='word_1_595' title='bbox 616 5272 810 5332; x_wconf 72' lang='lat' dir='ltr'><strong>Magnas</strong></span> <span class='ocrx_word' id='word_1_596' title='bbox 835 5274 963 5322; x_wconf 80' lang='lat' dir='ltr'><strong>inter</strong></span> <span class='ocrx_word' id='word_1_597' title='bbox 983 5290 1105 5337; x_wconf 79' lang='lat' dir='ltr'><strong>Opes</strong></span> <span class='ocrx_word' id='word_1_598' title='bbox 1127 5278 1277 5337; x_wconf 80' lang='lat' dir='ltr'><strong>inops.</strong></span> 
     </span>
    </p>
   </div>
   <div class='ocr_carea' id='block_1_92' title="bbox 445 5349 2036 5425">
    <p class='ocr_par' dir='ltr' id='par_1_92' title="bbox 445 5349 2036 5425">
     <span class='ocr_line' id='line_1_93' title="bbox 445 5349 2036 5425; baseline 0.006 -24"><span class='ocrx_word' id='word_1_599' title='bbox 445 5349 782 5407; x_wconf 82' lang='lat' dir='ltr'><strong>Periander:</strong></span> <span class='ocrx_word' id='word_1_600' title='bbox 815 5355 1036 5409; x_wconf 62' lang='lat' dir='ltr'><strong>Prtcstat</strong></span> <span class='ocrx_word' id='word_1_601' title='bbox 1064 5373 1184 5410; x_wconf 92' lang='lat' dir='ltr'><strong>eum</strong></span> <span class='ocrx_word' id='word_1_602' title='bbox 1208 5358 1294 5425; x_wconf 92' lang='lat' dir='ltr'><strong>qui</strong></span> <span class='ocrx_word' id='word_1_603' title='bbox 1329 5357 1482 5412; x_wconf 88' lang='lat' dir='ltr'><strong>bonis</strong></span> <span class='ocrx_word' id='word_1_604' title='bbox 1514 5374 1617 5413; x_wconf 92' lang='lat' dir='ltr'><strong>non</strong></span> <span class='ocrx_word' id='word_1_605' title='bbox 1649 5359 1811 5413; x_wconf 91' lang='lat' dir='ltr'><strong>utitur</strong></span> <span class='ocrx_word' id='word_1_606' title='bbox 1866 5360 2036 5423; x_wconf 89' lang='lat' dir='ltr'><strong>mori,</strong></span> 
     </span>
    </p>
   </div>
   <div class='ocr_carea' id='block_1_93' title="bbox 461 5447 1131 5515">
    <p class='ocr_par' dir='ltr' id='par_1_93' title="bbox 461 5447 1131 5515">
     <span class='ocr_line' id='line_1_94' title="bbox 461 5447 1131 5515; baseline 0.013 -24"><span class='ocrx_word' id='word_1_607' title='bbox 461 5458 620 5509; x_wconf 77' lang='lat' dir='ltr'><strong>quam</strong></span> <span class='ocrx_word' id='word_1_608' title='bbox 657 5447 921 5500; x_wconf 66' lang='lat' dir='ltr'><strong>viventem</strong></span> <span class='ocrx_word' id='word_1_609' title='bbox 954 5463 1131 5515; x_wconf 83' lang='lat' dir='ltr'><strong>cgere.</strong></span> 
     </span>
    </p>
   </div>
   <div class='ocr_carea' id='block_1_94' title="bbox 987 5526 1486 5583">
    <p class='ocr_par' dir='ltr' id='par_1_94' title="bbox 987 5526 1486 5583">
     <span class='ocr_line' id='line_1_95' title="bbox 987 5526 1486 5583; baseline 0.004 -5"><span class='ocrx_word' id='word_1_610' title='bbox 987 5526 1047 5579; x_wconf 87' lang='lat' dir='ltr'><strong>IN</strong></span> <span class='ocrx_word' id='word_1_611' title='bbox 1081 5527 1355 5583; x_wconf 77' lang='lat' dir='ltr'><strong>PROSAM</strong></span> <span class='ocrx_word' id='word_1_612' title='bbox 1399 5528 1486 5581; x_wconf 94' lang='lat' dir='ltr'><strong>Ill.</strong></span> 
     </span>
    </p>
   </div>
   <div class='ocr_carea' id='block_1_95' title="bbox 529 5600 2037 5673">
    <p class='ocr_par' dir='ltr' id='par_1_95' title="bbox 529 5600 2037 5673">
     <span class='ocr_line' id='line_1_96' title="bbox 529 5600 2037 5673; baseline 0.005 -21"><span class='ocrx_word' id='word_1_613' title='bbox 529 5600 694 5668; x_wconf 87' lang='lat' dir='ltr'><strong>Supra</strong></span> <span class='ocrx_word' id='word_1_614' title='bbox 740 5604 921 5657; x_wconf 81' lang='lat' dir='ltr'><strong>Boetio</strong></span> <span class='ocrx_word' id='word_1_615' title='bbox 954 5607 1158 5660; x_wconf 82' lang='lat' dir='ltr'><strong>fortuna</strong></span> <span class='ocrx_word' id='word_1_616' title='bbox 1190 5609 1269 5660; x_wconf 88' lang='lat' dir='ltr'><strong>sic</strong></span> <span class='ocrx_word' id='word_1_617' title='bbox 1310 5608 1480 5659; x_wconf 81' lang='lat' dir='ltr'><strong>Inru&#39;a</strong></span> <span class='ocrx_word' id='word_1_618' title='bbox 1529 5619 1629 5659; x_wconf 71' lang='lat' dir='ltr'><strong>est.</strong></span> <span class='ocrx_word' id='word_1_619' title='bbox 1666 5608 1799 5673; x_wconf 84' lang='lat' dir='ltr'><strong>Quid</strong></span> <span class='ocrx_word' id='word_1_620' title='bbox 1833 5608 1875 5659; x_wconf 92' lang='lat' dir='ltr'><strong>si</strong></span> <span class='ocrx_word' id='word_1_621' title='bbox 1910 5608 2037 5660; x_wconf 86' lang='lat' dir='ltr'><strong>ube-</strong></span> 
     </span>
    </p>
   </div>
   <div class='ocr_carea' id='block_1_96' title="bbox 461 5691 2036 5769">
    <p class='ocr_par' dir='ltr' id='par_1_96' title="bbox 461 5691 2036 5769">
     <span class='ocr_line' id='line_1_97' title="bbox 461 5691 2036 5769; baseline 0.007 -30"><span class='ocrx_word' id='word_1_622' title='bbox 461 5691 569 5742; x_wconf 85' lang='lat' dir='ltr'><strong>tius</strong></span> <span class='ocrx_word' id='word_1_623' title='bbox 597 5693 662 5745; x_wconf 89' lang='lat' dir='ltr'><strong>de</strong></span> <span class='ocrx_word' id='word_1_624' title='bbox 695 5697 950 5769; x_wconf 87' lang='lat' dir='ltr'><strong>honmum</strong></span> <span class='ocrx_word' id='word_1_625' title='bbox 983 5708 1128 5766; x_wconf 83' lang='lat' dir='ltr'><strong>parte</strong></span> <span class='ocrx_word' id='word_1_626' title='bbox 1175 5715 1330 5767; x_wconf 86' lang='lat' dir='ltr'><strong>sump</strong></span> <span class='ocrx_word' id='word_1_627' title='bbox 1364 5702 1490 5752; x_wconf 68' lang='lat' dir='ltr'><strong>lrll?</strong></span> <span class='ocrx_word' id='word_1_628' title='bbox 1524 5700 1670 5753; x_wconf 86' lang='lat' dir='ltr'><strong>Nunc.</strong></span> <span class='ocrx_word' id='word_1_629' title='bbox 1719 5700 1877 5767; x_wconf 86' lang='lat' dir='ltr'><strong>igitur</strong></span> <span class='ocrx_word' id='word_1_630' title='bbox 1911 5700 2036 5751; x_wconf 83' lang='lat' dir='ltr'><strong>I&#39;hi-</strong></span> 
     </span>
    </p>
   </div>
   <div class='ocr_carea' id='block_1_97' title="bbox 463 5780 2043 5863">
    <p class='ocr_par' dir='ltr' id='par_1_97' title="bbox 463 5780 2043 5863">
     <span class='ocr_line' id='line_1_98' title="bbox 463 5780 2043 5863; baseline 0.005 -30"><span class='ocrx_word' id='word_1_631' title='bbox 463 5780 708 5851; x_wconf 67' lang='lat' dir='ltr'><strong>l&#39;ostiphia</strong></span> <span class='ocrx_word' id='word_1_632' title='bbox 744 5798 986 5842; x_wconf 76' lang='lat' dir='ltr'><strong>rccetrrt</strong></span> <span class='ocrx_word' id='word_1_633' title='bbox 1027 5805 1087 5842; x_wconf 83' lang='lat' dir='ltr'><strong>ca</strong></span> <span class='ocrx_word' id='word_1_634' title='bbox 1136 5793 1311 5844; x_wconf 86' lang='lat' dir='ltr'><strong>omnia</strong></span> <span class='ocrx_word' id='word_1_635' title='bbox 1345 5793 1536 5859; x_wconf 76' lang='lat' dir='ltr'><strong>quibus</strong></span> <span class='ocrx_word' id='word_1_636' title='bbox 1566 5808 1590 5841; x_wconf 73' lang='grc' dir='ltr'><strong>π</strong></span> <span class='ocrx_word' id='word_1_637' title='bbox 1641 5792 1844 5863; x_wconf 82' lang='lat' dir='ltr'><strong>fortuna</strong></span> <span class='ocrx_word' id='word_1_638' title='bbox 1889 5790 2043 5843; x_wconf 79' lang='lat' dir='ltr'><strong>fuer.t</strong></span> 
     </span>
    </p>
   </div>
   <div class='ocr_carea' id='block_1_98' title="bbox 2138 3289 3713 3357">
    <p class='ocr_par' dir='ltr' id='par_1_98' title="bbox 2138 3289 3713 3357">
     <span class='ocr_line' id='line_1_99' title="bbox 2138 3289 3713 3357; baseline -0.007 -10"><span class='ocrx_word' id='word_1_639' title='bbox 2138 3294 2278 3357; x_wconf 88' lang='lat' dir='ltr'><strong>ﬁliis,</strong></span> <span class='ocrx_word' id='word_1_640' title='bbox 2311 3304 2364 3347; x_wconf 93' lang='lat' dir='ltr'><strong>et</strong></span> <span class='ocrx_word' id='word_1_641' title='bbox 2409 3309 2652 3348; x_wconf 72' lang='lat' dir='ltr'><strong>reversus</strong></span> <span class='ocrx_word' id='word_1_642' title='bbox 2683 3305 2757 3345; x_wconf 67' lang='lat' dir='ltr'><strong>est</strong></span> <span class='ocrx_word' id='word_1_643' title='bbox 2789 3294 2854 3344; x_wconf 88' lang='lat' dir='ltr'><strong>ad</strong></span> <span class='ocrx_word' id='word_1_644' title='bbox 2885 3305 3100 3345; x_wconf 87' lang='lat' dir='ltr'><strong>soceros</strong></span> <span class='ocrx_word' id='word_1_645' title='bbox 3139 3305 3283 3342; x_wconf 88' lang='lat' dir='ltr'><strong>suos.</strong></span> <span class='ocrx_word' id='word_1_646' title='bbox 3319 3289 3490 3342; x_wconf 85' lang='lat' dir='ltr'><strong>Socer</strong></span> <span class='ocrx_word' id='word_1_647' title='bbox 3524 3301 3713 3339; x_wconf 64' lang='lat' dir='ltr'><strong>ne-tuen</strong></span> 
     </span>
    </p>
   </div>
   <div class='ocr_carea' id='block_1_99' title="bbox 2136 3377 3719 3451">
    <p class='ocr_par' dir='ltr' id='par_1_99' title="bbox 2136 3377 3719 3451">
     <span class='ocr_line' id='line_1_100' title="bbox 2136 3377 3719 3451; baseline -0.004 -16"><span class='ocrx_word' id='word_1_648' title='bbox 2136 3385 2200 3436; x_wconf 91' lang='lat' dir='ltr'><strong>ad</strong></span> <span class='ocrx_word' id='word_1_649' title='bbox 2246 3383 2441 3451; x_wconf 90' lang='lat' dir='ltr'><strong>aliquid</strong></span> <span class='ocrx_word' id='word_1_650' title='bbox 2491 3394 2617 3435; x_wconf 85' lang='lat' dir='ltr'><strong>est:</strong></span> <span class='ocrx_word' id='word_1_651' title='bbox 2668 3383 2895 3435; x_wconf 68' lang='lat' dir='ltr'><strong>refertur</strong></span> <span class='ocrx_word' id='word_1_652' title='bbox 2940 3383 3079 3434; x_wconf 90' lang='lat' dir='ltr'><strong>enim</strong></span> <span class='ocrx_word' id='word_1_653' title='bbox 3121 3382 3182 3432; x_wconf 92' lang='lat' dir='ltr'><strong>ad</strong></span> <span class='ocrx_word' id='word_1_654' title='bbox 3237 3394 3373 3447; x_wconf 73' lang='lat' dir='ltr'><strong>gone</strong></span> <span class='ocrx_word' id='word_1_655' title='bbox 3407 3394 3515 3429; x_wconf 81' lang='lat' dir='ltr'><strong>uin.</strong></span> <span class='ocrx_word' id='word_1_656' title='bbox 3571 3377 3719 3431; x_wconf 77' lang='lat' dir='ltr'><strong>Unde</strong></span> 
     </span>
    </p>
   </div>
   <div class='ocr_carea' id='block_1_100' title="bbox 2136 3476 2399 3529">
    <p class='ocr_par' dir='ltr' id='par_1_100' title="bbox 2136 3476 2399 3529">
     <span class='ocr_line' id='line_1_101' title="bbox 2136 3476 2399 3529; baseline -0.015 0"><span class='ocrx_word' id='word_1_657' title='bbox 2136 3476 2353 3529; x_wconf 67' lang='grc' dir='ltr'><strong>υνίύίυς</strong></span> <span class='ocrx_word' id='word_1_658' title='bbox 2388 3515 2399 3525; x_wconf 92' lang='grc'><strong>.</strong></span> 
     </span>
    </p>
   </div>
   <div class='ocr_carea' id='block_1_101' title="bbox 2418 3565 3195 3624">
    <p class='ocr_par' dir='ltr' id='par_1_101' title="bbox 2418 3565 3195 3624">
     <span class='ocr_line' id='line_1_102' title="bbox 2418 3565 3195 3624; baseline -0.003 -13"><span class='ocrx_word' id='word_1_659' title='bbox 2418 3565 2517 3611; x_wconf 71' lang='grc' dir='ltr'><strong>Ναί</strong></span> <span class='ocrx_word' id='word_1_660' title='bbox 2545 3565 2724 3624; x_wconf 88' lang='lat' dir='ltr'><strong>hospes</strong></span> <span class='ocrx_word' id='word_1_661' title='bbox 2747 3565 2807 3611; x_wconf 87' lang='lat' dir='ltr'><strong>ab</strong></span> <span class='ocrx_word' id='word_1_662' title='bbox 2834 3565 3022 3624; x_wconf 84' lang='lat' dir='ltr'><strong>hospite</strong></span> <span class='ocrx_word' id='word_1_663' title='bbox 3044 3572 3195 3619; x_wconf 62' lang='lat' dir='ltr'><strong>tutus,</strong></span> 
     </span>
    </p>
   </div>
   <div class='ocr_carea' id='block_1_102' title="bbox 2231 3626 2785 3685">
    <p class='ocr_par' dir='ltr' id='par_1_102' title="bbox 2231 3626 2785 3685">
     <span class='ocr_line' id='line_1_103' title="bbox 2231 3626 2785 3685; baseline -0.005 -11"><span class='ocrx_word' id='word_1_664' title='bbox 2231 3626 2334 3674; x_wconf 81' lang='lat' dir='ltr'><strong>Non</strong></span> <span class='ocrx_word' id='word_1_665' title='bbox 2360 3638 2499 3674; x_wconf 91' lang='lat' dir='ltr'><strong>socer</strong></span> <span class='ocrx_word' id='word_1_666' title='bbox 2523 3640 2549 3673; x_wconf 89' lang='lat' dir='ltr'><strong>a</strong></span> <span class='ocrx_word' id='word_1_667' title='bbox 2577 3638 2785 3685; x_wconf 82' lang='lat' dir='ltr'><strong>genero.</strong></span> 
     </span>
    </p>
   </div>
   <div class='ocr_carea' id='block_1_103' title="bbox 2210 3706 3196 3779">
    <p class='ocr_par' dir='ltr' id='par_1_103' title="bbox 2210 3706 3196 3779">
     <span class='ocr_line' id='line_1_104' title="bbox 2210 3706 3196 3779; baseline -0.005 -17"><span class='ocrx_word' id='word_1_668' title='bbox 2210 3707 2477 3779; x_wconf 81' lang='lat' dir='ltr'><strong>Conjugis]</strong></span> <span class='ocrx_word' id='word_1_669' title='bbox 2509 3708 2696 3762; x_wconf 77' lang='lat' dir='ltr'><strong>Uxoris</strong></span> <span class='ocrx_word' id='word_1_670' title='bbox 2730 3716 2831 3760; x_wconf 63' lang='lat' dir='ltr'><strong>ture</strong></span> <span class='ocrx_word' id='word_1_671' title='bbox 2860 3706 3196 3759; x_wconf 58' lang='lat' dir='ltr'><strong>Ilusticiaua‘.</strong></span> 
     </span>
    </p>
   </div>
   <div class='ocr_carea' id='block_1_104' title="bbox 2210 3796 3426 3867">
    <p class='ocr_par' dir='ltr' id='par_1_104' title="bbox 2210 3796 3426 3867">
     <span class='ocr_line' id='line_1_105' title="bbox 2210 3796 3426 3867; baseline -0.003 -18"><span class='ocrx_word' id='word_1_672' title='bbox 2210 3796 2454 3867; x_wconf 75' lang='lat' dir='ltr'><strong>Fructus]</strong></span> <span class='ocrx_word' id='word_1_673' title='bbox 2486 3798 2623 3852; x_wconf 85' lang='lat' dir='ltr'><strong>Usus</strong></span> <span class='ocrx_word' id='word_1_674' title='bbox 2648 3813 2766 3850; x_wconf 87' lang='lat' dir='ltr'><strong>cum</strong></span> <span class='ocrx_word' id='word_1_675' title='bbox 2796 3797 3020 3864; x_wconf 81' lang='lat' dir='ltr'><strong>quadam</strong></span> <span class='ocrx_word' id='word_1_676' title='bbox 3052 3796 3426 3849; x_wconf 64' lang='lat' dir='ltr'><strong>delectatione.</strong></span> 
     </span>
    </p>
   </div>
   <div class='ocr_carea' id='block_1_105' title="bbox 2211 3888 2541 3959">
    <p class='ocr_par' dir='ltr' id='par_1_105' title="bbox 2211 3888 2541 3959">
     <span class='ocr_line' id='line_1_106' title="bbox 2211 3888 2541 3959; baseline -0.003 -16"><span class='ocrx_word' id='word_1_677' title='bbox 2211 3888 2383 3959; x_wconf 75' lang='lat' dir='ltr'><strong>Lucis]</strong></span> <span class='ocrx_word' id='word_1_678' title='bbox 2412 3890 2541 3943; x_wconf 86' lang='lat' dir='ltr'><strong>Diei.</strong></span> 
     </span>
    </p>
   </div>
   <div class='ocr_carea' id='block_1_106' title="bbox 2213 3978 3162 4050">
    <p class='ocr_par' dir='ltr' id='par_1_106' title="bbox 2213 3978 3162 4050">
     <span class='ocr_line' id='line_1_107' title="bbox 2213 3978 3162 4050; baseline -0.002 -19"><span class='ocrx_word' id='word_1_679' title='bbox 2213 3980 2563 4050; x_wconf 68' lang='lat' dir='ltr'><strong>Quanzalibet]</strong></span> <span class='ocrx_word' id='word_1_680' title='bbox 2590 3978 2948 4046; x_wconf 83' lang='lat' dir='ltr'><strong>Quantumvis</strong></span> <span class='ocrx_word' id='word_1_681' title='bbox 2979 3994 3162 4047; x_wconf 83' lang='lat' dir='ltr'><strong>magna</strong></span> 
     </span>
    </p>
   </div>
   <div class='ocr_carea' id='block_1_107' title="bbox 2213 4069 3007 4140">
    <p class='ocr_par' dir='ltr' id='par_1_107' title="bbox 2213 4069 3007 4140">
     <span class='ocr_line' id='line_1_108' title="bbox 2213 4069 3007 4140; baseline -0.004 -18"><span class='ocrx_word' id='word_1_682' title='bbox 2213 4070 2566 4140; x_wconf 79' lang='lat' dir='ltr'><strong>lngruentuni]</strong></span> <span class='ocrx_word' id='word_1_683' title='bbox 2601 4069 3007 4122; x_wconf 90' lang='lat' dir='ltr'><strong>Imminentium.</strong></span> 
     </span>
    </p>
   </div>
   <div class='ocr_carea' id='block_1_108' title="bbox 2213 4158 2940 4229">
    <p class='ocr_par' dir='ltr' id='par_1_108' title="bbox 2213 4158 2940 4229">
     <span class='ocr_line' id='line_1_109' title="bbox 2213 4158 2940 4229; baseline -0.003 -18"><span class='ocrx_word' id='word_1_684' title='bbox 2213 4158 2489 4229; x_wconf 77' lang='lat' dir='ltr'><strong>Malorum]</strong></span> <span class='ocrx_word' id='word_1_685' title='bbox 2522 4160 2940 4213; x_wconf 85' lang='lat' dir='ltr'><strong>Adversitatum.</strong></span> 
     </span>
    </p>
   </div>
   <div class='ocr_carea' id='block_1_109' title="bbox 2212 4248 3718 4322">
    <p class='ocr_par' dir='ltr' id='par_1_109' title="bbox 2212 4248 3718 4322">
     <span class='ocr_line' id='line_1_110' title="bbox 2212 4248 3718 4322; baseline -0.007 -16"><span class='ocrx_word' id='word_1_686' title='bbox 2212 4251 2481 4322; x_wconf 78' lang='lat' dir='ltr'><strong>Consules]</strong></span> <span class='ocrx_word' id='word_1_687' title='bbox 2515 4252 2753 4305; x_wconf 88' lang='lat' dir='ltr'><strong>Fuerunt</strong></span> <span class='ocrx_word' id='word_1_688' title='bbox 2783 4250 3047 4319; x_wconf 92' lang='lat' dir='ltr'><strong>quondam</strong></span> <span class='ocrx_word' id='word_1_689' title='bbox 3088 4248 3225 4316; x_wconf 88' lang='lat' dir='ltr'><strong>apud</strong></span> <span class='ocrx_word' id='word_1_690' title='bbox 3275 4249 3546 4300; x_wconf 79' lang='lat' dir='ltr'><strong>Ilomauos</strong></span> <span class='ocrx_word' id='word_1_691' title='bbox 3580 4248 3718 4313; x_wconf 81' lang='lat' dir='ltr'><strong>leges</strong></span> 
     </span>
    </p>
   </div>
   <div class='ocr_carea' id='block_1_110' title="bbox 2140 4334 3717 4411">
    <p class='ocr_par' dir='ltr' id='par_1_110' title="bbox 2140 4334 3717 4411">
     <span class='ocr_line' id='line_1_111' title="bbox 2140 4334 3717 4411; baseline -0.005 -17"><span class='ocrx_word' id='word_1_692' title='bbox 2140 4343 2380 4403; x_wconf 88' lang='lat' dir='ltr'><strong>annales,</strong></span> <span class='ocrx_word' id='word_1_693' title='bbox 2412 4342 2602 4411; x_wconf 87' lang='lat' dir='ltr'><strong>quibus</strong></span> <span class='ocrx_word' id='word_1_694' title='bbox 2642 4357 2746 4394; x_wconf 87' lang='lat' dir='ltr'><strong>non</strong></span> <span class='ocrx_word' id='word_1_695' title='bbox 2799 4334 2996 4395; x_wconf 77' lang='lat' dir='ltr'><strong>licebat</strong></span> <span class='ocrx_word' id='word_1_696' title='bbox 3038 4340 3370 4393; x_wconf 91' lang='lat' dir='ltr'><strong>consulatum</strong></span> <span class='ocrx_word' id='word_1_697' title='bbox 3425 4338 3584 4401; x_wconf 86' lang='lat' dir='ltr'><strong>inire,</strong></span> <span class='ocrx_word' id='word_1_698' title='bbox 3618 4337 3717 4388; x_wconf 83' lang='lat' dir='ltr'><strong>nisi</strong></span> 
     </span>
    </p>
   </div>
   <div class='ocr_carea' id='block_1_111' title="bbox 2142 4428 3719 4500">
    <p class='ocr_par' dir='ltr' id='par_1_111' title="bbox 2142 4428 3719 4500">
     <span class='ocr_line' id='line_1_112' title="bbox 2142 4428 3719 4500; baseline -0.007 -13"><span class='ocrx_word' id='word_1_699' title='bbox 2142 4434 2352 4487; x_wconf 90' lang='lat' dir='ltr'><strong>tertium</strong></span> <span class='ocrx_word' id='word_1_700' title='bbox 2374 4443 2427 4486; x_wconf 94' lang='lat' dir='ltr'><strong>et</strong></span> <span class='ocrx_word' id='word_1_701' title='bbox 2448 4432 2909 4500; x_wconf 85' lang='lat' dir='ltr'><strong>quadragesimum</strong></span> <span class='ocrx_word' id='word_1_702' title='bbox 2942 4445 3136 4483; x_wconf 90' lang='lat' dir='ltr'><strong>annum</strong></span> <span class='ocrx_word' id='word_1_703' title='bbox 3170 4428 3367 4497; x_wconf 86' lang='lat' dir='ltr'><strong>agenti.</strong></span> <span class='ocrx_word' id='word_1_704' title='bbox 3393 4436 3462 4480; x_wconf 85' lang='lat' dir='ltr'><strong>At</strong></span> <span class='ocrx_word' id='word_1_705' title='bbox 3490 4442 3620 4480; x_wconf 88' lang='lat' dir='ltr'><strong>vero</strong></span> <span class='ocrx_word' id='word_1_706' title='bbox 3642 4428 3719 4493; x_wconf 91' lang='lat' dir='ltr'><strong>(ut</strong></span> 
     </span>
    </p>
   </div>
   <div class='ocr_carea' id='block_1_112' title="bbox 2143 4514 3719 4591">
    <p class='ocr_par' dir='ltr' id='par_1_112' title="bbox 2143 4514 3719 4591">
     <span class='ocr_line' id='line_1_113' title="bbox 2143 4514 3719 4591; baseline -0.004 -17"><span class='ocrx_word' id='word_1_707' title='bbox 2143 4524 2192 4575; x_wconf 91' lang='lat' dir='ltr'><strong>in</strong></span> <span class='ocrx_word' id='word_1_708' title='bbox 2216 4524 2396 4591; x_wconf 85' lang='lat' dir='ltr'><strong>quinta</strong></span> <span class='ocrx_word' id='word_1_709' title='bbox 2416 4522 2541 4575; x_wconf 88' lang='lat' dir='ltr'><strong>dicit</strong></span> <span class='ocrx_word' id='word_1_710' title='bbox 2558 4522 2769 4589; x_wconf 79' lang='lat' dir='ltr'><strong>Cicero)</strong></span> <span class='ocrx_word' id='word_1_711' title='bbox 2789 4521 2925 4589; x_wconf 90' lang='lat' dir='ltr'><strong>apud</strong></span> <span class='ocrx_word' id='word_1_712' title='bbox 2945 4522 3191 4588; x_wconf 89' lang='lat' dir='ltr'><strong>antiquos</strong></span> <span class='ocrx_word' id='word_1_713' title='bbox 3212 4519 3371 4579; x_wconf 81' lang='lat' dir='ltr'><strong>Rulli,</strong></span> <span class='ocrx_word' id='word_1_714' title='bbox 3402 4518 3571 4580; x_wconf 88' lang='lat' dir='ltr'><strong>Decii,</strong></span> <span class='ocrx_word' id='word_1_715' title='bbox 3593 4514 3719 4569; x_wconf 51' lang='lat' dir='ltr'><strong>Cor-</strong></span> 
     </span>
    </p>
   </div>
   <div class='ocr_carea' id='block_1_113' title="bbox 2142 4606 3723 4679">
    <p class='ocr_par' dir='ltr' id='par_1_113' title="bbox 2142 4606 3723 4679">
     <span class='ocr_line' id='line_1_114' title="bbox 2142 4606 3723 4679; baseline -0.003 -17"><span class='ocrx_word' id='word_1_716' title='bbox 2142 4612 2266 4668; x_wconf 91' lang='lat' dir='ltr'><strong>vini.</strong></span> <span class='ocrx_word' id='word_1_717' title='bbox 2285 4611 2539 4679; x_wconf 80' lang='lat' dir='ltr'><strong>multique</strong></span> <span class='ocrx_word' id='word_1_718' title='bbox 2561 4610 2671 4677; x_wconf 90' lang='lat' dir='ltr'><strong>alii,</strong></span> <span class='ocrx_word' id='word_1_719' title='bbox 2691 4610 2989 4665; x_wconf 90' lang='lat' dir='ltr'><strong>recentiore</strong></span> <span class='ocrx_word' id='word_1_720' title='bbox 3004 4624 3180 4661; x_wconf 89' lang='lat' dir='ltr'><strong>autem</strong></span> <span class='ocrx_word' id='word_1_721' title='bbox 3199 4609 3454 4662; x_wconf 89' lang='lat' dir='ltr'><strong>memoria</strong></span> <span class='ocrx_word' id='word_1_722' title='bbox 3476 4606 3723 4674; x_wconf 89' lang='lat' dir='ltr'><strong>superior</strong></span> 
     </span>
    </p>
   </div>
   <div class='ocr_carea' id='block_1_114' title="bbox 2140 4700 3720 4767">
    <p class='ocr_par' dir='ltr' id='par_1_114' title="bbox 2140 4700 3720 4767">
     <span class='ocr_line' id='line_1_115' title="bbox 2140 4700 3720 4767; baseline -0.004 -10"><span class='ocrx_word' id='word_1_723' title='bbox 2140 4704 2442 4767; x_wconf 88' lang='lat' dir='ltr'><strong>Africanus,</strong></span> <span class='ocrx_word' id='word_1_724' title='bbox 2466 4703 2529 4756; x_wconf 89' lang='lat' dir='ltr'><strong>T.</strong></span> <span class='ocrx_word' id='word_1_725' title='bbox 2554 4703 2844 4755; x_wconf 85' lang='lat' dir='ltr'><strong>Flaminius</strong></span> <span class='ocrx_word' id='word_1_726' title='bbox 2875 4702 3157 4755; x_wconf 91' lang='lat' dir='ltr'><strong>admodum</strong></span> <span class='ocrx_word' id='word_1_727' title='bbox 3186 4700 3557 4753; x_wconf 80' lang='lat' dir='ltr'><strong>adolescentes</strong></span> <span class='ocrx_word' id='word_1_728' title='bbox 3587 4714 3720 4753; x_wconf 62' lang='lat' dir='ltr'><strong>cono</strong></span> 
     </span>
    </p>
   </div>
   <div class='ocr_carea' id='block_1_115' title="bbox 2140 4788 3720 4862">
    <p class='ocr_par' dir='ltr' id='par_1_115' title="bbox 2140 4788 3720 4862">
     <span class='ocr_line' id='line_1_116' title="bbox 2140 4788 3720 4862; baseline -0.003 -16"><span class='ocrx_word' id='word_1_729' title='bbox 2140 4795 2285 4847; x_wconf 90' lang='lat' dir='ltr'><strong>sules</strong></span> <span class='ocrx_word' id='word_1_730' title='bbox 2308 4795 2446 4858; x_wconf 88' lang='lat' dir='ltr'><strong>facti,</strong></span> <span class='ocrx_word' id='word_1_731' title='bbox 2474 4804 2646 4847; x_wconf 86' lang='lat' dir='ltr'><strong>tantas</strong></span> <span class='ocrx_word' id='word_1_732' title='bbox 2665 4809 2748 4847; x_wconf 88' lang='lat' dir='ltr'><strong>res</strong></span> <span class='ocrx_word' id='word_1_733' title='bbox 2768 4802 3067 4862; x_wconf 85' lang='lat' dir='ltr'><strong>gesserunt,</strong></span> <span class='ocrx_word' id='word_1_734' title='bbox 3089 4802 3142 4845; x_wconf 88' lang='lat' dir='ltr'><strong>nt</strong></span> <span class='ocrx_word' id='word_1_735' title='bbox 3167 4791 3343 4859; x_wconf 91' lang='lat' dir='ltr'><strong>populi</strong></span> <span class='ocrx_word' id='word_1_736' title='bbox 3364 4790 3597 4845; x_wconf 84' lang='lat' dir='ltr'><strong>Romani</strong></span> <span class='ocrx_word' id='word_1_737' title='bbox 3623 4788 3720 4843; x_wconf 87' lang='lat' dir='ltr'><strong>im-</strong></span> 
     </span>
    </p>
   </div>
   <div class='ocr_carea' id='block_1_116' title="bbox 2143 4881 3725 4951">
    <p class='ocr_par' dir='ltr' id='par_1_116' title="bbox 2143 4881 3725 4951">
     <span class='ocr_line' id='line_1_117' title="bbox 2143 4881 3725 4951; baseline -0.003 -13"><span class='ocrx_word' id='word_1_738' title='bbox 2143 4885 2343 4951; x_wconf 88' lang='lat' dir='ltr'><strong>perium</strong></span> <span class='ocrx_word' id='word_1_739' title='bbox 2394 4886 2674 4948; x_wconf 82' lang='lat' dir='ltr'><strong>auxerint,</strong></span> <span class='ocrx_word' id='word_1_740' title='bbox 2705 4887 2895 4937; x_wconf 81' lang='lat' dir='ltr'><strong>nomen</strong></span> <span class='ocrx_word' id='word_1_741' title='bbox 2936 4883 3265 4936; x_wconf 90' lang='lat' dir='ltr'><strong>ornaverint.</strong></span> <span class='ocrx_word' id='word_1_742' title='bbox 3297 4881 3531 4935; x_wconf 88' lang='lat' dir='ltr'><strong>Proinde</strong></span> <span class='ocrx_word' id='word_1_743' title='bbox 3568 4895 3725 4935; x_wconf 82' lang='lat' dir='ltr'><strong>nemo</strong></span> 
     </span>
    </p>
   </div>
   <div class='ocr_carea' id='block_1_117' title="bbox 2146 4972 3725 5044">
    <p class='ocr_par' dir='ltr' id='par_1_117' title="bbox 2146 4972 3725 5044">
     <span class='ocr_line' id='line_1_118' title="bbox 2146 4972 3725 5044; baseline -0.001 -17"><span class='ocrx_word' id='word_1_744' title='bbox 2146 4976 2387 5041; x_wconf 87' lang='lat' dir='ltr'><strong>miretur,</strong></span> <span class='ocrx_word' id='word_1_745' title='bbox 2419 4978 2461 5029; x_wconf 90' lang='lat' dir='ltr'><strong>si</strong></span> <span class='ocrx_word' id='word_1_746' title='bbox 2506 4986 2623 5044; x_wconf 90' lang='lat' dir='ltr'><strong>post</strong></span> <span class='ocrx_word' id='word_1_747' title='bbox 2672 4976 2876 5043; x_wconf 86' lang='lat' dir='ltr'><strong>imperii</strong></span> <span class='ocrx_word' id='word_1_748' title='bbox 2929 4974 3171 5036; x_wconf 91' lang='lat' dir='ltr'><strong>ruinam,</strong></span> <span class='ocrx_word' id='word_1_749' title='bbox 3223 4972 3467 5025; x_wconf 88' lang='lat' dir='ltr'><strong>barbaris</strong></span> <span class='ocrx_word' id='word_1_750' title='bbox 3503 4974 3613 5039; x_wconf 86' lang='lat' dir='ltr'><strong>jam</strong></span> <span class='ocrx_word' id='word_1_751' title='bbox 3646 4984 3725 5025; x_wconf 48' lang='lat' dir='ltr'><strong>te-</strong></span> 
     </span>
    </p>
   </div>
   <div class='ocr_carea' id='block_1_118' title="bbox 2144 5062 3722 5131">
    <p class='ocr_par' dir='ltr' id='par_1_118' title="bbox 2144 5062 3722 5131">
     <span class='ocr_line' id='line_1_119' title="bbox 2144 5062 3722 5131; baseline -0.003 -14"><span class='ocrx_word' id='word_1_752' title='bbox 2144 5065 2390 5119; x_wconf 90' lang='lat' dir='ltr'><strong>nentibus</strong></span> <span class='ocrx_word' id='word_1_753' title='bbox 2422 5066 2652 5127; x_wconf 91' lang='lat' dir='ltr'><strong>Italiam,</strong></span> <span class='ocrx_word' id='word_1_754' title='bbox 2696 5077 2748 5117; x_wconf 93' lang='lat' dir='ltr'><strong>et</strong></span> <span class='ocrx_word' id='word_1_755' title='bbox 2797 5065 3062 5131; x_wconf 88' lang='lat' dir='ltr'><strong>plerisque</strong></span> <span class='ocrx_word' id='word_1_756' title='bbox 3109 5063 3311 5130; x_wconf 83' lang='lat' dir='ltr'><strong>legibus</strong></span> <span class='ocrx_word' id='word_1_757' title='bbox 3351 5062 3722 5116; x_wconf 81' lang='lat' dir='ltr'><strong>Romanorum</strong></span> 
     </span>
    </p>
   </div>
   <div class='ocr_carea' id='block_1_119' title="bbox 2143 5152 3727 5223">
    <p class='ocr_par' dir='ltr' id='par_1_119' title="bbox 2143 5152 3727 5223">
     <span class='ocr_line' id='line_1_120' title="bbox 2143 5152 3727 5223; baseline -0.003 -15"><span class='ocrx_word' id='word_1_758' title='bbox 2143 5156 2377 5220; x_wconf 87' lang='lat' dir='ltr'><strong>abolitis,</strong></span> <span class='ocrx_word' id='word_1_759' title='bbox 2405 5157 2512 5210; x_wconf 90' lang='lat' dir='ltr'><strong>duo</strong></span> <span class='ocrx_word' id='word_1_760' title='bbox 2542 5156 2633 5208; x_wconf 87' lang='lat' dir='ltr'><strong>ﬁlii</strong></span> <span class='ocrx_word' id='word_1_761' title='bbox 2668 5156 2832 5208; x_wconf 80' lang='lat' dir='ltr'><strong>Boetii</strong></span> <span class='ocrx_word' id='word_1_762' title='bbox 2864 5155 3247 5223; x_wconf 83' lang='lat' dir='ltr'><strong>propemodum</strong></span> <span class='ocrx_word' id='word_1_763' title='bbox 3293 5157 3475 5221; x_wconf 88' lang='lat' dir='ltr'><strong>pueri,</strong></span> <span class='ocrx_word' id='word_1_764' title='bbox 3508 5152 3727 5205; x_wconf 85' lang='lat' dir='ltr'><strong>fortuna</strong></span> 
     </span>
    </p>
   </div>
   <div class='ocr_carea' id='block_1_120' title="bbox 2148 5242 3720 5311">
    <p class='ocr_par' dir='ltr' id='par_1_120' title="bbox 2148 5242 3720 5311">
     <span class='ocr_line' id='line_1_121' title="bbox 2148 5242 3720 5311; baseline -0.003 -15"><span class='ocrx_word' id='word_1_765' title='bbox 2148 5245 2481 5311; x_wconf 89' lang='lat' dir='ltr'><strong>potissimum</strong></span> <span class='ocrx_word' id='word_1_766' title='bbox 2510 5243 2852 5311; x_wconf 74' lang='lat' dir='ltr'><strong>suffragante,</strong></span> <span class='ocrx_word' id='word_1_767' title='bbox 2883 5244 3083 5311; x_wconf 87' lang='lat' dir='ltr'><strong>pariter</strong></span> <span class='ocrx_word' id='word_1_768' title='bbox 3107 5246 3177 5297; x_wconf 91' lang='lat' dir='ltr'><strong>ob</strong></span> <span class='ocrx_word' id='word_1_769' title='bbox 3207 5242 3393 5311; x_wconf 79' lang='lat' dir='ltr'><strong>patria:</strong></span> <span class='ocrx_word' id='word_1_770' title='bbox 3421 5243 3633 5294; x_wconf 85' lang='lat' dir='ltr'><strong>virtutis</strong></span> <span class='ocrx_word' id='word_1_771' title='bbox 3663 5252 3720 5292; x_wconf 89' lang='lat' dir='ltr'><strong>et</strong></span> 
     </span>
    </p>
   </div>
   <div class='ocr_carea' id='block_1_121' title="bbox 2145 5329 3727 5402">
    <p class='ocr_par' dir='ltr' id='par_1_121' title="bbox 2145 5329 3727 5402">
     <span class='ocr_line' id='line_1_122' title="bbox 2145 5329 3727 5402; baseline -0.004 -15"><span class='ocrx_word' id='word_1_772' title='bbox 2145 5337 2418 5402; x_wconf 67' lang='lat' dir='ltr'><strong>sapientia!</strong></span> <span class='ocrx_word' id='word_1_773' title='bbox 2447 5336 2694 5387; x_wconf 89' lang='lat' dir='ltr'><strong>meritum</strong></span> <span class='ocrx_word' id='word_1_774' title='bbox 2741 5335 2987 5387; x_wconf 89' lang='lat' dir='ltr'><strong>consules</strong></span> <span class='ocrx_word' id='word_1_775' title='bbox 3033 5335 3327 5397; x_wconf 63' lang='lat' dir='ltr'><strong>emiserint,</strong></span> <span class='ocrx_word' id='word_1_776' title='bbox 3364 5332 3525 5399; x_wconf 90' lang='lat' dir='ltr'><strong>idque</strong></span> <span class='ocrx_word' id='word_1_777' title='bbox 3567 5329 3727 5397; x_wconf 89' lang='lat' dir='ltr'><strong>jussu</strong></span> 
     </span>
    </p>
   </div>
   <div class='ocr_carea' id='block_1_122' title="bbox 2146 5420 3726 5493">
    <p class='ocr_par' dir='ltr' id='par_1_122' title="bbox 2146 5420 3726 5493">
     <span class='ocr_line' id='line_1_123' title="bbox 2146 5420 3726 5493; baseline -0.006 -15"><span class='ocrx_word' id='word_1_778' title='bbox 2146 5426 2463 5479; x_wconf 85' lang='lat' dir='ltr'><strong>Theudorici</strong></span> <span class='ocrx_word' id='word_1_779' title='bbox 2492 5425 2783 5478; x_wconf 86' lang='lat' dir='ltr'><strong>Gothorum</strong></span> <span class='ocrx_word' id='word_1_780' title='bbox 2831 5426 2991 5493; x_wconf 85' lang='lat' dir='ltr'><strong>regis,</strong></span> <span class='ocrx_word' id='word_1_781' title='bbox 3022 5424 3109 5492; x_wconf 89' lang='lat' dir='ltr'><strong>qui</strong></span> <span class='ocrx_word' id='word_1_782' title='bbox 3141 5423 3228 5475; x_wconf 90' lang='lat' dir='ltr'><strong>diu</strong></span> <span class='ocrx_word' id='word_1_783' title='bbox 3263 5423 3311 5474; x_wconf 91' lang='lat' dir='ltr'><strong>in</strong></span> <span class='ocrx_word' id='word_1_784' title='bbox 3361 5421 3533 5473; x_wconf 76' lang='lat' dir='ltr'><strong>bonos</strong></span> <span class='ocrx_word' id='word_1_785' title='bbox 3575 5420 3726 5470; x_wconf 89' lang='lat' dir='ltr'><strong>viros</strong></span> 
     </span>
    </p>
   </div>
   <div class='ocr_carea' id='block_1_123' title="bbox 2153 5518 2719 5569">
    <p class='ocr_par' dir='ltr' id='par_1_123' title="bbox 2153 5518 2719 5569">
     <span class='ocr_line' id='line_1_124' title="bbox 2153 5518 2719 5569; baseline -0.004 -1"><span class='ocrx_word' id='word_1_786' title='bbox 2153 5520 2286 5569; x_wconf 90' lang='lat' dir='ltr'><strong>bcue</strong></span> <span class='ocrx_word' id='word_1_787' title='bbox 2317 5518 2410 5569; x_wconf 85' lang='lat' dir='ltr'><strong>fuit</strong></span> <span class='ocrx_word' id='word_1_788' title='bbox 2437 5522 2719 5568; x_wconf 82' lang='lat' dir='ltr'><strong>animatus.</strong></span> 
     </span>
    </p>
   </div>
   <div class='ocr_carea' id='block_1_124' title="bbox 2222 5596 3727 5675">
    <p class='ocr_par' dir='ltr' id='par_1_124' title="bbox 2222 5596 3727 5675">
     <span class='ocr_line' id='line_1_125' title="bbox 2222 5596 3727 5675; baseline -0.005 -18"><span class='ocrx_word' id='word_1_789' title='bbox 2222 5605 2456 5675; x_wconf 64' lang='lat' dir='ltr'><strong>Curulex]</strong></span> <span class='ocrx_word' id='word_1_790' title='bbox 2490 5607 2577 5658; x_wconf 77' lang='lat' dir='ltr'><strong>lla:</strong></span> <span class='ocrx_word' id='word_1_791' title='bbox 2608 5607 2753 5658; x_wconf 70' lang='lat' dir='ltr'><strong>sella:</strong></span> <span class='ocrx_word' id='word_1_792' title='bbox 2780 5605 2993 5659; x_wconf 86' lang='lat' dir='ltr'><strong>fuerunt</strong></span> <span class='ocrx_word' id='word_1_793' title='bbox 3018 5606 3246 5666; x_wconf 78' lang='lat' dir='ltr'><strong>eborezc,</strong></span> <span class='ocrx_word' id='word_1_794' title='bbox 3277 5601 3469 5669; x_wconf 87' lang='lat' dir='ltr'><strong>quibus</strong></span> <span class='ocrx_word' id='word_1_795' title='bbox 3497 5596 3727 5665; x_wconf 77' lang='lat' dir='ltr'><strong>majores</strong></span> 
     </span>
    </p>
   </div>
   <div class='ocr_carea' id='block_1_125' title="bbox 2152 5690 3731 5765">
    <p class='ocr_par' dir='ltr' id='par_1_125' title="bbox 2152 5690 3731 5765">
     <span class='ocr_line' id='line_1_126' title="bbox 2152 5690 3731 5765; baseline -0.001 -18"><span class='ocrx_word' id='word_1_796' title='bbox 2152 5697 2493 5765; x_wconf 84' lang='lat' dir='ltr'><strong>magistratus</strong></span> <span class='ocrx_word' id='word_1_797' title='bbox 2520 5699 2803 5751; x_wconf 85' lang='lat' dir='ltr'><strong>utebantur</strong></span> <span class='ocrx_word' id='word_1_798' title='bbox 2846 5698 2896 5749; x_wconf 94' lang='lat' dir='ltr'><strong>in</strong></span> <span class='ocrx_word' id='word_1_799' title='bbox 2937 5713 3092 5750; x_wconf 89' lang='lat' dir='ltr'><strong>curru</strong></span> <span class='ocrx_word' id='word_1_800' title='bbox 3114 5736 3126 5760; x_wconf 96' lang='lat'><strong>,</strong></span> <span class='ocrx_word' id='word_1_801' title='bbox 3170 5708 3275 5764; x_wconf 87' lang='lat' dir='ltr'><strong>quo</strong></span> <span class='ocrx_word' id='word_1_802' title='bbox 3306 5691 3525 5745; x_wconf 89' lang='lat' dir='ltr'><strong>honoris</strong></span> <span class='ocrx_word' id='word_1_803' title='bbox 3553 5690 3731 5759; x_wconf 72' lang='lat' dir='ltr'><strong>gratia</strong></span> 
     </span>
    </p>
   </div>
   <div class='ocr_carea' id='block_1_126' title="bbox 2152 5790 2950 5846">
    <p class='ocr_par' dir='ltr' id='par_1_126' title="bbox 2152 5790 2950 5846">
     <span class='ocr_line' id='line_1_127' title="bbox 2152 5790 2950 5846; baseline -0.001 -6"><span class='ocrx_word' id='word_1_804' title='bbox 2152 5790 2205 5841; x_wconf 90' lang='lat' dir='ltr'><strong>in</strong></span> <span class='ocrx_word' id='word_1_805' title='bbox 2234 5791 2430 5846; x_wconf 73' lang='lat' dir='ltr'><strong>curiam</strong></span> <span class='ocrx_word' id='word_1_806' title='bbox 2465 5792 2581 5843; x_wconf 70' lang='lat' dir='ltr'><strong>velli</strong></span> <span class='ocrx_word' id='word_1_807' title='bbox 2612 5791 2754 5843; x_wconf 81' lang='lat' dir='ltr'><strong>soliti</strong></span> <span class='ocrx_word' id='word_1_808' title='bbox 2781 5802 2950 5842; x_wconf 80' lang='lat' dir='ltr'><strong>erant.</strong></span> 
     </span>
    </p>
   </div>
  </div>
