4010 6372
328 292 423 347 961

1457 294 1831 349 ΜυῐὶΜΙεΖΗΛΙ
1871 294 2379 351 COMMENTARIA.

3478 299 3581 354 962

400 409 763 480 [mittentibus]
799 410 1003 463 insidet)
1034 410 1176 463 selltr
1205 420 1251 461 et
1295 411 1481 462 sellam
1528 410 1776 486 dlCillllls‘,
1808 410 1897 461 sed
1932 414 1979 468 Α
2006 422 2189 461 sumus
2217 411 2509 476 sapientes,
2538 410 2676 479 quod
2708 420 2947 464 naturam
2974 411 3225 479 optimam
3249 411 3436 463 ducem
3465 422 3581 465 tan-

327 501 427 553 hoc
456 502 649 553 rarius.

396 588 572 656 Ιίερῖαν
600 586 788 657 laudis]
821 587 1013 641 Laudis
1034 587 1348 640 Theodorici
1380 589 1539 655 regis.

393 677 459 731 lu
487 678 642 749 rirco]
671 680 852 733 Circus
897 678 1078 731 Roma:
1127 678 1272 732 locus
1306 677 1403 731 fuit
1447 677 1729 731 admodum
1778 690 1899 744 Spa-

325 772 511 833 tiosus,
542 782 594 823 et
626 771 792 823 turba:
833 784 1032 836 capax,
1064 770 1366 838 spectandis
1406 770 1542 824 ludis
1574 769 1813 828 idoneus,
1847 770 1896 820 in

326 876 432 928 quo
455 872 508 914 ct
540 876 756 915 munera
784 861 923 929 (qua:
957 860 1173 913 missilia
1200 859 1533 927 dicebantur)
1568 864 1633 911 ab
1656 858 1897 911 :edilibus

321 952 696 1006 cunsulibusve
726 951 776 1002 iu
813 951 1097 1018 pepulum,
1128 950 1192 1002 ad
1221 950 1335 1018 ejus
1379 950 1609 1003 favorem
1642 949 1740 1003 sibi
1788 964 1897 1001 nta-

319 1045 401 1112 gis
428 1040 812 1094 conciliandum
831 1084 844 1105 ,
874 1028 1281 1107 spargebantur.

394 1128 647 1199 Duorum]
680 1128 932 1182 Filiorum
964 1140 1191 1181 tuorum.

390 1217 623 1287 Medius]
670 1218 869 1271 Medius
908 1217 1169 1285 quondam
1216 1217 1363 1270 locus
1419 1216 1517 1269 fuit
1567 1216 1891 1279 honoratus,

248 1371 259 1380 _
317 1313 580 1381 bodeque
622 1312 759 1377 apud
806 1310 1088 1363 nonnullos
1128 1319 1227 1363 est.
1263 1309 1411 1364 Unde
1449 1310 1667 1364 Ovidius
1696 1311 1765 1363 de
1805 1328 1892 1363 se-

314 1403 486 1465 niore,
519 1400 797 1453 Fastorum
837 1400 930 1451 lib.
961 1400 1146 1465 quinto
1173 1416 1185 1451 :

438 1489 980 1551 Etimediusjutenum,
1011 1501 1103 1535 non
1130 1488 1490 1547 indignantibus
1515 1490 1647 1551 ipsis,

498 1550 601 1597 Ibat
628 1558 678 1597 et
703 1550 934 1609 Ehter‘tor,
961 1551 1002 1597 si
1026 1562 1192 1597 comes
1215 1563 1340 1597 unus
1366 1558 1488 1598 erat.

311 1633 500 1687 Eustat
526 1634 662 1701 apud
690 1634 1027 1702 Spartianum
1061 1635 1207 1687 locus
1241 1635 1490 1688 Hadriani
1535 1636 1727 1705 dignus
1771 1653 1888 1691 me-

311 1736 551 1787 moratu,
575 1725 663 1791 qui
692 1738 813 1777 cum
844 1737 1055 1777 servum
1089 1739 1243 1777 suum
1277 1725 1413 1778 inter
1442 1723 1576 1777 duos
1606 1738 1886 1781 senatores

310 1817 545 1869 medium
575 1816 847 1870 ambulare
878 1815 1134 1884 vidisset,
1188 1816 1365 1881 misit,
1395 1816 1485 1885 qui
1518 1818 1564 1870 ei
1606 1819 1886 1886 colaphum

310 1906 490 1967 daret,
521 1920 567 1960 et
599 1906 837 1960 diceret:
872 1905 987 1959 Noli
1030 1907 1167 1960 inter
1198 1921 1291 1961 eos
1320 1907 1615 1973 ambulare,
1662 1925 1885 1977 quorum

309 2008 434 2048 esse
456 1995 626 2048 adhuc
653 2005 804 2062 potes
828 2008 1034 2049 servus.

383 2084 705 2155 Triumphali
731 2084 1025 2156 largitione]
1069 2086 1344 2155 Magniﬁca
1388 2098 1441 2141 et
1469 2089 1735 2143 consulari
1771 2107 1887 2144 mu-

309 2187 497 2228 nerum
529 2175 834 2228 donatione.

390 2263 585 2316 Dedisti
631 2264 779 2316 verba
824 2262 1063 2333 [artuum]
1116 2264 1399 2319 Fortunam
1450 2267 1658 2321 blandis
1710 2268 1886 2322 verbis

307 2352 587 2419 decepisti.
624 2353 758 2406 Dare
800 2354 961 2408 verba
1006 2354 1087 2421 (ut
1117 2356 1275 2423 vulgo
1318 2356 1678 2428 notissimum)
1717 2361 1878 2426 signi-

306 2442 432 2493 ficat
476 2441 739 2509 decipere,
788 2441 945 2511 idque
982 2442 1157 2495 verbis
1197 2453 1249 2496 et
1299 2446 1573 2512 promissis
1614 2447 1878 2502 inanibus.

306 2531 558 2585 Martialis
580 2551 594 2584 :

428 2622 510 2669 Cui
541 2623 653 2669 uibil
683 2624 784 2684 ipse
805 2623 971 2683 dabas,
1004 2626 1043 2672 is
1063 2626 1145 2673 tibi
1172 2626 1318 2673 verba
1342 2626 1495 2675 dedit.

381 2701 448 2756 Ut
478 2721 593 2756 suas
621 2706 850 2772 delicias]
898 2706 1126 2759 Delicias
1170 2708 1395 2773 alicu,us
1426 2710 1675 2776 dicimus,
1702 2714 1789 2781 qni
1832 2713 1880 2766 ei

303 2793 359 2845 in
386 2794 588 2848 debetis
614 2804 713 2847 e~t.
740 2794 885 2848 Maro
911 2796 962 2848 in
995 2796 1295 2849 Bucolicis:

432 2900 715 2967 formosum
740 2910 903 2964 pastor
926 2905 1140 2967 Corydon
1164 2907 1364 2955 ardebat
1392 2906 1565 2955 Alexin

426 2963 637 3012 Delicias
656 2963 856 3011 Domini.

378 3063 609 3136 Privato]
629 3066 867 3121 Privatus
893 3066 1087 3121 dicitur
1112 3071 1153 3122 is
1179 3070 1265 3137 qui
1298 3070 1506 3137 publico
1536 3087 1756 3128 munere
1785 3085 1877 3129 aut

302 3156 511 3223 princip
531 3166 599 3208 itu
630 3173 732 3209 non
762 3156 1013 3225 fungitur.

372 3244 633 3298 Calculum
686 3245 893 3316 pauere]
942 3248 1217 3302 Rationem
1271 3252 1425 3305 inire.
1475 3254 1603 3307 Nam
1653 3256 1874 3311 ealculis

298 3336 416 3389 fieri
464 3338 598 3390 solet
641 3341 984 3406 supputatio:
1021 3340 1162 3393 unde
1206 3341 1427 3395 Martiali
1479 3344 1651 3398 dictus
1694 3347 1873 3400 calcu-

299 3428 460 3482 lator.

376 3522 569 3575 Lirouti
598 3522 766 3593 oculo]
798 3524 1084 3589 "actenus,
1116 3526 1311 3593 inquit,
1347 3528 1438 3580 t-bi
1472 3528 1597 3582 favit
1632 3532 1871 3595 fortuna,

298 3630 439 3668 nunc
486 3632 547 3684 pr
568 3632 710 3669 mum
758 3619 919 3679 erepit
962 3619 1252 3673 adversari.
1286 3620 1435 3686 Quod
1467 3632 1641 3675 autem
1686 3625 1760 3677 ait
1806 3625 1871 3677 li-

297 3707 443 3759 venti
488 3708 665 3770 oculo,
720 3708 926 3761 videtur
958 3709 1192 3763 alludere
1231 3710 1297 3763 ad
1342 3712 1591 3765 mulieres
1634 3714 1749 3767 visu
1794 3714 1873 3767 fa-

296 3801 590 3865 sciuantes,
628 3818 745 3871 quae
788 3804 1093 3857 interimant
1138 3819 1271 3872 quos
1318 3805 1516 3858 diutius
1548 3806 1869 3873 intueantur,

296 3892 464 3945 iratus
497 3894 756 3961 prrecipue
785 3894 975 3958 oculis,
1007 3894 1145 3963 quod
1176 3910 1357 3948 earum
1389 3897 1584 3948 malum
1617 3900 1871 3953 teneriori

296 3982 439 4034 atati
474 3983 639 4051 magis
671 3993 844 4037 nocet.
884 3984 1116 4037 Fortuna
1145 3984 1325 4055 igitur,
1358 3986 1558 4055 inquit,
1590 4003 1708 4056 qure
1744 3988 1873 4044 huc-

294 4087 464 4142 usque
494 4075 969 4144 indulgeutissima:
1008 4077 1194 4131 matris
1224 4092 1373 4131 mere
1414 4086 1465 4131 te
1494 4093 1615 4131 suas
1647 4079 1868 4133 delicias

294 4164 456 4229 fovit,
486 4182 623 4220 nunc
664 4178 712 4221 te
757 4169 982 4236 primum
1015 4168 1291 4223 fascinavit
1318 4185 1465 4224 more
1498 4170 1759 4225 Africana:
1787 4173 1866 4226 vel

295 4257 520 4329 Illyrica:
548 4260 891 4315 muliercula}.

373 4349 695 4422 Perstrinxit]
725 4350 913 4415 Lmsit,
943 4350 1212 4419 corrupit,
1246 4353 1467 4406 vitiavit.

370 4440 585 4511 Liveuti]
618 4442 829 4496 Minime
856 4441 1101 4504 candido,
1139 4444 1407 4511 pestifero,
1441 4453 1495 4499 et
1539 4444 1734 4499 lividus
1774 4460 1869 4499 va-

295 4547 455 4601 pores
480 4535 761 4588 emittenti.

370 4621 436 4675 In
463 4623 593 4675 hanc
632 4626 745 4677 vitta
769 4623 990 4693 scenam]
1022 4623 1260 4692 Eleganti
1302 4624 1608 4693 metaphora
1651 4642 1866 4681 scenam

295 4714 419 4766 vita:
446 4712 601 4775 dixit,
631 4728 750 4766 cum
783 4715 895 4765 ltzee
923 4714 990 4767 sit
1020 4712 1209 4765 fabula:
1238 4712 1375 4766 simil
1410 4716 1535 4779 ima,
1571 4730 1692 4782 quae
1732 4719 1873 4771 Solet

294 4806 351 4858 in
395 4819 556 4857 scena
588 4805 653 4857 ab
701 4805 1044 4858 histrionibus
1085 4806 1189 4871 agi.
1239 4805 1440 4858 Seneca
1492 4806 1715 4873 cpistola
1764 4810 1868 4860 77:

292 4895 575 4962 Quomodo
604 4895 807 4961 fabula,
837 4895 913 4947 sic
946 4895 1071 4947 vita.
1105 4894 1217 4947 Non
1246 4910 1402 4963 quam
1436 4894 1555 4961 diu,
1589 4895 1680 4947 sed
1712 4911 1869 4964 quam

295 4987 435 5040 bene
472 4995 584 5041 acta
614 4988 681 5039 sit
710 4986 892 5039 refert.
926 4987 1087 5039 Morta
1120 4988 1255 5055 apud
1289 4988 1567 5039 Erasmttm
1602 4988 1652 5040 in
1703 4989 1874 5042 Enco-

292 5079 447 5131 mio:
484 5078 647 5131 Porro
694 5078 990 5130 mortalium
1037 5078 1140 5130 vita
1190 5078 1363 5131 omnis
1413 5078 1537 5143 quid
1590 5078 1735 5130 aliud
1790 5088 1874 5131 est

290 5180 455 5234 quant
488 5165 659 5218 fabula
692 5164 951 5231 qurepiam
974 5205 987 5228 ,
1032 5166 1083 5217 iu
1117 5180 1216 5233 qua
1246 5166 1336 5218 alii
1377 5165 1495 5218 aliis
1525 5166 1719 5219 obtecti
1754 5183 1872 5233 per-

291 5258 442 5311 sonis
481 5257 806 5325 procedunt,
835 5265 1101 5324 aguntque
1146 5271 1267 5310 suas
1291 5257 1516 5325 quisque
1546 5266 1746 5326 partes,
1777 5258 1877 5311 do-

292 5360 397 5400 nec
443 5346 707 5415 choragus
737 5346 930 5399 educat
963 5362 993 5399 e
1040 5348 1338 5414 proscenio,
1383 5347 1474 5416 qui
1504 5362 1645 5415 szepe
1696 5356 1871 5401 tamen

290 5438 543 5493 eumdem
576 5439 787 5491 diverso
828 5438 973 5491 cultu
1024 5437 1237 5505 prodire
1276 5439 1452 5507 jubet,
1484 5448 1543 5492 ut
1584 5441 1671 5507 qui
1715 5440 1871 5493 modo

290 5542 474 5595 regem
506 5537 848 5594 purpuratum
880 5537 1083 5594 egerat,
1110 5541 1248 5579 nunc
1276 5527 1546 5579 servulum
1575 5541 1869 5591 pannosum

290 5625 463 5683 gerat.
505 5614 828 5667 Adumbrata
874 5614 1085 5683 quidem
1136 5614 1344 5679 omnia,
1387 5615 1479 5667 sed
1531 5613 1645 5667 htec
1696 5616 1868 5668 fabula

293 5718 399 5758 non
433 5704 590 5758 aliter
634 5705 823 5773 agitur.
856 5703 1040 5758 Cicero
1073 5703 1123 5756 in
1169 5701 1367 5757 Catone
1415 5701 1635 5756 Maiori:
1686 5704 1736 5756 lu
1771 5704 1871 5757 hoc

2005 516 2163 567 qnam
2215 502 2376 552 licunt
2422 501 2715 569 sequimur,
2743 502 2902 571 eique
2950 517 3216 570 paremus,
3250 516 3278 552 a
3323 517 3424 570 qua
3471 518 3577 573 non

2007 587 2294 640 verisimile
2324 597 2433 651 est,
2464 604 2582 642 cum
2615 598 2823 643 czeterze
2854 600 3031 657 partes
3072 591 3243 642 aetatis
3289 591 3426 645 bene
3454 590 3577 645 des-

2002 678 2186 745 cripta:
2214 679 2337 740 sitit,
2365 690 2660 733 extremum
2684 689 2856 734 actum
2883 691 3127 749 tanquam
3153 682 3221 733 ab
3245 684 3398 735 inerti
3422 691 3576 750 poeta

2001 781 2119 819 esse
2159 767 2482 834 neglectum.
2524 770 2665 824 Idem
2717 772 2766 821 in
2816 771 3003 824 eodem
3031 789 3044 824 :
3077 771 3205 838 Quae
3250 784 3375 826 sunt
3418 773 3578 842 igitur

2004 858 2294 924 voluptates
2324 872 2605 924 corporum
2636 874 2755 913 cum
2787 861 3117 915 auctoritatis
3157 862 3389 929 praemiis
3418 878 3573 917 com-

2002 949 2247 1012 parandze
2280 949 2470 1015 quibus
2499 949 2589 1017 qtti
2634 950 2910 1017 splendide
2945 956 3023 1004 usi
3064 962 3214 1017 sunt,
3254 953 3287 1004 ii
3333 953 3460 1005 mihi
3492 954 3575 1006 vi-

1998 1036 2190 1088 dentur
2237 1036 2461 1088 fabulam
2493 1036 2665 1090 aetatis
2714 1040 3002 1105 peregisse,
3054 1054 3154 1094 nec
3190 1050 3440 1110 tanquam
3489 1041 3571 1094 itt-

1998 1128 2274 1180 exercitati
2308 1126 2593 1181 histriones
2623 1130 2672 1180 in
2701 1140 2941 1182 extremo
2967 1140 3085 1183 actu
3117 1135 3404 1185 corruisse.
3440 1132 3574 1184 Rur-

1996 1229 2087 1268 sus
2129 1217 2180 1268 in
2239 1216 2425 1269 eodem
2465 1232 2477 1268 :
2550 1216 2733 1284 Neque
2782 1216 2923 1269 enim
2972 1217 3216 1271 histrioni
3255 1228 3312 1291 ut
3368 1220 3574 1288 placeat

1998 1307 2291 1375 peragenda
2317 1314 2399 1359 est
2424 1305 2594 1359 fabula
2618 1306 2975 1359 solummodo.
2998 1306 3052 1359 In
3076 1321 3392 1375 quocunque
3415 1306 3574 1360 fuerit

1995 1404 2145 1458 actu,
2194 1396 2471 1463 probetur.
2524 1394 2630 1448 Nec
2663 1396 2885 1462 sapienti
2910 1409 3078 1462 usque
3121 1395 3186 1448 ad
3228 1393 3458 1463 plaudite
3499 1394 3575 1448 vi-

1994 1486 2244 1537 dendum.
2281 1486 2407 1539 Item
2438 1484 2533 1538 sub
2568 1484 2725 1536 finem
2756 1483 2997 1550 ejusdem
3040 1483 3274 1550 dialogi:
3311 1483 3573 1536 Senectus

1994 1585 2167 1629 antem
2217 1578 2459 1644 peractio
2506 1576 2679 1629 mtalis
2728 1585 2810 1629 e~t
2860 1585 3107 1643 tanquam
3156 1572 3375 1640 fabula,
3420 1573 3572 1641 cujus

1995 1666 2424 1733 defatigationem
2457 1666 2641 1735 fugere
2669 1666 2949 1728 debemus,
2986 1664 3281 1733 praesertim
3323 1665 3568 1733 adjuncta

1994 1752 2257 1807 Salii-tate.
3317 1766 3332 1780 ‘

2065 1838 2292 1909 Subitus]
2327 1841 2674 1906 Repentinus.

2066 1929 2283 2000 Hospes]
2318 1930 2511 1997 Peregr
2536 1948 2655 1983 nus.

2064 2018 2300 2072 Ullamne
2331 2020 2564 2071 humanis
2593 2018 2759 2089 rebus]
2791 2022 3208 2086 Argutnentatur
3236 2020 3304 2074 ab
3333 2035 3399 2074 eo
3424 2021 3565 2089 quod

1987 2120 2069 2164 cst
2117 2110 2303 2178 magis.
2355 2109 2524 2163 Homo
2573 2112 2683 2178 ipse
2728 2111 3125 2175 cet-ruptionem
3174 2109 3408 2178 effugere
3452 2126 3558 2164 non

1990 2210 2188 2269 potest,
2211 2216 2331 2253 cum
2357 2215 2499 2268 saepe
2529 2200 2805 2268 repentina
2834 2210 3004 2254 morte
3025 2201 3366 2255 dissoIVatur.
3403 2203 3566 2256 Multo

1988 2292 2145 2358 igitur
2174 2294 2348 2344 minus
2379 2293 2538 2345 rebus
2570 2292 2815 2345 humanis
2858 2292 2995 2346 inest
3021 2294 3343 2347 constantia.
3376 2294 3561 2348 Horat.

1986 2383 2036 2434 iu
2070 2388 2194 2435 Arte
2223 2386 2427 2450 poetica
2459 2400 2471 2434 :

2111 2495 2357 2543 hebemur
2380 2498 2521 2544 merti
2553 2508 2640 2543 nos
2664 2502 2948 2556 ucstraque.

2065 2574 2223 2627 Velox
2270 2575 2417 2645 hora]
2468 2576 2626 2629 Vetus
2676 2584 2759 2629 e..t
2811 2577 2935 2628 illttd
2982 2576 3237 2631 Varronis
3279 2577 3559 2646 adagium,

1987 2663 2157 2715 llomo
2184 2665 2343 2717 bulla.
2376 2666 2600 2718 Faustus
2627 2683 2637 2716 :

2136 2754 2339 2818 Subdita
2361 2757 2455 2803 siut
2480 2764 2618 2805 certo
2643 2757 2859 2804 mortalia
2884 2771 3084 2818 corpora
3110 2761 3221 2807 fato.

2197 2815 2476 2877 Cuncttque
2505 2820 2734 2877 praecipiti
2760 2815 2980 2878 tempora
3005 2822 3130 2867 fluxa
3159 2830 3325 2869 ruunt.

2136 2875 2251 2943 Tam
2278 2875 2414 2943 huius
2437 2875 2549 2924 huitt
2568 2892 2692 2943 .num
2719 2875 3053 2943 t'eleti_genus
3078 2882 3245 2930 interit
3270 2883 3406 2943 hora,

2206 2932 2415 2997 'l‘urg.da
2438 2952 2578 2999 quam
2600 2942 2773 3000 pluwa:
2797 2932 2922 2987 bulla
2943 2942 3163 3002 liquescit
3186 2932 3340 3003 aqua}.

1981 3018 2114 3084 Quid
2146 3029 2227 3073 est
2258 3020 2448 3074 homo?
2496 3022 2662 3089 inquit
2710 3023 2936 3076 Seneca.
2977 3024 3263 3089 Quodlibet
3302 3039 3554 3093 quassum

1905 3136 1947 3195 Ο
1982 3124 2092 3168 vas,
2127 3119 2177 3163 et
2207 3111 2479 3179 quodlibet
2504 3111 2689 3180 fragile
2714 3113 2934 3180 jactatu.
2961 3114 3097 3179 Quid
3125 3124 3207 3168 est
3238 3114 3431 3169 homo?
3461 3116 3558 3168 itu-

1981 3198 2380 3251 becillissimum
2412 3214 2607 3267 corpus
2647 3210 2699 3254 et
2739 3201 2943 3269 fragile,
2980 3203 3177 3256 nudum
3228 3212 3419 3271 suapte
3461 3219 3558 3257 na-

1979 3299 2127 3351 tura,
2164 3291 2387 3355 inerme,
2416 3291 2603 3344 aliena:
2648 3294 2764 3360 opis
2804 3293 3067 3362 indigens,
3098 3294 3160 3347 ad
3194 3309 3404 3349 omnem
3450 3296 3558 3349 for-

1979 3390 2119 3433 ιηυω
2150 3382 2521 3435 contumeliam
2555 3386 2845 3451 projectum
2866 3428 2880 3449 ,
2913 3385 3120 3450 frigetis
3150 3395 3231 3439 est
3271 3397 3325 3439 et
3354 3387 3556 3441 laboris

1980 3472 2277 3539 impatiens,
2308 3490 2371 3527 ex
2403 3476 2627 3527 infirmis
2655 3474 2935 3545 fluidisque
2958 3470 3453 3533 contextum.‘0dor
3482 3477 3559 3533 il-i

1978 3580 2265 3632 saporque,
2309 3573 2365 3618 et
2406 3566 2683 3631 lassitudo,
2714 3575 2768 3619 et
2810 3566 3009 3636 vigilia,
3047 3568 3258 3632 humor,
3288 3578 3340 3621 et
3380 3568 3555 3631 cibus,

1977 3659 2090 3709 sine
2117 3659 2310 3725 quibus
2344 3658 2525 3713 vivere
2555 3675 2658 3713 non
2693 3670 2898 3727 potest,
2932 3660 3211 3715 mortifera
3243 3671 3382 3715 sunt.
3414 3664 3558 3727 Quo—

1976 3760 2186 3815 cunqne
2215 3764 2273 3801 se
2317 3761 2522 3811 movet,
2565 3752 2888 3804 inlirtnitatis
2930 3767 3040 3804 sure
3088 3755 3263 3805 statim
3307 3755 3556 3807 conscius

1978 3837 2301 3888 tenuissimis
2332 3840 2505 3889 causis
2548 3848 2706 3904 atque
2748 3839 3131 3892 offensionibus
3177 3841 3451 3893 morbidus
3490 3856 3555 3896 ac

1975 3926 2166 3991 putris.
2209 3925 2398 3978 Merito
2446 3927 2623 3995 itaque
2662 3925 2856 3980 cecinit
2896 3928 3320 3994 sapientissimus
3368 3937 3551 3995 poeta-

1978 4030 2091 4065 νηπίη
2122 4028 2136 4066 ζ

2100 4124 2219 4173 Tale
2244 4126 2438 4186 quidem
2466 4140 2623 4188 genus
2646 4132 2720 4175 est
2745 4112 3021 4188 hominum,
3040 4129 3185 4189 quale
3209 4134 3285 4176 est
3306 4126 3543 4177 foliorum.

2047 4226 2324 4301 Fortuitis]
2371 4230 2530 4283 Bonis
2571 4229 2816 4285 fortunae.
2849 4230 3085 4283 Valerius
3130 4231 3387 4285 Maximus
3422 4232 3555 4284 libro

1956 4328 2126 4385 scuto
2160 4362 2176 4386 ,
2214 4320 2424 4375 Caduca
2482 4322 2699 4374 nimium
2778 4330 2833 4375 et
2887 4322 3089 4389 fragilia
3159 4321 3554 4389 puerilibusqtte

1975 4416 2329 4461 consentanea
2357 4410 2587 4477 crepidis
2619 4420 2744 4462 sunt
2772 4410 2898 4474 ista,
2925 4426 3040 4477 quae
3074 4411 3211 4461 vires
3239 4418 3395 4475 atque
3421 4426 3554 4477 epes

1901 4504 1953 4564 1)
1980 4498 2223 4553 inuitante
2242 4514 2517 4554 vocantur.
2553 4499 2789 4554 Aflluunt
2816 4502 3009 4565 subito,
3046 4507 3263 4567 repente
3305 4499 3552 4554 dilabun-

1978 4597 2082 4654 tur,
2116 4590 2259 4643 nullo
2289 4590 2340 4643 in
2389 4590 2528 4655 loco,
2563 4592 2698 4643 nulli
2748 4592 2798 4645 in
2834 4607 3055 4658 perstma
3099 4590 3376 4644 stabilibus
3424 4591 3549 4644 nixa

1976 4682 2244 4734 radicibus
2271 4683 2595 4745 consistunt,
2626 4683 2717 4735 sed
2752 4682 3108 4736 incertissimo
3153 4684 3275 4733 flatu
3326 4682 3550 4735 fortttntn

1979 4774 2080 4827 huc
2122 4783 2279 4841 atque
2308 4776 2431 4827 illuc
2474 4788 2621 4838 arta,
2653 4791 2784 4843 quos
2828 4775 2942 4827 subl
2969 4790 3051 4825 tne
3081 4774 3420 4833 extulerunt,
3453 4775 3551 4824 im-

1979 4864 2187 4925 proviso
2213 4879 2428 4915 ret-urso
2456 4864 2743 4918 destitutos
2774 4864 2824 4915 in
2852 4862 3112 4929 profundo
3141 4862 3369 4914 cladium
3398 4864 3553 4914 mise-

1977 4955 2212 5007 rabiliter
2240 4956 2577 5023 immergunt.
2604 4954 2779 5021 Itaque
2812 4970 2979 5021 neque
3007 4955 3203 5008 debent
3233 4955 3548 5016 existimari,

1979 5059 2147 5112 neque
2169 5045 2270 5097 dici
2306 5045 2437 5097 bona
2459 5086 2471 5106 ,
2504 5062 2622 5113 ane
2655 5044 2975 5099 inflictorum
3009 5046 3267 5098 ntalorttm
3299 5047 3550 5096 amaritu-

1973 5136 2149 5188 dinem
2178 5134 2446 5188 dcsiderio
2473 5137 2552 5189 sui
2580 5136 2873 5203 duplicant.

2051 5225 2271 5277 L’ltimus
2311 5234 2477 5277 tamen
2507 5226 2619 5277 vita:
2650 5225 2756 5277 dies
2794 5239 2929 5278 mors
2954 5225 3185 5289 qua'dam
3230 5224 3453 5291 fortuna:
3480 5233 3550 5275 est

1971 5318 2122 5365 etiam
2149 5313 2417 5381 manentis]
2446 5315 2533 5368 Sic
2563 5328 2786 5382 prosper
2812 5313 2862 5365 in
2890 5314 3285 5381 epigrammatis
3309 5330 3322 5365 :

2126 5407 2363 5455 Terrenis
2385 5408 2556 5467 opibus
2575 5418 2683 5452 cum
2708 5406 2846 5451 dives
2866 5408 3045 5465 gaudet
3074 5407 3286 5465 iniquus,

2200 5469 2339 5515 \‘eris
2362 5480 2415 5513 se
2442 5469 2673 5513 miserum
2699 5468 2853 5512 nescit
2878 5480 3031 5526 egere
3055 5468 3206 5513 bonis.

2136 5530 2253 5577 Nam
2278 5530 2393 5589 qtttd
2421 5533 2511 5575 erit
2531 5529 2657 5587 quod
2684 5539 2775 5572 non
2800 5535 3043 5589 momento
3069 5528 3299 5587 temporis
3318 5537 3415 5573 uno

2198 5587 2415 5637 Perdere
2440 5590 2677 5635 mundana
2700 5587 2974 5633 conditione
2999 5594 3170 5647 queat,

2134 5651 2248 5697 Cum
2277 5652 2408 5707 Iit-et,
2428 5650 2643 5696 adversis
2668 5648 2983 5703 cessantibus,
3012 5649 3169 5697 omnia
3197 5655 3413 5707 pareant,

2204 5712 2336 5773 Lege
2358 5706 2515 5759 tamen
2542 5711 2709 5757 mortis
2724 5710 2785 5757 sit
2804 5708 3048 5756 faciendus
3072 5706 3208 5769 inops
3221 5706 3246 5754 ?
