4010 6372
466 348 573 403 963

1002 452 1067 505 ΙΝ
1108 447 1394 503 METBUM
1435 443 1521 496 111.

386 624 391 629 ,
540 552 767 607 Carmen
805 554 889 602 est
926 543 1171 604 dicolon,
1203 548 1457 593 constans
1488 532 1759 600 Sapphico
1783 540 1835 582 ct
1862 529 2056 597 Glyco-

475 645 616 705 nico,
639 656 744 711 quo
765 639 896 693 satis
917 635 1192 689 evidenter
1220 628 1520 684 ostenditur
1565 640 1670 678 non
1698 623 1870 676 solutn
1898 620 2057 672 rebus

475 731 721 788 humanis
767 728 964 783 nullam
1002 726 1177 779 inesse
1204 718 1587 779 conatantiam,
1616 723 1675 769 ut
1702 713 1808 782 jam
1855 709 2055 764 dictum

472 835 587 889 est,
617 822 711 877 sed
741 820 872 876 nihil
901 819 1013 874 fere
1057 819 1107 870 in
1140 817 1243 869 hoc
1288 810 1489 867 mundo
1522 823 1641 862 esse
1691 802 2054 865 immutabile,

472 931 595 971 cum
652 927 811 968 omne
861 910 912 964 id
960 907 1102 979 quod
1150 905 1221 959 sit
1283 902 1519 973 genitum
1582 910 1808 952 necesse
1850 893 1919 948 sit
1960 891 2057 944 ali-

472 1007 688 1080 quando
716 1003 1013 1071 corrumpi.

546 1096 787 1167 Phorbas]
816 1095 928 1150 Sol.

550 1190 709 1245 Rosci
733 1186 755 1259 ']
784 1182 1139 1240 Rubicnndis.
1250 1253 1253 1256 ν

551 1248 821 1348 ιιειειᾶιη]
856 1277 1021 1343 Maius
1046 1274 1187 1329 enim
1217 1253 1396 1324 lumen
1424 1248 1649 1320 olfnscat
1672 1261 1846 1317 minus
1872 1278 1883 1311 :
1916 1258 2059 1311 unde

479 1381 536 1427 et
559 1369 779 1426 Ovidius
798 1384 818 1421 ε

666 1460 789 1509 Ecce
815 1457 932 1517 vigil
956 1455 1106 1504 nitido
1124 1468 1154 1515 p
1171 1451 1357 1517 defecit
1376 1450 1436 1497 ab
1462 1456 1573 1495 ortu

570 1524 851 1584 Purpurer
866 1514 1041 1584 aurora
1064 1514 1208 1584 fo_;es.
1233 1522 1282 1561 et
1309 1514 1450 1573 plena
1471 1520 1688 1579 rosarum

569 1568 1004 1645 Atriaidifl‘ugiunt
1026 1576 1204 1645 stellae,
1240 1568 1444 1644 quarum
1467 1572 1658 1639 agmina
1686 1568 1817 1626 cog-it

571 1631 791 1702 Ῐζιιοὶῐῖξι,
818 1631 1002 1691 ριυεαξιὶ
1026 1631 1233 1687 statione
1258 1631 1542 1682 novissimus
1568 1631 1693 1678 exit.

548 1723 823 1793 Flaminii]
855 1719 1239 1789 Splentloribus
1265 1717 1413 1769 solis.

549 1811 920 1879 Prementibus]
947 1807 1363 1865 Obscurantibus
1388 1802 1594 1858 stellas.

548 1904 743 1976 Spirat]
778 1907 935 1959 Deest
956 1904 1019 1956 si.

547 1992 816 2062 Insanum]
851 1991 1214 2055 Insalubriter,
1247 2002 1442 2043 nomen
1477 2000 1571 2054 pro
1601 1982 1880 2036 adverbio.

548 2087 839 2144 Nebulasus
880 2083 1071 2153 auster]
1104 2081 1200 2135 llic
1231 2088 1423 2133 ventus
1450 2084 1530 2130 est
1560 2074 1695 2127 ﬂans
1740 2085 1768 2123 a
1815 2066 2060 2131 meridie,

478 2179 765 2237 nebulosus
793 2185 951 2245 atque
978 2175 1286 2231 humectus;
1319 2167 1461 2222 unde
1489 2176 1543 2218 et
1572 2182 1600 2216 a
1630 2163 1837 2217 Grtecis
1868 2160 2065 2214 dicitur

482 2274 645 2337 νότος,
676 2270 743 2323 ab
782 2282 847 2322 eo
873 2265 1015 2336 quod
1044 2274 1127 2317 est
1152 2263 1311 2323 νότις,
1355 2256 1670 2317 humiditas,
1718 2255 1933 2317 humor,
1965 2250 2065 2303 La-

483 2364 597 2416 tine
624 2368 824 2421 auster,
849 2354 990 2423 quod
1015 2367 1171 2405 aures
1200 2356 1403 2403 sternat
1428 2347 1768 2412 hebetatque,
1794 2342 1876 2395 vel
1908 2343 2063 2393 haus-

483 2460 584 2514 ter,
616 2449 682 2501 ab
711 2443 1024 2499 hanriendis
1068 2438 1241 2509 aquis.
1285 2437 1359 2490 De
1409 2437 1508 2488 hoc
1554 2432 1838 2487 Cornelius
1881 2430 2066 2483 Celsus

484 2541 619 2597 libro
648 2536 925 2592 Medicina:
972 2530 1233 2591 secundo,
1264 2528 1440 2593 capite
1487 2527 1699 2594 primo:
1734 2522 1931 2575 Auster
1972 2534 2067 2571 au-

485 2646 573 2686 res
613 2630 852 2692 hebetat,
884 2640 1074 2679 sensus
1119 2621 1320 2683 tardat,
1358 2615 1550 2684 capitis
1580 2614 1798 2669 dolores
1852 2620 2067 2671 movet,

484 2726 658 2779 alvum
691 2721 881 2783 solvit,
916 2725 1082 2770 totum
1110 2727 1309 2782 corpus
1338 2710 1505 2765 eflicit
1534 2708 1724 2770 hebes,
1754 2704 2029 2758 humidum
2050 2743 2065 2764 ,

486 2812 817 2882 languidum.
843 2808 1092 2860 Irloratius
1124 2806 1175 2858 in
1204 2799 1558 2857 Serntonihus
1585 2814 1598 2850 :

581 2902 686 2952 Nec
708 2897 828 2950 mala
849 2914 927 2948 me
952 2899 1150 2947 ambitio
1176 2895 1355 2958 perdit,
1380 2904 1471 2939 nec
1492 2889 1748 2951 plumbeus
1771 2895 1955 2934 auster.

486 2986 707 3042 Ovidius
735 2986 788 3037 in
817 2983 1045 3050 septimo
1078 2977 1605 3044 Mctamorphoseos:

582 3076 818 3126 Laetiferis
829 3074 969 3124 calidi
989 3076 1233 3134 spirarunt
1253 3069 1452 3117 aestibus
1475 3066 1621 3113 austri

564 3157 749 3228 Decus]
784 3159 1043 3212 ltosarum
1078 3152 1421 3222 pulchritudo
1444 3159 1501 3203 et
1530 3154 1927 3207 ornamentum.

562 3251 862 3320 Tranquillo
889 3245 1086 3316 serena]
1115 3244 1426 3313 Tranquillo
1452 3241 1762 3294 serenitate.

562 3340 820 3411 Imntatis]
846 3338 963 3394 Non
998 3338 1178 3391 motis.

563 3432 779 3502 Aquila]
833 3434 1032 3486 Ventus
1072 3440 1155 3485 est
1196 3432 1265 3483 ab
1313 3429 1615 3496 impetuoso
1664 3424 1854 3491 aquila)
1898 3422 2076 3473 volatu

493 3526 821 3587 nominatus,
861 3520 1293 3591 septentrionalis
1331 3519 1544 3587 quidem
1572 3528 1625 3572 et
1671 3512 2074 3583 frigidissimth

494 3632 652 3688 quem
683 3616 853 3670 Graeci
881 3615 1064 3690 βορέαν
1093 3612 1378 3681 appellant.

565 3704 858 3777 Ferventes]
887 3706 1220 3761 Estnantes.

569 3796 752 3868 Versa]
783 3797 1073 3860 Subverso,
1105 3794 1306 3855 diruto,
1340 3792 1633 3860 exagitata.
1702 3838 1707 3847 ,

564 3887 819 3962 Equam]
847 3888 1116 3956 Aquarum
1146 3884 1386 3952 planitie.
1412 3880 1617 3948 Aiquor
1644 3881 1786 3933 enim
1811 3876 1877 3928 ab
1902 3888 2077 3940 requa

497 3985 646 4042 litate
676 3982 874 4036 dictum
908 3993 1026 4033 esse
1051 3985 1280 4031 constat.

569 4077 710 4130 Rara
754 4074 797 4127 si
845 4079 1037 4126 constat
1082 4086 1172 4121 sua
1222 4069 1387 4137 [arma
1436 4061 1650 4134 munda]
1692 4067 2076 4130 Argumentum

497 4167 702 4240 profert
727 4166 794 4219 ab
823 4179 888 4219 eo
930 4163 1070 4231 quod
1122 4160 1291 4228 magis
1329 4166 1428 4212 est.
1477 4157 1642 4225 Magis
1686 4154 1832 4208 enim
1881 4152 2079 4205 mundo

501 4258 708 4314 videtur
738 4256 916 4310 inesse
948 4252 1274 4311 constantia,
1305 4260 1358 4303 et
1392 4256 1680 4316 perpetuus
1710 4256 1882 4306 tenor,
1918 4257 2074 4309 quam

498 4348 661 4403 rebus
710 4345 1012 4400 mortalium
1065 4346 1287 4395 fortuna:
1339 4339 1727 4405 mutationique
1777 4335 2075 4402 ~nbjectis:

499 4440 593 4495 sed
627 4438 845 4503 mundo,
874 4450 925 4489 ut
960 4451 1022 4488 ex
1056 4432 1467 4503 particularibus
1503 4430 1764 4497 exemplis
1794 4428 2078 4481 collectum

500 4540 611 4594 est,
653 4544 759 4583 non
804 4529 942 4582 inest
981 4540 1193 4593 semper
1237 4523 1424 4578 eadem
1474 4522 1669 4587 facies,
1719 4528 2080 4588 perpetuaque
2112 4531 2165 4589 Ῑ)

500 4623 819 4677 constantia.
847 4621 1012 4673 Multo
1038 4620 1196 4688 igitur
1222 4617 1397 4669 minus
1439 4613 1742 4667 mirandum
1773 4619 1884 4674 est,
1916 4609 1962 4662 si
1993 4622 2081 4662 res

502 4714 745 4767 humana:
773 4726 991 4765 casuum
1025 4710 1334 4762 varietatem
1365 4705 1617 4772 vicesque
1645 4702 1926 4771 recipiant.

572 4800 756 4872 Crede]
786 4801 956 4854 lronia
997 4808 1112 4861 est,
1149 4800 1299 4868 quasi
1344 4798 1525 4852 d'cat:
1563 4797 1780 4849 Minime
1825 4792 1920 4846 tibi
1968 4805 2086 4845 cre-

502 4893 735 4950 tlendum
761 4900 862 4947 est.
893 4892 982 4945 Sic
1009 4899 1160 4959 poeta
1187 4904 1202 4941 :

658 4986 677 5035 ῐ
704 4997 849 5041 nunc,
878 4992 929 5051 et
954 4983 1117 5032 verbis
1140 4983 1367 5031 virtutem
1391 4978 1539 5028 illnde
1563 4976 1804 5040 superbis.

507 5070 570 5125 I'It
598 5067 845 5124 lloratius
871 5083 887 5121 :

664 5161 683 5209 ι
711 5170 838 5208 nunc
864 5166 917 5205 et
940 5168 1111 5204 versus
1132 5160 1291 5203 tecum
1308 5152 1547 5199 meditare
1569 5162 1787 5198 canoros.

578 5242 754 5312 Bonis]
785 5242 994 5297 Iambus
1016 5248 1131 5300 est,
1180 5252 1299 5289 nam
1330 5236 1468 5288 sicut
1505 5235 1862 5289 Terentianus
1891 5231 2085 5293 docet,

504 5332 829 5404 Glyconicus
854 5342 1041 5384 versus
1076 5323 1526 5395 quemadmodum
1554 5336 1609 5379 et
1638 5322 1956 5383 Phalazcius,
1992 5335 2087 5389 pro

506 5425 748 5494 Spondeo
790 5422 951 5476 modo
996 5419 1259 5481 iambum,
1295 5415 1455 5469 modo
1495 5415 1786 5470 trochaeum
1834 5412 2086 5467 admittit.

507 5516 775 5585 Septimus
803 5533 814 5566 :

756 5607 990 5665 Geritqtte
1019 5606 1147 5651 intus
1167 5602 1212 5648 in
1233 5597 1457 5661 oppidum

760 5668 970 5717 Auhelos
997 5666 1193 5725 Panope
1218 5672 1423 5723 greges.

509 5750 657 5811 Idem
682 5772 694 5806 :

1111 322 1453 391 APPENDIX
1493 330 1585 386 AD
1627 308 1869 383 LIBROS
1913 323 2000 377 DE
2040 314 2556 375 CONSOLATIONE
2597 306 3091 368 PHILOSOPHUS.

2086 438 2135 494 A

3648 300 3750 357 9Gl

2410 425 2642 484 Purpura:
2669 420 2819 483 leguli
2845 431 3016 484 sones,

2407 482 2543 534 Intus
2566 485 2645 532 hic
2670 486 2751 530 ulti
2775 483 3007 530 consitum
3035 482 3125 526 est.

2160 570 2409 624 lloratius
2434 569 2486 621 in
2510 566 2637 639 Qdis
2662 584 2675 617 :

2411 660 2545 719 Ignis
2564 656 2734 707 Iliacas
2753 656 2939 703 domos.

2161 741 2401 796 Catullus
2429 758 2440 789 :

2409 830 2570 878 Diania
2596 840 2762 877 sumus
2794 829 2841 874 in
2867 826 2959 874 ﬁde

2404 892 2587 940 Puellze
2612 900 2663 939 et
2693 890 2833 950 pueri
2862 887 3056 947 integri.

2161 976 2303 1030 Idem
2331 993 2344 1029 .'

2408 1068 2620 1116 Dtetiens
2641 1067 2735 1114 iter
2758 1074 2932 1109 annum

2410 1128 2615 1189 Rustica,
2635 1126 2861 1189 agricolae
2886 1124 3025 1189 bonis

2408 1191 2561 1239 Tecta
2597 1184 2821 1249 frugibus
2845 1184 3064 1245 expleas.

2242 1270 2449 1329 Cotts'al
2480 1269 2687 1341 rctama]
2732 1266 2959 1325 Pulchra
3008 1261 3399 1331 veri~sitnaqne
3446 1258 3754 1321 conclusio,

2164 1388 2265 1442 qua
2312 1365 2612 1423 ostv-tulitur
2657 1375 2815 1413 omne
2844 1358 2893 1410 id
2926 1355 3066 1423 quod
3104 1353 3341 1423 genitum
3386 1361 3465 1405 est
3524 1365 3756 1415 corrup—

2166 1463 2295 1517 tioni
2332 1473 2451 1514 esse
2492 1452 2812 1510 obnoxium.
2840 1447 3183 1503 AriStoteletn
3230 1447 3279 1497 in
3313 1444 3486 1512 primo
3513 1443 3582 1494 de
3605 1440 3757 1494 C(elo

2164 1564 2217 1608 et
2249 1551 2441 1605 Mundo
2467 1566 2478 1600 :
2512 1545 2762 1600 Ceuitutn
2788 1540 2931 1594 enint
2953 1546 3009 1592 et
3037 1533 3390 1603 corruptibile
3413 1547 3538 1586 sese
3572 1539 3757 1583 mutuo

2165 1649 2589 1712 consequuntur.
2632 1638 2839 1691 Seneca
2882 1631 3108 1699 epistola
3140 1628 3255 1682 88:
3298 1625 3395 1679 Cui
3436 1624 3589 1677 nasci
3629 1637 3759 1676 con-

2167 1740 2314 1809 tigit,
2362 1733 2498 1789 mori
2540 1738 2727 1785 restat.
2772 1728 2917 1780 Idem
2945 1721 3110 1776 alibi:
3156 1720 3262 1774 Les
3307 1718 3447 1771 utilis
3482 1726 3600 1782 est,
3640 1730 3760 1785 qua:

2091 1802 2137 1859 Β
2160 1835 2309 1903 jubet
2334 1829 2479 1883 nasci
2502 1838 2557 1880 et
2583 1825 2741 1878 mori.

2235 1919 2467 1990 Constat]
2499 1919 2717 1973 Certum
2744 1919 2796 1965 et
2823 1908 3056 1972 ﬁrmum,
3089 1906 3189 1959 hoc
3216 1912 3329 1968 est,
3361 1911 3418 1953 ut
3446 1900 3581 1953 nihil
3612 1898 3761 1967 geni-

2168 2028 2276 2070 tum
2309 2021 2541 2073 constet,
2573 2008 2623 2062 id
2655 2015 2739 2060 est
2769 2010 3023 2072 perpetuo
3051 2000 3204 2052 duret
3234 2004 3395 2064 atque
3418 1998 3759 2061 permaneat.

2166 2108 2520 2162 Maximianus
2554 2117 2569 2153 :

2319 2197 2461 2246 Ortus
2488 2196 2660 2239 cuncta
2684 2199 2798 2234 suos
2817 2188 3067 2244 repetunt,
3092 2185 3403 2237 matremque
3416 2174 3697 2233 requirunt.

2171 2279 2407 2348 Baptista
2441 2275 2758 2328 Mantuanus
2783 2284 2797 2320 :

2326 2368 2479 2426 Unda,
2502 2364 2679 2424 solttm,
2705 2364 2938 2426 pereunt,
2964 2360 3094 2426 perit
3113 2350 3338 2426 humidus
3356 2348 3537 2426 a-thqr,
3560 2352 3616 2393 et
3639 2344 3764 2405 ignis

2388 2414 2596 2484 Cecidit,
2625 2414 2678 2472 ei
2707 2414 2940 2481 quidquid
2965 2425 3170 2476 quatuor
3198 2414 3288 2460 ista
3322 2416 3509 2458 creant.

2703 2503 2764 2557 IN
2816 2498 3089 2556 PllUSAM
3142 2495 3229 2549 IV.

2245 2601 2525 2673 Superiori
2556 2610 2713 2667 prosa
2744 2594 2927 2648 Boetio
2965 2586 3307 2655 Philosophia
3361 2581 3575 2651 quantis
3600 2596 3628 2631 a
3673 2594 3766 2631 or-

2174 2705 2301 2749 tuna
2329 2671 2491 2747 bouis
2520 2687 2774 2758 prmditus
2801 2692 3094 2749 auctusque
3115 2678 3297 2731 fuisset
3339 2671 3572 2725 ostendit
3602 2688 3612 2721 ;
3637 2683 3767 2737 quo-

2177 2800 2294 2839 rum
2319 2781 2579 2836 relatione
2610 2777 2761 2831 facile
2791 2771 3035 2842 probavit
3078 2769 3225 2836 plura
3259 2766 3306 2819 ei
3337 2764 3607 2815 fortunam
3638 2774 3769 2811 con-

2179 2879 2361 2931 tulisse
2388 2887 2544 2943 quam
2581 2867 2883 2923 abstulisse.
2914 2862 3065 2916 Nunc
3096 2868 3272 2910 autem
3322 2854 3482 2907 docet
3514 2859 3659 2903 tanta
3691 2847 3770 2901 illi

2180 2979 2464 3037 superesse
2498 2963 2658 3025 bona,
2684 2970 2740 3012 ut
2773 2958 2819 3009 si
2846 2969 2945 3023 qua
2974 2955 3042 3005 sit
3074 2952 3122 3002 in
3152 2951 3375 3000 fortuna:
3408 2942 3571 2996 rebus
3604 2940 3771 2993 felici-

2184 3073 2286 3125 tas,
2318 3057 2550 3113 nondum
2570 3067 2687 3106 eam
2714 3049 3006 3119 perdidisse
3029 3042 3288 3097 videatur.
3318 3036 3522 3090 Deinde
3546 3031 3771 3086 familia-

2102 3166 2148 3226 ρ
2182 3158 2308 3210 riter
2356 3154 2525 3205 virum
2571 3142 2947 3215 reprehendit,
2983 3137 3140 3191 nimis
3182 3134 3361 3186 animo
3392 3128 3773 3185 conturbatum

2179 3254 2248 3305 oh
2277 3260 2486 3320 partem
2515 3246 2773 3299 bonorum
2801 3241 3051 3289 amissam
3075 3275 3089 3297 ,
3114 3244 3233 3284 cmn
3268 3223 3579 3279 mortalium
3614 3234 3775 3271 nemo

2179 3344 2248 3398 sit
2280 3341 2425 3395 omni
2452 3353 2513 3391 ex
2543 3343 2695 3403 parte
2728 3330 3048 3383 fortunatus.
3083 3322 3272 3376 Postea
3295 3318 3453 3370 docet
3479 3326 3665 3365 veram
3696 3308 3776 3361 fe-

2182 3433 2432 3486 licitatcm
2459 3429 2509 3479 iu
2536 3428 2758 3477 tortunre
2782 3415 2935 3470 bonis
2957 3414 3177 3467 minime
3198 3410 3517 3462 cons'tstere.
3546 3398 3777 3454 Proinde

2183 3517 2563 3576 beatitudinem
2595 3508 2862 3578 expetenti
2888 3504 3029 3557 nulla
3062 3502 3269 3555 ratione
3306 3510 3426 3549 esse
3450 3490 3772 3549 dolendum,

2180 3610 2321 3681 quod
2363 3605 2604 3661 amiserit
2636 3614 2697 3654 ea
2722 3612 2838 3667 quae
2867 3596 2994 3650 vere
3024 3592 3233 3647 beatum
3264 3584 3481 3641 efficere
3510 3596 3614 3636 non
3645 3592 3776 3648 pos-

2251 3879 2462 3951 Coquit]
2489 3879 2671 3945 Angit.
2700 3872 2931 3928 Ennius:

2804 3961 3038 4010 Curatuve
3061 3954 3272 4010 levas’so,

2318 4035 2435 4093 Quae
2462 4043 2588 4078 nunc
2612 4035 2661 4075 te
2686 4024 2868 4085 coquit.

2257 4116 2664 4185 Infelicissimum
2713 4123 2868 4181 genus
2918 4113 2986 4157 est
3022 4098 3290 4168 infortunii
3321 4097 3481 4165 fuisse
3526 4091 3726 4161 felicem
3752 4144 3769 4157 δ

2187 4212 2405 4265 Plautus
2434 4208 2487 4261 in
2516 4202 2850 4259 Rudeutihtts
2878 4215 2888 4248 :

2371 4298 2599 4347 Miserum
2621 4296 2744 4341 istnc
2767 4290 2968 4337 verbum
2993 4289 3045 4333 et
3070 4283 3330 4345 pessimum
3357 4283 3452 4335 est,

2372 4360 2632 4417 Habuisse,
2658 4361 2711 4403 et
2734 4350 2854 4399 nihil
2881 4350 3082 4396 habere.

2188 4444 2573 4499 Maximianus:

2315 4555 2443 4603 Dura
2469 4552 2586 4599 satis
2608 4547 2803 4595 miseris
2825 4540 3108 4593 memoratio
3134 4538 3290 4599 prisca
3319 4534 3581 4591 honorum,

2380 4615 2437 4664 Et
2459 4614 2652 4675 gravius
2674 4618 2861 4657 summo
2884 4604 3098 4651 culmine
3123 4607 3281 4646 mersa
3301 4604 3467 4643 ruunt.

2263 4720 2430 4791 Igitur
2450 4716 2529 4788 si]
2560 4706 3070 4777 Memorare‘incipit
3104 4703 3240 4756 booa
3270 4699 3458 4752 Bor-tio
3486 4708 3776 4749 etiamnum

2189 4821 2416 4887 reliqua.

2170 4980 2175 4983 ν
2268 4904 2542 4975 Divinitns]
2571 4907 2608 4958 A
2644 4905 2773 4959 Deo.

2264 5000 2436 5071 Atqui]
2474 4998 2600 5051 Sed.

2268 5090 2567 5158 Incolumis]
2597 5089 2809 5141 Salvus.

2265 5184 2600 5255 Symmachus
2624 5177 2784 5245 sacer]
2821 5176 2915 5228 Hic
2940 5175 3087 5225 locus
3116 5166 3350 5222 dilucide
3381 5164 3622 5217 ostendit
3654 5160 3781 5210 Bue-

2194 5281 2326 5333 tinm
2351 5278 2623 5343 aliquanto
2652 5286 2700 5339 pi
2719 5271 2798 5321 ius
2820 5268 2873 5319 in
2898 5264 3140 5319 exsilium
3165 5259 3331 5313 fuisse
3350 5257 3571 5310 missum
3622 5264 3784 5320 quam

2192 5368 2545 5442 Symmachus
2598 5363 2715 5431 ejus
2744 5373 2899 5413 socer
2952 5356 3111 5409 fuerit
3151 5361 3364 5419 captus,
3408 5357 3464 5400 et
3491 5348 3542 5399 in
3575 5341 3782 5396 vincula

2199 5462 2471 5529 coniectus
2500 5471 2604 5524 quo
2639 5464 2875 5518 tempore
2901 5443 3202 5512 Composuit
3227 5442 3329 5493 hoc
3356 5437 3597 5490 divinum
3626 5445 3784 5499 opus.

2202 5554 2319 5608 Fuit
2350 5562 2524 5603 autem
2550 5548 2633 5600 hic
2650 5540 3004 5613 Symmachus
3022 5538 3101 5589 vir
3129 5533 3537 5587 discitiSsimus,
3566 5538 3617 5579 et
3643 5538 3787 5577 sum-

2202 5647 2301 5701 tuis
2330 5652 2549 5697 ornatus
2581 5635 2894 5693 virtutibus,
2927 5631 3015 5699 qui
3060 5628 3245 5681 Boctio
3294 5635 3443 5691 patre
3473 5623 3680 5679 orbato,
3718 5616 3786 5668 ob

2201 5736 2316 5804 ejus
2339 5744 2600 5787 summum
2633 5722 2904 5794 ingenium
2939 5730 2991 5775 et
3018 5718 3272 5785 Oplimttm
3305 5713 3564 5766 indolem.
3605 5707 3782 5760 Rusti-
