4010 6372
288 364 392 416 96ἰί

1465 347 1836 404 Μυηδιειῐλιι
1883 342 2398 401 COMMENTARIA.

3452 335 3553 388 966

287 477 494 528 cianam
523 489 674 528 suam
698 475 859 527 filiam
893 489 1114 528 uxorem
1146 471 1316 525 dedit.
1352 471 1430 523 Ad
1461 470 1600 524 hunc
1625 468 1866 538 Symma-
1896 467 1946 526 Α
1973 462 2025 515 in
2057 463 2292 516 secundo
2319 460 2698 528 Gecrgicnrttui
2730 475 2740 507 :

287 565 446 618 chum
496 563 856 632 compluscula
901 563 1190 617 etiamnum
1237 567 1452 614 exstant
1481 558 1647 611 Boetii
1699 556 1867 610 nostri

287 655 506 724 scripta.
530 653 821 708 Tollendus
838 663 920 706 est
946 663 1122 706 autem
1153 651 1437 704 multarum
1456 646 1678 715 insignis
1697 659 1866 707 error,

289 746 618 817 opinantium
653 744 810 813 hujus
839 743 1146 814 Symmachi
1170 757 1290 794 esse
1326 739 1602 808 epistolas,
1632 751 1750 804 qua:
1772 750 1866 789 ex-

287 848 433 895 stant
475 840 664 893 breves
707 837 921 906 quidem
954 848 1007 889 et
1035 837 1328 902 elegantes,
1360 832 1452 885 sed
1482 831 1548 883 ab
1580 829 1743 894 impio
1777 829 1870 881 ho-

291 930 434 985 mine
459 941 512 985 et
531 928 956 983 Christianorum
976 928 1191 980 inimico
1213 929 1552 986 conscriptae.
1578 919 1698 974 Fuit
1726 919 1868 972 enim

289 1021 429 1074 alter
453 1019 810 1090 Symmachus
838 1028 1042 1082 orator,
1070 1025 1125 1071 et
1152 1014 1302 1069 urbis
1335 1015 1515 1066 Itonia:
1547 1009 1828 1078 praefectus
1850 1048 1865 1073 ,

290 1110 442 1178 cujus
471 1109 576 1162 illa:
616 1117 737 1162 sunt
766 1106 1010 1176 epistola:
1059 1115 1114 1159 et
1141 1103 1315 1157 oratio
1342 1101 1406 1155 ad
1439 1099 1869 1154 Valentinianum

293 1201 694 1268 imperatorem,
737 1213 840 1267 qua
879 1195 1202 1266 persuadere
1227 1202 1452 1248 conatus
1484 1192 1580 1244 fuit
1605 1203 1751 1244 aram
1781 1190 1871 1243 Vi-

290 1291 474 1345 ctoria:
505 1288 890 1344 restituendam
909 1329 924 1352 ,
955 1289 1038 1342 cui
1067 1285 1386 1341 Prudentius
1433 1297 1583 1352 poeta
1617 1283 1872 1336 Christia-

293 1393 427 1443 nus,
463 1387 520 1432 et
543 1379 695 1431 divus
727 1378 1068 1442 Ambrosius,
1113 1374 1199 1429 hic
1243 1373 1506 1436 oratione,
1548 1372 1756 1426 duobus
1789 1371 1872 1424 ille

293 1468 520 1538 poeticis
549 1468 697 1522 libris
719 1468 1130 1535 responderunt.
1159 1464 1327 1518 Boetii
1356 1472 1536 1516 autem
1565 1477 1720 1516 socer
1743 1461 1873 1515 mul-

295 1560 363 1613 tis
399 1559 554 1613 annis
586 1566 728 1628 post,
771 1557 872 1610 hnc
898 1567 978 1610 est
1033 1567 1272 1626 tempore
1301 1553 1496 1607 Justini
1527 1551 1746 1621 majoris
1776 1551 1874 1605 flo-

293 1649 424 1713 ruit,
456 1651 538 1704 vir
570 1647 1086 1709 Christianissimus,
1119 1655 1170 1698 et
1197 1645 1303 1698 divi
1334 1641 1575 1709 Gregorii
1610 1640 1874 1707 pontificis

293 1741 604 1796 testimonio
625 1749 866 1794 sanctus.
887 1738 1138 1810 Quisquis
1156 1737 1314 1806 igitur
1338 1744 1483 1790 recte
1499 1733 1699 1788 sentire
1716 1746 1878 1801 super

294 1833 401 1888 hoc
428 1833 560 1896 vult,
591 1846 798 1886 mecum
831 1831 1021 1885 sentiat
1050 1839 1282 1899 oportet.

367 1921 542 1991 Quod]
572 1920 745 1975 Decus
779 1919 994 1973 humani
1026 1919 1238 1987 generis
1268 1917 1731 1986 pretiosissimum.

371 2012 492 2066 Non
514 2010 700 2082 segnia]
735 2009 962 2079 Impiger
990 2018 1046 2062 et
1072 2007 1495 2062 festinabnndus.

371 2102 455 2156 Ea:
490 2102 753 2168 sapientia:
782 2095 1050 2154 virtutibus
1073 2095 1260 2167 factus]
1291 2095 1423 2150 Huic
1442 2094 1766 2150 contrarium
1797 2103 1880 2149 est

298 2193 429 2249 illud
458 2191 734 2247 Ciceronis
766 2192 817 2244 in
849 2193 1090 2245 oratione
1113 2203 1206 2256 pro
1233 2187 1508 2242 Cluentio:
1544 2185 1608 2239 Et
1627 2185 1715 2254 qui
1738 2192 1882 2239 esset

298 2294 448 2340 totus
477 2299 542 2339 ex
571 2283 757 2338 fraude
784 2292 836 2336 et
869 2281 1146 2336 mendacio
1177 2279 1363 2334 factus.

381 2373 626 2444 Suarum]
649 2374 994 2443 lnjuriarum.

375 2465 621 2536 Securus]
650 2465 846 2519 nullam
879 2465 1080 2519 habens
1109 2478 1313 2518 curam.

376 2561 544 2633 Uaor]
576 2562 880 2615 Rusticiana
912 2561 1215 2631 Symmachi
1243 2559 1369 2612 lilia.

383 2652 650 2710 Pudicitia
677 2653 871 2719 pudore
898 2648 1218 2719 prwcellem]
1265 2648 1620 2718 Hieronymus
1649 2646 1701 2700 in
1733 2646 1883 2699 Jovi-

298 2747 559 2801 nianum:
591 2743 894 2799 Doctissimi
916 2743 1014 2796 viri
1039 2757 1143 2796 vox
1165 2750 1268 2808 est,
1293 2741 1601 2810 pudicitiam
1628 2739 1887 2806 imprimis

299 2851 434 2892 esse
461 2835 797 2890 retinendam
831 2850 847 2899 ;
881 2850 983 2903 qua
1013 2835 1231 2897 amissa,
1259 2832 1434 2887 omnis
1463 2833 1634 2886 virtus
1675 2833 1799 2884 ruit.
1832 2832 1886 2883 ln

299 2929 412 2982 hac
439 2926 1064 2982 muliebrium'virtutum
1094 2924 1422 2993 principatus
1450 2933 1551 2978 eet.
1596 2923 1719 2976 llmc
1749 2938 1890 2991 'pau-

309 3033 498 3088 perem
530 3016 888 3080 commendat,
919 3016 1137 3069 divitem
1167 3015 1394 3077 extollit.
1419 3013 1713 3067 deformem
1746 3013 1890 3066 redi-

310 3113 434 3174 mit.
468 3119 690 3164 exornat
721 3109 1017 3178 pulchram.
1047 3110 1188 3161 Bene
1219 3116 1453 3160 meretur
1479 3106 1545 3159 de
1577 3104 1890 3173 majoribus,

307 3217 540 3274 quorum
597 3200 905 3271 sanguinem
953 3199 1146 3252 furtiva
1201 3197 1385 3250 sobole
1421 3211 1523 3249 non
1557 3197 1732 3257 vitiat;
1762 3195 1896 3248 bene
1923 3193 1968 3253 C

308 3296 386 3350 de
414 3294 622 3354 liberis,
651 3293 843 3360 quibus
871 3305 969 3345 nec
996 3291 1062 3344 de
1101 3298 1272 3342 matre
1302 3287 1725 3341 erubescendum
1753 3327 1766 3350 ,
1797 3301 1896 3339 nec

311 3385 387 3442 de
416 3394 566 3454 patre
593 3381 941 3438 dubitandum
960 3391 1076 3444 est;
1100 3380 1236 3434 bene
1258 3379 1522 3446 imprimis
1543 3379 1608 3432 de
1635 3393 1715 3442 se,
1738 3392 1896 3446 quam

312 3491 350 3530 a
377 3475 702 3530 contumelia
731 3471 939 3528 externi
979 3469 1222 3539 corporis
1247 3468 1506 3522 vindicat.

397 3566 512 3634 Vel]
548 3565 739 3620 Etiam.

390 3657 492 3709 Tui
524 3653 798 3725 desiderio]
829 3654 906 3708 Eo
932 3652 1072 3723 quod
1105 3661 1157 3707 te
1184 3650 1476 3706 desiderat.
1511 3646 1900 3702 Desiderantur

312 3747 467 3802 enim
493 3762 557 3801 ea
583 3761 701 3814 qua:
731 3747 945 3799 absunt.

397 3835 559 3906 Quid]
595 3836 814 3904 Propter
844 3834 971 3902 quid
1000 3834 1084 3888 vel
1108 3832 1172 3886 ad
1202 3830 1350 3901 quid.

393 3926 628 3997 Liberos]
660 3927 825 3981 Filios
853 3934 998 3980 tuos.

394 3993 728 4086 Consulares]
741 4017 839 4082 Qui
869 4016 1118 4071 consules
1140 4013 1222 4085 (ut
1250 4025 1410 4081 supra
1431 4010 1633 4066 dictum
1665 4007 1766 4074 est)
1793 3993 1908 4060 fue-

323 4119 476 4166 runt.
1233 4112 1243 4119 ’

401 4197 655 4269 Quorum]
681 4198 934 4252 Filiorum
967 4208 1200 4251 tuorum.

403 4287 693 4360 Specimen]
725 4287 943 4356 Proprie
970 4297 1051 4341 est
1081 4286 1132 4339 id
1157 4283 1297 4350 quod
1325 4282 1392 4336 de
1417 4296 1477 4335 re
1520 4279 1696 4332 venali
1729 4285 1911 4329 osten-

323 4381 476 4436 ditur
494 4380 719 4446 emptori
745 4366 935 4431 ut'inde
959 4377 1124 4444 possit
1142 4384 1367 4430 caeteras
1388 4385 1593 4425 merces
1613 4370 1909 4422 mstimare:

326 4482 396 4528 ut
437 4470 712 4541 particula:
743 4470 936 4538 panni,
965 4477 1056 4520 aut
1107 4480 1293 4535 parum
1342 4462 1629 4524 frumenti,
1678 4459 1760 4514 vel
1807 4458 1912 4510 vini

328 4575 546 4637 gustus.

408 4655 614 4727 Ingenii
641 4651 860 4724 paterni]
891 4649 1148 4705 Boetiani.

409 4744 564 4816 Aviti]
589 4741 1004 4814 Symmachiaui.

415 4836 508 4906 Ut]
536 4836 603 4892 Ut
633 4845 776 4905 pote.

415 4926 483 4980 In
509 4927 678 4995 pueris
704 4926 758 4978 id
788 4922 972 4994 wtatis]
1003 4922 1058 4976 ld
1085 4929 1169 4976 est
1197 4922 1313 4974 eam
1344 4923 1551 4970 :ctatem
1595 4913 1874 4983 agentibus
1902 4954 1917 4976 ,

339 5021 570 5091 figurata
616 5017 816 5071 locutio
864 5026 963 5069 est.
1001 5013 1055 5068 Id
1087 5013 1258 5067 aetatis
1283 5011 1460 5072 enim,
1489 5007 1627 5061 sicut
1656 5005 1706 5060 id
1753 5019 1920 5074 genus

334 5109 565 5167 cuilibet
587 5107 730 5161 casui
749 5105 973 5176 figurate
993 5104 1298 5172 apponitur,
1321 5109 1376 5154 et
1395 5098 1660 5169 significat
1683 5112 1776 5165 per
1803 5111 1920 5149 eam

338 5207 584 5261 aetatem,
610 5211 706 5251 seu
737 5197 850 5264 ejus
878 5196 1070 5249 aetatis.
1102 5193 1316 5247 Plautus
1346 5192 1398 5244 in
1425 5191 1706 5244 Asinaria:

475 5287 650 5351 Neque
675 5287 843 5350 puduit
866 5299 977 5336 eum
1001 5286 1046 5335 id
1070 5286 1226 5333 inlatis
1247 5282 1583 5344 sycophantias
1600 5290 1814 5328 struere.

341 5393 534 5447 Livius
550 5407 565 5443 :
579 5392 746 5455 Quem
769 5403 890 5442 cum
908 5394 1306 5454 percontaretur
1320 5382 1520 5448 Scipio,
1536 5381 1674 5450 quis,
1693 5380 1925 5450 eteujas,

343 5492 406 5538 et
431 5498 532 5550 [cur
564 5481 614 5535 id
637 5480 809 5534 anatis
841 5480 894 5532 in
940 5477 1130 5532 castris
1162 5475 1369 5540 fuisset,
1403 5473 1683 5526 Numidam
1712 5487 1770 5526 se
1809 5486 1928 5525 esse

344 5575 451 5636 ait,
478 5572 728 5626 Massium
761 5569 1042 5639 populares
1063 5581 1280 5621 vocare.

431 5664 478 5718 0
505 5672 550 5716 te
579 5663 623 5715 si
651 5672 736 5716 tua
758 5662 888 5715 bona
933 5675 1206 5729 cegnoacaa
1237 5654 1463 5724 felicem]
1492 5654 1555 5718 0,
1592 5667 1732 5706 nunc
1771 5653 1934 5706 inter-

348 5753 522 5825 iectio
550 5759 636 5808 est
660 5750 977 5810 admirantis
1005 5790 1019 5813 ,
1043 5758 1098 5804 et
1126 5755 1206 5802 est
1235 5745 1462 5800 imitatio
1485 5743 1625 5798 illius
1657 5743 1927 5811 Virgiliani

2129 553 2458 602 Ofortunatos
2491 554 2710 609 nimium,
2737 567 2822 599 sua
2848 557 2888 601 si
2917 552 3039 599 bona
3066 552 3242 609 norint,

2131 614 2387 676 Agricolae.

2048 696 2174 762 Quae
2201 697 2302 747 vita
2349 709 2493 747 nemo
2533 694 2730 746 dubitat
2770 709 2877 747 esse
2920 691 3158 763 cariora]
3193 693 3550 763 Symmachus

1973 798 2149 848 socer,
2186 798 2341 848 uxor,
2374 792 2427 834 et
2457 782 2628 835 liberi.

2046 875 2125 927 Ad
2144 869 2311 927 unum
2342 872 2526 942 omnis]
2558 872 2775 933 Omnes,
2804 872 3017 927 nemine
3052 885 3297 942 excepto.
3329 872 3548 926 Livius:

1974 965 2174 1020 Consul
2205 965 2476 1017 Romanus
2501 963 2551 1015 in
2578 962 2767 1031 Algido
2791 975 3132 1028 consecutus,
3163 963 3230 1018 ad
3257 979 3417 1018 unum
3440 979 3554 1031 om-

1977 1072 2071 1111 nes
2094 1056 2309 1108 occidit.
2645 1027 2671 1031 '
3121 1027 3124 1028 ν
3528 1027 3533 1032 ’

2051 1143 2300 1213 Nimium]
2326 1143 2472 1198 Ultra
2501 1141 2737 1196 modum.

2057 1234 2276 1305 Valida]
2311 1236 2631 1302 Impetuosa.

2053 1325 2299 1395 Quando]
2330 1324 2792 1394 Quandoquidem.

2048 1417 2275 1471 Tenaces
2303 1415 2526 1486 ancoris]
2555 1414 2783 1468 Pulchre
2816 1423 3093 1482 permanet
3131 1416 3182 1469 in
3207 1426 3552 1484 metaphora,

1977 1524 2006 1562 a
2037 1506 2409 1575 navigantibus
2445 1514 2501 1558 et
2547 1512 2863 1573 tempestate
2915 1504 3277 1558 laborantibus
3323 1515 3552 1573 sumpta.

1979 1600 2230 1654 Anchora
2271 1597 2457 1652 Graece
2483 1597 2680 1650 dicitur
2710 1593 2927 1672 ἄγκυρα.
2965 1595 3128 1650 Vetus
3156 1597 3401 1666 adagium
3439 1606 3554 1649 est:

1980 1689 2234 1744 Anchora
2258 1688 2448 1742 domus
2480 1703 2576 1755 pro
2609 1687 2820 1740 familia:
2866 1686 3094 1756 refugio.
3123 1687 3384 1756 Quidquid
3416 1688 3557 1741 enim

1983 1781 2104 1832 illud
2131 1790 2210 1832 est
2250 1781 2334 1832 cui
2362 1777 2658 1843 innitimur,
2683 1757 3209 1846 cdjusqueiulcimnr
3232 1777 3441 1837 fiducia,
3466 1791 3558 1829 an-

1981 1873 2143 1926 chum
2178 1882 2398 1923 vocatur
2433 1887 2443 1920 :
2485 1878 2695 1936 sumpta
2735 1885 2761 1920 a
2791 1869 3012 1922 navibus
3037 1871 3413 1932 translatione,
3443 1882 3561 1936 qua:

1979 1977 2098 2016 cum
2149 1960 2401 2014 anchoris
2453 1959 2598 2012 fultae
2624 1967 2770 2021 sunt,
2803 1959 2968 2012 veluti
2993 1959 3226 2012 defensa;
3253 1973 3280 2009 a
3313 1949 3562 2010 fluctibus

1980 2051 2278 2123 quiescunt.
2306 2050 2587 2118 Euripides
2634 2051 2688 2102 in
2715 2049 2928 2104 llecnba
2957 2049 3022 2101 de
3053 2048 3347 2118 Polydoro:

2136 2145 2226 2203 Qui
2248 2143 2345 2204 jam
2367 2143 2498 2190 solus
2521 2142 2722 2202 generis
2756 2127 2984 2201 superest
3008 2140 3214 2188 anchora
3238 2142 3400 2189 nostri.

2057 2226 2344 2298 Utcunque]
2373 2228 2706 2294 Quincunque
2741 2223 2922 2276 modo.

2059 2317 2416 2390 Euatabimus]
2451 2317 2752 2371 Evademus
2781 2315 2971 2368 mortis
3013 2313 3323 2381 periculum.
3360 2313 3566 2369 Perstat

1987 2417 2037 2469 in
2067 2413 2436 2466 translatione.

2063 2497 2439 2569 I’romovimus]
2470 2497 2815 2552 Profecimus.

2065 2591 2244 2662 Ferre]
2276 2592 2406 2645 Pati.

2063 2688 2188 2749 Quis
2218 2695 2288 2738 est
2318 2681 2490 2753 enim]
2518 2681 2791 2736 Sententia
2832 2687 2914 2733 est
2959 2677 3238 2732 verissima
3257 2719 3272 2743 ,
3300 2678 3571 2748 eleganter

1990 2793 2085 2846 per
2117 2773 2593 2841 interrogationem
2632 2771 2855 2839 prolata.
2899 2768 2996 2846 (Σιρί
3021 2769 3311 2822 concordat
3339 2768 3424 2821 illa
3453 2780 3574 2836 qua!

1990 2876 2073 2920 est
2102 2865 2240 2935 apud
2271 2865 2660 2931 llermogvnem
2704 2859 3015 2913 rhetorem:
3049 2856 3162 2910 Non
3203 2865 3376 2924 potest
3427 2858 3574 2910 inve-

1996 2957 2097 3014 niri
2132 2959 2235 3012 vita
2269 2956 2500 3009 hominis
2531 2967 2719 3008 carens
2749 2950 3012 3003 molestia.
3047 2948 3282 3002 Sene‘ca:
3315 2947 3461 3000 Nulla
3491 2954 3576 3000 est

2001 3063 2104 3108 tam
2131 3053 2268 3105 bona
2299 3052 2510 3104 fortuna
2539 3047 2606 3099 de
2655 3060 2758 3114 qua
2792 3042 2920 3096 nihil
2949 3041 3103 3110 queri
3134 3038 3324 3108 possis.
3355 3038 3496 3092 Idem
3524 3039 3575 3090 in

2003 3149 2093 3200 lib.
2128 3147 2196 3198 de
2226 3144 2300 3197 Ira
2335 3157 2424 3195 nt:
2457 3139 2595 3193 Nulli
2631 3137 2840 3190 fortuna
2868 3143 2971 3187 tam
2993 3132 3172 3186 dedita
3193 3141 3296 3198 est,
3329 3140 3388 3184 ut
3416 3131 3579 3182 mu'ta

2006 3237 2226 3290 ti-nlanti
2256 3234 2451 3313 ubique
2481 3227 2824 3296 respondeat.
2863 3224 3076 3276 llorat.:

2464 3316 2593 3367 Nihil
2615 3325 2695 3364 est
2719 3316 2777 3362 ab
2796 3327 2924 3361 omni

2343 3383 2492 3430 Parte
2518 3385 2731 3427 beatum.

2009 3469 2259 3522 Erasmus
2284 3481 2311 3517 e
2334 3464 2554 3517 Graeco:

2195 3561 2330 3609 Felix
2358 3571 2446 3620 per
2469 3556 2624 3604 omnia
2648 3551 2810 3600 nullus
2833 3556 2910 3598 est
2935 3547 3228 3596 mortalium.

2011 3646 2265 3702 Eamdem
2296 3641 2619 3698 sententiam
2650 3639 2793 3692 idem
2823 3645 2875 3691 et
2901 3635 2978 3689 sic
3007 3634 3196 3689 extulit
3221 3650 3233 3685 :

2193 3735 2330 3784 Haud
2357 3734 2471 3781 vivit
2495 3730 2622 3778 ullus
2645 3728 2870 3776 omnibus
2893 3723 3009 3772 felix
3039 3723 3210 3772 modis.

2013 3820 2295 3888 Euripides
2320 3834 2331 3866 :

2191 3927 2243 3975 Si
2274 3925 2468 3987 quidem
2497 3922 2736 3970 universis
2760 3917 2976 3987 rebusin
3001 3913 3297 3972 mortalium,
3417 3967 3434 3987 Α,

2192 3987 2268 4036 Nil
2287 3978 2558 4035 continenti
2577 3995 2600 4030 r
2626 3990 2676 4028 et
2703 3980 3015 4039 undiquaque
3048 3985 3334 4036 prosperum
3361 3978 3447 4022 est.

2017 4093 2216 4150 Plinius
2244 4091 2336 4144 lib.
2383 4105 2452 4142 vn
2483 4106 2493 4139 :
2529 4084 2826 4139 lllortalinm
2858 4095 3018 4136 nemo
3056 4089 3136 4139 est
3186 4078 3336 4132 felix.
3367 4065 3509 4130 Idem
3541 4075 3592 4133 in

2014 4187 2202 4240 eodem
2234 4183 2370 4236 libro
2400 4198 2412 4232 :
2447 4163 2612 4232 Nemo
2649 4175 2955 4229 mortalium
2987 4171 3233 4226 omnibus
3267 4170 3350 4221 hoi
3365 4170 3410 4222 is
3437 4167 3592 4235 sapit.

2018 4272 2287 4328 Maharbal
2312 4269 2380 4322 ad
2433 4266 2749 4320 Annibalem
2798 4263 2938 4331 apud
2989 4261 3192 4314 Livium
3229 4276 3241 4288 ο
3275 4259 3388 4310 Non
3418 4257 3594 4313 omnia

2018 4364 2188 4418 eidem
2213 4362 2284 4414 dii
2309 4360 2527 4413 dedere.
2569 4357 2793 4407 Vincere
2820 4355 2944 4416 seis,
2977 4349 3227 4414 Annibal,
3261 4349 3482 4401 victoria
3515 4349 3589 4400 uti

2021 4455 2213 4510 nescis.
2236 4452 2451 4521 Ulysses
2477 4447 2614 4516 apud
2643 4447 2954 4511 Homerum,
2972 4443 3264 4508 interprete
3292 4437 3596 4507 Philelpho;

1944 4560 1998 4620 D
2115 4562 2220 4610 Non
2247 4563 2324 4607 uni
2350 4559 2431 4606 dat
2454 4562 2624 4620 cuncta
2645 4554 2800 4611 Deus,
2826 4550 3066 4620 formosus
3082 4549 3291 4620 uthidern

2118 4624 2184 4672 Sit
2213 4621 2352 4668 simul
2377 4629 2426 4667 et
2447 4619 2676 4679 prudens,
2704 4627 2759 4660 ac
2783 4610 2933 4679 inulta
2959 4611 3102 4660 laude
3118 4610 3349 4679 disertus.

2119 4671 2208 4742 Qui
2236 4685 2400 4742 specie
2420 4671 2592 4737 caruit,
2624 4676 2756 4742 Dens
2783 4675 2910 4742 hunc
2933 4671 3226 4720 venerabilis
3259 4677 3391 4719 ornat

2119 4738 2316 4792 Viribus
2335 4742 2532 4802 eloquii,
2556 4752 2652 4802 quo
2676 4738 2725 4782 lit
2749 4739 2985 4802 mirentur
3006 4742 3058 4783 et
3080 4745 3226 4802 unum

2127 4807 2266 4854 Hunc
2289 4803 2390 4862 ali,
2415 4795 2529 4848 suav
2548 4795 2768 4862 s’lingua;
2794 4795 3066 4862 dulcedine
3079 4795 3222 4855 capti.

2123 4867 2214 4914 ilic
2239 4855 2398 4912 autem
2423 4862 2578 4909 fidens
2599 4855 2722 4914 orat,
2748 4858 2950 4918 lenique
2977 4855 3160 4916 pudore

2126 4927 2178 4975 ln
2201 4935 2355 4974 cretus
2379 4923 2582 4970 excellit
2599 4934 2772 4979 agens,
2797 4915 2943 4978 quem
2971 4915 3180 4965 numinis
3202 4915 3352 4961 instar

2121 4989 2406 5047 Suspiciunt
2423 4983 2616 5047 (urbem
2642 4981 2860 5047 quisquis
2879 4979 3414 5047 patiercjiloqttcnlem.

2125 5040 2370 5097 A~talium
2397 5040 2561 5091 inmite
2587 5040 2795 5096 bonitas,
2821 5053 2966 5100 quem
2990 5040 3204 5085 cominus
3223 5043 3387 5095 :t-quat

2118 5110 2392 5168 leitibus,
2423 5106 2618 5166 penitus
2639 5102 2823 5151 defecit
2847 5101 2999 5160 gratia
3023 5100 3201 5158 linguae

2029 5214 2362 5270 Claudianus
2395 5212 2445 5263 in
2477 5206 2800 5276 Panegyrico
2835 5205 3108 5260 Stilieonis
3138 5219 3150 5253 :

2463 5320 2656 5368 Etenim
2685 5317 2966 5364 mortalibus
2986 5329 3048 5362 ex
3074 5327 3171 5373 quo

2124 5386 2295 5434 'l‘ellns
2317 5392 2472 5442 empta
2498 5382 2610 5440 coli,
2641 5392 2886 5438 nunquam
2912 5377 3097 5442 sincera
3123 5377 3356 5442 bonorum

2127 5448 2207 5495 So'
2222 5459 2246 5492 s
2267 5443 2352 5490 ulli
2373 5434 2607 5490 concussa
2623 5445 2724 5486 viro
2745 5434 2928 5496 {quem
2956 5434 3112 5482 rullus
3135 5434 3361 5496 honestat

2128 5507 2438 5554 Dedecorant
2461 5514 2623 5549 mores
2644 5515 2657 5556 ;
2685 5495 2872 5544 animus
2895 5509 3041 5555 quem
3069 5495 3308 5549 pulchrior
3332 5502 3468 5542 ornat

2129 5569 2310 5627 Corpus
2333 5565 2550 5627 destituit
2579 5576 2589 5619 ;
2617 5555 2760 5627 bell-3
2785 5558 3019 5627 insigiiinr
3040 5555 3140 5627 ille,

2130 5615 2233 5674 Sed.
2254 5639 2422 5688 pacem
2449 5615 2585 5688 l'mdai
2617 5622 2754 5674 vitiis
2775 5631 2798 5687 ;_
2815 5618 2862 5663 in
2889 5618 3077 5688 publiea
3098 5615 3235 5675 felix,

2131 5690 2228 5737 Sed
2285 5690 2436 5735 rivata
2461 5687 2618 5732 minus
2645 5698 2654 5730 :
2683 5681 2856 5743 partita
2877 5675 3064 5743 singula
3088 5691 3338 5743 quemque

2133 5738 2424 5807 Nobilitant,
2450 5747 2578 5794 hunc
2596 5738 2743 5792 forma
2766 5741 2970 5796 decens,
2992 5739 3117 5785 hunc
3133 5738 3282 5785 robur
3298 5741 3345 5785 in
3365 5750 3466 5784 arm
3489 5752 3523 5798 ς,
