4010 6372
474 377 578 433 967

572 492 713 541 Hunc
731 493 884 551 rigor,
913 490 1038 536 hunc
1063 490 1235 549 pietas,
1258 488 1389 535 illum
1413 488 1611 537 solertia
1633 490 1776 550 juris,

573 553 714 603 Hunc
735 551 946 607 soboles,
972 552 1191 610 castique
1217 552 1330 598 tori.

553 636 788 705 Rixetur']
820 636 1032 704 Litiget,
1060 634 1455 697 disconveniat,
1485 633 1772 701 discrepet.

552 727 687 779 Huic
711 724 910 795 census]
941 725 1185 778 Ostendit
1213 725 1263 777 in
1293 725 1393 777 hac
1425 724 1533 779 vita
1563 725 1760 779 nemini
1789 732 1950 778 totam
1978 724 2056 778 fe-

482 820 737 874 licitatem
774 817 1081 873 oroveuire.

553 908 779 979 Degener
806 905 1035 977 sanguis]
1067 904 1292 960 Generis
1324 905 1650 975 ignobilitas.

552 998 794 1069 Utroque]
829 1000 893 1052 Et
922 1013 1117 1053 census
1146 1007 1198 1051 et
1226 998 1435 1067 generis
1475 999 1768 1052 nobilitate.

560 1092 723 1144 Vitam
756 1088 1003 1159 aclibem]
1037 1089 1222 1167 Uxorq
1244 1098 1539 1143 carentem.
1590 1091 1837 1144 Horatius
1870 1090 1919 1143 in
1951 1090 2059 1158 pri-

476 1198 564 1235 mo
588 1184 941 1251 Epistolarum
970 1202 983 1236 :

751 1274 932 1323 Lectus
957 1275 1163 1335 genialis
1186 1276 1233 1323 in
1261 1273 1369 1322 aula
1396 1283 1491 1335 est,

568 1333 642 1397 Nil
670 1338 734 1382 ait
761 1349 872 1384 esse
898 1333 1045 1397 prius,
1068 1338 1239 1384 melius
1259 1335 1321 1383 nil
1342 1333 1519 1384 etrlilie
1540 1337 1655 1384 vita.

569 1395 621 1443 Si
648 1408 740 1443 non
766 1404 859 1456 est,
883 1395 1014 1457 j'urat
1041 1403 1169 1446 bene
1192 1398 1307 1445 solis
1330 1410 1440 1445 esse
1468 1398 1665 1446 maritis.

553 1474 889 1549 liiexpertus]
920 1479 1032 1532 Non
1068 1488 1342 1547 expertus.

547 1568 694 1620 Adde
719 1568 856 1638 quod
878 1569 1183 1640 felicissimi]
1206 1570 1453 1623 Ostendit
1478 1586 1584 1640 quo
1633 1572 1800 1640 magis
1823 1572 1929 1624 sint
1953 1572 2056 1623 for-

477 1663 619 1710 tuna:
646 1659 983 1711 successibus
1021 1658 1254 1721 assueti,
1284 1674 1349 1712 eo
1380 1660 1553 1712 minus
1596 1659 1852 1713 adversus
1897 1676 2051 1713 rasus

476 1743 615 1801 ferre
640 1761 797 1813 posse
825 1748 1098 1801 mortales.

544 1837 624 1889 Ad
651 1835 852 1906 nutum]
886 1839 962 1892 Ex
1004 1840 1168 1893 animi
1202 1838 1486 1903 sententia,
1512 1850 1566 1894 et
1603 1840 1677 1894 ad
1703 1818 2049 1896 voluntatem.
2087 1856 2135 1915 Β

547 1925 802 1998 [malens]
823 1928 1091 1983 lnsuetus.

544 2014 919 2089 Prosternitur]
949 2018 1237 2089 Aflligitur.

546 2103 708 2175 Adeo]
737 2106 789 2159 lit
823 2118 1053 2162 tantum.
1136 2118 1143 2125 ‘

548 2196 651 2249 Per
681 2196 886 2266 exigua]
918 2196 1086 2251 Valde
1120 2200 1342 2266 exigua.

545 2286 835 2357 Summam]
867 2288 1278 2343 Perfectioneni.

544 2377 680 2431 Caelo
728 2377 1017 2453 proximos]
1046 2378 1213 2448 Supra
1265 2380 1477 2435 modum
1512 2381 1827 2440 fortunatos.
1870 2386 1909 2439 P
1939 2388 2053 2440 oxi-

473 2486 619 2525 nium
645 2471 784 2524 caelo
811 2485 903 2524 seu
936 2471 985 2523 in
1015 2471 1152 2525 caelo
1182 2486 1323 2534 esse,
1353 2490 1446 2528 seu
1477 2476 1669 2529 cmlum
1698 2476 1865 2547 digito
1895 2480 2052 2532 attin-

472 2576 632 2629 gere,
677 2560 941 2629 signiﬁcat
990 2575 1150 2630 supra
1203 2564 1417 2617 modum
1470 2565 1794 2620 fortunatum
1834 2584 1954 2623 esse
1990 2584 2052 2622 ac

470 2651 788 2721 gloriosum.
837 2652 905 2705 Μ.
949 2652 1155 2706 Tullius
1192 2672 1203 2704 :
1242 2654 1459 2708 Bibulus
1508 2658 1559 2710 in
1610 2658 1747 2712 coelo
1788 2670 1900 2722 est,
1952 2675 2051 2713 nec

469 2756 637 2811 quare
662 2742 802 2802 scio,
833 2744 925 2796 sed
979 2743 1048 2797 ita
1096 2743 1364 2799 laudatur.
1416 2746 1557 2801 Idem
1587 2766 1599 2800 :
1635 2749 1813 2804 Nostri
1872 2761 2050 2804 autem

445 2832 726 2901 .principis
770 2832 934 2902 digito
961 2848 1020 2888 se
1047 2836 1242 2888 caelum
1295 2849 1477 2904 putant
1524 2840 1786 2908 attingere
1806 2882 1820 2905 ,
1849 2842 1892 2893 si
1924 2841 2050 2894 nulli

473 2924 676 2977 barbati
708 2924 760 2977 in
791 2923 1005 2990 piscinis
1034 2927 1162 2994 sint,
1189 2930 1277 2995 qui
1305 2929 1367 2982 ad
1392 2946 1603 2983 manum
1630 2947 1705 2984 ac:
1726 2932 1905 2985 edant.

541 3012 681 3066 Adeo
711 3013 839 3066 nihil
863 3022 936 3067 est
960 3015 1219 3081 miserum,
1253 3020 1353 3070 nisi
1378 3036 1492 3071 cum
1523 3022 1689 3091 putes]
1714 3023 1801 3075 Sic
1835 3024 2050 3076 Meuan-

470 3101 603 3157 der:

870 3195 1283 3259 admodumalrox
1315 3210 1481 3259 passus
1504 3214 1578 3256 es.

717 3255 819 3303 Nisi
847 3258 890 3303 id
920 3264 970 3303 tu
999 3257 1084 3304 tibi
1109 3257 1204 3316 ling
1225 3273 1264 3305 s.

542 3337 971 3407 lEquanimitate]
1004 3341 1182 3393 Patii-n
1213 3344 1281 3393 ia.
1316 3342 1534 3395 Plautus
1565 3362 1575 3395 :

716 3426 771 3475 In
795 3441 850 3475 re
876 3428 995 3475 mala
1022 3433 1183 3477 animo
1207 3433 1244 3477 si
1270 3433 1395 3480 bono
1420 3440 1579 3492 utare,
1607 3447 1633 3482 a
1653 3435 1812 3493 ljnvnt.
1892 3504 1895 3505 ν

548 3509 795 3562 Horatius
822 3527 835 3563 2

713 3599 812 3665 Sed
826 3601 988 3665 levius
1010 3603 1059 3653 lit
1086 3607 1333 3665 patientia,

714 3662 955 3730 Quidquid
981 3662 1230 3727 corrigere
1257 3662 1332 3715 est
1356 3668 1512 3718 nefas.

542 3743 744 3798 Dederit
771 3745 981 3817 manus]
1024 3749 1341 3805 Submiscrit
1385 3769 1464 3807 se.
1499 3754 1831 3811 Translation
1865 3760 1931 3811 ab
1989 3763 2053 3815 iis

480 3834 569 3903 qui
600 3832 740 3888 bello
765 3836 904 3903 capti
940 3852 1129 3893 manus
1173 3856 1295 3896 suas
1322 3846 1510 3899 victori
1551 3847 1791 3914 przebent
1818 3850 2054 3908 vincien-

471 3924 589 3978 das.

541 4014 705 4078 Quam
726 4016 899 4069 multis
926 4021 1354 4074 amarituJiuibus
1386 4024 1625 4080 Immamc
1648 4030 1908 4096 felicitatis
1935 4035 2055 4087 dul-

468 4105 591 4158 cedo
613 4121 841 4172 resperso
866 4106 958 4177 est]
995 4109 1205 4163 Plautus
1235 4112 1286 4164 in
1322 4114 1738 4187 Amphitryone:

562 4192 632 4269 [ita
652 4196 827 4269 cuique
853 4206 1179 4269 comparatum
1206 4210 1277 4269 est
1300 4203 1343 4248 l‘l
1365 4212 1514 4253 {etate
1541 4207 1803 4269 hominum,

566 4254 1001 4333 Lmdiif’placituir‘i,
1018 4259 1247 4333 voluptati
1267 4274 1317 4333 ut
1335 4277 1513 4333 oneror
1525 4254 1696 4333 comes
1708 4254 2049 4333 consequatur.

565 4315 693 4374 Quin
718 4315 1004 4369 iiic0mmodi
1047 4315 1170 4383 plus,
1200 4324 1411 4385 malique
1442 4326 1569 4375 illico
1593 4315 1733 4391 adsit,
1763 4315 2052 4382 iiétii‘EiBiSL

1684 4396 1826 4449 ‘Itigit
1851 4396 1984 4449 quid,

1684 4396 1749 4442 ‘ti
1790 4397 1826 4442 it
1886 4396 1984 4449 uid,

541 4458 692 4511 Plato
720 4475 785 4513 ex
812 4461 999 4516 eodem
1035 4465 1237 4518 vertice
1268 4478 1451 4523 censet
1477 4395 1813 4529 dulcediliefn
1851 4410 2047 4531 gmari-

1136 374 1472 428 APPENDIX
1515 374 1607 429 Al)
1647 373 1886 431 LIBROS
1926 375 2013 429 DE
2052 375 2570 432 CONSOLATIONE
2612 378 3100 435 PlllLOSOPHIE.

3644 384 3847 477 963.

2260 490 2331 557 No
2354 493 2611 557 quidquam
2638 496 2897 557 jqnoniam
2918 495 3078 543 medio
3100 495 3163 543 de
3181 494 3281 543 font
3339 495 3561 557 leporum

2258 554 2421 612 Surgit
2446 568 2593 600 amari
2621 556 2820 617 aliquid,
2846 557 2973 617 quod
2996 560 3040 605 in
3072 558 3189 619 ipsis
3212 554 3411 605 ﬂoribus
3433 566 3600 620 angat.

2242 633 2425 704 Extra]
2450 637 2502 688 In
2538 638 2695 691 rebus
2712 640 2969 702 externis.
3002 640 3102 694 hoc
3126 649 3208 693 est
3234 650 3382 694 extra
3413 654 3509 694 vos
3537 642 3742 708 positis.

2239 727 2381 781 Intra
2404 730 2508 799 vos]
2543 731 2595 783 In
2626 731 2818 785 animis
2846 733 3057 787 vestris.
3086 733 3277 788 Cicero
3315 735 3367 787 in
3400 735 3694 790 Paradoxis
3728 757 3737 783 :

2164 820 2328 872 Nemo
2353 830 2521 887 potest
2548 838 2650 873 non
2684 821 3018 876 beatissimus
3043 838 3182 885 esse,
3210 826 3298 891 qui
3325 835 3407 878 est
3425 835 3569 879 totus
3592 837 3742 895 aptus

2160 924 2227 963 ex
2260 924 2402 973 sese,
2437 910 2634 979 quique
2664 912 2714 963 in
2748 927 2805 966 se
2836 928 2943 965 uno
2963 929 3055 966 sua
3089 916 3240 983 ponit
3267 917 3469 969 omnia.

2233 999 2466 1072 lnscitia]
2500 1003 2817 1071 Ignorantia.
2853 1004 3101 1061 Persius:

2258 1110 2320 1160 Ut
2344 1118 2508 1161 teneat
2533 1116 2711 1164 vetitos
2734 1116 2915 1163 inscitia
2938 1116 3119 1166 debilis
3142 1125 3297 1168 artus.

2230 1196 2504 1249 Cardinem
2534 1216 2730 1251 summa
2753 1200 3001 1263 felicitate
3022 1202 3132 1272 tibi]
3158 1204 3210 1257 Id
3238 1205 3289 1258 in
3312 1219 3418 1274 quo
3443 1205 3671 1259 vertitur
3687 1217 3736 1261 et

2159 1286 2405 1341 consistit
2430 1290 2659 1341 maxima
2683 1300 2738 1343 et
2762 1306 2885 1344 vera
2912 1293 3202 1349 beatitudo.

2236 1376 2429 1448 Cardo]
2458 1380 2619 1443 Quasi
2645 1394 2738 1434 cor
2766 1383 2892 1449 janu
2913 1403 2974 1447 I‘,
3004 1385 3053 1436 id
3094 1401 3199 1453 quo
3231 1388 3455 1441 vertitur
3484 1387 3593 1441 illa.
3624 1389 3740 1441 Vir-

2158 1454 2316 1535 gilius
2349 1485 2359 1519 :

2316 1559 2523 1609 Foribus
2544 1562 2690 1611 cardo
2713 1565 2950 1613 stridebat
2974 1566 3158 1614 ahenis.

2162 1642 2434 1710 Accipitur
2456 1644 2721 1698 interdum
2760 1661 2854 1713 pro
2884 1649 3301 1715 opportunitate.
3339 1651 3480 1705 Idem
3508 1668 3522 1705 :

2315 1732 2453 1780 Haud
2478 1741 2612 1783 tanto
2634 1737 2846 1784 cessabit
2871 1738 3070 1787 cardine
3094 1750 3277 1787 rerum.

2162 1812 2229 1867 Et
2253 1814 2393 1867 circa
2416 1816 2469 1868 id
2494 1818 2625 1870 verti
2648 1818 2919 1872 cardinem
2947 1818 3194 1884 dicimus,
3223 1820 3277 1873 in
3302 1835 3410 1890 quo
3434 1836 3642 1876 summa
3664 1826 3743 1880 rei

2159 1906 2426 1958 consistit.

2230 1996 2292 2049 Si
2320 1998 2390 2048 tui
2414 2012 2618 2066 compos
2640 1996 2818 2069 fueris]
2842 1998 2932 2053 Sui
2948 2013 3168 2069 compos
3187 2010 3291 2069 est,
3318 2004 3406 2071 qui
3428 2005 3746 2072 compositis

2158 2084 2440 2141 affectibus
2466 2089 2651 2150 animi,
2676 2101 2836 2144 recta:
2867 2091 3055 2146 rationi
3082 2088 3310 2161 subjecit
3346 2096 3667 2163 appetitum.

2228 2176 2289 2230 Si
2313 2177 2592 2248 beatitudo]
2619 2181 3035 2247 Argumentatur
3056 2196 3321 2237 summum
3344 2184 3532 2239 bonum
3561 2189 3617 2239 in
3646 2188 3747 2242 for-

2156 2268 2299 2321 tuitis
2319 2269 2476 2322 rebus
2499 2284 2602 2323 non
2630 2286 2747 2325 esse
2770 2273 3020 2339 positum,
3046 2274 3147 2327 hoc
3185 2276 3377 2330 modo:
3402 2278 3743 2347 Quocunque

2158 2362 2496 2422 praestantius
2517 2361 2660 2415 aliud
2686 2362 2881 2415 bonum
2905 2366 3065 2434 cst,id
3094 2382 3201 2420 non
3219 2376 3299 2421 est
3322 2384 3613 2423 summum.
3650 2372 3749 2425 Est
3806 2394 3817 2403 -

2159 2459 2336 2501 autem
2368 2449 2596 2505 fcitum:
2624 2464 2877 2507 Successu
2909 2455 3103 2508 bonum
3136 2460 3486 2522 praestantius,
3517 2455 3571 2513 id
3609 2474 3743 2530 puta

2154 2538 2293 2605 quad
2324 2538 2456 2607 eripi
2491 2556 2595 2593 non
2620 2544 2811 2609 p‘otest.
2842 2542 2954 2596 Non
2978 2554 3059 2598 εει
3085 2546 3241 2614 igitur
3268 2549 3489 2602 fortuna:
3513 2566 3745 2607 succes-

2152 2642 2244 2681 sus
2274 2642 2537 2682 summuin
2584 2632 2801 2685 bonum.
2838 2634 2989 2689 Unde
3027 2638 3085 2688 lit
3116 2648 3171 2690 ut
3202 2654 3300 2693 nec
3341 2641 3738 2699 beatitudinem

2152 2717 2397 2773 Conferre
2428 2722 2618 2788 possit,
2652 2738 2770 2776 cum
2793 2738 2851 2778 ea
2876 2724 3003 2778 nihil
3022 2727 3090 2779 sit
3113 2724 3253 2782 aliud
3274 2744 3429 2798 quam
3457 2747 3744 2788 summum

2156 2809 2353 2863 bonum
2381 2824 2583 2866 naturae
2614 2817 2821 2869 ratione
2845 2816 3105 2885 degentis.

2178 2906 2183 2913 '
2233 2901 2313 2953 Ad
2335 2900 2462 2972 hac]
2487 2905 2647 2957 Addit
2666 2905 2822 2959 aliam
2849 2911 3360 2976 argumentationem
3384 2915 3433 2967 in
3454 2915 3599 2969 hunc
3621 2931 3748 2972 sen-

2153 3004 2269 3043 suin
2300 3007 2315 3043 :
2348 2991 2462 3046 Non
2492 3004 2669 3063 potest
2697 3011 2962 3051 summum
2996 3000 3193 3056 bonum
3239 3018 3387 3068 esse,
3414 3006 3551 3073 quod
3584 3010 3748 3062 nullo

2156 3089 2315 3141 modo
2343 3089 2687 3159 intelligitur:
2713 3092 2816 3147 Sed
2849 3096 2985 3148 b0na
3010 3097 3238 3151 fortunae
3266 3101 3307 3152 si
3343 3101 3742 3171 intelligantur,

2076 3211 2121 3270 Ο
2157 3180 2363 3234 fallacia
2388 3183 2635 3252 ﬂuxaque
2664 3198 3085 3255 cognoscuntur;
3113 3197 3249 3245 unde
3266 3194 3543 3247 continuus
3569 3199 3750 3251 amit-

2160 3273 2301 3326 tendi
2333 3276 2489 3330 timor
2512 3278 2768 3343 nascitur,
2788 3295 2908 3347 quze
2937 3280 3239 3337 felicitatem
3273 3300 3374 3339 non
3402 3286 3609 3354 recipit.
3636 3290 3746 3344 Sin

2155 3378 2330 3419 autem
2358 3384 2459 3419 non
2486 3369 2877 3438 intelliguntur,
2897 3388 3078 3428 rursus
3105 3376 3405 3432 excluditur
3424 3380 3746 3447 beatitudo,

2154 3472 2181 3508 a
2211 3473 2309 3524 qua
2337 3461 2517 3525 procul
2545 3460 2697 3514 abest
2718 3461 3029 3530 ignorantiae
3054 3468 3288 3529 caecitas,
3308 3484 3525 3538 quaeque
3557 3477 3747 3540 potis-

2155 3549 2347 3600 simum
2402 3549 2451 3601 in
2489 3554 2747 3604 bonorum
2800 3554 3162 3622 speculatione
3203 3573 3551 3629 verarumque
3608 3580 3747 3617 con-

2158 3639 2505 3705 templatione
2531 3642 2797 3697 consistit.
3334 3720 3335 3723 η

2230 3728 2293 3781 Et
2317 3732 2628 3797 quoniaqu
2656 3734 2787 3787 idem
2810 3733 2885 3805 es]
2913 3736 3288 3806 Superioribus
3310 3743 3465 3798 aliam
3489 3746 3750 3817 adjungit

2156 3821 2414 3874 rationem
2439 3863 2453 3885 ,
2482 3838 2583 3891 qua
2625 3825 2781 3880 docet
2816 3828 3217 3885 evidentissime
3264 3832 3331 3885 fel
3355 3836 3566 3887 citatem
3614 3854 3745 3891 cum

2158 3909 2365 3963 fortuna
2400 3927 2502 3966 non
2533 3915 2825 3970 cohaerere.
2847 3916 2958 3970 Non
2993 3930 3095 3983 est,
3127 3923 3315 3990 inquit,
3342 3924 3611 3978 s‘ummuin
3646 3929 3745 3982 lio-

2157 4000 2317 4053 miuis
2357 4002 2575 4070 bonum,
2621 4007 2762 4074 quod
2809 4007 2877 4061 ab
2917 4022 2983 4061 eo
3032 4018 3207 4076 potest
3234 4015 3491 4080 separari.
3530 4014 3743 4071 \‘eruin

2156 4100 2326 4143 morte
2354 4092 2595 4158 corporis
2623 4094 2691 4146 ab
2722 4095 3006 4151 iininortai
3042 4099 3271 4154 hominis
3308 4103 3485 4155 animo
3510 4103 3743 4160 fortuita

2155 4179 2379 4233 felicitas
2414 4192 2708 4249 separatur.
2744 4185 2851 4239 Aut
2880 4188 3036 4256 igitur
3063 4189 3176 4243 haec
3208 4205 3311 4243 non
3342 4199 3425 4246 est
3457 4208 3743 4250 summum

2157 4269 2383 4325 hominis
2412 4274 2629 4339 bonum,
2676 4286 2767 4330 aut
2794 4280 3157 4334 confitendum
3189 4293 3270 4337 est
3315 4299 3472 4340 omne
3526 4296 3746 4343 morta-

2155 4361 2283 4415 lium
2314 4379 2482 4430 genus
2511 4365 2562 4417 in
2592 4368 2860 4420 miseriam
2896 4372 3080 4423 mortis
3111 4371 3213 4426 line
3243 4374 3461 4440 prolabi.
3491 4370 3601 4431 Sed
3633 4380 3742 4435 hoc

2156 4466 2260 4503 non
2290 4455 2356 4503 ita
2379 4468 2518 4520 esse,
2550 4458 2801 4521 prmclara
2830 4459 3115 4512 multorum
3141 4461 3372 4515 facinora
3403 4465 3734 4536 docuerunt,

468 4546 815 4615 tudinemque
870 4551 1104 4606 deﬂuere
1137 4556 1460 4623 voluptatem
1514 4570 1567 4614 et
1605 4564 1866 4618 datorem.
1900 4572 2049 4635 Apu_
2079 4578 2130 4635 Β
2152 4540 2240 4607 qui
2271 4556 2367 4608 pro
2415 4542 2606 4597 Christi
2636 4548 2852 4600 nomine
2884 4552 3122 4618 tyrannis
3150 4552 3398 4607 alacriter
3423 4560 3735 4613 reclaman—

469 4634 603 4689 leius
635 4637 683 4688 in
707 4649 895 4705 quarto
925 4640 1253 4697 Floridorum
1281 4646 1415 4702 libro
1440 4666 1453 4704 :
1486 4650 1593 4705 Sed
1620 4668 1803 4707 verum
1831 4634 2045 4711 verbum

468 4733 552 4777 est
582 4725 819 4792 profecto
847 4730 988 4797 quod
1020 4732 1168 4787 aiunt
1193 4753 1205 4787 :
1232 4736 1369 4792 Nihil
1403 4744 1685 4811 quidquam
1717 4744 1913 4799 homini
1942 4758 2044 4802 tam

471 4829 781 4881 prosperum
805 4819 1058 4875 divinitus
1083 4824 1284 4893 datum,
1311 4833 1435 4897 quin
1483 4832 1640 4886 etiam
1674 4835 1956 4890 adtnistuni
1980 4840 2050 4891 sit

467 4903 672 4971 aliquid
714 4905 1079 4976 difﬁcnltatis,
1115 4926 1167 4965 ut
1199 4917 1356 4969 etiam
1392 4920 1443 4972 in
1486 4923 1811 4989 amplissima
1842 4942 2049 4996 quaque

469 4992 649 5047 laetitia
674 4996 845 5051 subsit
873 5000 1135 5068 quaepiam
1168 5006 1254 5057 vel
1281 5022 1437 5073 parva
1469 5014 1838 5082 qtiazrimonia,
1862 4992 2049 5087 coniu-

468 5085 681 5155 gatione
711 5090 936 5157 quadam
967 5093 1140 5148 mellis
1170 5104 1222 5149 et
1246 5097 1404 5153 fellis.
1440 5100 1536 5154 libi
1568 5103 1721 5172 uber,
1762 5107 1830 5161 ibi
1872 5085 2041 5166 tuber.

469 5174 689 5229 Ovidius
714 5193 727 5229 :

657 5264 968 5343 Estque-adeo
992 5271 1118 5343 nulla
1142 5283 1221 5343 est
1240 5277 1434 5343 sincera
1462 5280 1691 5343 voluptas,

654 5326 1017 5388 Sollicitttmque
1046 5333 1223 5392 aliquid
1242 5336 1365 5384 laetis
1390 5326 1673 5396 inut-iiIi:

471 5405 722 5461 Salomon
754 5409 1162 5468 Proverbiorum
1194 5421 1368 5485 capite
1396 5439 1483 5476 xui
1514 5444 1525 5476 :
1554 5427 1710 5483 Risus
1730 5429 1919 5487 dolore
1949 5434 2043 5487 mi-

472 5496 723 5563 scebitur,
758 5507 811 5551 et
835 5510 1073 5554 extrema
1104 5508 1278 5572 gaudii
1304 5511 1474 5565 luctus
1493 5526 1734 5584 occupat.
1764 5519 2043 5577 Lucretius

475 5584 544 5641 de
569 5586 703 5639 libro
732 5587 923 5642 Rerum
946 5591 1141 5647 Natura
1166 5607 1357 5664 quarto
1380 5619 1394 5653 :

838 5679 1084 5745 Convivia,
1107 5685 1223 5741 ludi,

568 5738 747 5787 Pocula
765 5742 957 5805 crebra,
982 5738 1249 5810 unguenta,
1275 5764 1485 5816 coronae,
1513 5764 1642 5807 serta
1667 5769 1897 5820 parantur

2156 4643 2255 4695 tes,
2284 4633 2553 4688 doloribus
2580 4637 2957 4707 suppliciisque
2984 4641 3366 4698 beatitudinem
3386 4648 3486 4699 sibi
3510 4663 3739 4719 compa-

2158 4738 2364 4777 ravere.
2400 4725 2627 4781 Proinde
2658 4729 2709 4781 in
2739 4730 2967 4785 lortuitis
3015 4732 3172 4801 hujus
3222 4738 3343 4790 vita:
3388 4744 3741 4797 successibus

2158 4828 2280 4867 vera
2314 4814 2537 4871 felicitas
2560 4821 2855 4874 consistere
2888 4839 2989 4877 non
3017 4838 3211 4893 potest.

2227 4907 2505 4963 Permultis
2530 4914 3061 4989 denton‘stra'ionibus]
3078 4920 3191 4973 Non
3216 4922 3505 4979 Platonicis
3528 4930 3734 4993 solum,

2153 5002 2245 5052 sed
2270 5012 2324 5053 ct
2349 5001 2684 5057 Christianis.

2231 5089 2375 5161 ιιωε]
2403 5092 2561 5147 Mors.

2227 5181 2455 5254 Multos]
2502 5185 2615 5238 Non
2653 5186 2891 5255 Stoictis,
2937 5204 3107 5259 neque
3133 5192 3399 5261 Cynicos,
3435 5198 3526 5252 sed
3557 5201 3736 5269 magis

2158 5271 2488 5326 Christianos
2520 5285 2782 5344 martyres
2812 5278 3013 5345 accipe.

2225 5362 2521 5434 Doluribus]
2557 5368 2789 5433 Baptista
2816 5370 3160 5429 Mantuanus:

2341 5476 2495 5551 Pauca
2522 5481 2619 5537 pari
2642 5480 2809 5551 satius,
2836 5482 3161 5551 brevibltsque
3183 5495 3366 5536 :Bterna
3389 5503 3559 5551 parare

2337 5537 2521 5608 ljaudia
2546 5537 2813 5608 suppliciis,
2837 5555 2975 5602 quam
3001 5537 3113 5592 dum
3138 5548 3369 5608 fugientia
3389 5537 3569 5602 'l'rtistrva

2335 5596 2585 5667 gomplexi
2608 5596 2745 5667 bona
2758 5596 2987 5667 conamur
3011 5596 3250 5667 retinere,
3278 5596 3493 5660 laborem

2338 5658 2583 5719 Perdere,
2606 5672 2655 5710 et
2674 5663 2889 5712 infernos
2913 5666 3109 5715 demum
3131 5658 3438 5723 descendere
3460 5658 3517 5723 ad
3534 5688 3729 5729 amnes.

2150 5756 2292 5812 ldcni
2324 5761 2428 5816 alio
2461 5765 2510 5820 iii
2543 5764 2690 5819 loco:
