4010 6372
220 310 329 371 960

1387 286 1759 345 .‘lIURMEI.LIl
1802 283 2324 341 COMMENTARH.

406 421 458 470 Si
482 428 639 481 genus
674 412 1177 481 humanumsaperct,
1203 384 1493 481 necin'ertia
1520 408 1706 472 tantum
1827 443 1836 460 Α

1958 397 2083 463 tuti,
2116 406 2171 451 et
2199 398 2466 450 irruerunt
2505 392 2557 444 in
2593 388 2810 444 domum
2843 382 2983 436 illam
3004 422 3019 446 ,
3050 387 3105 434 et
3135 391 3239 431 non
3269 375 3487 429 cecidit.

410 464 662 530 Illac—ebria
684 484 890 532 captum.
912 464 1126 529 vitaeque
1146 464 1401 532 fugacibus
1426 464 1563 510 annis

406 527 617 600 tiorpora
637 527 850 600 curaret,
881 527 1089 600 labentia
1118 527 1289 600 regna,
1310 527 1572 600 lutumque

409 585 708 659 Casiirasque
737 585 956 659 habitare
979 585 1246 659 domosfet
1266 589 1375 659 _vi|e
1401 585 1589 652 pudere

406 646 695 721 flospitiu'm.
722 656 856 721 quod
869 660 1037 721 cuncta
1058 646 1166 721 sinu
1189 648 1398 721 cmlique
1426 646 1668 702 marisque

412 709 901 779 Purgamenta'lcgit,
929 715 1103 779 tristes
1123 711 1204 779 ubi
1230 709 1391 779 sidera
1412 717 1574 779 casus,

415 772 750 839 Asmiduasque
776 776 947 837 pluunt
970 774 1143 819 infesto
1168 772 1351 817 lumine
1370 776 1569 815 mortes.

687 887 693 899 -
761 857 825 911 IN
865 853 1153 909 METRUM
1192 851 1282 904 IV.

298 954 525 1008 Carmen
576 947 909 1005 cst-dicolon
939 982 954 1007 ,
1000 940 1349 1008 distropbon,
1402 936 1554 1001 cujus
1600 933 1809 1003 primus

229 1060 417 1099 versus
444 1050 525 1097 est
550 1036 952 1096 Anacreontius,
977 1033 1225 1094 dimeter,
1250 1026 1651 1083 acatalecticus,
1676 1020 1808 1073 iam-

231 1135 383 1188 bicus
401 1173 417 1197 ,
448 1138 705 1185 constans
732 1125 900 1180 tribus
928 1120 1153 1191 pedibus
1180 1127 1235 1173 et
1262 1114 1497 1187 syllaba,
1522 1109 1713 1165 similis
1736 1108 1809 1161 illi

232 1222 600 1278 Prudentiano
633 1236 646 1271 :

586 1307 769 1359 Cultor
790 1306 883 1356 Dei
902 1310 1167 1354 memento.

237 1394 514 1452 Secundus
544 1402 625 1448 est
654 1388 1046 1449 Pherecratius,
1076 1393 1330 1439 constans
1365 1394 1431 1434 ex
1461 1376 1701 1447 spondeo
1729 1372 1815 1428 vel

234 1496 541 1556 anapaesto,
575 1481 789 1550 dactylo
819 1489 873 1532 et
909 1476 1169 1543 Spondeo.
1205 1474 1371 1527 Docet
1399 1478 1576 1522 autem
1612 1463 1815 1518 tutissi—

238 1592 385 1631 mum
428 1589 547 1630 esse
588 1574 807 1626 minime
846 1568 1000 1623 bonis
1047 1565 1287 1620 externis
1330 1561 1557 1615 inhiare.
1604 1557 1732 1611 Nam
1773 1554 1819 1608 si

238 1668 448 1722 fortuna
479 1678 670 1733 magna
714 1661 960 1716 conferre
1007 1658 1249 1711 videatur
1272 1696 1287 1718 ,
1320 1653 1582 1707 maximos
1610 1662 1820 1717 quoque

239 1760 454 1813 dolores
473 1754 757 1811 discedens
777 1760 860 1808 est
881 1752 1120 1804 allatura.
1147 1748 1347 1804 Suadet
1366 1745 1525 1815 igitur
1548 1740 1819 1795 vitandam
1852 1755 1899 1814 Β

239 1864 364 1905 esse
401 1848 619 1903 nimiam
658 1844 957 1900 claritatem
984 1883 999 1905 ,
1038 1840 1179 1910 quod
1222 1839 1337 1892 haec
1373 1834 1583 1890 invidia:
1622 1834 1692 1887 sit
1727 1831 1825 1885 ob-

240 1940 422 2004 noxia,
485 1933 929 2005 quemadmodum
961 1930 1220 1985 montium
1251 1928 1525 1982 cacumina
1551 1922 1826 1994 perpetuis

238 2031 416 2085 ventis
441 2029 778 2083 infestantur.
815 2023 1115 2091 Fugicndas
1155 2034 1367 2089 quoque
1391 2016 1584 2085 inopia:
1613 2012 1823 2076 sordes,

242 2135 365 2190 qua:
390 2117 598 2188 pondus
620 2114 801 2169 ardua:
825 2112 1039 2166 virtutis
1059 2110 1324 2164 sustinere
1350 2106 1554 2174 nequit,
1578 2103 1647 2156 ob
1668 2101 1829 2170 idque

240 2208 439 2264 bibulis
481 2206 657 2261 arenis
686 2209 1049 2269 comparatur.
1096 2197 1327 2253 Medium
1358 2197 1539 2264 itaque
1568 2194 1827 2261 optimum

241 2314 389 2365 esse,
416 2297 554 2367 quod
584 2311 680 2365 per
703 2294 902 2349 humile
924 2307 1110 2347 saxum
1139 2289 1495 2361 significatum
1524 2295 1628 2352 est,
1651 2283 1829 2338 maxi-

243 2404 573 2460 mopereque
615 2384 1038 2455 amplectendum
1079 2392 1183 2439 est.
1241 2381 1313 2437 Ut
1340 2380 1482 2435 enim
1512 2376 1831 2433 Aristoteles

245 2493 437 2537 auctor
460 2490 539 2536 est
566 2479 911 2534 Politicorum
941 2476 1078 2530 libro
1108 2484 1319 2543 quarto,
1350 2473 1405 2527 in
1434 2471 1580 2525 omni
1611 2469 1829 2523 civitate

247 2584 379 2629 sunt
409 2583 518 2628 tres
545 2571 820 2625 hominum
852 2568 1090 2638 species:
1123 2565 1336 2629 divites,
1351 2576 1612 2634 pauperes
1641 2568 1695 2615 et
1724 2573 1836 2613 me-

246 2663 493 2728 diceres;
532 2674 757 2730 quorum
797 2657 986 2728 optimi
1040 2665 1165 2713 sunt
1210 2654 1549 2714 mediocres,
1588 2663 1656 2706 eo
1692 2645 1837 2717 quod

249 2754 488 2810 medium
511 2767 722 2821 semper
743 2758 825 2805 est
847 2750 1125 2819 optimum.
1157 2746 1302 2802 Idem
1328 2744 1513 2801 scribit
1538 2742 1838 2797 mediocres

248 2846 402 2900 cives
430 2841 601 2912 magis
630 2840 848 2906 salvari,
888 2837 1138 2908 quoniam
1167 2850 1268 2891 nec
1294 2832 1513 2889 insidias
1542 2832 1834 2902 patiuntur,

247 2955 355 2996 nec
382 2936 595 2992 fraudes
624 2934 843 3002 faciunt,
866 2940 927 2988 ut
952 2933 1040 2986 alii
1069 2949 1085 2997 ;
1108 2936 1431 3001 quapropter
1454 2927 1569 2981 sine
1599 2923 1839 2994 periculo

249 3030 461 3083 vivunt.
495 3027 582 3082 Ait
610 3035 664 3080 et
689 3024 881 3081 eodem
911 3024 964 3077 in
992 3021 1129 3077 libro
1161 3038 1175 3074 :
1204 3020 1416 3087 Quanto
1444 3017 1612 3085 magis
1642 3013 1838 3083 aliquid

249 3117 466 3173 accedit
494 3115 559 3170 ad
582 3114 835 3178 medium,
865 3121 1012 3167 tanto
1037 3125 1160 3167 esse
1186 3109 1419 3171 melius;
1443 3114 1643 3175 quanto
1672 3102 1839 3173 magis
1865 3100 1913 3163 C

253 3206 421 3262 distat
436 3219 466 3259 a
489 3204 687 3267 medio,
703 3211 850 3257 tanto
872 3200 1043 3271 pejus.
1069 3198 1316 3253 IIoratius
1332 3194 1640 3249 Carminum
1659 3191 1750 3247 lib.
1769 3207 1836 3245 tt:

506 3315 706 3365 Rectius
723 3314 882 3375 vives,
909 3312 1081 3375 Licini,
1107 3321 1273 3375 neque
1294 3306 1444 3356 altum
1477 3365 1506 3375 __
1578 3350 1587 3363 ,

506 3379 716 3437 Semper
740 3365 981 3436 urgendo,
1005 3365 1167 3437 neque
1187 3365 1300 3418 dum
1326 3365 1567 3437 procellas

504 3428 682 3488 Cautus
706 3428 950 3484 horrescis
969 3428 1169 3480 nimium
1194 3428 1462 3493 premendo

629 3497 790 3545 thlus
810 3498 1044 3554 iniquum.

508 3559 721 3608 Auream
743 3552 966 3617 quisquis
988 3552 1375 3617 mediocritatem

504 3618 699 3677 Diligit,
726 3612 1019 3666 tutus'caret
1042 3612 1247 3677 obsoleti

509 3671 745 3729 Sardibus
768 3678 904 3735 tecti,
931 3683 1069 3723 caret
1090 3671 1352 3722 invidenda

632 3740 834 3788 Sobrius
857 3736 982 3784 aula.

508 3800 698 3861 Saepius
722 3799 879 3861 ventis
903 3798 1115 3861 agitatur
1137 3796 1316 3855 ingens

511 3856 678 3917 Pinus,
705 3865 757 3908 et
778 3859 923 3907 celsa;
949 3856 1177 3916 gravihre
1201 3866 1315 3902 casu

509 3922 753 3971 Decidunt
778 3926 956 3975 turres,
982 3917 1263 3976 feriuntque
1286 3922 1498 3962 summos

632 3980 848 4041 Fulgura
872 3985 1087 4027 montes.

263 4088 487 4145 Ovidius
517 4086 569 4139 in
602 4083 757 4139 tertio
780 4082 847 4137 de
873 4080 1144 4135 Tristibus
1176 4095 1190 4131 :

390 4196 588 4244 V’isibus
613 4193 780 4241 edocto
803 4193 842 4239 si
865 4189 1123 4251 quidquatn
1148 4186 1306 4234 credis
1328 4187 1502 4251 amico,

452 4256 575 4304 Vive
598 4256 708 4313 tibi,
737 4260 788 4300 et
808 4245 958 4312 longe
982 4245 1177 4297 nomina
1198 4257 1369 4313 magna
1396 4245 1529 4313 fuge.

387 4317 516 4364 Vive
542 4316 647 4369 tibi.
672 4306 1004 4373 quantumque
1030 4306 1466 4373 potesprmlustria
1488 4306 1607 4362 vita,

452 4368 646 4427 Sanum
672 4368 911 4435 praelustri
927 4368 1119 4420 l‘ulmen
1143 4370 1203 4416 ab
1224 4380 1338 4415 arce
1360 4368 1507 4414 venit.

266 4482 413 4535 Idem
443 4492 548 4530 non
582 4477 652 4529 ita
680 4476 849 4529 multo
880 4482 999 4541 post
1030 4490 1044 4524 :

395 4567 554 4618 Crede
576 4566 709 4624 mihi,
730 4564 860 4612 bene
883 4563 965 4623 qui
990 4561 1146 4618 latuit,
1171 4560 1302 4608 bene
1321 4560 1463 4612 vixit.
1486 4564 1538 4606 et
1561 4558 1685 4607 intra

459 4627 719 4675 Fortunam
742 4625 895 4673 debet
918 4625 1124 4685 quisque
1147 4633 1349 4670 manere
1371 4631 1524 4668 suam.

344 4708 612 4779 Quisquis]
652 4706 990 4775 Quicunque.

347 4795 655 4869 Perennem]
701 4797 1040 4865 Perpetuam,
1070 4792 1397 4856 diuturnam,
1427 4788 1749 4845 durabilem.

352 4860 917 4958 Ponaerjidiﬂcare.

348 4975 561 5048 Sedem]
598 4976 962 5031 Ilabitaculum
984 5016 997 5040 ,
1032 4972 1303 5030 habitandi
1341 4972 1539 5027 locum.

348 5061 505 5135 Euri]
536 5064 712 5119 Venti.

350 5153 602 5226 Pontum]
632 5154 797 5210 Mare.

348 5244 564 5299 Bibulus
591 5243 795 5317 arenas]
841 5243 1021 5301 Siccos
1059 5254 1112 5300 et
1148 5244 1388 5300 humoris
1417 5258 1662 5313 capaces.
1706 5241 1862 5311 Apud

268 5334 590 5389 Mattltwum
618 5335 997 5404 evangelistam
1024 5335 1236 5407 (Matth.
1260 5334 1355 5403 vlt)
1379 5334 1623 5390 Christus
1645 5334 1861 5388 humani

266 5425 499 5497 generis
526 5434 769 5480 servator
794 5426 911 5481 haec
934 5426 1163 5495 loquitur
1190 5442 1203 5479 :
1231 5424 1414 5479 Omnis
1440 5440 1567 5494 ergo
1598 5426 1688 5493 qui
1718 5424 1867 5478 audit

264 5515 445 5572 verba
483 5530 601 5570 mea
645 5517 759 5570 haec
801 5526 854 5570 et
895 5515 1019 5571 facit
1056 5532 1153 5582 ea,
1195 5516 1576 5571 assimilahitnr
1627 5516 1742 5569 viro
1783 5529 1868 5568 sa-

264 5607 474 5679 pienti,
503 5606 593 5673 qui
623 5606 903 5660 :edilicavit
936 5606 1149 5660 domum
1179 5621 1329 5660 suam
1359 5620 1519 5674 supra
1553 5614 1780 5672 petram;
1812 5613 1867 5658 et

264 5694 563 5759 descendit
600 5695 771 5763 pluvia
792 5738 808 5761 ,
840 5706 894 5750 ct
940 5708 1194 5751 venerunt
1238 5696 1452 5751 flumina
1477 5735 1492 5761 ,
1521 5704 1575 5751 et
1604 5696 1867 5749 flaverunt

487 5814 755 5873 Paruon.
840 5810 1064 5870 LXIII.

1876 4458 1932 4517 D

1907 489 2147 545 Fundata
2176 488 2318 542 enim
2345 493 2459 539 erat
2484 497 2644 551 super
2675 489 2898 549 petram.
2931 474 2999 529 Et
3023 471 3198 525 omnis
3222 466 3311 537 qui
3340 464 3491 518 audit

1905 584 2067 637 verba
2108 596 2222 636 mea
2266 583 2417 645 haec,
2460 587 2515 633 et
2549 593 2654 632 non
2697 576 2820 629 facit
2861 586 2922 627 ea
2950 612 2965 636 ,
3008 567 3201 622 similis
3236 564 3339 617 erit
3373 561 3493 612 viro

1909 673 2095 737 stulto,
2127 673 2217 740 qui
2247 671 2529 725 aedificavit
2556 668 2772 722 domum
2806 678 2958 717 suam
2984 673 3143 727 super
3169 669 3408 716 arenam;
3441 660 3493 705 6⁸
3552 660 3561 665 “

1911 762 2189 817 descendit
2219 761 2392 831 pluvia
2416 801 2432 825 ,
2466 769 2519 814 et
2552 764 2819 812 venerunt
2859 752 3075 807 flumina
3101 789 3115 811 ,
3146 756 3200 802 et
3231 746 3493 800 llaverun‘

1912 852 2078 918 venti,
2104 860 2159 906 et
2178 851 2450 904 irruerent
2475 848 2528 902 in
2555 847 2769 901 domum
2800 844 2969 905 illam,
3000 850 3054 895 et
3078 837 3291 900 cecidit,
3320 844 3374 890 et
3393 832 3496 887 fuit

1913 945 2067 997 ruina
2116 943 2231 1011 ejus
2277 955 2487 1010 magna.
2554 940 2683 992 Rem
2736 936 2978 989 eamdem
3031 932 3297 985 Iuvencus
3348 926 3497 980 hisce

1916 1034 2204 1089 luculentis
2231 1032 2479 1086 versibus
2503 1028 2792 1098 explicavit
2824 1043 2836 1076 :

2041 1124 2259 1185 Quisque
2283 1122 2409 1170 meis
2430 1120 2897 1185 monitisau‘resque
2923 1119 2974 1185 et
2995 1112 3121 1160 facta
3143 1110 3344 1181 dicabil,

2038 1173 2409 1244 flunc‘zequabo
2434 1184 2553 1239 viro,
2579 1179 2744 1228 solidis
2767 1173 3038 1244 fundamina
3062 1173 3193 1244 saxis

2042 1236 2278 1305 Ponenti,
2301 1245 2475 1292 librata
2497 1236 2646 1303 snper
2664 1252 2777 1305 quae
2802 1236 2977 1305 munia
2999 1239 3206 1305 surgent
3220 1244 3234 1279 :

2041 1306 2128 1356 Illa
2150 1294 2321 1354 domus
2344 1304 2518 1366 pluviis
2538 1294 2801 1366 ventisque
2827 1298 2975 1366 illaesa
3000 1294 3236 1366 manebit,

2041 1358 2439 1425 'I‘orrentumque
2463 1366 2619 1411 minas
2642 1358 3023 1425 lirmatorobore
3051 1359 3233 1425 vincet.

2042 1428 2246 1478 Haerent
2270 1419 2467 1475 immoto
2490 1424 2716 1484 quoniam
2742 1419 3017 1484 fundamine
3042 1422 3217 1484 petras.

2047 1474 2140 1547 ilbi
2168 1474 2284 1536 vero
2306 1487 2471 1534 auditu
2495 1474 2687 1547 tantum
2703 1494 2813 1530 mea
2832 1474 3200 1547 jussis-tenebit,
3224 1521 3250 1547 _,

2047 1541 2365 1609 Diversisque
2391 1545 2556 1609 procul
2582 1545 2720 1609 factis
2743 1556 2831 1609 per
2857 1541 3261 1609 lubr‘icaperget,

2046 1610 2188 1659 Hunc
2210 1599 2417 1656 similem
2442 1608 2609 1654 faciam
2633 1599 2817 1653 volucri
2840 1604 2926 1662 qui
2952 1599 3085 1662 fulcit
3104 1608 3251 1644 arena

2048 1657 2380 1719 Fundamenta
2403 1668 2606 1715 domus:
2634 1668 2711 1713 cui
2737 1657 2926 1712 mox'ut
2950 1660 3144 1708 ﬂamina
3170 1657 3325 1717 venti,

2048 1732 2109 1781 Et
2135 1728 2486 1792 pluviaeﬂ'usis
2508 1739 2710 1792 etepere
2733 1724 3017 1792 incumbere
3045 1722 3180 1792 riv.ls.

2050 1779 2217 1842 amnis
2238 1791 2475 1838 subverso
2499 1779 2769 1849 procumbit
2792 1784 3011 1847 pondere
3035 1779 3207 1849 moles,

2048 1853 2426 1914 Insequiturque
2448 1842 2585 1910 gravi
2611 1842 2850 1897 tectorum
2873 1853 3043 1905 strage
3068 1842 3226 1890 ruina.

1926 1935 2174 1991 Graecum
2218 1931 2558 2002 proverbium
2589 1939 2672 1984 est
2702 1946 2717 1983 ε
2753 1931 2824 1989 εἰς
2852 1928 3059 1997 ψάμμον
3098 1920 3378 1991 οἰκοδομεῖς
3401 1956 3417 1981 ,
3454 1918 3506 1970 In

1930 2039 2093 2081 arena
2124 2022 2358 2078 aedificas
2390 2040 2403 2073 :
2435 2036 2542 2091 quo
2591 2035 2724 2075 usus
2766 2019 2906 2081 erit,
2951 2016 3041 2071 ubi
3081 2014 3200 2082 quis
3244 2009 3511 2080 negotium

1928 2113 2238 2185 aggreditur
2268 2111 2457 2165 inutile
2502 2108 2770 2173 futurum,
2813 2116 2997 2176 utpote
3028 2120 3133 2159 non
3176 2110 3319 2158 recte
3355 2098 3513 2169 iactis

1930 2215 2055 2260 ante
2086 2202 2466 2258 fundamentis.

2004 2294 2173 2366 Illud]
2210 2294 2478 2348 Cacumen
2514 2289 2608 2345 alti
2635 2288 2855 2344 montis.

2006 2380 2310 2452 Protei-vus]
2350 2380 2512 2436 Valde
2544 2389 2729 2435 torvus
2754 2386 2809 2433 et
2840 2372 3114 2431 terribilis.

2006 2470 2212 2543 Auster]
2252 2472 2478 2525 Ventus.

2011 2561 2193 2635 Urget]
2235 2562 2474 2627 Infestat,
2506 2559 2766 2615 concutit.
2794 2555 3014 2612 Ovidius
3045 2572 3058 2607 :

2059 2658 2257 2705 Summa
2278 2655 2402 2716 petit
2428 2652 2564 2711 livor,
2588 2650 2797 2714 perﬂant
2817 2648 3047 2698 altissima
3071 2644 3226 2696 venti.

1936 2737 2139 2794 Seneca
2169 2736 2225 2790 in
2252 2733 2536 2803 Hippolyto
2574 2750 2587 2784 :

2188 2825 2393 2875 Admota
2418 2822 2650 2871 athereis
2670 2818 2877 2869 culmina
2898 2816 3117 2878 sedibus,

2313 2885 2473 2933 Duros
2495 2883 2749 2943 excipiunt
2768 2886 2926 2939 notos,

2309 2946 2470 2995 Insani
2493 2941 2666 2993 Boreae
2689 2941 2862 3000 minas,

2308 3003 2717 3065 Imbriferumque
2743 3012 2928 3065 corum_.

2187 3066 2399 3119 Humida
2416 3066 2553 3116 vallis
2571 3058 2680 3115 rar'o
2698 3066 2877 3125 patltur
2896 3058 3113 3110 fulminis
3128 3058 3275 3111 lctus.

2018 3151 2141 3223 Hae]
2176 3155 2387 3206 Arenae.

2018 3240 2334 3312 Pendulum]
2374 3237 2639 3295 Pcndens.

2019 3331 2202 3403 Ferre]
2244 3332 2545 3388 Sustinere.

2020 3423 2371 3479 Periculosam
2395 3418 2605 3490 sortem]
2633 3417 2997 3474 Periculorum
3024 3417 3234 3486 plenam
3263 3413 3529 3471 conditio-

1949 3531 2095 3571 nem.

2024 3609 2248 3661 Ληιωηω
2288 3601 2442 3673 sedis]
2501 3601 2842 3670 Voluptuosze
2889 3601 2944 3655 in
2994 3600 3192 3655 montis
3235 3598 3536 3656 summitate

1951 3696 2313 3752 habitationis.

2022 3784 2230 3857 Figere]
2269 3783 2544 3848 Condere,
2573 3782 2860 3836 aedificare.

2020 3875 2203 3945 Touet]
2238 3874 2594 3928 Vehementer
2623 3881 2677 3926 et
2708 3870 3014 3927 terribiliter
3040 3879 3214 3925 sonet.

2026 3964 2232 4035 Ruim’s]
2264 3962 2665 4019 Eversionibus.

2027 4055 2250 4129 Robore]
2290 4056 2582 4110 Firmitate.

2027 4147 2220 4220 Duces]
2252 4152 2411 4218 Ages.

2028 4240 2273 4313 Serenus]
2312 4241 2497 4307 Quieta
2529 4248 2709 4296 mente
2738 4236 3087 4308 compositus.

2028 4332 2103 4387 ΑΞ
2107 4331 2243 4403 vum]
2270 4331 2502 4399 Tempus
2528 4331 2672 4384 vitae.

2033 4419 2247 4491 Ridens]
2279 4422 2434 4475 Parvi
2466 4420 2687 4476 faciens.
2778 4432 2779 4435 ‘

2033 4510 2172 4582 Iros]
2196 4512 2565 4581 Tempestates
2591 4509 2755 4565 aeris.

2509 4603 2574 4657 IN
2614 4600 2892 4657 PROSAM
2936 4601 2995 4654 V.

2038 4695 2307 4751 Hactenus
2331 4681 2673 4763 Philosophia
2702 4691 2956 4747 disseruit
2986 4692 3212 4747 fortuna:
3239 4693 3376 4749 bona
3406 4695 3547 4763 apud

1966 4800 2127 4839 unum
2169 4784 2525 4852 eumdemque
2570 4793 2830 4852 perpetuo
2885 4798 2989 4835 non
3032 4797 3367 4851 permanere.
3417 4784 3548 4839 Nam

1968 4877 2093 4930 licet
2119 4874 2405 4943 aliquando
2432 4875 2702 4929 viventem
2729 4889 2835 4928 non
2863 4874 3131 4939 deserant,
3161 4875 3346 4928 mortis
3373 4883 3548 4928 tamen

1969 4966 2291 5021 necessitate
2352 4972 2687 5033 separantur.
2755 4963 2906 5018 Nunc
2964 4979 3093 5018 vero
3153 4960 3551 5034 argumentatur

1972 5055 2180 5108 etiamsi
2224 5054 2330 5107 sint
2358 5053 2506 5107 firma
2528 5094 2544 5120 ,
2576 5054 2895 5123 stabiliaque
2915 5094 2931 5118 ,
2966 5063 3140 5109 tamen
3172 5054 3400 5108 hominis
3428 5068 3551 5122 pro-

1977 5145 2088 5211 pria
2127 5144 2264 5198 bona
2306 5145 2411 5198 dici
2442 5159 2545 5199 non
2577 5160 2772 5214 posse,
2818 5160 2993 5214 neque
3033 5146 3263 5200 conferri
3306 5147 3552 5200 bumanze

1973 5232 2247 5303 dignitati,
2278 5248 2398 5301 qua:
2429 5235 2585 5304 longe
2614 5235 2953 5303 prtestantior
2982 5245 3063 5289 est
3093 5236 3351 5290 universis
3380 5233 3553 5290 fortu-

1977 5339 2061 5379 na:
2089 5324 2310 5379 divitiis.

2047 5413 2347 5485 Rationum]
2383 5413 2930 5481 Argumentationum.

2047 5507 2315 5578 Fomenta]
2340 5506 2613 5570 Remedia,
2632 5504 3038 5559 medicamenta.
3062 5505 3318 5561 Fomenta
3338 5509 3556 5577 proprie

1970 5601 2215 5656 dicuntur
2236 5601 2619 5669 applicationes
2643 5611 2820 5651 rerum
2846 5597 3136 5651 calidarum
3165 5599 3278 5653 sive
3308 5598 3558 5654 humida-

1970 5709 2088 5748 rum
2120 5694 2184 5748 ad
2212 5704 2385 5763 partes
2406 5690 2655 5762 Corporis
2687 5684 2865 5752 lmsas.
2900 5688 3058 5757 idque
3087 5689 3337 5746 medendi
3360 5697 3554 5763 gratia.

3120 5798 3199 5863 31
