4010 6372
546 271 645 327 971

1196 268 1536 322 Areuuntx
1574 270 1664 323 AD
1705 270 1944 326 uanos
1987 271 2073 324 ne
2112 256 2629 328 CONSOLATIONE
2674 275 3171 336 rureosorum.

3709 293 3809 349 972

542 380 737 437 Fomes
757 379 947 435 dicitur
972 377 1146 432 assula
1168 392 1231 432 ex
1260 378 1450 433 arbore
1474 393 1695 434 excussa
1720 380 1844 433 dum
1871 380 2113 434 caeditur.
2147 383 2193 442 Α
2225 381 2278 435 in
2313 382 2506 450 quibus
2539 386 2742 441 nescias
2772 398 2948 443 utrum
2991 392 3199 459 Species
3226 397 3453 464 amplius
3496 398 3718 470 ﬂorum,
3745 420 3809 458 an

545 476 673 528 Item
715 485 1039 540 quaecunque
1082 469 1299 522 materia
1339 469 1476 524 sicca
1502 508 1518 534 ,
1562 471 1612 524 in
1650 485 1751 539 qua
1790 470 1942 526 facile
1983 472 2118 541 ignis

542 562 911 615 inflammatur.
942 559 1042 613 Per
1069 563 1431 628 metaphoram
1458 571 1635 616 autem
1664 561 1900 617 fomitem
1930 562 2119 631 appel-

544 654 731 717 lamus,
762 650 1012 718 quidquid
1034 650 1277 704 accendit
1300 666 1397 705 nos
1426 660 1583 721 atque
1604 657 1800 707 excitat
1824 654 1888 707 ad
1917 654 2113 723 aliquid

540 740 825 809 agendum.

616 830 978 903 Validioribus]
1016 831 1413 888 Efticacioribus
1442 835 1755 888 rationibus.

606 923 732 994 Age]
762 924 911 979 Nunc
938 934 1018 979 est
1046 925 1354 980 adverbium
1384 927 1642 996 captantis
1670 928 2035 981 attentionem.

606 1016 822 1087 Earum]
856 1018 1184 1071 Divitiarum.

605 1106 810 1177 Potius]
842 1107 1050 1171 Melius,
1075 1109 1431 1175 praestantius.

604 1196 879 1268 Aurumne]
917 1198 999 1252 An
1028 1212 1235 1260 aurum,
1270 1199 1458 1267 inquit,
1497 1197 1635 1267 quod
1665 1198 1733 1252 ab
1763 1212 1915 1265 aura,
1950 1199 1998 1254 id
2031 1208 2114 1254 est

538 1290 770 1360 fulgore,
804 1290 1001 1345 dictum
1030 1301 1135 1357 est,
1172 1290 1347 1357 potius
1378 1300 1475 1343 est.

604 1383 683 1434 Αη
712 1380 807 1451 vis]
856 1380 908 1434 Id
938 1389 1019 1434 est
1049 1379 1329 1433 multitudo
1360 1381 1616 1447 pecunias.

606 1472 887 1543 Congeslaz]
932 1473 986 1527 Id
1014 1482 1097 1528 est
1121 1481 1473 1527 coacervata.

605 1561 780 1633 Atqui]
808 1562 935 1617 Sed.

606 1651 729 1722 Hea]
756 1652 1023 1706 Pecuuim.

605 1743 783 1797 Nitent
806 1745 982 1796 ntelius
1008 1742 1336 1814 e/fuudendo]
1376 1744 1506 1799 Cum
1533 1744 1897 1799 effunduntur.

609 1834 774 1899 Quam
802 1833 1169 1904 coacervando]
1200 1834 1330 1889 Cum
1356 1846 1757 1889 coacervmtur.

605 1926 871 1993 Siquidem
912 1926 1129 1978 avaritia
1170 1941 1367 1992 semper
1410 1927 1648 1989 odiosas,
1697 1926 1864 1978 claros
1903 1924 2111 1995 largitas

535 2016 703 2088 eﬂicit]
730 2017 983 2071 Praaclara
1006 2017 1267 2071 sententia
1298 2026 1379 2070 est
1410 2027 1463 2071 ct
1491 2017 1835 2085 philosophia:
1854 2019 2111 2087 gravitate

535 2115 713 2181 digna.

605 2201 673 2252 Et
705 2217 802 2253 eoa:
832 2200 1031 2268 quidem
1060 2199 1197 2269 tota]
1246 2198 1491 2252 Ostendit
1532 2200 1677 2253 vocis
1708 2210 1944 2252 naturam
1975 2215 2109 2268 pra:-

535 2292 845 2347 stantiorem
897 2305 1017 2345 esse
1058 2305 1214 2360 quam
1248 2290 1580 2356 divitiarum;
1610 2306 1730 2345 cum
1772 2305 1872 2344 vox
1913 2300 2020 2345 tota
2059 2301 2112 2344 et

535 2384 740 2451 integra
788 2382 986 2449 pariter
1031 2381 1313 2434 multorum
1360 2380 1563 2448 repleat
1607 2379 1880 2446 auditum,
1913 2381 2111 2435 divitiae

536 2488 664 2527 vero
695 2472 793 2525 nisi
823 2470 1093 2525 diminutm
1124 2478 1177 2524 et
1218 2469 1485 2524 distractae
1508 2510 1523 2535 ,
1575 2470 1625 2523 in
1676 2470 1855 2537 plures
1886 2472 2111 2522 transire

538 2578 643 2617 non
669 2563 892 2632 possint.
927 2562 1135 2615 Boetius
1166 2568 1344 2614 noster
1375 2559 1427 2613 in
1453 2560 1622 2627 primo
1642 2559 1710 2614 de
1732 2558 1925 2614 Musica
1953 2559 2107 2622 libro,

534 2656 707 2723 cipite
727 2655 792 2709 I4
817 2672 828 2707 :
853 2653 1001 2708 Nunc
1024 2655 1142 2722 quis
1165 2653 1353 2708 modus
1378 2653 1626 2707 audiendi
1647 2654 1736 2714 sit,
1760 2652 2102 2706 disseramus.

534 2746 661 2800 'I‘ale
690 2746 830 2800 enim
860 2744 1109 2813 quiddam
1143 2745 1251 2798 fieri
1283 2746 1562 2797 consuevit
1597 2744 1651 2797 in
1681 2743 1921 2807 vocibus,
1952 2743 2109 2811 quale

531 2851 651 2890 cum
679 2836 981 2905 paludibus,
1004 2836 1087 2889 vel
1115 2835 1306 2904 quietis
1332 2834 1485 2902 aquis
1510 2835 1707 2902 jactum
1735 2833 1941 2888 eminus
1970 2849 2110 2888 mer-

532 2926 673 2992 gitur
701 2941 909 2981 saxum.
951 2925 1107 2980 Prius
1144 2926 1284 2979 enim
1316 2926 1368 2979 in
1401 2928 1771 2994 parvissimum
1799 2926 1983 2980 orbem
2014 2941 2109 2981 un-

530 3017 653 3069 dam
696 3016 939 3085 colligit,
994 3014 1188 3070 deinde
1245 3015 1536 3083 majoribus
1581 3016 1798 3070 orbibus
1846 3017 2105 3070 undarum

529 3108 715 3176 globos
742 3107 975 3177 spargit,
1024 3117 1182 3173 atque
1225 3122 1458 3175 eousque
1497 3109 1623 3161 dum
1656 3110 1903 3176 fatigatus
1934 3118 2107 3165 motus
2137 3100 2182 3159 C

530 3199 599 3251 ab
634 3198 910 3253 eliciendis
953 3198 1197 3252 ﬂuctibus
1239 3200 1601 3266 conquiescat.
1647 3200 1974 3270 Semperque
2012 3216 2108 3270 po-

524 3288 725 3343 sterior
753 3298 807 3342 et
836 3289 1007 3355 major
1045 3287 1237 3341 uudula
1280 3290 1432 3356 pulsu
1477 3289 1735 3344 debiliore
1779 3290 2103 3345 diﬂunditur.

525 3376 681 3440 Quod
711 3377 757 3432 si
783 3378 906 3446 quid
937 3377 1025 3441 sit,
1055 3376 1196 3445 quod
1222 3386 1526 3432 crescentes
1554 3379 1723 3434 undas
1751 3382 1917 3447 possit
1943 3382 2109 3435 oll‘en-

528 3472 660 3520 :tere
688 3506 702 3530 ,
762 3467 939 3519 statim
976 3465 1064 3519 ille
1100 3474 1274 3519 motus
1300 3468 1604 3533 revertitur,
1624 3476 1678 3521 et
1703 3469 1855 3537 quasi
1884 3470 1949 3523 ad
1978 3486 2106 3524 cen-

540 3564 668 3608 tum
690 3597 705 3621 ,
739 3555 880 3610 unde
911 3554 1183 3622 profectus
1212 3556 1414 3619 fuerat,
1442 3556 1645 3611 eisdem
1676 3558 1887 3612 undulis
1916 3569 2106 3614 rotun-

528 3652 704 3698 satur.
739 3644 813 3701 Ita
841 3644 1001 3715 igitur
1031 3661 1147 3700 cum
1177 3661 1269 3700 aer
1296 3647 1477 3715 pulsus
1502 3646 1691 3701 fecerit
1716 3663 1927 3713 sonum,
1959 3650 2109 3719 pellit

520 3737 687 3790 alium
715 3737 1040 3805 proximum,
1075 3734 1129 3789 et
1156 3735 1547 3805 quodammodo
1576 3736 1856 3791 rotundum
1886 3737 2101 3792 fluctum

526 3831 664 3882 neris
691 3827 815 3882 ciet.
868 3828 1051 3897 Itaque
1073 3827 1386 3882 diffunditur
1411 3834 1465 3882 et
1492 3829 1729 3882 omnium
1755 3829 2106 3885 circumstan-

525 3924 652 3974 tium
676 3919 833 3973 simul
858 3918 978 3973 ferit
998 3918 1259 3972 auditum.
1288 3918 1465 3987 Atque
1490 3919 1568 3972 illi
1592 3927 1676 3974 est.
1702 3921 1977 3975 obscurior
1998 3936 2103 3973 vox

524 4012 611 4079 qui
646 4011 855 4079 longius
893 4010 1119 4073 steterit,
1163 4009 1413 4077 quoniam
1443 4011 1513 4065 ad
1547 4024 1670 4065 eum
1710 4010 1938 4065 debilior
1968 4011 2102 4080 pulsi

525 4102 663 4155 aeris
690 4099 831 4153 unda
863 4100 1125 4167 pervenit.

596 4191 671 4243 Αη
699 4205 1010 4259 gemmarum
1047 4187 1247 4258 fulgor]
1287 4188 1350 4243 Ut
1379 4202 1540 4258 supra
1565 4188 1633 4244 de
1658 4204 1826 4257 auro,
1860 4192 1926 4244 ita
1960 4206 2100 4246 nunc

523 4284 588 4338 de
616 4281 841 4352 gemmis
868 4280 1002 4350 agit,
1046 4294 1243 4347 easque
1272 4279 1405 4333 nihil
1438 4279 1635 4334 habere
1662 4281 1927 4347 ostendit,
1959 4282 2099 4351 quod

522 4376 589 4429 sit
615 4375 914 4429 hominibus
946 4372 1027 4425 vel
1058 4370 1358 4425 mirandum
1392 4371 1477 4424 vel
1506 4371 1883 4439 expetendum.

592 4464 915 4517 Gemmarum
957 4472 1029 4515 est
1068 4462 1157 4514 tua:
1192 4462 1319 4524 illa,
1350 4477 1453 4514 non
1492 4461 1775 4533 hominum]
1815 4464 1905 4519 Sic
1945 4463 2098 4531 divus
2124 4457 2178 4517 Ι)

521 4554 836 4610 Ambrosius
870 4553 921 4606 in
952 4552 1042 4604 lib.
1072 4552 1139 4604 de
1172 4550 1412 4603 Nabutha
1448 4568 1461 4603 :
1493 4550 1606 4604 Non
1650 4552 1825 4605 abnuo
1866 4552 2092 4621 gratiam

516 4642 799 4712 quamdam
824 4642 1054 4709 lapidum
1088 4641 1310 4694 istorum
1332 4654 1451 4694 esse
1479 4640 1761 4708 fulgorem,
1792 4642 1885 4695 sed
1918 4650 2094 4695 tamen

517 4734 782 4803 lapidum.

585 4825 666 4878 An
690 4840 777 4878 vos
805 4839 1042 4894 agrorum
1064 4821 1410 4895 pulchritudo]
1441 4824 1604 4877 Docet
1630 4822 1812 4877 itidem
1844 4840 2090 4892 agrorum

516 4916 965 4983 pulchritudinem
998 4915 1213 4968 minime
1245 4914 1520 4967 hominum
1551 4928 1669 4968 csse
1697 4915 1984 4982 propriam.

590 5006 838 5077 Quidni?]
867 5006 975 5061 Cur
999 5022 1128 5071 non,
1160 5004 1443 5073 respondet
1470 5004 1707 5058 Boetius.

592 5096 929 5150 Pulclterrimi
954 5094 1141 5164 operis]
1175 5094 1373 5147 Mundi.

587 5184 818 5240 Pulchra
844 5184 1038 5254 portio]
1072 5184 1201 5237 Pars
1225 5183 1488 5250 speciosa.

586 5275 764 5347 Facie]
796 5276 1007 5343 Specie,
1043 5274 1235 5339 forma,
1269 5284 1508 5341 aspectu.

592 5370 772 5425 Ventis
820 5368 1060 5439 ﬂoribus]
1118 5369 1282 5421 Divus
1330 5369 1643 5423 Ambrosius
1692 5369 1743 5421 in
1793 5372 1947 5423 tertio
1994 5371 2087 5424 lib.

513 5461 701 5531 Operis
720 5476 814 5515 sex
836 5460 1044 5515 dierum
1073 5477 1085 5514 :
1111 5459 1247 5524 Quid
1272 5458 1364 5513 tibi
1383 5455 1679 5513 describam
1704 5474 2090 5528 purpurascen-

517 5563 598 5606 tes
628 5552 798 5606 violas
823 5592 839 5617 ,
878 5550 1102 5606 candida
1148 5550 1254 5603 lilia
1278 5591 1292 5612 .
1325 5550 1602 5602 rutilantes
1646 5564 1792 5603 rosas
1816 5591 1830 5613 ,
1876 5552 2083 5619 depicta

516 5658 661 5717 rura,
688 5659 831 5701 nunc
857 5643 1035 5699 aureis
1056 5683 1071 5709 ,
1100 5650 1237 5698 nunc
1268 5642 1449 5707 variis,
1479 5657 1616 5695 nunc
1649 5642 1805 5696 luteis
1840 5643 2079 5706 ﬂoribus,

2225 472 2307 526 vis
2332 472 2499 527 odora
2522 474 2791 530 delectet?
2835 478 3132 535 Pascuntur
3156 484 3293 536 oculi
3322 496 3475 552 grato
3502 494 3807 561 spectaculo

2227 562 2384 632 longe
2409 565 2621 634 lateque
2640 567 2774 621 odor
2798 569 3085 639 Spargitur,
3109 572 3260 641 cujus
3283 577 3547 632 suavitate
3573 581 3807 649 comple-

2224 669 2365 708 mur.

2301 743 2537 815 Ubertas]
2565 746 2853 802 Fertilitas.

2296 834 2665 905 Animantium]
2705 838 3050 892 Animalium.

2297 923 2580 995 Alimentis]
2614 926 2977 981 Nutrimentis.

2296 1013 2444 1077 Quod
2476 1023 2671 1067 natura:
2698 1016 2820 1068 satis
2847 1015 2939 1086 est]
2980 1016 3318 1074 Parenthesis
3343 1029 3447 1075 est.

2299 1101 2470 1172 Quod]
2513 1104 2739 1169 lteplere
2770 1104 3131 1173 indigentiam.

2294 1192 2485 1246 Paucis
2511 1195 2642 1246 enim
2669 1196 2985 1263 minimisque
3005 1206 3187 1251 natura
3208 1208 3439 1254 contenta
3460 1200 3555 1271 est]
3583 1201 3799 1256 Senten-

2225 1284 2292 1338 tia
2332 1294 2414 1340 est
2456 1300 2576 1339 cum
2629 1288 2813 1355 primis
2852 1288 3136 1344 celebrata.
3186 1291 3314 1346 Sex.
3346 1292 3623 1361 Turpilius
3654 1302 3796 1364 poeta

2220 1378 2457 1431 comicus
2488 1395 2500 1428 :

2344 1464 2585 1531 Profecto,
2613 1472 2668 1515 ut
2691 1467 2898 1531 quisque
2922 1469 3117 1531 omnino
3139 1474 3401 1518 contentus
3420 1469 3534 1531 fuit,

2342 1525 2413 1592 Ita
2436 1527 2725 1592 fortunatam
2750 1525 2893 1576 vitam
2916 1530 3056 1578 duxit
3079 1532 3307 1592 maxime,

2345 1587 2405 1635 Ut
2426 1588 2694 1649 philosophi
2723 1592 2853 1637 aiunt
2878 1591 2973 1647 isti,
2997 1592 3186 1650 quidvis
3210 1587 3398 1641 sat'est.

2220 1669 2420 1723 Seneca
2463 1669 2818 1738 Philosophus
2869 1672 3329 1739 epistolaquarta
3374 1690 3389 1726 :
3435 1673 3688 1729 Pa'rabile
3724 1688 3797 1728 est

2144 1745 2190 1802 Β
2216 1758 2357 1827 quod
2398 1769 2586 1813 natura
2617 1759 2917 1827 desiderat,
2957 1770 3010 1814 et
3041 1761 3340 1830 appositum
3375 1762 3539 1829 pai'vo
3571 1773 3797 1825 constat,

2215 1860 2270 1903 et
2298 1850 2364 1904 ad
2413 1864 2735 1919 supervacua
2768 1851 3008 1905 sudatur.
3050 1852 3140 1906 Illa
3169 1861 3293 1905 sunt
3318 1868 3437 1921 quae
3468 1863 3650 1922 togam
3675 1868 3792 1908 con-

2216 1951 2396 1995 terunt
2416 1980 2431 2002 ,
2462 1957 2579 2010 quae
2610 1956 2709 1995 nos
2741 1957 3023 1997 senescere
3050 1943 3149 1997 sub
3175 1945 3403 1998 tenterio
3427 1954 3656 2013 cogunt,
3686 1946 3796 2013 quis

2215 2034 2268 2086 in
2298 2034 2467 2087 aliena
2497 2033 2673 2087 littora
2703 2035 3028 2103 impingunt;
3074 2035 3139 2088 ad
3168 2050 3381 2089 manum
3409 2042 3513 2103 εει,
3544 2037 3690 2104 quod
3720 2047 3797 2089 sat

2211 2130 2316 2175 est.
2363 2122 2464 2187 Qui
2500 2136 2620 2175 eum
2660 2132 2970 2191 paupertate
3010 2123 3145 2178 bene
3186 2124 3479 2191 convenit,
3510 2125 3666 2181 dives
3699 2135 3793 2179 est.

2214 2211 2458 2265 Lucanus
2490 2214 2542 2265 in
2574 2220 2762 2280 quarto
2792 2212 3076 2266 Pharsalia:
3106 2230 3118 2265 :

2459 2302 2498 2351 Ο
2526 2303 2718 2362 prodiga
2746 2315 2910 2349 rerum

2335 2360 2593 2418 Luxuries,
2617 2360 2857 2425 nunquam
2884 2370 3029 2420 parvo
3052 2370 3276 2412 contenta
3303 2372 3495 2425 paratu,

2333 2424 2394 2473 Et
2413 2428 2726 2484 quaesitorum
2754 2424 2926 2484 pelago
2953 2430 3183 2484 terraque
3208 2424 3426 2474 ciborum

2334 2482 2599 2532 Ambitiosa
2627 2482 2795 2542 fames,
2827 2482 2885 2532 ρι’
2904 2484 3042 2545 tanta:
3067 2482 3218 2545 gloria
3246 2498 3450 2533 mensae.

2338 2545 2537 2607 Discite,
2563 2557 2705 2605 quam
2732 2557 2877 2603 parvo
2903 2544 3043 2592 liceat
3072 2544 3339 2606 producere
3364 2550 3533 2607 vitam,

2337 2606 2396 2654 Et
2418 2613 2648 2665 quantum
2673 2611 2841 2667 natura
2868 2613 3025 2665 petat.
3048 2619 3143 2653 non
3166 2608 3313 2667 erigit
3339 2619 3505 2666 aegros

2338 2666 2521 2715 Nobilis
2546 2669 2711 2728 ignoto
2731 2665 2932 2714 diffusus
2953 2668 3148 2715 consule
3174 2665 3404 2715 Bacchus.

2212 2745 2353 2802 Idem
2380 2764 2482 2801 non
2516 2748 2683 2801 multo
2714 2758 2833 2817 post
2864 2763 2878 2800 :

2457 2839 2584 2888 Satis
2612 2846 2689 2889 est
2715 2839 2903 2899 populis
2929 2839 3198 2901 ﬂuviusque
3219 2838 3493 2916 Ceresque.

2214 2920 2266 2973 Id
2299 2931 2377 2974 est
2410 2922 2558 2987 panis
2584 2931 2637 2974 et
2666 2927 2824 2989 aqua.
2856 2922 3131 2990 Euripides
3150 2922 3287 2991 apud
3312 2924 3375 2978 Α.
3408 2921 3642 2977 Gellium
3676 2942 3689 2975 :

2334 3008 2451 3056 Nam
2472 3010 2585 3069 quid
2608 3010 2884 3059 mortalibus
2905 3012 2967 3057 sit
2989 3012 3094 3058 usui
3118 3018 3295 3071 praeter
3316 3012 3413 3059 du’o
3434 3013 3513 3060 illa
3534 3014 3697 3061 modo.

2332 3071 2532 3119 Cereris
2555 3084 2745 3127 munus,
2770 3080 2821 3133 et
2848 3084 2984 3129 aqua:
3009 3072 3249 3131 poculum,
3275 3084 3385 3133 quae
3408 3075 3605 3133 adsunt,

2337 3136 2404 3194 ᾼο
2425 3144 2511 3178 nos
2528 3138 2715 3192 queunt
2736 3132 2892 3187 alere,
2914 3145 3117 3191 quorum
3137 3132 3545 3194 satias’unnquam
3569 3132 3641 3182 est
3662 3135 3687 3183 ‘?

2339 3191 2502 3239 Luxus
2520 3191 2680 3239 autem
2700 3199 2811 3241 sunt
2827 3200 3111 3240 czetcrarum
3135 3194 3388 3254 epularum
3407 3191 3683 3254 indagines.

2212 3273 2400 3329 Cicero
2428 3275 2481 3327 iu
2510 3275 2695 3342 quinto
2716 3274 2929 3328 Tuscul.
2961 3274 3326 3341 Quaestionum
3361 3292 3375 3325 :
3410 3278 3530 3329 Dies
3557 3276 3795 3337 deﬁciet,

2212 3367 2255 3418 si
2280 3364 2441 3417 velim
2475 3364 2798 3433 paupertatis
2825 3378 3041 3418 causam
3067 3364 3375 3419 defendere.
3416 3364 3615 3433 Aperta
3642 3366 3798 3419 enim

2212 3470 2299 3509 res
2328 3464 2409 3509 est
2429 3495 2449 3521 ,
2492 3466 2544 3509 et
2574 3455 2810 3523 quotidie
2842 3470 2938 3509 nos
2983 3457 3096 3523 ipsa
3127 3465 3311 3509 natura
3344 3455 3593 3510 admonet
3625 3470 3799 3525 quam

2210 3548 2414 3614 paucis,
2444 3560 2599 3613 quam
2635 3545 2807 3611 parvis
2833 3545 2996 3603 rebus
3017 3554 3187 3614 egeat,
3208 3560 3366 3613 quam
3394 3545 3603 3599 vilibus.
3626 3546 3800 3600 Divus

2213 3636 2528 3690 Ambrosius
2556 3637 2606 3688 in
2636 3652 2663 3688 x
2692 3637 2828 3691 libro
2858 3637 3215 3706 Epistolarum
3245 3655 3259 3689 :
3293 3638 3435 3691 Satis
3463 3639 3601 3691 enim
3630 3638 3800 3693 dives

2213 3726 2458 3779 omnibus
2504 3736 2706 3779 natura:
2757 3728 2842 3781 lex
2892 3737 3011 3793 est,
3059 3728 3142 3781 cui
3190 3728 3298 3782 cito
3360 3728 3594 3781 invenias
3638 3729 3801 3796 quod

2213 3815 2463 3869 abundet.
2489 3814 2874 3883 Cupiditatibus
2894 3827 3074 3871 autem
3095 3819 3268 3872 omnis
3289 3819 3591 3872 divitiarum
3612 3820 3799 3874 abun-

2211 3908 2387 3962 dantia
2429 3909 2601 3976 inepia
2641 3918 2741 3963 est.
2785 3910 3139 3980 Hieronymus
3168 3911 3222 3963 in
3249 3910 3586 3965 Jovinianum
3618 3927 3631 3961 :
3669 3914 3800 3966 Cito

2212 4001 2456 4069 expletur
2488 4012 2689 4055 natura:
2719 4003 3039 4066 necessitas,
3072 4002 3237 4070 frigus
3276 4011 3331 4056 et
3360 4002 3519 4055 fames
3549 4004 3795 4069 simplici

2209 4092 2403 4145 vestitu
2445 4101 2499 4145 et
2540 4092 2660 4145 cibo
2701 4092 2898 4160 expelli
2946 4102 3138 4161 potest.
3189 4091 3340 4147 Unde
3370 4103 3421 4147 et
3445 4095 3795 4161 Apostolus:

2209 4182 2476 4236 Habentes
2497 4222 2513 4247 ,
2554 4182 2723 4250 inquit
2753 4224 2767 4246 ,
2807 4184 3001 4236 victum
3039 4193 3092 4236 et
3123 4183 3368 4237 vesutum
3395 4223 3406 4245 ,
3436 4182 3513 4235 his
3543 4186 3797 4237 contenti

2209 4288 2412 4327 sumus.
2446 4272 2761 4325 Prudentius
2793 4273 2843 4325 in
2876 4272 3291 4341 Psychomachia
3320 4289 3333 4324 :

2331 4384 2526 4445 Summa
2546 4389 2688 4445 qules
2712 4385 2774 4433 nil
2805 4383 2931 4432 velle
2954 4399 3103 4445 super
3126 4399 3269 4444 quam
3296 4382 3498 4444 postulat
3521 4398 3643 4433 usus

2332 4444 2632 4504 Debitusmt
2654 4444 2862 4506 simplex
2886 4444 3130 4503 alimenia,
3155 4450 3301 4494 vestis
3327 4456 3375 4493 et
3397 4458 3487 4491 una

2330 4506 2550 4554 Inlirmos
2574 4513 2729 4566 tegat,
2749 4519 2805 4553 ac
2828 4516 3023 4555 recreet
3049 4509 3356 4554 mediocriter
3381 4516 3531 4560 artus,

2329 4567 2398 4616 Ex
2408 4567 2691 4628 pletumque
2714 4567 2906 4614 inodum
2930 4575 3113 4614 naturte
3142 4581 3234 4615 non
3260 4568 3414 4614 trahat
3439 4576 3600 4613 extra.

2276 4650 2399 4701 Jam
2436 4665 2547 4702 vero
2577 4647 2869 4718 pulchrum]
2921 4648 3156 4702 Vcstium
3188 4662 3396 4717 quoque
3428 4647 3789 4714 pulchritudi-

2210 4753 2330 4795 nem
2380 4739 2686 4794 hominibus
2720 4739 2948 4794 alienam
2989 4754 3145 4803 esse,
3190 4749 3242 4793 et
3281 4738 3363 4792 vel
3412 4739 3655 4791 materia:
3707 4740 3791 4791 vel

2206 4832 2415 4885 artificii
2466 4831 2734 4900 propriam
2764 4830 2919 4884 docet
2946 4848 2960 4892 ;
2994 4830 3203 4884 tametsi
3235 4836 3388 4883 vetus
3420 4828 3503 4883 sit
3528 4828 3663 4881 illud
3717 4832 3790 4883 si-

2207 4946 2344 4994 ματα
2370 4926 2493 4996 ἀνὴρ
2519 4961 2534 4986 ,
2567 4932 2741 4976 vestes
2776 4921 2858 4974 vir
2880 4961 2895 4985 ,
2929 4931 2982 4973 et
3009 4921 3165 4987 vulgo
3204 4919 3383 4972 tritum
3411 4919 3499 4972 sit.
3546 4918 3793 4971 Vestitus

2207 5013 2377 5066 virum
2409 5011 2600 5073 reddit,
2627 5014 2716 5078 qui
2746 5009 2922 5073 habet,
2954 5009 3156 5061 induat.

2276 5101 2353 5154 An
2382 5116 2497 5153 vero
2534 5097 2613 5167 te]
2664 5098 2859 5151 Probat
2895 5098 3202 5151 felicitatem
3243 5112 3345 5150 non
3382 5095 3688 5157 consistere
3738 5098 3789 5150 in

2205 5192 2365 5260 longo
2392 5189 2709 5247 famulorum
2741 5188 3017 5243 comitatu.

2280 5277 2520 5346 Sarcina]
2567 5276 2785 5345 Proprie
2814 5285 2896 5330 est
2920 5276 3225 5329 utensilium
3257 5284 3310 5330 et
3338 5265 3520 5330 eorum
3567 5291 3692 5344 quae
3722 5275 3789 5328 ad

2203 5368 2404 5423 cultum
2436 5366 2733 5435 pertinent,
2766 5366 2926 5419 veluti
2959 5365 3146 5430 fascis,
3175 5380 3332 5433 quem
3360 5365 3477 5433 quis
3506 5366 3559 5419 in
3593 5366 3790 5419 itinere

2206 5460 2448 5515 faciendo
2477 5469 2691 5527 portare
2714 5458 2900 5527 possit.
2939 5459 3069 5511 Iliuc
3095 5459 3289 5511 milites
3310 5471 3432 5511 cum
3462 5467 3639 5511 castra
3667 5474 3790 5511 uno.

2201 5571 2326 5609 vere
2345 5555 2547 5619 volunt,
2568 5553 2866 5608 sarcinulas
2884 5554 3133 5622 colligere
3156 5552 3427 5616 dicuntur,
3446 5554 3534 5621 qui
3554 5555 3603 5606 in
3622 5555 3789 5606 almn

2197 5648 2410 5700 domum
2439 5644 2681 5711 migrant,
2704 5646 2941 5700 sarcinas
2966 5658 3087 5698 suas
3114 5646 3465 5709 ccutponere.
3486 5643 3589 5698 Per
3621 5655 3784 5698 uicta-
