4010 6372
222 362 326 421 975

226 478 443 543 pltoram
489 484 662 528 tamen
703 472 965 527 sarcinam
1008 485 1100 538 pro
1134 468 1304 521 inutili
1339 482 1500 522 onere
1533 469 1800 536 ponimus.
1830 466 1881 525 Α
1910 463 2052 515 modi
2097 480 2107 513 ε

222 568 467 621 Aurelius
500 585 511 618 :
556 566 619 619 Et
653 565 787 617 Itane
826 562 1066 630 corporis
1098 561 1359 614 sarcinam
1392 558 1675 627 aliquando
1709 557 1801 610 de-

220 670 495 723 ponerem.
520 652 833 707 Ambrosius
858 669 869 704 :
896 650 1031 717 Quid
1056 651 1196 703 enim
1225 648 1367 701 aliud
1395 657 1477 702 est
1502 655 1801 716 peccatum,

224 746 325 798 nisi
358 743 613 797 sarcina?

294 832 374 886 Ex
397 832 574 900 quibus
597 828 847 900 omnibus]
895 829 996 883 Per
1017 828 1227 881 modum
1251 825 1573 881 inductionis
1596 839 1657 879 ex
1687 838 1805 890 par-

220 921 529 974 ticularibus
559 920 1013 983 antecedentibus,
1046 918 1247 986 colligit
1284 916 1640 970 universalem
1672 928 1801 969 con-

223 1014 545 1067 clusionem.

297 1106 435 1172 Quid
472 1105 524 1157 id
554 1115 639 1156 tua
674 1102 847 1173 refert]
892 1101 1025 1168 Qttid
1056 1101 1121 1154 ad
1159 1112 1207 1153 te
1239 1100 1292 1154 id
1332 1099 1603 1170 pertinet?
1646 1098 1711 1153 lIt
1750 1098 1801 1152 in

222 1193 345 1247 Vita
390 1194 601 1249 Solonis
642 1208 672 1247 a
721 1192 934 1247 Laertio
976 1192 1199 1245 relatum
1242 1198 1365 1254 est,
1402 1192 1549 1242 aiunt
1585 1186 1801 1255 quidam

223 1281 487 1346 Crtesum,
519 1297 638 1335 cum
668 1296 727 1335 se
753 1281 1164 1349 exquisitissime
1192 1279 1431 1332 omnium
1461 1286 1803 1331 ornamento-

224 1386 343 1423 rum
360 1385 555 1439 genere
575 1370 979 1437 composuisset,
999 1369 1318 1439 snblimique
1340 1369 1390 1422 in
1411 1368 1546 1423 solio
1566 1367 1798 1435 sederet,

224 1464 581 1531 interrogasse
601 1462 850 1517 Solonem
876 1477 941 1515 an
970 1461 1240 1531 pulchrius
1263 1474 1491 1528 unquam
1518 1470 1799 1526 speetacu-

222 1556 330 1625 lunt
354 1555 564 1619 viderit,
597 1554 849 1623 illumque
877 1551 1261 1607 dixisseGallos
1279 1550 1631 1614 Gallinaceos,
1660 1548 1800 1600 Pha-

223 1646 405 1699 sianos
434 1653 588 1713 atque
616 1644 875 1697 Pavones.
910 1641 1146 1696 Naturali
1176 1640 1316 1695 enim
1354 1654 1446 1694 eos
1477 1638 1607 1693 ﬂore
1635 1647 1689 1691 et
1720 1636 1800 1691 in-

222 1734 468 1789 credibili
496 1733 836 1799 speciositate
864 1732 1068 1786 vestiri.

295 1821 639 1891 Seqnestratal
670 1822 947 1889 Separata,
976 1820 1233 1889 seposita.

298 1910 435 1975 Quid
479 1919 645 1962 autem
688 1909 866 1980 tanta]
930 1910 1173 1977 Increpat
1222 1909 1476 1963 mortales
1523 1916 1799 1977 tantopere

220 1998 449 2053 fortuna:
492 1999 647 2052 bonis
685 1999 987 2064 inhiantes,
1034 1998 1372 2067 ostenditque
1416 2012 1512 2053 eos
1552 1999 1799 2051 maximis

220 2089 491 2145 laboribus
530 2105 625 2157 pro
653 2089 967 2144 sufficientia
990 2129 1006 2154 ,
1037 2106 1194 2160 quam
1223 2092 1337 2146 dies
1366 2102 1421 2145 et
1459 2102 1643 2145 noctes
1672 2090 1801 2146 alle-

221 2190 393 2242 ctant,
424 2180 764 2248 indigentiam
794 2193 1087 2251 reportare.

294 2268 655 2339 Adminiculis]
684 2270 1037 2338 Adjttntentis.

296 2358 574 2413 Permultis
602 2362 823 2430 indigere
847 2361 950 2431 eos]
999 2363 1347 2418 Ecclesiastes
1374 2364 1548 2432 capite
1576 2367 1761 2433 quinto
1786 2382 1801 2421 :

226 2450 327 2504 Ubi
358 2452 535 2505 multa:
565 2460 689 2505 sunt
710 2465 859 2519 epes,
885 2454 1037 2507 tnulti
1063 2455 1153 2523 qui
1181 2455 1467 2509 comedunt
1495 2470 1609 2510 eas.
1638 2458 1804 2511 Aulus

225 2537 431 2593 Gellius
462 2541 601 2595 libro
630 2550 817 2596 octavo
848 2560 860 2594 :
898 2543 1088 2597 Verum
1128 2553 1209 2599 est
1239 2546 1506 2613 profecto,
1538 2547 1677 2614 quod
1710 2547 1806 2600 ob-

224 2645 439 2687 servato
456 2648 635 2687 rerum
660 2650 759 2687 usu
780 2635 1045 2704 sapientes
1067 2637 1160 2690 viri
1183 2637 1371 2692 dixere
1393 2657 1403 2689 :
1426 2638 1606 2692 multis
1624 2654 1803 2708 egere,

224 2724 314 2787 qui
342 2725 506 2779 multa
531 2727 741 2790 habeat,
767 2743 1120 2798 magnamque
1142 2731 1481 2799 indigentiam
1507 2733 1672 2798 nasci,
1700 2750 1804 2787 non

227 2826 293 2865 ex
326 2815 499 2882 inopia
531 2832 749 2885 magna,
790 2819 882 2872 sed
914 2834 977 2872 ex
1013 2836 1198 2889 magna
1230 2823 1381 2889 copia
1417 2841 1429 2877 :
1462 2824 1625 2877 multa
1664 2826 1805 2878 enim

227 2905 522 2961 desiderari
553 2909 616 2961 ad
647 2911 831 2975 multa,
861 2927 979 2980 qua:
1010 2914 1225 2978 habeas,
1258 2902 1473 2969 tuenda.
1511 2918 1662 2986 Apud
1698 2919 1805 2973 Xe-

228 2998 559 3066 nophontem
601 3001 650 3053 in
691 3001 811 3071 Cyri
854 3003 1027 3058 Pazdia
1062 3007 1199 3061 libro
1240 3018 1430 3063 octavo
1471 3010 1759 3063 Pheraulas
1793 3030 1806 3064 :
1844 3034 1851 3041 ~

228 3088 371 3143 Num
401 3090 541 3144 enim
573 3092 677 3153 ita,
710 3092 909 3162 inquit,
943 3094 1073 3149 Saca
1094 3138 1108 3159 ,
1140 3098 1413 3152 existimas
1451 3114 1535 3153 me
1566 3114 1707 3153 nunc
1745 3115 1809 3154 eo

1369 354 1740 411 MURMizLIJl
1784 347 2302 405 COMMENTANA.

3373 344 3477 399 ‘J'H

2155 460 2418 529 Quidquid
2475 459 2687 513 habenti
2736 468 2927 525 nocet,
2972 473 3077 511 non
3129 467 3212 513 est
3260 459 3478 514 bonum.

1906 552 2113 605 Divitize
2155 562 2327 605 autent
2365 552 2672 618 plerumque
2710 562 2902 605 nocent
2932 550 3169 605 habenti.
3206 552 3319 605 Non
3359 561 3481 605 sunt

1906 641 2062 710 igitur
2102 641 2273 694 boote.
2321 642 2627 705 Assumptio
2667 641 2976 707 quotidiana
3028 642 3283 709 probatur
3321 658 3481 711 expe-

1904 731 2113 791 rientia,
2135 739 2190 785 et
2212 730 2480 784 Juvenalis
2503 733 2837 786 auctoritate.
2866 732 3109 785 Valerius
3132 732 3291 785 etiam
3319 733 3453 786 Maxi

1905 836 2046 885 mus,
2074 820 2205 873 libro
2228 834 2320 884 vn,
2344 819 2457 871 haec
2485 834 2612 874 sane
2634 835 2789 889 quam
2818 821 3088 888 eleganter
3108 822 3263 875 nobis
3288 823 3482 887 scripta

1903 909 2135 978 reliquit.
2177 908 2410 964 Sorratis
2449 908 2691 963 humanae
2726 910 2999 978 sapientia:
3034 912 3180 979 quasi
3214 910 3481 980 quoddam

1905 1013 2158 1059 terrestre
2219 1004 2535 1070 oraculum,
2590 1005 2721 1059 nihil
2778 1007 2915 1059 ultra
2976 1006 3258 1074 petendum
3300 1022 3330 1060 a
3384 1008 3484 1060 diis

1905 1100 2296 1154 immortalibus
2322 1100 2703 1164 arbitrabatur,
2727 1115 2882 1167 quam
2914 1110 2969 1154 ut
2990 1100 3123 1154 bona
3150 1100 3443 1155 tribuerent
3468 1120 3480 1163 ;

1902 1192 2024 1259 quia
2067 1190 2119 1243 hi
2160 1191 2375 1245 demum
2418 1190 2617 1244 scirent
2662 1189 2786 1258 quid
2825 1190 3107 1257 unicuique
3136 1199 3279 1244 esset
3314 1190 3479 1244 utile:

1904 1296 2000 1336 nos
2039 1290 2214 1334 autem
2258 1280 2569 1349 plerumque
2607 1279 2744 1333 votis
2792 1279 2842 1333 id
2885 1288 3137 1347 expetere
3183 1280 3323 1348 quod
3377 1295 3483 1333 non

1904 1371 2221 1439 impetrasse
2245 1372 2436 1425 melius
2460 1372 2613 1425 foret.
2640 1371 2849 1425 Etenim
2887 1371 3221 1426 densissimis
3252 1374 3487 1427 tenebris

1909 1460 2143 1514 involuta
2180 1462 2486 1514 mortalium
2535 1476 2686 1513 mens
2718 1505 2730 1526 ,
2774 1460 2825 1513 in
2872 1476 3027 1527 quam
3071 1461 3177 1514 late
3218 1470 3484 1529 patentctn

1905 1567 2143 1605 errorem
2192 1566 2360 1605 caecas
2402 1552 2737 1619 precationes
2794 1562 2911 1606 tuas
2966 1554 3216 1621 spargis?
3269 1554 3488 1607 Divitias

1903 1642 2143 1709 appetis,
2176 1658 2293 1708 qute
2330 1642 2511 1693 multis
2550 1642 2714 1695 exitio
2752 1642 2983 1695 fuerunt.
3019 1642 3261 1697 llonores
3292 1657 3488 1697 cenen-

1905 1732 2087 1798 piscis,
2116 1732 2205 1799 qui
2248 1731 2548 1798 complures
2591 1732 3066 1797 pessundederunt.
3101 1732 3278 1799 Regna
3310 1741 3482 1786 tecum

1830 1822 1879 1883 Β
1906 1820 2016 1889 ipsa
2056 1820 2244 1885 volvis,
2271 1836 2494 1887 quorum
2540 1821 2711 1873 exitus
2739 1836 3107 1889 smpenumero
3148 1822 3484 1877 miserabiles

1903 1923 2212 1966 cernuntur;
2238 1912 2542 1981 Splendidis
2565 1912 2825 1980 coniugiis
2854 1912 3026 1981 injicis
3048 1928 3257 1980 manus,
3286 1923 3341 1967 at
3366 1914 3479 1967 haec

1874 2011 1963 2058 :ut
2007 2000 2292 2071 aliquando
2337 2001 2644 2066 illustrant,
2692 2003 2783 2055 ita.
2810 2017 3188 2069 nonnunquam
3250 2002 3487 2057 funditus

1904 2093 2095 2148 domos
2120 2104 2385 2147 evertunt.
2430 2092 2621 2145 Desine
2644 2093 2804 2161 igitur
2826 2094 2984 2147 stulta
3014 2094 3203 2149 futuris
3227 2095 3486 2150 malorum

1905 2195 2113 2239 tuorum
2134 2184 2329 2248 causis,
2354 2184 2505 2252 quasi
2538 2182 2860 2236 felicissimis
2889 2183 3046 2236 rebus
3069 2185 3297 2249 inhiare,
3331 2194 3487 2253 teque

1890 2276 2072 2328 'totam
2095 2275 2394 2329 caelestium
2432 2273 2653 2327 arbittio
2677 2274 2922 2339 permitte
2947 2290 2961 2338 ;
2986 2275 3105 2342 quia
3136 2276 3225 2345 qui
3255 2276 3489 2330 tribuere

1908 2366 2046 2419 bona
2069 2382 2133 2419 ex
2150 2358 2295 2419 Taciti
2320 2365 2515 2429 solent,
2543 2365 2702 2418 etiam
2731 2366 2926 2433 eligere
2947 2366 3221 2433 aptissime
3244 2378 3485 2435 possunt.

1907 2455 2181 2510 Juvenalis
2208 2465 2389 2525 satyra
2420 2456 2627 2509 decima
2660 2473 2673 2507 :

2030 2546 2127 2593 Sed
2156 2545 2321 2607 plures
2346 2546 2490 2592 nimia
2515 2540 2743 2605 congesta
2772 2547 2973 2607 pecunia
3000 2558 3117 2593 cura

2032 2606 2332 2665 Strangulat,
2357 2614 2407 2653 et
2432 2616 2599 2653 cuncta
2627 2606 2937 2665 exsuperans
2962 2608 3246 2667 patrimonia
3266 2618 3465 2665 census,

2032 2668 2222 2725 Quanto
2247 2667 2499 2727 Delphinis
2522 2667 2707 2714 balaena
2729 2668 3004 2715 Britannica
3030 2670 3197 2728 major.

1982 2750 2109 2803 Cum
2151 2751 2395 2820 pessimus
2435 2750 2675 2820 quisque]
2716 2751 2859 2805 Ordo
2898 2762 2981 2805 est
3013 2767 3026 2803 :
3062 2750 3191 2805 Cum
3230 2754 3495 2820 pessimus

1910 2842 2133 2910 quisque
2161 2842 2345 2894 avidus
2377 2844 2545 2909 magis
2568 2844 2690 2895 teris
2719 2843 2903 2906 alieni,
2929 2843 2978 2895 id
3003 2852 3084 2896 est
3112 2844 3298 2897 alienas
3334 2860 3482 2913 pern-

1912 2933 2035 2999 nize,
2062 2942 2206 3001 putat
2223 2948 2280 2986 se
2302 2934 2475 2986 solum
2498 2930 2885 3002 dignissimum,
2910 2932 2999 3003 qui
3023 2932 3217 2989 habeat
3238 2935 3489 3004 quidquid

1911 3026 2023 3078 auri
2046 3040 2482 3094 gemmarumque
2504 3036 2585 3078 est
2610 3040 2851 3093 nsquam.

1982 3110 2219 3181 Centum]
2248 3114 2482 3167 llastatn.
2511 3114 2735 3179 Contus,
2760 3113 2940 3178 sudes,
2967 3114 3080 3167 sive
3102 3114 3251 3168 hasta
3277 3114 3478 3185 longior

229 3181 412 3234 vivere
438 3181 722 3275 jucundius
746 3222 763 3249 ,
794 3198 898 3251 quo
952 3185 1101 3252 plura
1132 3189 1447 3255 possideo?‘
1476 3189 1556 3244 An
1594 3190 1808 3259 ignoras
1834 3183 1879 3244 C
1912 3204 2221 3273 diu-imque,
2250 3205 2315 3258 ad
2351 3205 2757 3273 percutiendum
2780 3215 2923 3274 apta.
2958 3205 3244 3275 Virgilius:

231 3284 320 3323 me
351 3280 402 3324 et
429 3272 711 3326 comedere
733 3312 748 3337 ,
778 3282 831 3328 et
865 3275 1068 3342 bibere,
1102 3289 1157 3332 et
1193 3278 1427 3334 dormire
1474 3281 1621 3335 nullo
1649 3282 1808 3336 modo

231 3361 363 3413 mihi
386 3360 702 3427 jucundius,
731 3379 887 3431 quam
918 3375 1042 3421 tunc
1069 3382 1187 3421 cum
1214 3385 1358 3423 erant
1390 3373 1626 3439 pauper?
1657 3370 1807 3439 ρυοά

228 3461 411 3503 autem
437 3451 549 3504 hare
572 3463 693 3505 sunt
720 3455 847 3507 mihi
874 3458 1151 3523 permulta,
1176 3468 1378 3513 tantum
1404 3462 1531 3515 mihi
1553 3472 1633 3517 est
1656 3465 1806 3527 lucri,

228 3541 373 3605 quod
400 3541 545 3608 plura
570 3557 654 3596 me
675 3554 883 3611 oportet
903 3546 1192 3615 custodire,
1222 3550 1371 3619 plura
1395 3553 1513 3607 aliis
1537 3554 1805 3610 tribuere:

228 3639 287 3683 et
318 3646 424 3698 quo
457 3632 602 3700 plura
627 3650 785 3700 curo,
816 3650 882 3691 eo
914 3638 1039 3691 mihi
1064 3639 1211 3704 plura
1245 3655 1365 3696 esse
1396 3645 1628 3713 negotia.
1660 3646 1811 3700 Nunc

226 3721 376 3774 enim
411 3721 590 3775 famuli
632 3724 783 3778 multi
813 3725 991 3780 cibum
1019 3741 1046 3779 a
1074 3743 1157 3782 me
1183 3740 1397 3797 petunt,
1428 3733 1578 3785 multi
1603 3743 1807 3801 potum,

230 3809 390 3861 multi
417 3811 663 3877 amictus,
685 3812 776 3868 alii
798 3826 953 3883 egent
974 3818 1215 3872 medicis.
1242 3820 1397 3874 Venit
1421 3822 1576 3875 etiam
1598 3825 1807 3892 aliquis,

227 3900 320 3966 qui
345 3898 482 3951 ferat
504 3902 734 3966 pecudes
756 3918 783 3954 a
809 3904 945 3973 lupis
966 3892 1414 3977 absumptasfaut
1437 3910 1599 3965 boves
1624 3914 1811 3978 prieri-

229 3986 421 4052 pitium
457 4004 672 4057 passos,
708 4002 797 4046 aut
838 3996 1080 4050 morbum
1116 4013 1305 4065 pecora
1345 4000 1491 4054 dices
1528 4001 1804 4061 invasisse.

228 4082 415 4148 Itaque
452 4083 583 4136 mihi
620 4084 803 4139 videor
837 4090 1003 4156 magis
1040 4090 1257 4153 tristari,
1296 4093 1434 4160 quod
1480 4107 1623 4147 nunc
1662 4094 1811 4164 plura

227 4172 558 4240 possideam,
584 4189 739 4243 quam
772 4188 947 4242 antea,
972 4180 1112 4247 quod
1138 4196 1302 4249 pauca
1325 4184 1599 4239 haberem.

302 4260 455 4315 Itane
496 4272 664 4317 autem
702 4266 900 4319 nullum
930 4278 1001 4322 est
1041 4274 1304 4339 proprium
1337 4268 1509 4344 vobis]
1554 4274 1815 4331 Pulcher-

226 4357 363 4410 rima
391 4358 501 4412 hzee
522 4367 645 4416 sunt
673 4362 739 4415 ad
766 4362 924 4418 ﬁnem
948 4380 1131 4435 usque,
1169 4378 1222 4421 et
1246 4383 1457 4439 semper
1479 4373 1532 4427 in
1556 4374 1813 4428 memoria

227 4449 486 4502 tenenda.
892 4458 897 4462 '

302 4537 512 4608 Merito]
555 4541 654 4611 Per
683 4545 952 4597 meritum.

306 4625 465 4678 Haud
492 4631 761 4701 immerito]
788 4633 996 4701 Merito,
1017 4636 1156 4703 jure.

304 4718 457 4788 Tum]
493 4721 657 4777 Tune.

299 4808 430 4861 Cum
465 4828 519 4864 se
554 4814 842 4885 cognoscit]
887 4817 1050 4873 Vetus
1082 4830 1165 4873 est
1202 4821 1325 4877 illttd
1361 4830 1505 4896 γνῶθι
1548 4830 1764 4883 σεαυτὸν
1797 4847 1809 4881 :

224 4900 505 4969 Cognosce
540 4905 785 4973 teipsum.
836 4897 997 4963 Divus
1030 4915 1344 4971 Ambrosius
1379 4918 1430 4970 in
1464 4918 1648 4973 ultimo
1676 4920 1812 4975 libro

224 4990 599 5046 Hexaemeron
642 4996 836 5050 .Nunc
891 5002 1137 5067 quoniam
1188 5013 1245 5058 et
1283 5006 1597 5073 elephantos
1662 5011 1812 5066 vides

226 5080 322 5134 tibi
347 5084 610 5149 subditos,
632 5097 683 5140 et
708 5088 889 5143 leones
912 5108 1031 5147 esse
1057 5095 1349 5163 subjectos,
1373 5113 1534 5154 nosce
1559 5102 1807 5171 teip~um,

222 5194 259 5228 ο
292 5174 475 5229 homo.
507 5177 655 5242 Quod
687 5180 777 5248 (ut
798 5182 1003 5249 ferunt)
1026 5188 1287 5251 Apollinis
1310 5189 1508 5261 Pythii,
1538 5194 1628 5247 sed
1653 5194 1807 5250 Salo-

224 5266 409 5318 monis
432 5268 602 5321 sancti
638 5278 748 5335 est,
773 5273 861 5340 qui
887 5276 961 5326 ait
996 5291 1010 5326 :
1045 5275 1151 5329 Nisi
1188 5262 1409 5334 scias'te
1436 5280 1720 5337 formosam
1757 5286 1810 5339 in

221 5355 898 5428 mulieribus;qnanquam
934 5366 1100 5420 multo
1142 5379 1294 5423 antea
1326 5371 1498 5427 Moses
1535 5375 1585 5427 in
1618 5375 1811 5429 Dente-

221 5447 478 5501 ronomio
504 5450 806 5519 scripserit,
852 5454 1080 5510 Attende
1103 5459 1191 5511 tibi
1218 5501 1232 5521 ,
1266 5478 1297 5513 ο
1343 5464 1521 5519 homo.
1580 5469 1811 5523 Attende

224 5535 350 5600 tibi,
380 5540 457 5593 ait
480 5540 583 5595 lex.
613 5544 675 5596 Et
698 5545 952 5612 propheta
981 5549 1049 5600 ait
1076 5566 1090 5601 :
1116 5550 1220 5603 Nisi
1252 5554 1386 5605 scias
1413 5563 1482 5606 te.

302 5627 422 5700 Ego
450 5648 562 5684 vero
588 5648 712 5702 nego
744 5635 892 5705 illud,
934 5636 1305 5708 Syllogisntttm
1340 5643 1487 5696 alTert
1539 5647 1602 5698 ad
1630 5660 1811 5702 osten-

225 5721 464 5779 dendum
501 5722 712 5779 divitias
750 5742 852 5780 non
895 5742 1015 5783 esse
1055 5730 1236 5784 bonas.
1285 5734 1375 5787 Est
1412 5747 1589 5791 autem
1627 5740 1807 5803 hujus-

2034 3315 2234 3363 Assueti
2260 3315 2403 3375 longo
2427 3328 2588 3364 muros
2610 3313 2880 3364 defendere
2905 3322 3067 3366 conto.

1912 3400 2189 3467 Accip'tur
2216 3409 2269 3453 et
2296 3415 2389 3467 pro
2414 3402 2609 3468 pertica
2636 3400 2836 3454 ferrum
2865 3401 2918 3454 in
2942 3403 3113 3469 capite
3135 3402 3369 3467 habenti,
3393 3420 3494 3470 qua

1913 3505 2088 3544 naua:
2112 3500 2331 3545 utuntur
2353 3491 2418 3544 ad
2445 3492 2557 3545 loca
2582 3492 2803 3545 navibus
2823 3501 3123 3561 opportuna
3144 3495 3491 3561 exploranda.

1915 3581 2055 3635 Idem
2084 3600 2098 3633 :

2037 3692 2147 3754 Ipse
2174 3701 2329 3741 ratem
2354 3704 2496 3741 conto
2519 3696 2698 3744 subito.

1989 3793 2327 3865 Pertimescis]
2352 3794 2517 3849 Valde
2532 3798 2706 3851 times.
2726 3798 3132 3852 Proverbtaliter
3155 3800 3308 3861 δειλὸς
3325 3804 3457 3856 πλοῦ
3472 3834 3487 3844 -

1913 3904 1995 3943 τος
2026 3882 2249 3946 dicitur,
2288 3884 2387 3937 hoc
2423 3893 2505 3938 est
2550 3886 2746 3939 timida:
2795 3887 3011 3941 divitia}.
3063 3889 3192 3943 Nam
3247 3893 3297 3944 in
3348 3896 3493 3947 omni

1914 3973 2127 4041 negotio
2150 3972 2549 4027 formidolosior
2569 3985 2647 4029 est
2674 3976 2822 4031 dives
2848 3993 3003 4046 quant
3034 3994 3252 4047 pauper.
3278 3982 3495 4037 Cautius

1912 4062 2079 4115 munit
2105 4064 2246 4118 mdes
2270 4063 2444 4118 furum
2471 4076 2636 4119 metu.
2690 4067 2872 4122 Metuit
2902 4080 3245 4139 tempestates
3280 4087 3495 4143 propter

1914 4155 2205 4223 frumenta,
2230 4172 2351 4225 quae
2388 4156 2548 4212 habet
2572 4160 2622 4212 in
2651 4161 2791 4229 agris
2818 4179 2831 4226 ;
2864 4175 3078 4230 propter
3106 4180 3330 4232 merces,
3364 4183 3497 4236 quas

1917 4246 2080 4302 habet
2119 4248 2170 4302 in
2215 4250 2367 4303 mari.
2409 4252 2595 4305 Metuit
2633 4253 2831 4307 amicos
2857 4295 2871 4317 ,
2915 4270 2981 4309 ne
3020 4256 3143 4325 quid
3188 4260 3498 4327 rogantibus

1914 4338 2118 4393 donare
2160 4348 2401 4408 cogatur.
2445 4340 2630 4396 Metuit
2670 4343 2912 4398 inimicos
2937 4384 2951 4410 ,
2988 4360 3053 4399 ne
3085 4347 3209 4409 quid
3246 4362 3493 4404 noceant.

1914 4431 2179 4486 Timidius
2217 4434 2537 4488 convitiatur
2577 4443 2719 4489 metu
2763 4437 2995 4490 muletaa.
3040 4436 3227 4491 Omnia
3269 4441 3498 4495 circum-

1842 4541 1891 4601 D
1918 4523 2151 4589 Spectius
2175 4533 2228 4577 et
2251 4524 2374 4577 facit
2400 4534 2453 4579 et
2478 4526 2604 4579 dicit
2642 4537 2784 4582 metu
2813 4529 3110 4593 calumniae,
3139 4547 3258 4598 qua:
3288 4534 3499 4600 potissi-

1918 4628 2061 4666 mum
2094 4613 2348 4669 divitibus
2385 4617 2516 4669 strui
2555 4617 2691 4673 solet
2722 4636 2735 4671 ε
2769 4620 2960 4688 quippe
2999 4622 3191 4689 quibus
3230 4632 3312 4678 cst
3354 4629 3495 4693 quod

1921 4702 2117 4757 auferri
2149 4706 2337 4773 possit.
2375 4704 2433 4761 Si
2465 4707 2660 4762 bellum
2704 4709 2997 4774 immineat,
3028 4710 3177 4767 dives
3220 4714 3269 4767 in
3312 4716 3497 4783 primis

1920 4794 2292 4851 discruciatnr.
2346 4798 2582 4868 Denique
2626 4815 2723 4855 nec
2764 4803 3144 4870 superstitione
3195 4817 3391 4873 vacat,
3431 4825 3498 4861 tte

1922 4886 2061 4953 quod
2085 4901 2278 4940 numen
2320 4902 2501 4955 parum
2532 4890 2759 4944 amicum
2800 4892 3050 4946 damnum
3075 4895 3343 4949 immittat.
3376 4897 3499 4951 lizre

1924 4975 2263 5029 doctissimus
2310 4977 2393 5030 vir
2424 4978 2677 5035 Erasmus
2719 4982 2770 5035 in
2811 4981 3220 5040 Proverbiorum
3259 4987 3498 5041 Cltiliadt:

1924 5080 2111 5135 prima.

1994 5160 2198 5213 Vacuus
2221 5162 2400 5232 viator]
2427 5162 2594 5217 Totus
2620 5162 2706 5218 hic
2730 5165 2875 5221 locns
2897 5181 2959 5221 ex
2983 5166 3237 5222 Iuvenale
3258 5180 3499 5237 sumptus

1918 5260 2019 5321 est,
2045 5254 2197 5321 cujus
2222 5254 2275 5307 hi
2307 5265 2428 5307 sunt
2458 5271 2645 5308 versus
2671 5274 2684 5309 :

2040 5368 2194 5433 Rauca
2225 5369 2531 5433 licetportes
2558 5374 2744 5428 argenti
2774 5373 2964 5420 vaseula
2992 5374 3119 5433 puri,

2043 5429 2197 5492 Nocte
2221 5432 2314 5477 iter
2341 5432 2613 5489 ingressus,
2636 5433 2845 5489 gladium
2898 5429 3161 5492 ontt'tmqtte
3187 5435 3402 5492 timebis,

2037 5490 2099 5538 Et
2124 5504 2265 5537 mea:
2293 5493 2349 5535 ad
2378 5492 2535 5537 lunam
2563 5492 2832 5551 trepidabis
2855 5490 3101 5540 arundinis
3125 5497 3363 5549 umbram.

2035 5552 2257 5600 (latitabit
2282 5565 2459 5601 vacuus
2484 5566 2643 5599 coram
2671 5553 2855 5599 lazrone
2882 5555 3054 5603 tiatur.

1987 5655 2031 5706 0
2062 5656 2332 5726 prwclara]
2382 5656 2551 5710 ironia
2581 5668 2685 5709 est.
2726 5656 2908 5710 lrridet
2933 5659 3071 5712 enim
3095 5676 3225 5730 opes
3243 5664 3493 5736 caducas,

1914 5754 1965 5799 et
1991 5760 2240 5800 curatum
2278 5749 2473 5802 molem
2507 5762 2685 5802 secum
2715 5747 3004 5818 trahentes,
3031 5750 3185 5818 juxta
3219 5754 3385 5811 illud;
