4010 6372
532 334 635 390 975

737 512 746 521 _
930 448 1244 521 Crescentem
1269 454 1493 514 sequitur
1513 466 1628 503 cura
1652 456 1923 518 pecuniam,

658 511 985 572 Ilajorumque
1012 511 1179 561 fames.

1079 592 1143 647 ΙΝ
1185 593 1469 649 METRUM
1504 595 1564 648 V.

599 687 824 740 Carmen
868 696 942 739 est
977 686 1316 750 mouocolon,
1357 687 1757 755 anapzesticum,
1802 687 2106 755 parthenia-

531 793 671 841 cum,
699 776 1004 838 dimetrum.
1034 778 1421 833 catalectieum.
1471 780 1526 832 lu
1574 780 1739 849 prima
1780 790 1834 834 et
1869 780 2105 836 secunda

531 867 744 936 regione
786 878 1135 936 anapzestum,
1179 870 1366 938 recipit
1408 880 1461 924 et
1504 872 1819 941 spondeum,
1853 874 1903 927 in
1951 875 2102 928 tertia

529 958 700 1011 solum
744 966 1089 1027 anapzcstum,
1133 969 1314 1028 postea
1356 972 1600 1030 superest
1646 964 1868 1031 syllaba.
1920 963 2105 1019 Simile

530 1058 609 1104 est
648 1048 722 1103 illi
759 1066 771 1100 :

777 1140 982 1203 Adytum
1005 1140 1211 1191 Veneris
1234 1139 1369 1203 fuge,
1393 1143 1545 1203 virgo.

531 1223 735 1279 Laudat
781 1237 957 1279 autem
1002 1240 1178 1280 mores
1222 1228 1395 1280 astatis
1445 1228 1631 1295 prima!
1658 1267 1673 1290 ,
1727 1242 1886 1294 quam
1937 1238 2105 1295 poetae

529 1317 598 1370 ob
646 1332 853 1369 morum
904 1319 1266 1385 praestantiam
1309 1327 1365 1371 et
1411 1319 1633 1371 virtutes
1682 1333 1897 1371 auream
1950 1335 2106 1373 voca-

532 1418 763 1473 verunt,
798 1408 954 1477 idque
995 1409 1047 1462 in
1088 1410 1325 1464 avaritize
1350 1410 1650 1463 mortalium
1677 1410 2103 1474 detestationem,

529 1515 644 1569 qum
665 1515 934 1566 nunquam
958 1501 1138 1554 satiari
1166 1509 1358 1567 potest.

600 1591 773 1662 Prior]
816 1593 1013 1656 Prima,
1040 1593 1106 1646 de
1136 1608 1234 1661 qua
1278 1592 1481 1661 legatur
1522 1592 1572 1645 in
1615 1593 1789 1658 primo
1820 1592 2104 1646 Metamor-

530 1686 774 1755 phoseos.
804 1685 950 1739 Maro
977 1685 1027 1737 in
1052 1682 1343 1754 Georgicis,
1367 1695 1419 1736 et
1442 1681 1699 1736 Tibullus.

599 1777 775 1848 /Etas]
805 1777 1234 1832 Subaudiendum
1270 1777 1386 1845 fuit.

600 1869 865 1923 Fidelibus
887 1866 1042 1937 arvis]
1082 1868 1212 1934 Quae
1241 1867 1540 1937 depositum
1580 1881 1761 1920 semen
1792 1863 2018 1918 lideliter
2053 1874 2106 1919 et

530 1980 647 2019 cum
689 1965 871 2020 fenore
914 1964 1165 2019 reddunt.

602 2056 789 2128 Facili]
840 2056 1092 2111 Parabili.

601 2148 751 2219 Sera]
783 2149 1034 2203 Diuturua
1064 2158 1116 2201 et
1149 2147 1201 2201 in
1239 2160 1515 2216 vesperam
1547 2143 1821 2197 durantia.

602 2240 836 2313 Solvere]
876 2242 1163 2310 Frangere.

601 2332 819 2403 Glande]
858 2332 988 2386 Nam
1030 2341 1151 2385 ante
1184 2331 1429 2385 frumenti
1462 2328 1819 2383 inventionem
1849 2326 2103 2379 mortales

533 2423 812 2494 glandibus
854 2422 1240 2487 vescebantur;
1291 2421 1431 2475 unde
1469 2420 1688 2474 Ovidius
1733 2436 1743 2469 :

652 2513 977 2574 Contentique
1001 2514 1123 2561 cibis
1146 2511 1277 2560 nullo
1302 2519 1514 2574 cogente
1534 2510 1731 2574 creatis,

654 2569 1062 2630 Arbuteos'fetns,
1087 2569 1407 2631 montanaque
1434 2572 1566 2630 fraga
1594 2569 1843 2628 legebant.

651 2636 906 2696 (Iornaque
933 2644 983 2682 et
1007 2637 1051 2682 in
1075 2635 1211 2683 duris
1243 2634 1477 2696 haerentia
1504 2644 1633 2696 mora
1659 2632 1867 2696 rubetis,
1948 2648 1953 2652 σ

655 2696 713 2745 Et
734 2692 843 2758 qua;
866 2696 1150 2746 deciderant
1175 2695 1335 2756 patula
1361 2695 1494 2742 Jovis
1516 2694 1691 2740 arbore
1714 2692 1936 2754 glandes.

600 2781 852 2835 Bacchica
880 2778 1111 2849 munera]
1146 2779 1297 2831 Vina.

604 2868 791 2941 Norat]
841 2869 1086 2928 Noverat.
1122 2868 1342 2933 sciebat,
1377 2867 1543 2935 perita
1584 2874 1716 2920 erat.

600 2960 943 3034 Confundere]
991 2962 1230 3015 Miscere.

602 3053 779 3126 Melle]
822 3054 900 3107 Ex
927 3054 1052 3107 vino
1079 3061 1133 3107 et
1158 3053 1317 3107 melle
1343 3050 1625 3105 coniicitur
1652 3050 1881 3120 potionis
1915 3064 2105 3119 genus,

532 3146 671 3217 quod
703 3145 887 3199 Latine
919 3144 1112 3197 dicitur
1142 3142 1395 3213 mulsum,
1423 3140 1604 3195 Grmce
1628 3142 1945 3215 μελίκρατον.

602 3232 820 3303 Lucida]
860 3231 1117 3287 Candida.

603 3321 807 3394 Serum]
853 3323 911 3376 lli
937 3322 1113 3390 populi
1137 3331 1259 3376 sunt
1280 3321 1421 3376 Asia:
1445 3322 1728 3391 Scytbicze,
1752 3322 1817 3376 de
1840 3321 2034 3391 quibus
2059 3322 2110 3376 in

533 3416 806 3484 Georgicis
836 3423 988 3483 poeta
1014 3430 1028 3467 :

658 3508 952 3570 Velleraque
974 3505 1099 3555 foliis
1121 3506 1384 3569 depectant
1407 3507 1573 3554 tenuia
1596 3516 1752 3552 seres.

531 3592 747 3649 Solinus
775 3606 791 3645 :
824 3590 983 3645 Seres
1010 3603 1267 3658 aquarum
1300 3587 1583 3655 aspergine
1605 3584 1876 3640 inundatis
1900 3582 2110 3638 frondi-

531 3685 654 3751 bus,
686 3684 881 3739 vellera
915 3682 1166 3737 arborum
1203 3679 1529 3734 adminiculo
1555 3678 1841 3746 depectant
1866 3676 2107 3746 liquoris,

529 3786 585 3830 et
616 3775 875 3844 lanuginis
918 3780 1155 3827 teneram
1200 3770 1584 3826 sublimitatem
1628 3768 1852 3823 humore
1892 3769 2113 3822 domant

529 3867 594 3922 ad
620 3865 956 3937 obsequium.
986 3864 1094 3918 Hoc
1124 3863 1250 3917 illud
1282 3876 1363 3917 est
1387 3862 1640 3925 sericum,
1670 3860 1724 3913 in
1756 3874 1907 3913 usum
1939 3858 2111 3927 publi-

527 3973 648 4012 eum
687 3956 882 4011 damno
908 3954 1208 4010 severitatis
1253 3953 1545 4008 admissum
1570 3993 1587 4017 ,
1615 3959 1670 4005 et
1706 3965 1813 4020 quo
1838 3957 2111 4003 ostentare

529 4050 703 4120 potius
736 4062 961 4117 corpora
1008 4063 1164 4117 quam
1206 4047 1404 4100 vestire
1429 4086 1442 4107 ,
1474 4043 1649 4112 primo
1690 4042 1899 4098 feminis
1925 4081 1939 4105 ,
1970 4054 2111 4094 nunc

529 4140 686 4197 etiam
710 4140 837 4194 viris
860 4138 1122 4207 persuasit
1143 4136 1365 4193 luxurim
1384 4137 1566 4190 libido.
1592 4136 1750 4190 Seres
1773 4134 1872 4203 ipsi
1895 4133 2108 4200 quidem

531 4233 685 4288 mites
706 4240 758 4286 et
790 4232 927 4285 inter
948 4244 1007 4283 se
1029 4227 1365 4297 quietissimi,
1395 4226 1529 4281 alios
1554 4227 1879 4294 reliquorum
1911 4234 2110 4278 morta-

530 4325 655 4379 lium
684 4333 853 4378 caatus
882 4320 1152 4388 refugiunt
1194 4318 1325 4372 adeo
1356 4359 1370 4378 .
1414 4326 1468 4371 ut
1508 4327 1822 4371 cmterarum
1871 4316 2107 4386 gentium

529 4415 849 4474 commercia
890 4413 1141 4468 abnuant.
1190 4412 1425 4465 Primum
1469 4425 1657 4465 eorum
1702 4409 1918 4462 ﬂuvium
1965 4422 2109 4461 mer-

530 4521 736 4567 catores
757 4510 857 4578 ipsi
880 4514 1177 4571 transeunt,
1202 4506 1254 4558 in
1280 4505 1429 4572 cujus
1454 4504 1580 4570 ripis
1619 4501 1765 4555 nullo
1798 4500 2109 4568 interpretis
2141 4525 2188 4583 Β

530 4600 723 4671 lingua:
769 4598 1131 4663 commercio,
1173 4595 1271 4650 sed
1311 4594 1671 4661 depositarum
1717 4607 1892 4646 rerum
1939 4592 2106 4659 pretia

532 4690 699 4747 oculis
724 4690 1081 4753 mstimantes,
1109 4702 1203 4741 sua
1247 4683 1483 4747 tradunt,
1527 4692 1712 4737 nostra
1755 4697 1857 4735 non
1900 4690 2133 4749 emunt,

531 4783 799 4836 Hactenus
834 4780 943 4833 ille.
969 4778 1265 4847 Singularis
1294 4776 1451 4845 hujus
1475 4774 1725 4828 dictionis
1756 4772 2110 4827 nominativus

533 4882 631 4940 est,
664 4873 784 4929 Ser.
813 4870 1067 4927 Sidonius
1094 4888 1107 4924 :

654 4960 879 5025 Mssa-ius
901 4971 1139 5023 gemmas,
1162 4959 1256 5010 Ser
1280 4956 1489 5019 vellera,
1516 4957 1656 5007 thura
1679 4956 1896 5006 Sabaeus.

535 5047 799 5106 Ausonius
827 5064 840 5100 :

652 5139 757 5188 Jam
786 5138 959 5201 pelago
983 5135 1149 5184 volitat
1171 5139 1406 5182 mercator
1431 5131 1682 5182 vestiﬂuus
1702 5128 1815 5177 Ser.

534 5223 869 5285 Vermiculns
892 5230 945 5275 et
976 5220 1089 5289 ipse
1129 5219 1210 5285 (ut
1235 5224 1422 5269 auctor
1447 5224 1529 5269 est
1556 5212 1866 5279 Pausanias)
1907 5224 1997 5264 ser
2022 5222 2115 5278 ap-

534 5314 781 5384 pellatur.

603 5403 760 5475 Tyrio
782 5402 995 5474 veneno]
1034 5402 1294 5469 Purpura,
1336 5413 1608 5468 purpureo
1648 5396 1872 5465 liquore.
1918 5392 2115 5462 Tyrus,

538 5498 666 5553 urbs
694 5506 775 5552 est
803 5494 1213 5559 thnicire,'ubi
1237 5493 1433 5559 Optima
1457 5500 1539 5545 est
1569 5487 2117 5557 purpuraWenenum

540 5603 635 5657 pro
672 5589 851 5642 colore
884 5589 1115 5655 ponitur,
1149 5600 1213 5638 en
1250 5582 1393 5653 quod
1429 5591 1631 5635 vestem
1655 5580 1722 5632 ita
1752 5584 2034 5647 percurrat
2062 5584 2121 5630 ut

541 5692 803 5731 venenum
845 5690 1059 5743 cmpus.
1104 5674 1233 5727 Nam
1278 5672 1449 5731 Latini
1497 5671 1551 5723 id
1596 5684 1858 5724 venenum
1903 5674 2116 5731 vocant,

544 5768 682 5834 quod
705 5769 871 5822 Grmci
897 5772 1173 5837 φάρμακον.
1202 5766 1453 5832 Virgilius
1485 5780 1498 5820 :

685 5927 714 5937 η

1166 337 1500 392 ΑΡΡΕΝΟΙΧ
1546 341 1634 393 AD
1677 339 1915 398 LIBROS
1958 343 2043 396 DE
2083 341 2112 398 C

2240 341 2609 398 SOLATIONE
2652 340 3143 397 PIIILOSOPHUE.

2136 462 2186 520 A

3697 341 3799 395 976

2336 456 2456 505 Alba
2482 469 2575 506 nec
2599 458 2793 519 Assyrio
2818 455 3007 505 fucatur
3028 455 3136 504 lana
3151 466 3371 505 veneno.
3728 496 3733 499 _

2286 540 2502 595 Somnos
2544 539 2810 608 salubres]
2867 538 3102 593 Salutem
3143 546 3550 593 conservantes.
3596 538 3804 592 Alludit

2212 642 2386 687 autem
2411 635 2477 687 ad
2499 633 2845 687 medicinales
2880 631 3095 687 herbas.
3125 629 3309 686 Potest
3330 640 3386 686 et
3410 630 3651 685 salubris
3672 630 3798 699 legi.

2213 724 2359 779 Maro
2384 742 2397 777 :
2732 742 2735 746 ·

2762 816 3033 876 Mollesque
3056 815 3148 865 sub
3170 813 3346 863 arbore
3366 816 3543 862 somni.

2284 898 2547 967 Lubricus]
2576 898 2791 963 Fluens,
2823 899 3051 953 mobilis.

2281 988 2419 1060 Alta]
2450 989 2741 1043 Profunda.
2769 989 3009 1043 Tibullus
3042 1007 3053 1040 :

2332 1080 2554 1129 Nondum
2579 1080 2816 1128 caeruleas
2839 1082 2981 1141 pinus
3004 1086 3365 1139 contempserat
3391 1078 3573 1138 undas,

2394 1142 2607 1189 Ell'usnm
2627 1142 2788 1190 ventis
2814 1143 3196 1201 praebueratque
3220 1143 3407 1189 sinum:

2332 1202 2434 1251 Nec
2458 1216 2609 1263 vagus
2626 1206 2811 1263 ignotis
2831 1209 3071 1260 repetens
3090 1202 3372 1262 compendia
3399 1210 3575 1261 terris,

2395 1264 2647 1312 Presserat
2672 1272 2880 1312 externa
2906 1265 3067 1311 navita
3090 1275 3255 1311 merce
3278 1270 3455 1311 ratem.

2283 1344 2541 1413 Undique|
2564 1345 2721 1399 Omni
2752 1361 2819 1399 ex
2850 1354 3018 1413 parte.

2284 1435 2472 1506 Leuis]
2495 1435 2767 1490 Collectis.

2284 1526 2431 1579 Nova
2470 1527 2644 1579 littora
2672 1526 2863 1579 viderat
2892 1522 3093 1595 hospes]
3133 1524 3288 1579 Ovid.
3333 1543 3347 1578 :

2331 1615 2571 1677 Nullaque
2598 1614 2823 1664 mortales
2846 1623 3027 1677 przeter
3048 1629 3136 1665 sua
3158 1616 3319 1665 littora
3343 1621 3535 1664 norant.

2282 1696 2447 1767 Tunc]
2479 1699 2532 1751 ln
2563 1713 2723 1751 aurea
2745 1706 2922 1751 aatate.

2280 1786 2507 1839 Classica
2527 1785 2680 1855 scena]
2702 1784 2865 1840 Tubzn
2881 1786 3080 1866 quibus
3101 1787 3227 1840 saevi
3251 1786 3447 1841 milites
3470 1787 3519 1839 in
3543 1772 3801 1855 przelium

2209 1875 2532 1929 excitantur.

2284 1963 2557 2034 Tacebant]
2617 1963 2731 2017 Non
2782 1962 3125 2016 resonabant.
3182 1961 3511 2028 Classicum,
3572 1972 3806 2018 auctora

2208 2053 2410 2115 Servio,
2444 2063 2549 2106 tam
2581 2054 2759 2107 tubam
2791 2052 2959 2126 ipsam
2982 2092 2995 2114 ,
3029 2067 3184 2120 quam
3218 2054 3333 2119 ejus
3361 2054 3594 2108 'sonitum
3621 2053 3805 2123 signi-

2206 2141 2348 2195 licat.
2381 2142 2524 2195 Maro
2562 2159 2573 2194 :

2330 2230 2434 2279 Nec
2457 2230 2568 2277 dum
2594 2230 2741 2278 etiam
2765 2231 3021 2278 audierant
3048 2231 3203 2278 inllari
3228 2230 3442 2286 classicn,
3472 2245 3567 2280 nec
3589 2232 3725 2281 dum

2332 2290 2591 2351 Impositus
2608 2291 2743 2338 duris
2765 2294 3005 2354 crepitare
3033 2293 3290 2340 incudibus
3313 2305 3475 2340 enses.

2280 2370 2535 2441 Horrida]
2550 2368 2851 2440 Terribilia,
2870 2374 3146 2427 horrorem
3166 2374 3492 2428 incutientia.
3508 2375 3809 2429 Tibullus:

2331 2466 2436 2514 Non
2462 2468 2612 2526 acies,
2639 2479 2734 2514 non
2760 2469 2826 2513 ira
2851 2464 2957 2524 fuit,
2982 2476 3074 2514 nun
3102 2465 3249 2521 bella,
3277 2480 3367 2515 nec
3392 2474 3555 2523 ensvs,

2396 2527 2573 2575 immiti
2597 2535 2754 2576 saevus
2776 2528 2985 2576 duxerat
3007 2534 3114 2575 arte
3136 2528 3292 2576 faber.

2283 2607 2419 2673 Quid
2447 2607 2603 2677 enim]
2632 2608 2760 2674 Cur,
2796 2617 3010 2676 propter
3047 2608 3195 2676 quid.

2284 2698 2517 2770 Utinam]
2548 2700 2706 2768 Optat
2747 2700 2991 2769 antiquos
3034 2712 3247 2763 mores,
3274 2709 3329 2753 et.
3366 2699 3594 2768 priscam
3645 2700 3811 2756 illam

2212 2791 2523 2845 mortalibus
2544 2792 2668 2859 'vitze
2699 2790 3057 2859 integritatem
3087 2790 3256 2845 reddi.
3576 2782 3583 2787 ’

2281 2880 2469 2953 ιΕιηα]
2496 2882 2687 2937 Montis
2726 2883 2921 2936 Siciliae
2956 2893 3213 2951 perpetuo
3235 2881 3467 2935 ardentis
3503 2882 3813 2949 incendio,

2212 2971 2280 3027 de
2307 2987 2415 3037 quo
2442 2972 2695 3041 Virgilius
2724 2987 2759 3026 ιι
2789 2989 2803 3037 ;
2836 2972 3157 3026 Claudianus
3184 2972 3367 3025 multa.

2285 3063 2440 3116 Amor
2469 3055 2706 3133 habendi]
2744 3064 2999 3117 Avaritia.
3028 3062 3245 3117 Ovidius
3277 3080 3288 3114 :

2826 3154 2888 3203 Et
2911 3167 3045 3203 amor
3068 3153 3343 3204 sceleratus
3366 3153 3604 3202 habendi.

2288 3236 2407 3291 Heu
2431 3236 2624 3306 primus
2648 3236 2759 3306 quis
2791 3231 2888 3304 [υἱέ
2917 3234 3025 3305 ille]
3057 3235 3371 3289 Exsecratur
3397 3236 3511 3288 auri
3546 3235 3817 3291 invento-

2213 3342 2348 3391 rem,
2376 3328 2515 3382 sicut
2545 3326 2791 3380 Tibullus
2813 3339 3081 3379 armorum
3109 3341 3122 3377 :

2337 3421 2455 3479 Quis
2480 3419 2571 3469 fuit
2592 3418 2863 3468 horrendos
2890 3420 3068 3479 primus
3090 3421 3171 3480 qui
3197 3418 3395 3480 protulit
3416 3430 3573 3467 enses
3592 3418 3617 3467 ‘2

2398 3483 2552 3541 Quam
2574 3481 2730 3538 ferus,
2755 3490 2807 3529 et
2830 3494 2949 3529 vere
2973 3479 3169 3529 ferreus
3192 3479 3275 3528 ille
3301 3479 3406 3528 fuit.

2283 3566 2409 3619 Auri
2430 3563 2568 3635 tecti]
2590 3564 2647 3619 In
2673 3574 2826 3619 terr-.e
2850 3564 3091 3619 cavernis
3111 3564 3495 3630 delitescentis,
3517 3562 3671 3631 quod
3701 3577 3816 3615 non

2214 3658 2316 3712 nisi
2344 3657 2590 3711 maximis
2626 3656 2897 3712 laboribus
2932 3655 3154 3710 eruitur.
3182 3655 3255 3708 De
3298 3655 3452 3720 cujus
3488 3653 3821 3706 inventione

2213 3751 2257 3803 si
2290 3749 2496 3818 placet,
2523 3746 2647 3801 vide
2677 3747 3003 3801 Lucretium.
3036 3746 3255 3800 Ovidius
3286 3760 3300 3797 :

2332 3840 2560 3889 Eruimus
2583 3845 2714 3886 terra
2738 3836 2942 3885 solidum
2968 3849 3053 3897 pro
3078 3835 3300 3897 frugibus
3326 3845 3513 3883 aurum.

2399 3900 2618 3948 Possidet
2644 3901 2868 3948 inventas
2888 3895 3127 3958 sanguine
3153 3895 3296 3947 miles
3318 3906 3458 3957 opes.

2286 3981 2503 4035 Plautus
2532 3996 2546 4033 :

2338 4072 2429 4119 Odi
2455 4084 2550 4132 ego
2572 4083 2739 4120 aurum
2762 4084 2774 4120 :
2798 4070 2948 4120 multa
2971 4068 3136 4119 multis
3156 4070 3291 4131 sm‘pe
3313 4069 3467 4118 suasit
3489 4079 3792 4130 perperam.

2286 4153 2526 4210 Tibullus
2560 4171 2574 4209 :

2401 4244 2543 4307 Saepe
2568 4240 2729 4294 soleat
2752 4255 2868 4293 auro
2891 4237 3040 4294 multa
3064 4242 3272 4292 subesse
3295 4239 3441 4290 mala.

2287 4328 2598 4397 Propertius
2626 4345 2637 4380 :

2339 4444 2523 4492 Aurum
2548 4453 2737 4501 omnes,
2766 4441 2889 4489 victa
2912 4440 3007 4499 jam
3030 4441 3236 4500 pietate,
3264 4436 3454 4495 colunt,

2336 4506 2469 4553 Auro
2495 4502 2628 4563 pulsa
2658 4504 2795 4561 l'rdes,
2822 4514 2942 4549 auro
2967 4501 3155 4549 venalia
3178 4502 3303 4563 jura.

2398 4557 2581 4613 Aurum
2608 4564 2691 4612 lex
2713 4557 2957 4625 sequitur,
2983 4574 3097 4610 mox
3122 4557 3229 4609 sine
3256 4560 3371 4619 lege
3396 4557 3571 4620 pudor.

2216 4667 2552 4735 Phocylides,
2585 4666 2877 4733 interprete
2902 4664 3041 4717 Aldo
3064 4663 3297 4717 Manutio
3322 4677 3337 4709 :
3366 4659 3609 4714 Avaritia
3636 4670 3821 4711 mater

2217 4759 2434 4812 malitia:
2464 4759 2749 4811 universae.
2806 4758 3008 4809 Aurum
3057 4768 3269 4822 semper
3305 4751 3458 4805 dolus
3489 4760 3574 4804 est
3619 4761 3673 4803 et
3721 4766 3822 4803 ar-

2216 4857 2429 4916 gentum
2480 4846 2788 4901 hominibus
2836 4844 2925 4897 :0
2972 4858 3163 4897 aurum
3210 4841 3471 4894 malorum
3516 4839 3818 4907 princeps,

2218 4939 2519 5007 vitiperda,
2568 4937 2745 4990 omnia
2798 4935 3060 4987 minuens.
3099 4932 3306 4987 Utinam
3346 4945 3451 4983 non
3484 4928 3825 4982 mortalibus

2219 5043 2365 5083 esses
2415 5036 2793 5080 nocumentum
2839 5022 3085 5077 amabile.
3144 5020 3253 5074 Tua
3295 5019 3440 5074 enim
3492 5032 3653 5071 causa
3719 5034 3826 5085 pn-

2226 5130 2470 5185 gnaeque,
2494 5114 2817 5183 praedaeque,
2850 5112 3151 5179 caedesque.
3183 5108 3381 5162 Inimici
3412 5120 3545 5160 vero
3576 5104 3670 5158 filii
3724 5122 3830 5173 pa-

2229 5205 2489 5271 rentibus,
2507 5205 2802 5273 fratresque
2842 5200 3144 5256 Germanis.
3171 5198 3429 5252 Diodorus
3445 5195 3825 5251 Siculuslibro

2231 5307 2386 5352 sexto
2416 5297 2481 5351 de
2525 5296 2709 5349 insulis
2731 5292 3040 5349 Balearibus
3066 5292 3179 5346 haec
3209 5290 3482 5344 memoria:
3520 5285 3773 5355 prodidit
3812 5305 3824 5337 :

2204 5394 2407 5447 ‘Aureo
2446 5406 2662 5444 nummo
2687 5398 2778 5443 aut
2806 5395 3023 5457 argento
3050 5400 3155 5439 non
3180 5390 3402 5437 utuntur
3430 5420 3447 5447 ,
3481 5395 3600 5447 qua:
3626 5378 3826 5432 τίσεττί

2226 5482 2292 5536 ad
2336 5481 2561 5535 insulam
2602 5479 2885 5547 prohibent
2915 5490 3128 5530 causam
3164 5472 3470 5527 afferentes.
3498 5469 3829 5537 Geryonem

2226 5572 2512 5643 Chrysauri
2549 5570 2713 5623 lilium
2750 5582 2879 5621 auro
2905 5575 3062 5633 atque
3092 5570 3312 5632 argento
3339 5559 3828 5628 opulentissimum

2227 5667 2491 5733 quondam
2526 5663 2589 5718 ad
2634 5661 2861 5716 Hercule
2901 5658 3040 5713 bello
3062 5662 3453 5723 expugnatum.
3489 5649 3835 5702 Existimant

2224 5756 2366 5808 enim
2393 5768 2455 5808 eo
2478 5762 2653 5822 pacto,
2678 5768 2796 5805 cum
2825 5763 2952 5803 auro
2978 5756 3134 5816 atque
3157 5750 3380 5812 argento
3410 5748 3653 5799 careant,
3692 5752 3833 5791 sese
