4010 6372
213 346 318 408 977

1381 346 1757 403 ιιυιιιιειωι
1798 345 2310 402 COMMENTARIA.

3376 340 3485 396 ῦῖὸ

214 460 373 517 facile
394 472 580 514 omnes
603 460 727 514 vitm
750 457 970 513 insidias
991 472 1267 523 evasuros,
1298 468 1354 512 ut
1375 460 1593 515 Solinus
1613 468 1802 513 auctor
1828 466 1876 523 Α
1906 462 2110 517 nullum
2136 472 2252 528 est,
2284 464 2462 517 omnia
2493 463 2707 517 virtutis
2737 457 2951 532 prmmia
2980 453 3199 512 ambitio
3224 449 3483 522 posside’.

216 560 321 617 est,
350 564 382 603 a
410 550 561 603 Susis
590 548 818 602 Barbitm
843 549 1095 617 oppidum
1126 560 1337 604 centum
1380 551 1607 619 trigenta
1638 550 1794 618 quin-

219 655 325 707 que
358 640 590 693 millibus
611 654 860 708 passuum
886 640 1066 706 distat,
1093 640 1145 693 in
1169 655 1274 709 quo
1291 642 1539 693 mortales
1563 639 1797 693 universi

218 729 342 784 odio
364 730 479 783 auri
509 739 761 783 coemunt
784 730 882 784 hoc
913 745 1079 800 genus
1112 730 1341 792 metalli,
1376 741 1429 784 et
1450 730 1704 798 abjiciunt
1735 731 1788 783 in

217 828 478 872 terrarum
511 817 787 886 profunda.
826 818 901 872 Ne
934 821 1115 887 polluti
1146 834 1243 873 usu
1271 819 1387 887 ejus
1417 820 1641 872 avaritia
1671 834 1795 874 cor—

218 918 472 978 rumpant
497 909 823 976 aequitatem.
856 908 1015 964 Silius
1043 910 1255 963 Italicus
1280 910 1415 962 libro
1442 909 1613 977 primo
1639 927 1651 959 :

338 1000 437 1047 Sed
462 998 706 1047 scelerum
730 1012 898 1048 causas
920 1002 1081 1060 cperit
1109 1000 1261 1055 Deus,
1290 1000 1438 1047 Astur
1464 1010 1638 1047 avarus

338 1060 618 1121 Ytsceribus
640 1060 1027 1121 Iacermﬂtelluris
1049 1064 1291 1121 mergitur
1318 1062 1445 1119 imis,

337 1119 398 1169 Et
419 1123 545 1171 redit
571 1122 737 1170 infelix
766 1120 943 1171 effosso
968 1119 1195 1170 concolor
1222 1133 1362 1168 auro.

212 1202 418 1257 Plinius
434 1203 570 1257 libro
590 1204 856 1258 Naturalis
880 1203 1124 1257 Historia:
1151 1218 1352 1266 χχχιιι,
1381 1203 1555 1271 capite
1576 1202 1747 1270 primo
1780 1221 1792 1256 :

218 1298 544 1367 Utinamque
569 1309 749 1367 posset
769 1314 799 1352 e
825 1298 930 1351 vita
956 1298 1008 1350 in
1037 1306 1204 1351 totum
1224 1296 1678 1362 abdicariaurum,
1706 1312 1793 1350 sa-

214 1403 307 1443 cra
339 1388 528 1453 fames,
560 1398 616 1442 ut
644 1388 980 1443 celeberrimi
1010 1397 1253 1441 auctores
1286 1386 1501 1451 dixere,
1550 1386 1787 1453 proscis-

214 1493 334 1531 sum
372 1476 637 1531 conviciis
688 1478 754 1531 ab
788 1475 1003 1544 optimis
1030 1475 1356 1544 quibusque.
1399 1483 1453 1528 et
1502 1474 1567 1527 ad
1618 1474 1795 1543 perni-

213 1569 352 1624 ciem
382 1568 505 1622 vita:
535 1576 829 1637 repertum.

292 1660 471 1714 Latere
499 1658 739 1731 volentes]
788 1659 844 1713 ln
878 1667 1035 1714 teme
1077 1660 1325 1714 cavernis
1370 1658 1671 1713 reconditas
1694 1700 1707 1722 ,
1742 1660 1793 1711 in

134 1770 139 1773 δ
212 1753 367 1820 cujus
400 1754 559 1821 (teSte
588 1749 785 1821 Plinio)
807 1750 1016 1805 viscera
1042 1750 1209 1816 imus,
1245 1749 1373 1804 etin
1396 1748 1526 1804 sede
1556 1748 1791 1803 manium

212 1858 344 1910 opes
397 1844 700 1911 quaerimus.
756 1842 996 1896 Pretiosa
1051 1841 1319 1910 pericula,
1366 1855 1459 1910 per
1505 1840 1794 1909 appositio-

212 1946 335 1985 nem
364 1949 377 1984 :
400 1930 766 1998 superioribus
789 1929 889 1984 hoc
911 1929 1086 1994 addit,
1112 1929 1163 1983 id
1181 1939 1285 1993 est,
1316 1943 1403 1983 res
1430 1929 1642 1997 quidem
1672 1944 1793 1997 pre-

211 2025 408 2088 tirisas,
436 2023 531 2077 sed
557 2022 907 2091 periculorum
928 2036 1147 2086 causas,
1193 2023 1261 2074 ob
1287 2035 1419 2089 quas
1442 2021 1651 2089 plurimi
1673 2022 1791 2089 qui-

213 2112 332 2167 dem
365 2112 618 2165 mortales
656 2125 800 2177 saepe
831 2111 1215 2178 periclitantur.
1246 2110 1463 2163 Ovidius
1498 2127 1510 2161 :

459 2226 559 2274 Sed
585 2227 702 2273 itum
730 2232 805 2273 est
831 2227 1090 2273 inviscera
1119 2233 1283 2283 terrae,

305 2287 533 2347 Quasque
554 2286 782 2334 recondid
822 2296 912 2343 rat,
941 2287 1222 2346 Stygiisque
1247 2287 1523 2334 admoverat
1548 2286 1729 2334 umbris
1748 2323 1759 2343 ,

304 2347 605 2396 “fodiuntur
627 2359 753 2407 opes»
776 2347 1074 2395 irritamenta
1102 2348 1354 2394 malorum.

214 2449 421 2505 Plinius
451 2449 545 2503 lib.
570 2464 628 2517 tt,
653 2462 771 2517 cap.
804 2448 873 2503 65
904 2466 915 2500 :
955 2448 1301 2503 Penetramus
1331 2449 1382 2503 in
1410 2448 1646 2514 viscera,
1678 2448 1795 2502 auri

214 2542 532 2611 argentique
554 2554 735 2605 venas,
755 2550 809 2594 et
825 2542 947 2594 teris
961 2555 1021 2594 ac
1039 2540 1237 2608 plumbi
1262 2538 1475 2593 metalla
1502 2538 1762 2592 fodientes
1784 2552 1796 2586 :

216 2646 459 2699 gemmas
484 2631 679 2698 etiam,
710 2640 765 2685 et
804 2630 1061 2700 quosdam
1099 2628 1349 2699 parvulos
1390 2628 1678 2697 quaerimus
1723 2627 1799 2679 la-

214 2723 367 2789 pides
389 2762 406 2788 ,
443 2722 717 2775 scrobibus
745 2722 796 2775 in
843 2722 1163 2790 profundum
1210 2721 1371 2787 actis,
1404 2722 1607 2775 viscera
1640 2729 1797 2773 terrm

210 2812 569 2874 extrahimus,
594 2822 651 2865 ut
671 2811 838 2881 digito
858 2821 1095 2882 gestetur
1111 2826 1341 2881 gemma,
1366 2826 1523 2880 quam
1548 2810 1795 2878 petimus.

208 2900 357 2967 Quot
384 2915 575 2953 manus
599 2909 915 2966 atteruntur,
944 2909 1001 2953 ut
1022 2915 1158 2954 unus
1180 2900 1346 2954 niteat
1376 2898 1652 2952 articulus!

289 2990 359 3045 Ut
388 2990 645 3045 hactenus
676 2990 857 3045 docuit
888 2991 1100 3045 divitias
1129 3005 1235 3044 non
1264 3003 1383 3044 esse
1412 2990 1610 3042 homini
1637 3003 1799 3055 expe-

209 3080 445 3147 tendas,
497 3082 568 3135 ita
598 3098 737 3136 nunc
777 3083 1152 3152 pulcherrimis
1198 3081 1594 3147 verissimisque
1638 3095 1798 3148 argu-

1981 555 2110 621 Quw
2134 569 2252 608 vero
2283 564 2355 608 est
2384 555 2479 608 ista
2517 553 2700 623 vestra]
2730 551 2920 609 lrridet
2956 549 3256 604 mortalium
3297 551 3481 613 potet;-

1905 645 2053 707 tiam,
2088 652 2147 697 ut
2176 642 2378 697 irritam
2405 653 2458 696 et
2488 643 2823 697 imbecillem.

1972 733 2119 787 Inter
2131 731 2319 804 mures]
2343 732 2593 787 Alludere
2610 732 2816 787 videtur
2833 730 2898 785 ad
2913 728 3251 784 Homericum
3271 739 3479 797 poema,

1902 824 1986 879 cui
2020 825 2205 879 titulus
2237 823 2858 893 Batrachoniyomaehia,
2887 834 2991 890 quo
3010 818 3263 875 describit
3284 817 3376 871 ille
3398 831 3481 870 ra-

1902 930 2089 969 narum
2126 924 2182 970 et
2226 913 2456 968 murium
2480 928 2735 983 pugnam,
2758 923 2815 969 et
2838 912 3025 967 horum
3047 924 3224 979 regem
3252 906 3480 963 Troxar-

1906 1015 2013 1060 tem
2038 1008 2183 1061 facit.

1978 1097 2203 1169 Quanto]
2238 1098 2488 1154 Maximo.

1972 1186 2286 1242 [inbecillius
2342 1186 2569 1259 homine]
2622 1185 3035 1242 Proverbialiter
3084 1185 3275 1239 dicitur
3324 1182 3481 1235 homo

1904 1278 2100 1345 fictilis,
2129 1279 2180 1334 id
2211 1289 2294 1334 est
2330 1282 2531 1347 mollis,
2563 1279 2867 1341 imbecillis,
2898 1278 3120 1348 fragilis.
3151 1277 3375 1329 Ductum
3402 1283 3482 1328 est

1900 1382 1927 1419 a
1946 1370 2083 1424 vasis
2102 1371 2372 1435 testaceis,
2391 1387 2509 1441 quae
2523 1370 2684 1424 facile
2704 1368 3162 1424 comminuuntur.
3185 1367 3480 1421 Homerus:

2022 1459 2098 1508 Nil
2124 1461 2320 1511 homine
2347 1464 2533 1511 enutrit
2555 1460 2707 1511 tellus
2728 1459 2961 1509 infirmius
2983 1457 3125 1508 alma.

1972 1540 2195 1596 Homine
2207 1542 2355 1614 quos]
2370 1543 2611 1597 Notanda
2626 1542 2741 1597 haec
2756 1542 2983 1605 locutio;
3001 1538 3308 1594 discordant
3332 1536 3477 1592 enim

1901 1647 2123 1687 numero
2159 1636 2479 1691 antecedens
2508 1645 2561 1690 et
2589 1636 2891 1690 relativum.
2922 1633 3014 1689 Sic
3043 1648 3205 1701 supra
3236 1633 3290 1686 in
3322 1644 3480 1699 prosa
3535 1679 3546 1701 ε

1903 1721 2060 1791 hujus
2087 1722 2207 1777 libri
2230 1724 2415 1792 quinta
2450 1725 2567 1778 :An
2600 1725 2681 1778 vis
2705 1730 2972 1791 congesta:
2995 1722 3234 1789 pecunia:
3256 1761 3271 1785 ,
3300 1720 3479 1788 singu-
3524 1704 3557 1748 ’³⁸

1822 1819 1868 1878 Β
1899 1813 2083 1867 lariter
2133 1814 2371 1880 pratulit.
2418 1814 2620 1867 Deinde
2658 1812 2931 1881 subjunxit
2967 1810 3281 1880 pluraliter:
3315 1808 3480 1877 Atqui

1902 1901 1985 1957 ha:
2016 1904 2209 1957 nitent.
2235 1902 2324 1958 Sic
2350 1915 2404 1958 et
2432 1902 2692 1969 Catullus,
2722 1914 2781 1956 ut
2805 1902 2940 1956 alios
2967 1915 3109 1955 nunc
3137 1899 3324 1955 sileam
3351 1913 3367 1951 :

2024 2018 2148 2080 Tum
2167 2019 2262 2077 jam
2286 2019 2417 2067 nulla
2444 2021 2546 2068 viro
2566 2020 2748 2080 juranti
2774 2018 2951 2080 femina
2976 2018 3166 2080 credat,

2024 2079 2165 2127 Nulla
2190 2081 2280 2128 viri
2304 2088 2477 2128 soeret
2496 2078 2753 2128 sermones
2777 2093 2888 2128 esse
2912 2078 3083 2128 fideles

2025 2141 2138 2202 Qui,
2161 2141 2272 2188 dum
2296 2138 2478 2201 aliquid
2503 2143 2707 2202 cupiens
2731 2142 2919 2188 animus
2942 2140 3196 2200 praegestit
3218 2138 3388 2201 apisci,

2023 2200 2100 2249 Nil
2126 2208 2351 2251 metuunt
2368 2200 2698 2262 j’urarefnihil
2723 2202 3008 2263 promittere
3033 2210 3254 2261 parcunt.

1976 2323 2090 2389 Quo
2117 2340 2233 2378 vero
2261 2322 2551 2395 quisquam]
2600 2323 2845 2380 Ostendit
2891 2323 3132 2395 tyrannis
3174 2322 3307 2377 nihil
3343 2321 3479 2392 juris

1902 2429 2021 2471 esse
2050 2416 2103 2469 in
2132 2418 2296 2472 animi
2326 2418 2650 2485 libertatem,
2679 2432 2779 2474 nec
2805 2432 2898 2474 eos
2921 2418 3058 2473 ultra
3088 2432 3246 2488 quam
3287 2418 3339 2471 in
3365 2431 3481 2472 cor-

1902 2524 2000 2577 pus
2022 2512 2209 2567 saevire
2238 2527 2416 2581 posse,
2440 2513 2600 2582 idque
2614 2512 2888 2581 cujusdam
2910 2511 3214 2582 philosophi
3235 2510 3482 2581 exemplo

1903 2600 2237 2655 memorabili
2260 2603 2592 2672 comprobat.

1977 2692 2110 2763 Quo]
2138 2693 2251 2759 Qua
2281 2710 2362 2759 re,
2383 2710 2491 2763 quo
2515 2696 2694 2762 modo,
2716 2709 2822 2765 quo
2843 2695 3217 2769 instrumento.

1975 2783 2283 2857 lmperabis]
2316 2787 2526 2856 Aliquis
2552 2786 2853 2856 imperabit.

1975 2874 2213 2929 Liberum
2242 2878 2515 2942 quemdam
2544 2878 2729 2950 virum]
2771 2877 3145 2933 Anaxarchum
3183 2877 3482 2948 significare

1903 2966 2132 3033 videtur,
2164 2968 2257 3037 qui
2298 2967 2584 3024 Abderites
2611 2984 2838 3038 genere,
2876 2968 3207 3038 professione
3246 2967 3483 3036 philoso-

1905 3059 2075 3128 phus,
2119 3060 2391 3115 inimicum
2434 3060 2621 3114 habuit
2662 3059 3262 3131 NicocreontemiCypri
3306 3069 3484 3129 tyran-

210 3175 413 3228 mentis
442 3172 677 3227 ostendit
705 3149 987 3239 dignitates
1023 3182 1073 3225 et
1115 3172 1403 3238 potentiam
1436 3170 1564 3222 nihil
1602 3170 1797 3222 habere
1829 3180 1873 3243 ς
1910 3167 2058 3205 “um-
2102 3150 2234 3205 cum
2266 3152 2406 3207 enim
2440 3153 2586 3205 illum
2619 3152 2921 3206 Alexander
2951 3152 3170 3243 M38093,
3199 3149 3485 3243 θιίίιυιξιιάο

210 3266 358 3335 quod
413 3266 495 3319 vel
543 3264 897 3334 expetendum
939 3262 1040 3325 sit,
1082 3262 1163 3315 vel
1196 3274 1374 3313 veram
1420 3258 1797 3313 beatitudinem

210 3355 470 3409 conferre
506 3352 693 3421 possit.

289 3436 474 3511 Inscii]
502 3442 671 3510 lgnat‘

290 3530 433 3585 Cario
458 3531 751 3599 emquatis]
782 3528 1015 3584 Summis
1062 3527 1220 3581 rebus
1249 3527 1591 3596 comparatis,
1628 3543 1803 3599 mqua-

210 3620 404 3688 lesquc
428 3619 698 3687 judicatis.

291 3714 420 3778 Quae
444 3711 698 3782 incendia]
729 3710 888 3776 Quasi
919 3710 1057 3764 dicat
1090 3710 1249 3764 nulla.

296 3802 682 3873 Ernctautibus]
714 3803 771 3856 Et
786 3803 1141 3870 umpentibus.

292 3892 532 3965 Strages]
565 3895 922 3957 Calamitates,
954 3894 1365 3948 dcvastationes.

141 3988 209 4029 ο
291 3984 528 4055 Dederit]
556 3985 817 4039 Intulerit.

294 4074 407 4145 Uti]
439 4074 919 4141 Quemadmodum.

296 4167 578 4222 Consulare
617 4163 909 4233 imperium]
958 4162 1205 4218 Ostendit
1247 4163 1595 4232 dignitatibus
1649 4161 1806 4231 hujus

208 4261 407 4317 saeculi
434 4260 634 4314 nullam
667 4259 842 4312 inesse
867 4258 1252 4322 constantiam,
1292 4273 1411 4311 cum
1444 4259 1520 4313 rei
1548 4258 1806 4311 Romanm

204 4362 394 4411 status
420 4348 562 4419 saepe
603 4352 673 4405 sit
704 4350 1029 4403 immutatus.
1065 4349 1299 4403 Primum
1332 4349 1472 4403 enim
1506 4350 1671 4403 Roma
1704 4348 1805 4401 sub

205 4446 434 4515 regibus
456 4444 571 4508 fuit,
597 4456 822 4512 quorum
847 4442 1101 4510 septimus
1123 4442 1462 4510 Tarquinius.
1491 4442 1575 4495 cui
1599 4456 1800 4511 cogno-

1906 3245 1958 3299 in
1983 3246 2225 3299 convivio
2256 3253 2528 3315 rogasset,
2556 3246 2809 3313 quidnam
2840 3244 2906 3299 de
2932 3256 3088 3299 omna
3115 3242 3202 3296 illa
3230 3240 3483 3299 sentiret.

1905 3334 2103 3390 dixisse
2133 3336 2299 3390 fertur
2338 3354 2350 3388 :
2389 3336 2590 3390 Cuncta
2637 3336 3014 3406 permagnifice
3034 3376 3050 3402 ,
3082 3350 3115 3389 o
3139 3349 3269 3399 rex,
3297 3348 3483 3388 verum

1905 3429 2189 3492 oportebat
2212 3428 2321 3495 jam
2344 3436 2506 3495 caput
2532 3437 2759 3496 satrapae
2781 3429 3056 3497 cujusdam
3078 3428 3303 3497 apponi,
3336 3426 3488 3481 Nico-

1905 3525 2181 3571 creontem
2224 3518 2457 3572 intuens.
2492 3517 2604 3572 lloc
2638 3518 2729 3573 ille
2775 3518 2957 3572 audito
2984 3516 3317 3586 indignatus,
3364 3526 3488 3586 post

1907 3615 2155 3661 mortem
2186 3608 2327 3676 regis
2354 3622 2474 3662 cum
2502 3609 2621 3662 navi
2658 3607 2889 3663 ferretur
2926 3608 3276 3661 Anaxarchus
3300 3645 3317 3672 ,
3347 3606 3486 3659 invi-

1909 3708 2102 3766 tusque
2124 3697 2481 3766 applicuiSset
2506 3698 2772 3768 Cyprum,
2810 3697 3253 3765 comprehensum
3281 3712 3403 3750 eum
3434 3696 3486 3750 in

1907 3801 2094 3841 saxum
2128 3801 2423 3841 concavum
2454 3788 2717 3855 eonjecit,
2750 3788 3016 3856 jussitque
3045 3787 3239 3842 ferreis
3282 3788 3487 3842 malleis

1910 3877 2059 3930 czedi.
2096 3876 2247 3929 illum
2280 3892 2453 3945 pretia:
2481 3891 2592 3931 suae
2618 3878 2974 3947 negligentem
2995 3917 3008 3942 ,
3042 3878 3254 3933 celebre
3290 3878 3341 3932 id
3368 3878 3485 3932 dic-

1909 3976 2018 4019 tum
2068 3968 2425 4037 ingeminasse
2464 3970 2613 4023 aiunt
2663 3987 2675 4021 :
2715 3971 2935 4035 Tunde,
2968 3970 3133 4025 tunde
3177 3971 3483 4024 Anaxarchi

1908 4060 2181 4113 vasculum
2207 4076 2221 4113 :
2248 4063 2369 4113 nat'n
2393 4060 2766 4115 Anaxarchum
2786 4060 2923 4115 nihil
2942 4062 3087 4117 teris.
3111 4062 3338 4117 lubente
3362 4078 3484 4118 vero

1908 4151 2004 4205 illo
2028 4152 2194 4219 ipsius
2218 4151 2436 4219 pt-zecidi
2466 4151 2719 4220 linguam,
2744 4153 2879 4208 fama
2908 4162 3009 4219 est,
3036 4154 3313 4222 prmcisam
3344 4169 3486 4207 mor-

1908 4241 2059 4297 dicus
2090 4242 2142 4296 in
2181 4243 2297 4312 ejus
2326 4244 2513 4297 faciem
2544 4247 2877 4315 conspuisse.
2925 4246 3138 4301 [lectius
3171 4256 3344 4300 tamen
3385 4248 3486 4302 hoc

1908 4334 1972 4388 ad
2000 4334 2269 4389 Zenonem
2318 4336 2553 4391 Eleatem
2584 4337 2675 4404 (de
2702 4353 2807 4406 quo
2845 4337 3044 4391 dictum
3075 4350 3153 4392 est
3191 4338 3399 4391 abunde
3432 4340 3483 4393 in

1910 4427 2082 4493 primo
2122 4428 2530 4497 commentario)
2564 4428 2793 4483 refertur
2818 4443 2885 4483 eo
2922 4428 3064 4498 quod
3104 4428 3485 4498 conjttrationis

204 4552 343 4590 men
376 4534 645 4602 Superbo,
672 4548 734 4587 ex
766 4532 1002 4585 moribus
1031 4532 1234 4596 datum,
1261 4546 1427 4599 regno
1448 4541 1667 4585 θηριιιε
1697 4540 1798 4595 εει,
1834 4535 1881 4593 ι)
1907 4517 1999 4571 hic»
2022 4519 2080 4570 lit
2122 4518 2352 4583 mentio,
2396 4535 2513 4588 quae
2554 4520 2619 4572 ad
2657 4520 3031 4575 Anaxarchum
3081 4536 3184 4575 non
3232 4522 3480 4589 pertinet.

202 4626 306 4680 ubi
336 4624 407 4678 ad
448 4623 564 4693 ejus
602 4624 901 4692 superbiam
933 4623 1222 4677 liberorum
1252 4621 1421 4676 libido
1449 4623 1763 4675 accessisset
1782 4665 1796 4687 ,

199 4729 446 4786 quorum
492 4730 612 4769 cum
661 4715 795 4768 alter
846 4714 1205 4768 ornatissima:
1266 4712 1480 4767 femina:
1544 4713 1803 4767 Lucretia:

202 4821 465 4877 stuprum
508 4807 791 4873 intulisset,
829 4807 1050 4874 pepulus
1096 4805 1369 4859 Romanus
1406 4805 1566 4857 Bruto
1587 4804 1805 4857 Collati-

202 4914 401 4969 noque
429 4897 653 4952 ducibns
674 4907 728 4951 et
757 4896 1089 4961 auctoribus,
1122 4910 1245 4963 rege
1267 4902 1488 4962 repente
1514 4882 1765 4947 destituto
1783 4937 1796 4959 ,

196 4988 505 5057 imperium
534 4987 586 5040 in
618 4985 837 5040 eosdem
867 4985 1132 5038 libertatis
1161 4998 1271 5036 suae
1302 4982 1539 5035 vindices
1567 4989 1801 5036 transtu-

195 5080 297 5143 llt,
322 5076 681 5143 consulesque
706 5074 988 5143 appellavit
1019 5089 1113 5140 pro
1151 5073 1392 5142 regibus,
1421 5082 1477 5126 ut
1518 5074 1800 5128 consulere

190 5170 425 5227 civibus
460 5169 571 5222 suis
614 5167 809 5223 debere
853 5165 1237 5219 meminissent.
1284 5167 1471 5219 Postea
1521 5174 1697 5219 tamen
1746 5177 1801 5219 et

1908 4608 2172 4662 Eusebius
2198 4624 2431 4678 quoque,
2459 4610 2593 4664 libro
2615 4610 2679 4664 de
2695 4612 3086 4679 Praparatione
3107 4612 3409 4682 evangelica
3427 4631 3481 4681 x,

1909 4698 2024 4753 haee
2050 4698 2245 4753 tradit:
2277 4700 2457 4755 Zenon
2490 4701 2694 4761 Eleata,
2724 4717 2879 4770 quem
2911 4702 3057 4757 aiunt
3083 4718 3203 4757 cum
3245 4706 3486 4775 tyranni-

1908 4790 2031 4844 dem
2074 4790 2344 4859 deponere
2372 4803 2684 4858 conaretur,
2717 4795 2981 4861 linguam,
3004 4795 3128 4850 dum
3158 4812 3187 4850 a
3222 4810 3478 4866 tyranno,

1909 4892 1965 4935 ut
1994 4885 2241 4937 conscios
2267 4884 2490 4951 diceret,
2522 4895 2877 4955 torqueretur,
2902 4890 3148 4948 dentibus
3169 4892 3481 4959 abscissam,

1908 4975 1962 5026 in
1990 4974 2174 5028 faciem
2196 4975 2313 5043 ejus
2340 4978 2570 5044 spuisse.

1981 5065 2117 5129 Quid
2147 5075 2450 5132 autemest,
2505 5067 2624 5139 etc]
2679 5070 3093 5140 Argumentatur
3146 5075 3484 5147 perexiguam

1908 5169 2028 5210 esse
2067 5156 2367 5210 mortalium
2414 5162 2726 5226 potentiam,
2757 5177 2823 5216 eo
2864 5166 3003 5233 quod
3041 5166 3144 5219 vim
3176 5182 3330 5235 quam
3362 5168 3485 5220 alis

1908 5245 2165 5312 inferunt,
2211 5262 2279 5300 nc
2312 5248 2412 5301 sibi
2456 5264 2668 5320 qunque
2697 5252 2921 5308 invicem
2953 5254 3020 5308 ab
3055 5256 3172 5309 aliis
3199 5257 3482 5330 inferaturf,

1910 5338 2199 5406 prohibere
2228 5355 2331 5393 non
2364 5354 2603 5409 possunt.

1980 5431 2055 5484 Ab
2083 5430 2207 5502 alio]
2242 5432 2403 5487 Vetus
2443 5434 2580 5502 apud
2624 5435 2882 5491 Senecam
2913 5440 3175 5494 sententia
3218 5451 3318 5493 est,
3349 5459 3360 5492 :
3406 5444 3483 5495 Ali

1906 5524 2075 5577 altero
2106 5534 2409 5592 exs,iectes,
2437 5527 2590 5581 alteri
2623 5528 2762 5596 quod
2793 5529 3003 5585 fecc.is.

1977 5616 2286 5689 Busiridem]
2324 5619 2519 5674 Busiris
2556 5638 2645 5676 rex
2688 5622 2785 5675 fuit
2826 5625 3055 5693 .‘ligypti,
3100 5626 3336 5693 qni'cum
3370 5643 3487 5681 sus~

1904 5720 2086 5778 raptos
2137 5712 2371 5780 hospites
2418 5712 2736 5781 immolaret,
2770 5716 2833 5767 ab
2880 5716 3100 5770 llcrcnic
3135 5718 3488 5789 interemptus

186 5259 502 5316 consulare
531 5259 807 5326 imperium
824 5258 1269 5325 cupivitabolere,
1302 5264 1354 5309 et
1375 5271 1516 5311 nunc
1536 5258 1795 5320 dictatori,

185 5364 358 5406 nunc
390 5349 745 5416 decemviris,
795 5349 1071 5403 consulatu
1113 5362 1329 5415 prorsus
1368 5348 1608 5412 sublato,
1662 5361 1801 5401 nunc

183 5440 445 5500 tribunis
467 5441 637 5508 plebis
658 5440 901 5508 permisit
924 5439 1297 5507 principatum.

283 5530 445 5597 Quod
480 5545 744 5599 perrarum
770 5527 863 5599 est]
904 5528 1244 5582 Parenthesis
1287 5535 1386 5581 est.
1424 5528 1589 5582 Valde
1624 5543 1799 5582 rarum

178 5630 291 5682 est
316 5619 509 5689 probis
555 5618 786 5672 honores
817 5617 1032 5671 deferri.
1067 5617 1132 5671 Ut
1156 5618 1296 5671 enim
1328 5618 1464 5684 apud
1485 5618 1795 5672 Sallustium

218 5730 249 5768 ξ,
302 5708 624 5765 Catilinario
673 5721 752 5762 est
787 5725 800 5761 :
830 5709 968 5762 inter
1015 5708 1183 5763 bonos
1228 5719 1279 5762 et
1314 5709 1475 5763 malos
1507 5709 1794 5768 discrimen

216 5762 249 5775 υ
