4010 6372
588 318 690 375 970

587 440 688 495 est,
717 444 835 484 cum
862 427 1019 482 etiam
1048 442 1167 481 eum
1192 429 1447 482 voluisset
1467 429 1731 483 occidere.
1762 430 2013 498 Virgilius
2041 447 2053 482 :

1205 519 1322 573 Quis
1344 525 1424 565 aut
1448 517 1703 567 Enristhea
1726 518 1918 577 durum,

776 580 871 626 Aut
898 578 1109 626 illaudati
1139 582 1294 627 nescit
1318 580 1551 627 Busiridis
1575 592 1680 627 aras
1698 580 1721 627 ‘l

659 680 909 752 Regulus]
936 681 1140 734 lllarcus
1169 682 1385 734 Attilius
1422 681 1657 749 Regulus
1679 680 1863 734 consul
1895 680 2025 733 fusis
2067 678 2163 734 Sa-

585 772 798 826 lentinis
831 772 1205 840 triumphavit,
1238 771 1545 842 primusque
1577 771 1936 835 Romanorum
1964 770 2157 823 ducum

585 866 639 917 in
672 863 904 917 Africam
934 866 1159 919 classem
1197 864 1441 932 trajecit,
1471 872 1748 932 quassatas
1785 863 1853 917 de
1896 863 2160 917 Amilcare

587 968 748 1007 naves
765 955 950 1021 longas
971 965 1082 1008 tres
1103 954 1438 1022 etsexaginta
1453 954 1675 1021 accepit.
1691 953 1891 1021 Oppida
1907 953 2155 1017 ducenta,

583 1053 636 1098 et
660 1043 933 1097 hominum
958 1044 1185 1099 ducenta
1209 1044 1371 1097 millia
1395 1046 1554 1111 cepit.
1584 1043 1816 1096 Absente
1834 1058 1918 1106 eo,
1942 1041 2155 1112 conjugi

579 1140 694 1207 ejus
716 1152 769 1193 et
786 1140 967 1194 liberis
990 1140 1058 1193 ob
1088 1148 1451 1207 paupertatem
1480 1148 1722 1208 sumptus
1748 1139 1956 1207 publice
1977 1140 2149 1194 datus.

579 1230 703 1284 Mox
729 1241 844 1287 arte
880 1232 1131 1301 Xantippi
1178 1232 1566 1286 Lacedzcmonii
1609 1235 1924 1288 mercenarii
1972 1235 2151 1290 militis

578 1333 787 1391 captus,
821 1326 874 1377 in
905 1338 1174 1379 carcerem
1206 1324 1433 1386 missus,
1471 1324 1673 1392 legatus
1699 1323 1765 1378 de
1788 1325 2151 1392 permutandis

578 1414 805 1482 captivis
837 1414 1057 1469 Romam
1084 1413 1277 1467 missus
1299 1455 1314 1479 ,
1345 1413 1467 1468 dato
1489 1412 1859 1481 jurejurando,
1891 1424 1947 1469 ut
1971 1417 2015 1469 si
2043 1431 2148 1470 non

580 1503 948 1569 impetrasset,
983 1506 1054 1558 ita
1082 1506 1297 1558 demum
1321 1503 1525 1558 rediret
1558 1522 1571 1555 :
1598 1505 1649 1557 in
1675 1513 1861 1557 senatu
1888 1505 2149 1559 conditio-

579 1609 699 1647 nem
733 1595 1005 1659 dissuasit,
1037 1596 1221 1663 ejectis
1251 1610 1279 1647 a
1304 1610 1361 1649 se
1381 1593 1605 1663 conjuge
1625 1604 1678 1649 et
1700 1595 1899 1659 liberis,
1929 1596 2147 1650 Cartha-

574 1685 752 1746 ginem
783 1701 1080 1755 regressus,
1115 1686 1203 1740 ubi
1251 1687 1301 1739 in
1333 1700 1511 1739 arcam
1562 1686 1786 1754 ligneam
1839 1687 2145 1755 cuiijectus,

1242 317 1582 373 APPENDIX
1622 320 1710 374 AD
1751 320 1993 377 LIBROS
2033 322 2119 374 DE
2158 320 2690 385 CONSOIATIONE,
2716 325 3201 382 PHILOSOPIIIIE.

3737 330 3844 386 930

2193 433 2244 489 A
2273 431 2561 486 facinorum
2595 434 2711 502 ejus
2753 435 3027 489 tetneritas
3066 437 3349 505 impietatis
3390 436 3440 491 in
3490 439 3681 493 Deum.
3709 438 3845 496 Nam

2271 522 2474 589 primus
2509 522 2693 575 Roma:
2727 522 3055 578 Christianos
3079 527 3349 595 suppliciis
3377 537 3433 581 et
3459 530 3725 583 mortibus
3759 532 3840 584 af-

2266 612 2421 673 fecit,
2450 626 2511 664 ac
2543 627 2637 678 per
2665 627 2853 666 omnes
2884 616 3183 681 provincias
3210 618 3319 683 pari
3350 620 3724 685 persecutione
3747 635 3841 675 ex-

2264 701 2490 752 cruciari
2540 703 2852 769 imperavit,
2887 703 3168 773 ipsumque
3194 721 3383 759 nomen
3421 708 3725 776 exstirpare
3753 724 3842 762 co-

2262 799 2448 855 natus,
2484 792 2827 847 beatissimos
2856 794 3051 848 Christi
3086 797 3358 865 apostolos
3400 798 3619 853 Petrum
3648 815 3839 870 cruce,

2260 878 2479 934 Paulum
2508 882 2686 951 gladio
2716 883 2931 937 occidit.

2334 971 2466 1055 Urlre
2487 974 2773 1045 ﬂammata]
2798 976 3046 1030 lnceudio
3074 988 3405 1045 consumpta.
3432 979 3596 1043 Nero,
3621 991 3681 1035 ut
3710 984 3838 1037 scri-

2257 1062 2334 1117 bit
2362 1064 2738 1133 Tranquillus,
2772 1068 2920 1136 quasi
2952 1069 3187 1124 offensus
3235 1072 3569 1128 deformitate
3597 1083 3834 1130 veterum

2255 1155 2624 1223 tediliciorum,
2654 1167 2709 1213 et
2738 1161 2997 1228 angustiis
3025 1152 3346 1230 ﬂexurisque
3366 1164 3609 1217 vicorum
3627 1205 3644 1230 ,
3669 1166 3832 1233 palam

2254 1247 2490 1303 incendit
2530 1250 2739 1304 urbem.
2776 1251 2877 1305 Per
2906 1265 2999 1305 sex
3035 1251 3153 1306 dies
3182 1264 3494 1323 septemque
3540 1265 3732 1309 noctes
3776 1271 3831 1310 ea

2254 1339 2404 1392 clade
2434 1339 2679 1393 saevitum
2710 1328 2821 1404 est,
2853 1340 2919 1393 ad
2950 1352 3418 1395 monumentorum
3448 1344 3832 1413 bustortimque

2253 1430 2544 1484 diversoria
2589 1430 2742 1499 plebe
2781 1432 3077 1513 compulsa.
3111 1433 3257 1485 Tunc
3291 1444 3489 1500 prmter
3511 1435 3828 1487 immensum

2252 1533 2532 1572 numerum
2564 1519 2858 1573 insularum
2881 1562 2896 1585 ,
2923 1520 3109 1575 domus
3132 1524 3428 1591 priscorum
3460 1523 3664 1576 ducum
3693 1539 3828 1579 arse-

2252 1619 2379 1663 runt
2408 1610 2689 1663 hostilibus
2720 1610 2893 1663 adhuc
2927 1610 3111 1679 spoliis
3138 1622 3415 1664 exornata:
3436 1655 3452 1678 ,
3500 1612 3827 1679 deorumque

2252 1698 2395 1751 mdes
2433 1698 2499 1751 ab
2540 1698 2752 1767 regibus
2782 1714 2844 1752 ac
2871 1697 3062 1751 deinde
3090 1698 3302 1751 Punicis
3324 1709 3377 1752 et
3419 1699 3645 1752 Gallicis
3683 1700 3827 1753 bellis

575 1777 737 1829 clavis
756 1773 1040 1831 introrsum
1070 1777 1295 1844 adactis,
1325 1776 1516 1845 vigiliis
1538 1792 1599 1830 ac
1616 1777 1800 1831 dolore
1820 1779 2142 1845 punitusest.
2175 1777 2224 1839 B
2253 1799 2391 1843 votae
2417 1790 2811 1858 dedicataeque,
2842 1799 2896 1843 et
2924 1789 3177 1858 quidquid
3204 1790 3484 1843 visendum
3524 1800 3691 1859 atque
3724 1803 3826 1847 mea

646 1868 721 1920 Ad
745 1868 872 1937 lucc]
894 1868 1177 1921 Prteterea.
1209 1868 1519 1921 Probatalia
1544 1867 1749 1921 ratione
1778 1866 1904 1921 nihil
1936 1876 2151 1921 natura-

574 1958 639 2012 lis
663 1974 725 2011 ac
750 1959 946 2026 proprii
972 1958 1094 2012 boni
1118 1958 1462 2026 dignitatibus
1483 1972 1545 2010 ac
1574 1957 1927 2024 potestatibus
1949 1957 2143 2022 inesse,

573 2063 639 2101 eo
667 2049 805 2111 quod
839 2048 1151 2116 plerumque
1183 2048 1425 2115 pessimis
1456 2048 1790 2115 proveniant.

648 2136 852 2188 Natura
875 2136 1090 2205 respuit]
1132 2138 1185 2190 ld
1236 2145 1339 2198 est,
1388 2151 1488 2190 non
1522 2136 1751 2188 admittit
1786 2144 1843 2187 ut
1880 2135 2145 2188 contraria

574 2242 799 2295 quaeque
824 2229 1133 2296 jungantur.
1168 2227 1330 2280 Divus
1365 2224 1659 2295 Cyprianus
1688 2226 1945 2278 adversus
1974 2226 2143 2279 Nova-

574 2320 773 2371 tianum
799 2335 813 2370 :
844 2318 1130 2371 Cohrcrere
1156 2326 1209 2371 et
1239 2317 1484 2386 conjungi
1518 2332 1620 2370 non
1649 2326 1821 2385 potest
1845 2316 2143 2369 amaritudo

573 2424 692 2459 cum
724 2406 1001 2461 dulcedine
1023 2448 1036 2471 ,
1079 2406 1250 2475 caligo
1278 2422 1397 2461 cum
1435 2408 1654 2469 lumine,
1702 2406 1886 2472 'pluvia
1914 2420 2031 2457 cum
2059 2420 2145 2458 se-

572 2498 819 2561 renitate,
844 2513 1014 2566 pugna
1046 2513 1165 2551 cum
1196 2512 1341 2565 pace,
1369 2512 1488 2550 cum
1518 2496 1840 2550 fecunditate
1868 2496 2139 2560 sterilitas,

573 2604 692 2642 cum
730 2589 958 2643 fontibus
988 2589 1228 2653 siccitas,
1259 2604 1378 2641 cum
1410 2587 1783 2655 tranquillitate
1829 2595 2139 2654 tempestas.

573 2681 886 2736 Franciscus
914 2680 1225 2748 Philelphus
1248 2678 1299 2732 in
1324 2679 1525 2747 Satyris
1559 2696 1569 2728 :

812 2771 1066 2819 Tenebras
1090 2770 1169 2817 Iuv
1198 2772 1385 2829 respuit
1407 2781 1597 2829 omnes,

692 2831 793 2879 Nec
816 2834 995 2891 patitur
1018 2844 1182 2878 secum
1209 2834 1375 2879 vitium
1399 2830 1681 2877 coalescere
1709 2833 1878 2887 virtus,

690 2892 952 2940 Stultitiam
978 2904 1174 2953 semper
1198 2893 1321 2939 ratio
1344 2900 1644 2951 aSpernatur,
1674 2893 1845 2937 eodem

686 2952 942 3013 Nunquam
968 2962 1095 3000 stare
1124 2953 1229 2999 loco
1258 2953 1443 3012 pariter
1467 2954 1702 2999 contraria
1728 2957 1942 3012 possunt.

642 3032 790 3098 Quod
819 3034 1022 3102 quidem
1060 3033 1122 3084 de
1144 3028 1362 3099 cunctis]
1389 3031 1631 3084 Ostendit
1660 3031 1887 3083 fortuna:
1920 3044 2136 3082 munera

568 3122 706 3175 nulla
730 3131 873 3176 recte
902 3121 1005 3174 dici
1056 3120 1193 3174 bona
1218 3160 1231 3183 ,
1281 3136 1400 3173 cum
1433 3120 1745 3188 plerumque
1775 3119 1926 3172 malis
1957 3118 2136 3173 adhze-
2162 3131 2209 3195 ο

568 3224 741 3277 reant,
770 3228 869 3268 nec
899 3214 1103 3281 possint
1130 3227 1223 3265 eos
1252 3213 1418 3265 bonos
1440 3212 1655 3265 efficere
1674 3253 1689 3275 ,
1726 3213 1916 3279 quibus
1940 3210 2135 3265 fuerint

567 3302 835 3372 adjuncta.
867 3302 1283 3356 Redoletautem
1311 3302 1433 3364 hoc,
1457 3301 1630 3354 utalia
1658 3302 1821 3355 Boetii
1850 3302 2131 3370 permulta,

570 3395 805 3449 Platonis
834 3395 1127 3449 doctrinam
1150 3436 1163 3458 ,
1210 3396 1347 3460 apud
1393 3409 1551 3463 quem
1581 3396 1827 3450 Socrates
1858 3395 1910 3449 in
1943 3396 2135 3465 Gorgia

568 3486 732 3538 s'cait
757 3502 770 3536 ι
796 3484 890 3540 Est
909 3493 1083 3538 autem
1105 3486 1363 3553 voluptas,
1389 3501 1489 3553 qua
1529 3494 1787 3552 praesente
1808 3485 2097 3553 gaudemus
2120 3504 2129 3535 :

570 3576 763 3629 bonum
792 3590 938 3640 vero,
970 3590 1074 3643 quo
1100 3586 1359 3644 praesente
1388 3576 1508 3628 boui
1537 3591 1737 3629 sumus.
1763 3577 1987 3629 Prorsus
2010 3575 2135 3628 boni

568 3679 695 3719 vero
720 3666 904 3719 sumus
932 3674 983 3719 et
1009 3681 1104 3719 nos
1121 3708 1135 3731 ,
1169 3675 1221 3719 et
1246 3681 1590 3733 quascumque
1611 3667 1713 3720 alia
1739 3667 1874 3721 bona
1896 3675 2041 3732 sunt,
2066 3668 2135 3722 ob

565 3759 816 3813 virtutem
848 3758 1131 3827 quamdam
1165 3772 1281 3826 qua
1304 3758 1462 3811 adsit.

1089 3868 1155 3923 IN
1194 3868 1428 3923 METRU
1441 3869 1485 3921 Μ
1530 3867 1616 3921 Vl.

632 3963 859 4017 Carmen
900 3971 981 4014 est
1006 3960 1328 4028 Sapplticum
1354 4000 1367 4023 ,
1402 3974 1506 4027 quo
1535 3957 1870 4025 Philosophia
1910 3956 2135 4012 Neronis

563 4053 808 4122 exemplo
838 4052 1025 4115 docet,
1054 4051 1336 4120 dignitates
1368 4059 1419 4103 et
1448 4050 1734 4116 potentiam
1768 4048 1921 4100 malis
1941 4048 2132 4116 quibus

564 4144 824 4213 adjunctm
865 4143 1090 4207 fuerint,
1125 4147 1300 4195 mor‘es
1329 4156 1435 4193 non
1483 4141 1651 4193 solum
1698 4155 1800 4192 non
1831 4141 2131 4209 corrigere,

561 4236 652 4289 sed
687 4236 802 4304 plus
835 4235 1166 4288 truculentia:
1197 4243 1250 4287 et
1284 4232 1619 4301 turpitudinis
1648 4230 1858 4285 allerrc.

628 4323 901 4394 Nouimus]
932 4324 1161 4380 Scimus.

631 4416 857 4485 Dederit'l
889 4416 1126 4471 Intulerit
1148 4413 1473 4468 hominibus.

2254 1882 2512 1934 morabile
2539 1896 2603 1934 ex
2635 1880 2951 1947 antiquitate
2979 1880 3281 1934 duraverat.
3321 1880 3431 1932 Hoc
3460 1881 3772 1934 incendium
3799 1896 3825 1935 θ

2252 1981 2397 2026 turre
2420 1972 2766 2025 Mecmnatica
2793 1980 3165 2037 prospectans,
3200 1971 3454 2039 laetusque
3491 1972 3722 2024 tlai’nmze
3753 1972 3825 2041 (ut

2247 2063 2449 2132 aiebat)
2484 2063 2906 2131 pulchritudine,
2947 2062 3152 2116 halosin
3184 2062 3260 2115 Ilii
3293 2064 3604 2117 decantavit
3652 2066 3704 2117 in
3740 2064 3824 2117 illo

2247 2155 2461 2207 scenico
2493 2154 2693 2206 habitu.
2724 2153 3006 2220 Eutropius
3037 2161 3091 2205 et
3126 2153 3386 2207 Eusebius
3419 2156 3646 2206 tradunt
3668 2152 3823 2207 Ne'ro-

2247 2259 2367 2297 nem
2427 2242 2728 2295 incendisse
2768 2242 2952 2295 urbem
2996 2242 3252 2304 Romam,
3293 2250 3348 2295 ut
3377 2243 3677 2310 spectaculi
3713 2242 3822 2310 ejus

2246 2332 2532 2401 imaginém
2575 2342 2846 2396 cerneret,
2877 2332 3051 2400 qualis
3074 2332 3197 2385 olim
3228 2333 3388 2398 Troja
3412 2342 3569 2399 capta
3600 2344 3819 2387 arserat.

2321 2424 2659 2492 Patribusque
2679 2422 2847 2493 avsis]
2871 2424 3219 2479 Senatorihus
3230 2425 3441 2478 occisis.
3464 2414 3661 2478 Multos
3683 2427 3819 2479 enim

2246 2530 2312 2569 ex
2350 2514 2685 2568 senatoribus
2714 2515 2938 2577 occidit,
2972 2524 3154 2582 aperte
3197 2515 3355 2569 etiam
3383 2516 3697 2584 signiﬁcans
3719 2556 3734 2579 ,
3759 2531 3821 2569 ne

2245 2603 2463 2672 reliquis
2504 2603 2716 2671 quidem
2752 2618 2810 2657 se
2838 2611 3117 2670 parsurum
3140 2644 3153 2666 ,
3191 2618 3419 2671 eumque
3444 2604 3693 2657 ordinem
3733 2619 3819 2657 su-

2246 2695 2510 2747 blaturum
2565 2692 2884 2761 quandoque
2926 2708 2956 2745 e
3001 2694 3302 2761 republica,
3342 2708 3405 2746 ac
3437 2694 3742 2762 provincias
3768 2702 3820 2747 et

2248 2790 2516 2841 exercitus
2542 2788 2705 2853 equiti
2736 2787 2975 2841 Romano
3001 2803 3062 2841 ac
3094 2789 3294 2841 libertis
3316 2790 3726 2856 permissurum.

2316 2878 2525 2947 Fratre]
2554 2879 2854 2932 Britannico
2870 2878 3071 2932 Claudii
3091 2890 3144 2933 ct
3172 2880 3461 2934 Messalina:
3479 2880 3610 2937 lilio.
3632 2880 3821 2936 Fratre

2244 2966 2404 3035 igitur
2435 2984 2525 3035 per
2562 2969 2933 3035 adeptionem,
2968 2978 3087 3024 nam
3128 2985 3155 3021 a
3185 2969 3437 3037 Claudio,
3468 2982 3525 3023 ut
3550 2970 3820 3036 diximus,

2244 3058 2382 3112 Nero
2412 3059 2689 3127 adoptatus
2719 3060 2834 3122 fuit,
2868 3074 2970 3113 non
2995 3060 3244 3114 naturali.

2314 3147 2645 3218 Iutercmpto]
2682 3149 2897 3202 Veneno
2927 3151 3135 3203 sublato
3160 3166 3175 3202 :
3206 3145 3278 3205 de'
3303 3166 3407 3219 quo
3440 3152 3554 3219 lege
3584 3150 3820 3205 Sueton.

2316 3240 2519 3311 Matris]
2547 3240 2685 3294 Nero
2712 3249 2935 3294 matrem
2963 3241 3329 3309 Agrippinam,
3359 3248 3423 3293 eo
3448 3240 3587 3308 quod
3611 3250 3741 3292 trux
3770 3249 3823 3292 et

2244 3336 2420 3386 minax
2447 3341 2616 3390 esset.
2653 3332 2868 3385 etdicta
2897 3332 3137 3399 faetaque
3170 3331 3286 3400 ejus
3316 3334 3618 3400 exquireret
3665 3347 3823 3387 acer-

2244 3421 2361 3473 liius
2380 3436 2440 3473 ac
2461 3420 2775 3489 corrigeret,
2809 3421 3285 3494 varieinterficcre
3312 3424 3549 3487 tentavit,
3578 3424 3819 3491 primum

2243 3524 2449 3563 veneno
2495 3528 2505 3561 :
2542 3510 2639 3563 sed
2677 3515 2797 3563 cum
2841 3511 3091 3565 antidotis
3128 3514 3353 3567 sentiret
3393 3513 3780 3581 prmmunitam
3806 3556 3820 3577 ,

2242 3598 2510 3652 lacunaria
2548 3615 2665 3668 qua:
2697 3609 2853 3653 noctu
2894 3616 3054 3669 super
3084 3602 3433 3657 dormientem
3475 3604 3656 3657 laxata
3708 3622 3823 3660 mae

2242 3690 2398 3743 china
2431 3691 2755 3753 deciderent,
2795 3694 3014 3758 paravit.
3050 3693 3161 3747 Hoc
3189 3696 3411 3750 consilio
3446 3712 3537 3762 per
3559 3702 3823 3753 conscios

2245 3798 2434 3851 parum
2461 3784 2628 3836 celato
2646 3824 2660 3848 ,
2687 3784 2949 3836 solutilem
2979 3800 3165 3839 navem
3183 3826 3197 3849 ,
3228 3786 3379 3856 cujus
3404 3790 3478 3841 vel
3509 3790 3823 3859 naufragio,

2246 3872 2326 3924 vel
2374 3887 2599 3926 camera:
2649 3874 2800 3927 ruina
2846 3875 3075 3940 periret,
3126 3887 3454 3931 commentus
3486 3888 3588 3931 est.
3640 3886 3824 3949 Atque

2244 3962 2314 4014 ita
2361 3962 2796 4015 reconciliatione
2848 3962 3129 4024 simulata,
3177 3965 3573 4032 jucundissimis
3622 3967 3827 4024 litteris

2240 4051 2393 4105 Baias
2423 4053 2693 4117 evocavit,
2732 4052 2796 4105 ad
2833 4053 3069 4106 solennia
3100 4055 3488 4122 quinquatrium
3521 4057 3701 4111 simul
3733 4076 3822 4112 ce-

2242 4143 2517 4204 lebranda,
2548 4153 2835 4211 paratoque
2867 4145 3079 4212 negotio
3106 4147 3434 4207 trielarchis,
3462 4147 3551 4211 qui
3583 4149 3822 4203 liburut~

2240 4246 2377 4299 cam,
2401 4236 2746 4300 quaadvecta
2779 4248 2921 4300 erat,
2952 4236 3095 4289 velut
3128 4236 3345 4290 fortuito
3382 4247 3652 4291 conCursu
3694 4257 3823 4294 con-

2239 4325 2549 4394 fringerent,
2578 4326 3177 4393 protraxitconvivium,
3205 4328 3565 4395 repetentique
3588 4328 3820 4395 Baulos,

2238 4417 2291 4470 in
2323 4418 2497 4471 locum
2525 4417 2761 4484 corrupti
2791 4417 2981 4484 navigii
3021 4417 3384 4471 machinosum
3415 4416 3538 4470 illud
3560 4420 3771 4473 obtulit
3805 4439 3818 4472 :

632 4506 850 4577 Ruinas]
902 4508 1140 4575 Strages.
1209 4506 1459 4574 Designat
1511 4514 1686 4557 autem
1748 4504 1830 4557 his
1888 4504 2127 4559 versibus
2157 4481 2214 4543 Ῑ)
2236 4506 2377 4561 unde
2405 4522 2524 4560 cum
2556 4515 2822 4560 enatasset
2844 4516 3033 4565 mater.
3060 4508 3491 4575 impientissimus
3514 4507 3670 4561 ﬁlius
3702 4527 3819 4563 eam

562 4598 826 4652 Neronem
866 4600 1101 4652 omnium
1148 4598 1447 4651 mortalium
1482 4598 1635 4663 longe
1678 4597 2126 4653 crudelissimum.

563 4689 659 4743 llic
690 4700 843 4742 natus
866 4700 945 4743 est
967 4699 1115 4758 patre
1140 4689 1369 4741 Domitio
1398 4687 1726 4751 Ainobarbn,
1751 4699 1919 4741 matre
1943 4689 2132 4757 Agrip-

559 4781 681 4846 p'na
699 4778 998 4833 Germanici
1034 4780 1137 4831 ﬁlia
1166 4795 1178 4831 :
1202 4794 1317 4846 quae
1339 4794 1457 4831 cum
1483 4787 1665 4847 postea
1692 4778 1912 4833 Claudio
1935 4780 2130 4834 Caesari

560 4868 849 4936 nupsisset,
883 4868 949 4921 ab
977 4869 1077 4922 hoc
1099 4867 1237 4922 Nero
1263 4869 1545 4936 adoptatus
1567 4876 1665 4921 est.
1700 4868 1840 4921 Nero
1880 4870 1976 4923 fuit
2001 4871 2127 4923 olim

559 4975 753 5013 nomen
796 4960 996 5023 laudis,
1043 4959 1185 5026 quod
1229 4960 1461 5012 ostendit
1495 4960 1543 5011 in
1586 4959 1802 5013 Tiberio
1846 4961 2131 5013 Suetonius

492 5072 507 5089 ο
560 5051 641 5103 his
664 5050 870 5104 verbis:
898 5050 1037 5102 Inter
1062 5048 1377 5116 cognomina
1401 5058 1573 5101 autem
1597 5059 1653 5101 et
1676 5049 1898 5103 Neronis
1928 5064 2134 5102 assum-

563 5141 691 5207 psit,
717 5157 824 5210 qno
851 5139 1180 5209 significatur
1206 5139 1379 5208 lingua
1395 5140 1588 5193 Sabina
1614 5140 1764 5194 fortis
1781 5156 1842 5195 ac
1860 5151 2128 5196 strenuus.

556 5234 707 5287 Nunc
743 5247 919 5287 autem
969 5246 1191 5286 summa:
1220 5233 1549 5285 crudelitatis
1579 5249 1768 5288 nomen
1816 5244 1897 5287 est
1954 5236 2129 5299 Nero,

554 5326 643 5391 qui
674 5324 818 5378 rabie
848 5324 913 5377 ita
943 5324 1198 5378 efferatus
1223 5332 1323 5385 est,
1358 5332 1410 5375 ut
1439 5325 1719 5391 plurimam
1757 5337 1974 5378 senatus
2007 5342 2129 5392 par-

555 5428 660 5469 tem
683 5415 1031 5476 intcrfecerit,
1058 5422 1359 5482 equestrem
1383 5414 1623 5469 ordinem
1650 5431 1782 5481 pene
1803 5416 2125 5479 destituerit,

554 5508 647 5561 sed
676 5525 739 5562 uc
760 5509 1051 5575 parricidiis
1072 5508 1286 5577 quidem
1312 5508 1584 5573 abstinuit,
1612 5518 1857 5573 matrem,
1886 5510 2127 5572 fratrem,

556 5612 793 5651 sororem
820 5639 833 5662 ,
878 5614 1127 5664 uxorem,
1175 5600 1505 5665 ccetcrosque
1539 5608 1792 5665 cognatos
1820 5608 1873 5652 et
1911 5601 2129 5668 propin-

556 5702 687 5749 quos
714 5688 828 5742 sine
860 5689 1192 5742 hmsitationc
1236 5688 1538 5755 prostravit.
1568 5687 1728 5742 Auxit
1762 5689 1896 5744 hanc
1931 5691 2122 5745 molem

2239 4598 2417 4651 missis
2447 4596 2696 4650 militibus
2725 4598 2896 4650 occidi
2933 4596 3110 4664 jussit.
3146 4598 3261 4663 Quo
3298 4598 3526 4651 nefando
3568 4597 3821 4653 facinore

2238 4705 2342 4742 non
2367 4696 2671 4757 contentum
2700 4687 2914 4754 quidam
2948 4698 3190 4741 auctores
3219 4688 3454 4741 scribunt
3479 4728 3494 4749 ,
3527 4686 3593 4740 ad
3634 4692 3821 4743 visen-

2240 4780 2365 4832 dum
2429 4776 2727 4831 interfectae
2779 4778 3006 4831 cadaver
3059 4777 3390 4839 accurrisse,
3443 4786 3825 4855 contrectasse

2241 4861 2501 4932 membra,
2552 4869 2652 4922 alia
2681 4869 3041 4935 vituperasse,
3069 4868 3311 4920 laudasse
3354 4867 3480 4928 alia,
3514 4867 3726 4934 sitique
3753 4872 3825 4920 in-

2241 4962 2395 5013 terim
2421 4962 2606 5013 oborta
2631 4959 2849 5011 bibisse.
2881 4958 3062 5011 Latius
3091 4960 3205 5012 hazc
3225 4972 3252 5010 a
3280 4958 3588 5025 Tranquillo
3620 4969 3684 5013 ct
3706 4960 3828 5013 Cor-

2240 5052 2380 5106 nelio
2409 5052 2593 5105 Tacito
2628 5050 2916 5117 perscripta
2948 5060 3091 5103 sunt.

2317 5146 2433 5197 Non
2465 5141 2633 5211 tinxit]
2665 5142 2781 5196 Non
2814 5144 3024 5211 rigavit.

2312 5234 2524 5304 Censor]
2559 5233 2791 5297 Arbiter,
2817 5232 3000 5301 judex.

2312 5324 2543 5393 Decoris]
2580 5325 2764 5377 Decori
2795 5322 3053 5391 corporis.

2312 5414 2584 5485 Exstiut'ti]
2615 5413 2827 5467 Mortui.

2316 5506 2549 5559 Coudcns
2576 5501 2767 5571 radios]
2800 5503 3089 5565 Occidens,
3129 5503 3391 5572 significat
3431 5515 3613 5559 autem
3666 5506 3829 5559 totius

2240 5599 2385 5651 orbis
2413 5606 2672 5649 terrarum
2697 5601 2913 5663 gentes,
2947 5608 3038 5662 per
3068 5604 3293 5662 quatuor
3322 5594 3437 5665 ejus
3468 5596 3684 5666 plagas.

2313 5690 2453 5743 Place!
2471 5687 2555 5756 usi
2575 5687 2688 5742 SOI.
