4010 6372
248 408 343 461 981

1436 391 1809 449 MURMELLII
1848 385 2219 444 COMMENTA
2232 386 2367 441 RIA.

317 513 551 585 Triones]
610 513 791 568 Prisca
834 512 1015 581 lingua
1059 508 1263 564 triones
1301 508 1818 577 bovesjdicebantnr
1846 504 1896 562 Α
1995 497 2348 585 Ambitionem]
2377 499 2752 568 Cupiditatem.

244 608 487 662 aratorii.
508 607 725 674 Septem
743 611 917 657 autem
935 601 1105 655 stella:
1128 600 1199 654 ita
1218 602 1270 653 in
1293 613 1354 654 ea
1378 607 1527 667 parte
1548 598 1669 652 εωΙὶ
1692 605 1813 651 sunt

245 698 520 751 collocata:
538 736 551 759 ,
576 704 631 748 ut
654 694 945 763 plaustrum
971 706 1090 745 cum
1124 690 1291 744 bobus
1312 689 1564 759 effingere
1595 689 1815 743 videan-

245 798 352 855 tur,
384 802 504 856 qua:
539 793 595 839 et
630 785 1021 854 septentriones
1064 790 1353 843 vocantur,
1398 790 1452 834 et
1484 780 1556 833 illi
1610 778 1814 849 regioni

241 879 593 949 septentrioni
615 892 806 931 nomen
832 878 1214 945 imposuerunt.
1231 872 1388 927 Ovid.
1406 871 1498 925 lib.
1523 887 1539 924 ι
1562 872 1809 925 Metam.:

787 966 1045 1025 Scythiam,
1070 972 1360 1026 septemque
1384 961 1567 1010 triones

366 1029 587 1079 lion-iter
610 1028 789 1080 invasit
812 1029 1003 1076 boreas.

311 1112 367 1166 Ν
371 1123 481 1166 otiis
492 1112 504 1181 1
526 1113 738 1166 Auster.

312 1205 465 1262 Sicco
483 1204 631 1277 testu]
656 1204 866 1258 Calore.
893 1199 1174 1256 Sciendum
1203 1208 1315 1263 est,
1348 1208 1485 1253 teste
1510 1195 1775 1252 Macrobio
1792 1234 1809 1259 ,

237 1296 381 1365 quod
412 1305 595 1350 auster
625 1295 723 1349 ita‘
745 1294 797 1348 in
827 1294 1034 1363 origine
1074 1306 1168 1345 sua
1200 1289 1400 1360 gelidus
1429 1299 1543 1351 est,
1575 1297 1633 1341 ut
1671 1287 1811 1356 apud

241 1402 341 1441 nos
365 1387 695 1455 septentrio.
716 1385 809 1439 sed
836 1386 962 1454 quia
985 1397 1077 1451 per
1098 1381 1363 1434 ﬂammam
1406 1378 1619 1433 torrida:
1662 1392 1809 1431 zona:

238 1479 305 1532 ad
338 1494 438 1532 nos
458 1485 744 1542 commeat,
767 1475 1026 1530 admistus
1048 1472 1154 1542 igni
1182 1471 1423 1537 calescit,
1441 1478 1494 1524 et
1514 1468 1603 1539 qui
1630 1467 1815 1535 incipit

238 1571 485 1641 frigidus,
519 1569 725 1625 calidus
756 1567 1018 1637 pervenit.

310 1660 471 1731 Nam]
498 1659 765 1729 Nunquid.

307 1749 455 1804 Celso
479 1747 727 1818 potestas]
754 1747 979 1817 Egregia
1001 1744 1257 1815 potentia.

315 1840 542 1909 Vertere]
565 1839 787 1893 Mutare.
817 1838 929 1891 Iloc
949 1836 1169 1890 verbum
1195 1833 1436 1903 producit
1465 1833 1550 1887 hic
1572 1832 1809 1885 ultimam
1845 1855 1889 1913 Β

236 1931 554 2001 positionem
579 1930 648 1983 ob
669 1930 801 1982 duas
828 1936 1183 1983 consonantes
1214 1926 1537 1993 insequentis
1562 1924 1808 1977 dictionis

234 2023 389 2076 initio
420 2022 651 2090 positas,
676 2021 883 2073 tametsi
917 2030 1110 2088 negent
1139 2020 1189 2072 id
1216 2019 1327 2071 fieri
1360 2019 1505 2071 scioli
1537 2033 1805 2086 gramma-

235 2112 395 2175 tistaz,
422 2112 509 2180 qui
544 2125 640 2165 nec
662 2111 991 2173 Iuvenalem,
1018 2124 1115 2163 nec
1140 2108 1507 2174 Prudentium,
1543 2123 1640 2161 nec
1667 2106 1805 2161 hunc

235 2210 506 2254 auctorem
540 2216 771 2268 unquam
801 2200 853 2253 di
879 2200 1082 2268 igenter
1104 2200 1434 2253 evolverunt.

306 2289 540 2359 Robiem]
573 2290 853 2351 Eﬂeratam
883 2290 1271 2343 truculentiam.

308 2379 424 2432 Heu
447 2396 642 2449 gravem
679 2378 883 2449 sortem]
910 2379 1129 2432 Pulchra
1153 2380 1485 2443 exclamatio,
1514 2392 1610 2433 nec
1634 2378 1806 2430 minus

235 2484 383 2523 vera.
413 2470 525 2524 Heu
554 2484 829 2538 asperam,
862 2471 1064 2539 inquit,
1112 2481 1169 2524 et
1198 2471 1582 2525 intolerabilem
1614 2470 1802 2525 condi-

233 2562 465 2623 tionem,
496 2561 710 2628 quando
755 2561 963 2630 iniquus
992 2560 1229 2629 gladius,
1259 2562 1309 2614 id
1336 2572 1448 2626 est,
1478 2562 1671 2631 injusta
1712 2579 1803 2631 po-

233 2651 511 2708 tentia,et
550 2652 785 2720 iniquum
828 2653 1110 2720 imperium
1157 2652 1367 2706 additur
1404 2668 1546 2707 srevo
1575 2669 1801 2719 veneno,

233 2739 288 2792 id
317 2748 401 2793 est
421 2739 640 2794 immani
666 2751 717 2794 et
747 2744 1043 2796 truculento
1065 2742 1298 2812 ingenio,
1323 2745 1664 2814 moribusque
1688 2760 1803 2799 cor-

232 2828 579 2897 ruptissimis.
610 2830 816 2885 Seneca
848 2847 860 2882 :
892 2831 1113 2885 Fulmen
1144 2843 1248 2898 est,
1281 2833 1367 2887 ubi
1397 2849 1516 2887 cum
1546 2844 1805 2903 potestate

230 2920 509 2973 iracundia
538 2920 761 2975 habitat.
791 2922 1103 2978 Aristoteles
1143 2924 1193 2977 in
1233 2941 1249 2977 ι
1290 2925 1629 2980 Politicorum
1664 2944 1676 2979 :
1736 2926 1805 2981 Ut

231 3012 376 3064 enim
405 3012 731 3080 perfectione
760 3025 1023 3083 suscepta,
1053 3018 1315 3083 optimum
1348 3027 1657 3072 cuncterum
1686 3018 1804 3070 ani-

230 3102 453 3157 malium
477 3110 559 3155 est
585 3102 745 3155 homo
771 3120 784 3157 :
814 3104 881 3157 ita
912 3107 955 3157 si
986 3105 1193 3159 alienus
1222 3105 1313 3171 ﬁat
1341 3123 1367 3158 a
1397 3107 1510 3175 lege
1533 3117 1585 3160 et
1607 3121 1635 3158 a
1659 3107 1802 3175 judi-
1834 3150 1837 3157 λ

230 3192 352 3257 ciis,
386 3191 671 3259 pessimum
689 3200 771 3245 est
788 3194 1025 3247 omnium
1044 3195 1697 3251 animaliunt.S:evissima
1723 3207 1805 3252 est
1830 3207 1879 3268 ο

230 3285 375 3340 enim
391 3286 646 3356 injustitia
661 3288 861 3343 habens
880 3304 1050 3344 arma.
1066 3290 1369 3344 Lactantius
1386 3292 1474 3344 lib.
1493 3292 1558 3346 de
1572 3292 1799 3357 Iustitia,

228 3380 356 3444 cap:
386 3377 449 3430 ll
502 3395 513 3429 :
546 3378 675 3444 Quis
708 3379 1009 3447 Caucasus,
1061 3396 1176 3447 qua:
1210 3381 1374 3445 ludia,
1400 3396 1519 3450 qua:
1545 3382 1805 3451 Hyrcania

228 3472 341 3520 tam
365 3468 645 3534 immanes,
668 3477 773 3521 tam
795 3469 1167 3539 sanguinarias
1193 3470 1633 3539 bestiasunquam
1651 3471 1806 3525 aluit?

229 3560 487 3628 quoniam
541 3560 780 3615 ferarum
823 3563 1058 3615 omnium
1088 3562 1261 3617 rabies
1291 3578 1459 3630 usque
1507 3563 1572 3615 ad
1606 3563 1807 3617 ventris

229 3653 536 3707 satietatem
562 3652 710 3716 furit,
741 3653 983 3721 fameque
1018 3653 1226 3717 sedata,
1258 3655 1499 3719 protinus
1522 3654 1804 3722 conquieso

230 3744 325 3797 cit.
359 3742 451 3797 Illa
478 3744 621 3796 enTm
654 3758 778 3798 vera
806 3742 997 3806 bestia,
1020 3743 1171 3811 cujus
1193 3758 1292 3795 una
1319 3743 1560 3810 iussione

358 3832 594 3881 Funditur
619 3838 725 3882 ater
748 3834 928 3893 ubique
955 3844 1118 3892 cruor,
1144 3832 1355 3880 crudelis
1380 3835 1559 3891 ubique

358 3893 560 3955 Luctus,
587 3896 652 3941 ub
672 3908 769 3955 que
796 3907 957 3955 pavor,
984 3902 1034 3942 et
1058 3894 1259 3953 plurima
1286 3903 1452 3941 mortis
1474 3897 1633 3953 imago

228 3974 402 4031 Nemo
442 3975 598 4042 hujus
648 3984 804 4028 tantm
837 3976 1025 4028 bellua:
1074 3976 1452 4028 immanitatem
1497 3983 1669 4042 potest
1711 3988 1810 4042 pro

228 4068 429 4121 merito
456 4067 782 4130 describere,
814 4070 901 4135 qui
930 4082 1035 4119 uno
1062 4067 1177 4120 loco
1207 4066 1485 4131 recubans,
1514 4077 1688 4120 tamen
1715 4081 1809 4135 per

229 4166 403 4211 totum
434 4158 619 4212 orbem
654 4159 903 4211 dentibus
938 4159 1127 4212 ferreis
1156 4160 1341 4223 Stevit,
1374 4168 1426 4211 et
1457 4174 1561 4212 non
1604 4168 1807 4214 tantum

227 4259 380 4303 artus
408 4249 679 4302 hominum
711 4250 953 4318 dissipat,
982 4249 1074 4303 sed
1109 4259 1158 4303 et
1188 4264 1306 4319 ossa
1342 4252 1451 4317 ipsa
1474 4251 1805 4315 comminuit,

228 4350 284 4394 et
323 4340 380 4393 in
410 4341 617 4394 cineres
644 4341 845 4405 fundit,
890 4357 957 4393 ne
985 4341 1102 4408 quis
1128 4350 1300 4394 exstet
1328 4342 1612 4408 sepulturze
1644 4342 1807 4396 locus.

228 4432 469 4499 Baptista
503 4432 810 4484 Mantuanus
840 4431 889 4483 in
918 4431 1147 4484 secunda
1181 4430 1494 4484 Parthenice

355 4534 497 4583 Nulla
524 4536 613 4581 s‘ub
638 4534 835 4591 indigno
859 4536 1016 4582 virtus
1042 4541 1114 4582 est
1141 4535 1361 4641 principe,
1390 4540 1511 4592 tuta,

357 4593 499 4641 Nulla
520 4596 611 4641 Sub
637 4597 822 4641 incesto
845 4597 988 4641 castis
1014 4605 1088 4641 est
1114 4610 1143 4641 ρ
1164 4598 1265 4641 oria
1299 4609 1438 4641 reue.

357 4593 499 4645 Nulla
520 4596 611 4643 Sub
637 4597 822 4643 incesto
845 4597 988 4643 castis
1014 4605 1088 4644 est
1114 4593 1265 4653 gloria
1299 4609 1438 4655 rege.

755 4688 817 4740 IN
860 4687 1134 4742 PROSAM
1181 4688 1290 4741 VII.

300 4779 639 4847 DiSputatum
671 4789 752 4832 est
780 4778 1059 4843 hactenus,
1096 4795 1266 4848 neque
1288 4780 1337 4831 in
1369 4778 1568 4833 divitiis
1592 4821 1606 4844 ,
1637 4793 1811 4848 neque

227 4871 281 4925 in
313 4871 665 4939 dignitatibus
704 4879 757 4924 et
807 4871 1041 4938 potentia
1070 4885 1250 4924 veram
1292 4870 1597 4923 felicitatem
1629 4873 1807 4924 consi-

228 4970 417 5015 stere:
458 4975 596 5013 nunc
626 4974 781 5028 quam
826 4960 998 5013 inanis
1042 4971 1094 5013 et
1135 4960 1281 5013 irrita
1314 4962 1383 5013 sit
1410 4961 1611 5029 gloria,
1652 4978 1807 5029 quam

225 5050 474 5118 plerique
502 5065 688 5104 omnes
719 5065 1058 5119 summopere
1104 5060 1397 5112 sectantur,
1437 5050 1807 5119 pulcherrimis

228 5144 639 5211 verissimisque
701 5138 997 5198 rationibus
1050 5144 1400 5199 demonstrat.
1470 5146 1585 5212 Quo
1638 5157 1812 5201 autem

223 5234 637 5288 convenientius
668 5236 732 5289 ad
770 5237 818 5289 id
849 5236 1143 5303 perveniat,
1191 5236 1405 5291 Boetius
1437 5240 1553 5303 ipse
1596 5239 1811 5292 interlo-

222 5327 437 5393 quitur,
483 5326 783 5396 fateturque
830 5342 950 5382 sese
996 5343 1101 5381 non
1147 5336 1253 5381 tam
1296 5329 1595 5382 mortalium
1635 5344 1811 5382 rerum

222 5418 523 5472 ambitione
548 5430 760 5487 captum
805 5420 1001 5483 fuisse,
1044 5436 1201 5489 quam
1239 5420 1395 5474 fama:
1436 5422 1823 5490 prepagandte,

219 5512 719 5581 comparandteque
748 5513 930 5581 gloria:
960 5512 1251 5580 cupiditate
1283 5513 1687 5567 inﬂammatum.

310 5598 466 5668 Tum]
493 5598 710 5653 Ordinis
732 5602 1041 5654 adverbium
1072 5612 1171 5655 est.

302 5687 608 5761 Minimum]
656 5693 913 5745 Diﬂerttnt
964 5694 1240 5748 minimum
1271 5703 1325 5747 et
1372 5694 1590 5749 minime
1621 5714 1633 5749 :
1662 5697 1816 5750 mini-

217 5791 384 5839 mum
414 5782 555 5836 enim
585 5784 1034 5853 quantitatisjadv.
1052 5795 1153 5851 est,
1173 5785 1390 5841 minime
1414 5801 1541 5842 vero
1566 5789 1811 5855 negandi.

1992 590 2257 662 Gerendis]
2286 572 2754 648 Administrandis.

1995 679 2191 750 Quone]
2214 681 2283 736 Ut
2313 696 2440 733 non.
2479 680 2722 735 Horatius
2746 682 2798 735 in
2828 680 3174 736 Sermonihus
3198 678 3227 733 ε’

2044 772 2215 829 Quone
2241 782 2531 832 pert-acuum
2552 770 2765 820 Romano
2787 773 3064 823 incurreret
3085 772 3252 821 hostis.

1991 852 2191 924 Tacita]
2221 853 2422 921 Ignota.
2448 853 2765 907 Claudianus
2790 872 2803 907 :

2043 966 2193 1030 ﬁaior
2216 975 2269 1015 et
2294 966 2457 1015 utilior
2482 966 2605 1015 facto
2629 966 2879 1027 conjuncta
2906 970 3110 1030 potenti.

2044 1026 2151 1075 Vile
2177 1028 2335 1075 latens
2356 1032 2541 1075 virtus:
2571 1030 2685 1087 quid
2712 1026 2841 1077 enim
2864 1026 3115 1077 submersa
3144 1028 3364 1076 tenebris

2043 1088 2270 1151 Ifroderit
2292 1091 2517 1148 obscuro,
2538 1089 2687 1137 veluti
2710 1090 2821 1151 sine
2849 1094 3036 1149 remige
3059 1093 3249 1151 puppis,

2044 1148 2135 1197 Vel
2161 1150 2258 1210 lyra
2282 1162 2390 1209 qua;
2417 1153 2613 1207 reticet,
2646 1150 2721 1197 vel
2745 1152 2827 1211 qui
2854 1164 2946 1197 non
2974 1148 3187 1200 tenditur
3211 1149 3391 1196 arcus?

1989 1262 2067 1313 Ad
2098 1242 2371 1313 extremam
2393 1258 2623 1330 manum]
2652 1260 2730 1314 Ad
2755 1259 3053 1314 absolutum
3079 1261 3257 1314 litiem.
3290 1258 3460 1313 Extre
3480 1286 3492 1295 -

1917 1362 2057 1401 mam
2099 1362 2313 1400 manum
2342 1348 2647 1417 imponere,
2678 1348 2938 1415 signiﬁcat
2963 1363 3073 1401 rem
3102 1346 3349 1401 omnibus
3378 1346 3493 1412 ejus

1918 1434 2155 1504 partibus
2172 1436 2473 1506 absolvere,
2491 1435 2799 1505 metaphora
2815 1437 2879 1490 ab
2894 1436 3185 1490 artificibus
3205 1435 3455 1488 translata
3479 1452 3494 1485 :

1916 1526 2004 1592 qui
2037 1525 2264 1593 primum
2292 1524 2424 1579 rude
2453 1527 2715 1593 quoddam
2745 1528 2923 1594 operis
2966 1525 3306 1578 simulacrum
3334 1524 3493 1578 e'fiu-

1917 1622 2080 1681 guut,
2111 1624 2271 1683 atque
2296 1615 2433 1667 hanc
2463 1614 2687 1682 primam
2718 1617 2985 1683 appellant
3014 1628 3230 1668 manum
3254 1656 3267 1680 ,
3302 1614 3493 1666 deinde

1916 1702 2149 1756 formant
2172 1704 2505 1770 expressius,
2535 1711 2801 1771 postremo
2822 1718 3027 1757 summa
3049 1718 3173 1758 cura
3194 1703 3490 1772 expoliunt,

1918 1802 2076 1861 atque
2108 1792 2243 1847 hanc
2270 1806 2583 1858 estremam,
2610 1809 2934 1861 supremam,
2962 1809 3057 1848 seu
3090 1807 3349 1846 summam
3383 1808 3492 1845 Ina-

1917 1896 2039 1936 num
2071 1892 2281 1937 vocant.

1980 1973 2171 2028 Gloria:
2194 1973 2380 2027 scilicet
2406 1974 2613 2045 cupido]
2646 1976 2712 2029 Μ.
2740 1975 2941 2029 Tullius
2974 1989 3069 2044 pro
3093 1975 3284 2029 Archia
3312 1992 3322 2025 :
3354 1975 3487 2028 Tra—

1910 2062 2093 2115 himur
2143 2076 2333 2115 omnes
2390 2062 2563 2117 laudis
2618 2063 2830 2126 studio,
2883 2072 2939 2117 et
2984 2064 3215 2132 optimus
3261 2064 3489 2133 quisque

1911 2151 2139 2206 maxime
2165 2153 2335 2219 gloria
2363 2152 2596 2207 ducitur.
2627 2152 2730 2221 Ipsi
2774 2154 2847 2206 illi
2880 2154 3183 2222 philosophi
3224 2156 3383 2208 etiam
3436 2156 3486 2208 in

1910 2240 2015 2294 illis
2047 2243 2277 2306 libellis,
2308 2258 2442 2311 quos
2481 2246 2548 2298 de
2594 2246 2980 2299 contemnenda
3018 2247 3182 2315 gloria
3215 2247 3483 2312 scribunt,

1908 2348 2102 2388 nomen
2131 2348 2286 2387 suum
2319 2334 2615 2387 inscribunt
2660 2335 2712 2387 in
2757 2351 2821 2387 eo
2854 2336 2967 2401 ipso
3014 2336 3065 2388 in
3097 2351 3201 2402 quo
3232 2337 3485 2404 pra-dici-

1909 2422 2107 2476 tionem
2134 2423 2575 2491 nobilitatemque
2600 2411 2921 2491 despiciunt,
2947 2424 3223 2492 prtedicari
3249 2425 3316 2480 de
3342 2442 3400 2481 se
3425 2441 3486 2481 ac

1907 2519 2173 2572 nominari
2207 2519 2409 2572 volunt.
2447 2517 2589 2571 Idem
2619 2518 2672 2571 in
2700 2519 2887 2572 eadem
2917 2535 2932 2573 :
2964 2518 3115 2572 Nulla
3148 2522 3288 2573 enim
3320 2522 3486 2576 virtus

1906 2608 2064 2660 aliam
2094 2606 2394 2661 merccdetn
2445 2606 2685 2659 laborum
2720 2595 3183 2675 pei'iculorumque
3217 2609 3485 2663 desiderat

1909 2708 2107 2766 praeter
2145 2700 2281 2751 hanc
2315 2698 2484 2750 laudis
2512 2708 2565 2751 et
2602 2698 2784 2765 gloi'izc
2811 2714 2825 2753 :
2856 2714 2958 2767 qua
2986 2700 3197 2766 quidem
3226 2699 3481 2765 detracta,

1903 2790 2135 2857 judices,
2164 2788 2293 2856 quid
2321 2796 2401 2842 est
2427 2787 2568 2855 quod
2598 2788 2649 2841 in
2678 2788 2779 2841 hoc
2809 2797 2912 2842 tam
2944 2788 3141 2857 exig‘uo
3170 2790 3290 2841 vita:
3315 2792 3484 2843 curri-

1906 2880 2025 2933 culo
2052 2886 2108 2932 et
2136 2886 2241 2931 tam
2270 2878 2451 2940 brevi,
2496 2878 2655 2930 tantis
2686 2892 2782 2931 nos
2812 2877 3082 2931 laboribus
3108 2884 3485 2933 exerceamus?

1906 2960 2166 3038 Loquitur
2194 2980 2374 3023 autem
2420 2968 2607 3022 Cicero
2640 2966 2797 3021 nimis
2840 2966 3021 3041 impie,
3058 2977 3117 3021 ut
3157 2967 3314 3022 homo
3343 2985 3484 3022 veru:

1908 3058 2183 3128 religionis
2204 3073 2397 3127 expers
2424 3069 2476 3111 et
2501 3057 2797 3125 sapientiaa,
2830 3059 2914 3112 cui
2943 3075 3065 3125 spes
3096 3070 3310 3113 aeternae
3339 3061 3485 3125 vite,

1908 3160 2353 3218 contemptusque
2383 3150 2553 3202 inanis
2581 3150 2760 3218 gloria:
2784 3164 2887 3202 non
2916 3158 3076 3203 esset.

1986 3238 2196 3293 Omnem
2219 3249 2365 3291 terra:
2384 3236 2648 3307 corbitam]
2675 3239 2747 3291 Ex
2772 3247 2977 3293 sumina
3001 3242 3159 3293 totius
3183 3240 3482 3293 mortalium

1912 3331 2260 3387 habitationis
2288 3330 2561 3400 angustia,
2594 3345 2752 3398 quam
2783 3332 2853 3384 sit
2881 3329 3035 3384 eltilis
3067 3332 3217 3385 fama:
3247 3331 3482 3399 divulga—

1910 3423 2007 3486 tio,
2029 3435 2296 3490 quamque
2320 3420 2503 3474 irritus
2526 3418 2830 3487 proferendi
2858 3419 3086 3473 nominis
3106 3412 3327 3473 conatus
3356 3433 3484 3473 sane

1909 3514 2183 3568 evidenter
2211 3511 2464 3565 ostendit.

1982 3603 2148 3658 Sicuti
2190 3601 2504 3671 astrologicis
2543 3600 3053 3654 demonstrationilms
3092 3596 3350 3669 accepisti]
3392 3598 3487 3653 Pa-

1914 3695 2180 3749 renthesis
2206 3702 2322 3758 est,
2369 3694 2622 3763 astrologi
2654 3703 2902 3762 respectu
2944 3694 3260 3748 firmamen'i
3294 3704 3489 3747 terram

1912 3790 2094 3855 puncti
2144 3788 2312 3843 vicem
2364 3787 2564 3841 habere
2609 3787 2686 3841 sic
2738 3788 3125 3841 demonstrant.
3177 3788 3489 3856 Ubicunque

1911 3878 2055 3931 enim
2084 3878 2434 3931 existentibus
2471 3878 2626 3931 nobis
2653 3880 2704 3930 in
2738 3888 2892 3931 terra)
2932 3876 3250 3945 superficie,
3282 3888 3337 3930 et
3362 3892 3489 3930 con-

1912 3968 2271 4021 siderantibus
2311 3968 2496 4020 stellas
2532 3967 2759 4021 diversis
2800 3969 2853 4020 in
2886 3967 3047 4031 locis,
3094 3982 3199 4019 non
3243 3965 3490 4017 videntur

1911 4056 2339 4126 magnitudines,
2390 4070 2562 4124 neque
2607 4056 2788 4109 earun’t
2832 4058 2967 4109 inter
3006 4072 3065 4110 se
3107 4055 3371 4109 distantia:
3403 4070 3490 4106 va-

1913 4152 2062 4205 riari.
2095 4149 2247 4205 Unde
2274 4158 2328 4203 et
2354 4163 2445 4203 eas
2472 4149 2751 4215 aequaliter
2787 4163 2815 4200 a
2858 4152 2998 4201 terra
3046 4156 3276 4201 remotas
3307 4144 3489 4196 liabcri

1914 4241 2314 4308 comprobatur,
2346 4252 2505 4292 sensu
2538 4239 2587 4291 id
2615 4239 2931 4294 mstimante.
2968 4236 3133 4291 Te'rra
3170 4237 3333 4304 igitur
3362 4250 3490 4289 ceu-

1915 4341 2053 4385 trum
2083 4341 2165 4383 est
2202 4330 2463 4397 sphaera,
2505 4330 2688 4398 sicque
2732 4330 2908 4397 puncti
2952 4328 3203 4380 sortietur
3230 4324 3488 4379 officium.

1916 4421 2058 4475 Idem
2102 4419 2310 4473 accidet
2358 4428 2512 4473 terrm
2559 4422 2625 4472 ad
2670 4419 2797 4472 solis
2835 4419 3099 4484 sphzeram
3145 4428 3489 4482 comparatae,

1914 4510 2051 4579 quod
2084 4520 2137 4562 et
2184 4508 2300 4561 aliis
2340 4511 2666 4576 comperitur
2708 4507 2937 4562 indiciis.
2986 4506 3115 4559 Nam
3165 4521 3389 4573 corpora
3442 4524 3492 4560 in

1916 4603 2114 4655 centris
2142 4592 2619 4652 instrumentorum
2659 4600 2995 4653 circularium
3045 4599 3246 4664 posita,
3278 4599 3496 4651 umbras
3530 4610 3555 4627 ο

1916 4690 2239 4760 projiciunt,
2282 4704 2480 4758 easque
2523 4692 2676 4759 longe
2706 4698 2907 4757 motas,
2941 4704 3042 4756 qua
3070 4698 3123 4741 et
3149 4691 3226 4740 Sul
3264 4689 3375 4755 ipse
3409 4704 3493 4739 ra.

1916 4784 2071 4838 dians
2098 4792 2243 4835 motu
2285 4785 2457 4851 primo
2488 4783 2877 4836 circtnnlertur.
2920 4782 2993 4835 Ex
3031 4783 3370 4851 regularitate
3402 4780 3493 4832 ita.

1919 4892 2022 4944 que
2050 4884 2226 4927 tnotus
2257 4875 2487 4936 umbrae,
2531 4890 2688 4942 quam
2717 4889 2873 4927 sensu
2905 4873 3369 4942 deprehendimus,
3401 4872 3497 4925 eli-

1922 4968 2059 5019 citur
2076 4964 2242 5017 solem
2270 4965 2403 5016 circa
2430 4972 2671 5016 centrum
2698 4964 3167 5016 instrumentorum
3185 4962 3498 5030 regulariter

1923 5056 2123 5109 moveri
2152 5073 2164 5105 :
2203 5054 2429 5121 ideoque
2460 5053 2987 5122 centra'ltujusmodi
3025 5054 3496 5107 instrumentorum

1922 5148 2088 5200 centri
2117 5147 2340 5209 mundi,
2382 5146 2521 5198 circa
2553 5146 2693 5214 quod
2723 5155 2897 5199 motus
2928 5146 3158 5214 primus,
3189 5143 3497 5212 reguiariter

1922 5238 2088 5291 vicem
2116 5238 2380 5291 obtinere.
2413 5236 2544 5290 Cum
2579 5218 2756 5304 itaque
2784 5246 2939 5292 terra:
2964 5235 3261 5290 crassitudo
3286 5234 3413 5286 nihil
3447 5232 3498 5285 in

1926 5329 2008 5382 his
2039 5328 2198 5381 rebus
2232 5329 2476 5380 immittat
2511 5342 2571 5378 va
2606 5328 2816 5388 ietatis,
2849 5343 3029 5382 verum
3062 5326 3391 5403 propositum
3423 5323 3498 5376 vi-

1920 5420 2097 5475 detur.
2129 5420 2397 5473 Prreterea
2438 5419 2656 5473 horizon
2680 5419 2835 5471 oculo
2868 5421 2916 5472 in
2947 5434 3005 5471 se
3050 5419 3294 5470 existettti
3341 5416 3497 5469 d'mi-

1923 5512 2067 5566 dium
2111 5510 2232 5566 caeli
2263 5511 2523 5576 occultat,
2573 5510 2953 5577 dimidiumque
2980 5507 3145 5560 videri
3179 5507 3323 5559 sinit.
3353 5508 3500 5571 Quod

1922 5606 2160 5673 profecto
2206 5605 2336 5659 nulli
2391 5604 2693 5673 superﬁciei
2743 5604 2940 5672 planre,
2994 5600 3092 5653 nisi
3138 5616 3231 5668 per
3262 5608 3499 5655 centrum

1924 5697 2148 5764 sphaera:
2190 5697 2483 5749 transeunti
2532 5695 2798 5763 proprium
2848 5702 2948 5747 est.
2980 5692 3144 5746 Secus
3175 5700 3359 5744 autem
3379 5705 3498 5742 eve-

1925 5788 2063 5841 niret
2108 5788 2152 5842 si
2201 5804 2301 5855 qua
2354 5800 2497 5844 esaet
2528 5798 2682 5842 terrae
2726 5794 2967 5853 respectu
3013 5784 3132 5838 eteli
3175 5779 3497 5853 magnitudo.
