4010 6372
534 322 641 380 085

1211 333 1552 392 ΔΡΡΕΝΙΠΧ
1593 339 1683 393 AD
1723 340 1960 397 LIBROS
2001 344 2088 433 DE
2126 344 2636 411 CONSULATIONE
2674 358 3163 422 PHILOSOPlH/E.

3686 376 3791 435 93a

533 441 606 556 :1.
639 443 841 556 Tullius
866 446 1229 512 Qtimstionum
1260 452 1681 508 Tusculanarum
1725 456 1860 511 libro
1891 459 2062 525 primo
2091 474 2105 510 :
2134 464 2176 515 Α
2212 464 2539 529 asperrimus
2568 479 2620 522 et
2642 470 2995 543 inhospitalis,
3021 478 3222 534 Indiam
3243 493 3271 533 ε
3292 481 3505 553 Scythia
3530 500 3787 556 separatis

531 532 858 590 Persuadent
922 538 1063 592 enim
1123 545 1483 597 mathematici

516 1080 677 1127 tetur.

582 1162 794 1237 Puncti]
840 1168 1137 1226 Macrobius
1166 1174 1217 1227 in
1250 1177 1515 1231 somnium
1537 1177 1803 1247 Scipionis
1832 1181 1948 1236 haec
1978 1192 2090 1237 tra-

506 1253 689 1307 didit:
726 1257 988 1313 Punctum
1038 1263 1285 1319 dixerunt
1329 1281 1449 1321 esse
1497 1277 1782 1337 geometra:
1829 1272 1972 1339 quod
2018 1274 2088 1329 ob

508 1344 1100 1416 incomprehensibilem
1149 1355 1457 1411 brevitatem
1488 1359 1569 1412 sui
1616 1360 1668 1412 in
1719 1370 1895 1425 partes
1922 1362 2085 1418 dividi

503 1454 610 1493 non
647 1444 847 1509 possit,
882 1460 979 1500 uec
1004 1448 1173 1514 ipsum
1218 1464 1342 1516 pars
1368 1450 1573 1518 aliqua,
1599 1453 1691 1507 sed
1719 1457 2084 1511 tantummodo

498 1531 711 1601 signum
729 1548 849 1589 esse
869 1536 1096 1591 dicatur.
1117 1538 1324 1608 Pltysici
1346 1551 1542 1595 terram
1567 1542 1633 1619 ad
1661 1545 2079 1613 magnitudinem

497 1625 651 1689 circi,
687 1641 781 1695 per
811 1642 969 1698 quem
996 1629 1075 1683 sol
1106 1630 1358 1699 volvitur,
1386 1633 1571 1702 puncti
1594 1635 1810 1689 modum
1833 1635 2079 1693 obtinere

495 1718 747 1775 docuere.

1553 554 1747 599 terram
1815 548 1868 601 in
1931 549 2108 603 medio

525 624 727 677 mundo
763 625 918 679 sitam
969 628 1035 682 ad
1080 632 1313 687 universi
1360 634 1480 688 (σαξΙί
1519 638 1890 701 complexum,
1924 642 2104 709 puncti

524 712 696 767 instar
740 715 1016 783 obtinere,
1062 722 1202 789 quod
1243 728 1437 799 κέντρον
1484 727 1558 780 illi
1599 738 1811 782 vocant.
1857 730 2099 787 Seneca:

488 791 499 807 ⁷
522 800 781 858 Punctum
811 816 921 875 est,
955 819 1009 863 et
1049 813 1223 868 adhuc
1264 791 1459 882 puncto
1500 819 1676 873 minus
1698 861 1713 885 ,
1747 822 1886 889 quod
1914 823 2103 877 incoli-

518 898 659 948 mt’ts.
718 894 861 966 Lege
920 898 1151 955 Plinium
1222 903 1357 958 libro
1414 921 1449 959 ll
1495 906 1760 963 Naturalis
1813 912 2095 975 Historiae,

514 997 635 1050 cap.
671 985 760 1053 70,
792 987 945 1056 cujus
970 990 1154 1046 titulus
1180 1001 1299 1048 est:
1366 997 1495 1064 Quae
1551 1000 1725 1066 portio
1756 1010 1913 1057 terrae
1944 1004 2096 1059 habi-

2210 554 2261 607 in
2294 556 2487 611 ﬁnibus
2514 563 2875 631 Assyriorum.
2905 612 2911 617 .

2278 644 2513 719 Parthis]
2544 651 2605 703 Hi
2630 655 2807 721 populi
2830 666 2953 711 sunt
2980 659 3122 715 Asiae
3149 664 3363 733 majoris
3387 681 3551 736 prope
3577 672 3781 737 Medos,

2207 733 2505 803 Hyrcanos,
2534 742 2713 805 Arios,
2741 754 2793 798 et
2816 746 2865 798 id
2890 762 3057 815 genus
3083 751 3285 807 vicinas
3311 733 3501 825 gentes
3521 775 3535 811 :
3569 733 3784 816 fuerunt

2203 831 2383 877 autem
2425 826 2743 897 Scytharum
2786 838 3017 891 exsules.
3062 839 3195 895 Nam
3238 843 3490 914 Scythico
3529 863 3782 905 sermone

2201 911 2403 979 Parthi,
2424 920 2637 974 exsules
2657 921 2927 986 dicuntur.
2950 928 3176 994 primum
3198 911 3411 999 quidem
3432 937 3576 990 inter
3592 940 3780 993 Orien-

2199 1004 2335 1059 tales
2366 1009 2590 1074 populos
2619 1011 3017 1083 obscurissimi,
3054 1029 3238 1086 postea
3278 1038 3373 1090 per
3418 1027 3675 1082 virtutem
3713 1031 3775 1082 ad

2196 1106 2461 1149 summam
2492 1100 2715 1166 gloriam
2742 1107 2975 1171 provecti
3000 1118 3143 1163 sunt.
3174 1110 3415 1180 Pugnant
3441 1125 3625 1169 autem
3659 1132 3777 1183 pro-

2193 1186 2534 1241 currentibus
2574 1190 2756 1258 equis,
2797 1203 2889 1247 aut
2932 1204 3077 1266 terga
3109 1200 3381 1265 dantibus;
3423 1217 3572 1272 saepe
3616 1206 3772 1259 etiam

2192 1275 2370 1344 fugam
2419 1279 2701 1348 simulant,
2750 1294 2807 1339 ut
2862 1288 3179 1346 incautiores
3233 1294 3492 1350 adversus
3550 1300 3770 1353 vulnera

2191 1365 2531 1436 insequentes
2557 1372 2807 1428 habeant.
2831 1375 2986 1430 Plura
3009 1379 3076 1433 de
3098 1381 3179 1435 his
3202 1383 3316 1453 lege
3336 1386 3475 1451 apud
3501 1386 3768 1442 Justinutn

2187 1455 2325 1511 libro
2349 1475 2456 1527 xu,
2486 1472 2542 1515 et
2566 1465 2704 1531 apud
2734 1464 3075 1522 Plutarchum
3098 1469 3149 1523 in
3174 1470 3290 1525 Vita
3315 1474 3517 1528 Crassi.

2257 1546 2326 1601 Id
2350 1550 2599 1621 locorum]
2630 1553 2707 1607 Eo
2729 1554 2848 1608 loco
2869 1556 3253 1613 habitantibus.
3280 1561 3478 1615 Eorum
3502 1564 3765 1632 locorum,

2182 1635 2404 1706 ﬁgurata
2452 1640 2680 1707 locutio,
2719 1644 2910 1699 similis
2961 1646 3035 1701 illi
3074 1663 3233 1717 supra
3279 1652 3499 1720 positae,
3532 1663 3596 1706 ut
3631 1655 3685 1708 in
3715 1656 3765 1708 id

2180 1726 2354 1779 aetatis
2386 1732 2587 1794 pueris.

566 1811 867 1886 Ptolema'o]
900 1814 995 1869 Hic
1038 1817 1337 1889 astrologus
1377 1817 1475 1871 fuit
1512 1818 1795 1890 Egyptius
1838 1835 2069 1890 genere,
2100 1807 2147 1867 Β
2248 1811 2630 1887 Formidolosa]
2659 1818 3055 1878 Formidabilis.
3084 1826 3487 1885 Formidolosus
3506 1832 3673 1886 modo
3694 1834 3761 1887 εἰς

490 1903 696 1959 studuit
725 1906 1091 1971 Alexandriae,
1133 1919 1185 1962 et
1215 1909 1510 1964 liberalium
1539 1912 1731 1964 artium
1763 1926 1824 1966 ac
1861 1911 2073 1968 Graeca-

487 2011 610 2050 rum
643 1996 936 2052 litterarum
963 1999 1152 2053 studiis
1180 1999 1512 2056 clarissimus
1541 2004 1712 2057 evasit
1741 2004 2073 2071 temporibus

485 2088 741 2142 Antonini
772 2088 1140 2158 imperatoris,
1164 2090 1305 2159 quod
1334 2091 1558 2160 ipsemet
1591 2093 1643 2146 in
1683 2107 1847 2162 opere
1877 2108 2071 2163 magno

482 2178 839 2234 demonstrat.
891 2180 947 2234 ln
1014 2176 1335 2250 astrologia!
1365 2182 1587 2236 scientia
1649 2183 1889 2251 priorum
1939 2185 2065 2239 nulli

479 2268 661 2324 cessit.
719 2270 928 2325 Primus
970 2271 1112 2325 enim
1158 2271 1300 2337 apud
1361 2269 1577 2327 Graecos
1622 2274 1744 2327 εωΙὶ
1802 2275 2068 2330 rationem

477 2372 692 2412 onmem
712 2359 1014 2429 diligentius
1030 2362 1302 2429 explicuit,
1328 2361 1652 2431 inventaque
1672 2365 1738 2417 ab
1758 2363 2063 2433 Hipparcho

474 2448 827 2503 instrumenta
850 2450 1048 2504 clarius
1072 2452 1411 2506 monstravit.
1439 2451 1623 2508 Edidit
1645 2468 1890 2524 magnam
1913 2455 2061 2511 illam

472 2542 940 2609 compositionem,
1001 2559 1159 2613 quam
1209 2544 1575 2614 Almagestttm
1626 2555 1866 2614 vocant;
1923 2562 2061 2618 opus

471 2632 598 2687 Item
624 2641 853 2703 quatuor
876 2642 1217 2689 tractatuum.
1244 2634 1467 2706 Scripsit
1491 2638 1871 2707 centiloquium
1894 2653 2057 2709 super

468 2721 553 2777 his
582 2738 700 2791 quae
730 2723 797 2778 ad
826 2726 1112 2793 practicam
1158 2726 1426 2795 pertinent
1451 2737 1716 2784 astrorum
1761 2732 2056 2801 prognosti-

466 2829 586 2868 cam
606 2855 619 2876 ,
652 2827 864 2870 centum
895 2816 1144 2872 videlicet
1166 2832 1431 2883 canones,
1461 2834 1597 2889 quos
1626 2820 1799 2876 Graeci
1824 2825 2051 2895 κάρπους

463 2917 563 2959 voc
599 2915 678 2971 nt,
704 2907 847 2976 quod
876 2905 1108 2961 fructum
1138 2916 1192 2962 et
1224 2910 1653 2978 experimentum
1682 2908 2051 2983 prognostico-

462 3008 580 3047 rum
612 3008 732 3048 esse
761 2994 960 3049 dicant.
993 2996 1105 3051 Sed
1144 3006 1195 3051 et
1242 2998 1309 3053 de
1354 3001 1555 3054 musica
1596 3009 1703 3055 tres
1749 3005 2053 3070 composuit-

460 3086 659 3152 librus,
688 3087 860 3156 deque
902 3089 1220 3160 geographia
1240 3131 1257 3156 ,
1286 3091 1427 3159 quod
1458 3092 1713 3162 astrologi
1743 3109 1891 3148 more
1916 3110 2042 3148 con-

2174 1903 2391 1972 gniﬁcat
2416 1907 2809 1963 meticulosum.
2837 1911 3116 1971 Terentius
3146 1935 3157 1969 :

2954 2005 3107 2066 Egon’
3134 2006 3471 2061 formidolosus
3488 2013 3512 2061 ἲ)

2170 2075 2221 2129 id
2252 2087 2354 2143 est,
2385 2094 2553 2148 egone
2582 2095 2699 2136 sum
2726 2083 2815 2152 qui
2857 2085 3068 2141 timeam
3092 2088 3115 2141 ἲ
3179 2092 3338 2144 modo
3367 2107 3491 2151 eum
3519 2094 3618 2162 qui
3645 2095 3757 2150 aliis

2170 2167 2413 2223 timorem
2437 2170 2615 2225 infert.
2663 2174 2980 2230 SalluSIius:
3016 2177 3251 2248 Regibus
3282 2184 3404 2236 boni
3429 2200 3599 2252 quam
3633 2189 3754 2242 mali

2165 2271 2307 2327 susp:
2327 2260 2528 2316 ctiores
2549 2272 2694 2330 sunt,
2722 2280 3042 2337 semperque
3071 2268 3154 2324 his
3181 2271 3353 2328 aliena
3374 2275 3550 2330 virtus
3573 2278 3753 2332 formi-

2163 2347 2351 2402 dolosa
2380 2360 2482 2403 est.

2234 2437 2457 2495 Romani
2498 2444 2741 2516 nominis]
2790 2447 3016 2503 Romani
3066 2451 3316 2508 hominis.
3365 2454 3747 2514 Paranomasia

2161 2536 2263 2592 est,
2285 2544 2405 2597 quin
2432 2533 2620 2589 Latine
2639 2536 2836 2591 dicitur
2852 2541 3236 2609 agnominatio.
3264 2543 3543 2611 Depromit
3570 2556 3745 2602 autem

2157 2631 2531 2688 argumentum
2558 2640 2623 2679 ex
2655 2627 2778 2682 loco
2818 2632 2908 2698 qui
2952 2631 3146 2687 dicitur
3198 2633 3267 2688 ab
3301 2650 3369 2688 eo
3400 2638 3549 2703 quod
3579 2641 3744 2709 magis

2156 2718 2278 2766 est:
2307 2714 2447 2781 quod
2486 2724 2540 2769 et
2567 2717 2709 2773 hunc
2732 2719 2784 2773 in
2813 2720 3032 2775 modum
3058 2733 3235 2792 potest
3266 2725 3549 2793 explicari.
3581 2729 3744 2799 Magis

2151 2800 2365 2857 videtur
2391 2802 2579 2860 Romae
2607 2808 2913 2876 reipublicae
2955 2812 3117 2878 quam
3159 2812 3618 2882 uniuscujuslibet
3644 2820 3741 2872 ho-

2149 2895 2313 2951 minis
2365 2896 2625 2965 Romani,
2680 2914 2873 2955 nomen
2924 2902 3062 2956 ultra
3117 2903 3419 2959 Caucasum
3484 2910 3739 2979 progredi

2148 3001 2337 3056 posse;
2364 2990 2457 3045 sed
2488 3006 2592 3045 non
2623 2991 2773 3062 illud,
2808 2994 3035 3061 proinde
3054 3010 3153 3051 nec
3181 2997 3300 3052 hoc.

2222 3080 2358 3145 Quid
2397 3085 2533 3149 quod
2563 3083 2882 3137 diversarum
2916 3085 3162 3156 gentium]
3194 3087 3389 3141 Probat
3418 3104 3486 3144 ex
3530 3091 3736 3148 discre-

459 3180 693 3249 scripsit.
744 3181 1096 3237 Enarratores
1141 3182 1303 3235 habet
1348 3183 1645 3251 praecipuos
1670 3160 1751 3239 vex
1798 3185 2041 3241 barbaris

2158 3175 2323 3239 pantia
2348 3188 2554 3228 morum
2580 3185 2635 3230 et
2662 3176 3049 3241 institutorum,
3079 3180 3269 3248 quibus
3291 3180 3523 3235 diversa:
3547 3193 3732 3252 gentes

460 3270 593 3343 Holy
621 3266 678 3324 et
706 3272 1046 3335 Albumazer,
1077 3286 1143 3325 ex
1170 3272 1372 3326 Graecis
1397 3272 1633 3340 Tappum
1658 3283 1711 3327 et
1739 3275 2033 3333 T-heonem.

456 3363 695 3430 Sepulcri
724 3362 956 3433 elogium
988 3364 1359 3417 tetrastichum
1401 3365 1515 3433 ipse
1544 3367 1727 3436 posuit
1755 3366 2037 3437 Grzecum,

454 3451 594 3521 quod
621 3451 836 3519 quidam
863 3452 941 3506 sic
962 3452 1340 3521 interpretatus
1359 3463 1442 3509 est
1466 3473 1480 3509 :

577 3544 831 3611 mortalem
854 3548 1074 3605 quamvis
1098 3560 1177 3595 me
1202 3549 1355 3596 norim
1381 3555 1514 3599 sorte
1539 3559 1776 3611 creatum,

640 3608 761 3654 Dum
790 3614 950 3675 tamen
976 3616 1211 3675 astrorum
1234 3618 1424 3675 scrutor
1449 3614 1496 3659 in
1515 3608 1787 3675 orbgvtas,

571 3669 688 3717 Sum
716 3669 919 3732 pedibus
944 3668 1121 3717 tellure
1150 3670 1335 3732 procul,
1354 3673 1596 3731 juxtaque
1618 3668 1897 3725 Tonantem.

628 3729 832 3778 Assideo
854 3731 1011 3787 divus,
1040 3729 1209 3790 pascor
1236 3739 1287 3781 et
1311 3729 1567 3782 ambrosia.

514 3810 801 3883 lncolatur]
833 3811 1182 3868 lultabitetur.

513 3901 637 3973 Siti]
668 3902 937 3958 Siccitate.

518 3992 697 4063 Vasta]
731 3993 970 4047 Deserta.

510 4082 663 4155 Area]
694 4085 1043 4153 Regiuncula.

508 4174 798 4246 Limitibus]
830 4175 1117 4229 Terminis.

506 4264 737 4336 Arctata]
764 4265 1029 4331 Cohibita,
1062 4266 1372 4321 constricta.

508 4354 674 4427 Adde]
702 4357 947 4411 Ostendit
971 4372 1034 4410 ex
1064 4359 1299 4426 genlillm
1325 4358 1636 4415 diversitate
1660 4359 2017 4429 distantiaque

372 4492 407 4511 .,
438 4449 630 4503 famam
660 4465 765 4503 non
791 4450 945 4519 longe
969 4449 1246 4518 propagari
1272 4463 1450 4518 posse.

507 4539 746 4610 Ratione]
782 4540 957 4593 Modo.

505 4627 786 4700 Distantes]
844 4631 1177 4685 Dill‘erentes.
1233 4633 1543 4687 Grtecorum
1599 4633 1846 4702 adagium
1895 4645 2008 4694 est,

433 4722 590 4793 Νόμος
616 4725 695 4775 καὶ
720 4730 895 4795 χώρα,
922 4723 1034 4776 Mos
1058 4724 1174 4776 sive
1198 4723 1281 4775 lex
1304 4730 1359 4776 et
1383 4725 1551 4790 regio,
1584 4722 1721 4789 quod
1746 4722 2010 4792 signiﬁcat

433 4812 715 4879 unicuique
745 4812 886 4883 genti
915 4827 1039 4865 suas
1070 4814 1325 4882 quasdam
1352 4827 1470 4867 esse
1508 4814 1654 4883 leges
1683 4822 1738 4867 et
1768 4815 2007 4867 instituta

432 4903 662 4958 vivendi.

502 4993 649 5049 Sicut
679 4994 783 5061 ipse
808 4997 1031 5061 quodam
1061 4994 1171 5046 loco
1202 4991 1475 5063 signiﬁcat]
1508 4994 1658 5060 Apud
1689 4992 2005 5048 Ciceronem

426 5088 479 5140 itt
520 5085 745 5141 Somnio
774 5085 1069 5155 Scipionis,
1112 5085 1392 5138 Africanus
1421 5088 1488 5138 ad
1518 5093 1765 5151 nepotem
1807 5085 1887 5138 sic
1922 5085 2005 5137 in-

426 5179 582 5245 quit:
630 5176 708 5231 Ex
756 5177 837 5231 his
886 5177 1015 5245 ipsis
1055 5176 1209 5230 cultis
1248 5176 1494 5243 notisque
1537 5175 1694 5229 terris
1742 5190 1865 5227 num
1913 5185 2005 5229 aut

426 5278 577 5323 tuum
599 5309 612 5330 ,
642 5277 733 5321 aut
757 5266 1070 5336 cujusquam
1102 5274 1341 5321 nostrum
1374 5279 1569 5319 nomen
1594 5265 1677 5317 vel
1707 5264 1999 5319 Caucasum

426 5359 571 5414 hunc.
601 5361 782 5430 (quem
826 5356 1024 5427 cernis)
1074 5354 1451 5411 transcendere
1495 5355 1696 5423 potuit,
1739 5357 1821 5409 vel
1853 5356 2000 5409 illum

425 5450 661 5522 Gangem
704 5450 1072 5506 transnatare?

494 5544 799 5615 Caucasum]
846 5544 1116 5599 Caucasus
1180 5540 1411 5609 Scythite
1462 5555 1616 5593 mons
1665 5549 1779 5601 est,
1828 5540 2003 5633 dictus

424 5635 571 5703 quasi
599 5650 916 5704 graucasus,
947 5638 1049 5688 hoc
1079 5643 1161 5688 est
1196 5634 1315 5687 nive
1344 5632 1599 5687 candidus
1619 5672 1631 5695 ,
1661 5642 1719 5685 ut
1764 5632 2002 5684 Pliu.’ait

424 5727 521 5781 lib.
568 5743 635 5782 vt.
699 5729 967 5783 Caucasus
1018 5741 1171 5782 mons
1220 5736 1299 5784 est
1362 5726 1689 5783 editissimus
1757 5725 2001 5794 idemque

2143 3274 2384 3329 utuntur,
2418 3280 2522 3319 non
2560 3268 2862 3323 conducere
2886 3267 3116 3339 cuipiam
3145 3283 3339 3323 nomen
3372 3272 3427 3323 in
3468 3273 3731 3340 plurimos

2140 3356 2367 3423 populos
2397 3358 2654 3425 proferre,
2682 3372 2801 3411 cum
2833 3359 2975 3427 quod
3003 3359 3143 3427 apud
3170 3360 3268 3413 hos
3299 3358 3524 3429 dignum
3547 3364 3724 3428 laude,

2137 3446 2275 3514 apud
2308 3446 2427 3501 illos
2452 3448 2718 3516 supplicio
2741 3449 2958 3520 digntim
2980 3450 3267 3521 jttdicetur.

2206 3535 2378 3591 Mores
2408 3547 2556 3607 atque
2579 3540 2811 3595 instituta
2831 3543 3143 3615 discordant]
3173 3545 3249 3599 De
3271 3545 3355 3600 his
3377 3546 3596 3617 legatur
3619 3549 3723 3605 Eu-

2134 3627 2316 3682 sebius
2352 3629 2497 3691 libro
2521 3646 2572 3683 vt
2612 3632 2679 3686 de
2721 3631 3114 3702 Praeparationé
3153 3639 3502 3710 evangelica,
3550 3644 3719 3710 capite

2130 3730 2352 3784 octavo;
2375 3721 2615 3777 Valerius
2630 3724 2895 3781 Maximus
2912 3727 3047 3781 libro
3065 3729 3333 3794 secundo;
3358 3730 3715 3802 Hieronymus

2131 3810 2184 3862 in
2209 3810 2580 3877 Juviuiattum;
2609 3813 2892 3869 Bessarion
2925 3816 3062 3871 libro
3087 3828 3309 3887 quarto,
3342 3821 3394 3874 in
3423 3822 3712 3878 caluml‘a-

2131 3907 2299 3954 torem
2322 3900 2575 3967 Platonis,
2600 3905 2774 3973 capite
2796 3906 2863 3969 ὃς
2896 3905 3169 3976 Philippus
3193 3909 3492 3965 Beroaldus
3522 3914 3577 3967 in
3600 3927 3709 3967 ora-

2130 3989 2276 4046 tione
2305 3993 2656 4060 proverbiali,
2688 4007 2742 4049 et
2775 3996 3026 4051 Era'smus
3057 4008 3238 4052 noster
3267 4000 3321 4052 in
3354 4002 3707 4070 explicatione

2126 4082 2268 4137 illius
2294 4083 2466 4153 adagii
2492 4100 2507 4137 :
2542 4085 2649 4140 Lex
2674 4094 2729 4140 et
2762 4088 2927 4156 regio.
2965 4088 3086 4142 Haec
3109 4090 3235 4142 mihi
3277 4106 3420 4145 nunc
3448 4094 3704 4147 indicasse

2124 4173 2383 4229 studiosis
2405 4190 2590 4230 earum
2616 4190 2792 4232 rerum
2819 4179 2947 4233 satis
2968 4178 3040 4234 sit
3066 4179 3132 4234 ad
3155 4180 3258 4235 alia
3286 4183 3620 4250 properanti.

2196 4262 2465 4317 Praeclara
2486 4263 2599 4335 illa]
2622 4265 2805 4321 lrrisio
2834 4278 2916 4322 est
2942 4285 3091 4324 vanae
3112 4272 3319 4340 glorim.

2195 4353 2303 4407 Sed
2320 4370 2469 4422 quam
2486 4358 2670 4410 multos
2692 4356 3020 4431 clarissimos]
3048 4362 3235 4429 Arguit
3253 4363 3483 4430 gloriam
3508 4363 3696 4417 irritam

2120 4457 2262 4509 esse,
2294 4455 2402 4499 tum
2430 4446 2500 4501 ob
2545 4449 2865 4516 scriptorum
2909 4450 3210 4518 defectum,
3250 4462 3359 4507 tum
3403 4456 3476 4509 ob
3522 4470 3693 4509 eorum

2042 4513 2095 4571 D
2120 4533 2531 4591 inconstantiam
2559 4546 2615 4592 et
2638 4513 2855 4594 minime
2883 4540 3178 4597 durabilem
3206 4543 3596 4600 inﬁrmitatem.

2193 4624 2517 4695 Scriptorum
2548 4628 2720 4697 inops]
2746 4628 3029 4685 Multarum
3072 4633 3309 4702 gentium
3338 4644 3395 4687 et
3444 4636 3688 4705 imprimis

2117 4717 2501 4772 Germanorum
2522 4720 2791 4789 pleneque
2810 4722 2995 4777 laudes
3012 4732 3063 4777 et
3086 4738 3171 4777 res
3186 4734 3349 4794 gestae
3366 4726 3538 4780 latent
3553 4729 3686 4796 igno-

2116 4819 2430 4879 ranturque,
2453 4811 2593 4878 quod
2616 4812 2803 4879 priscis
2824 4812 3301 4882 illistemporibus,
3320 4830 3445 4869 cum
3465 4818 3681 4871 nondum

2113 4915 2291 4955 mores
2313 4902 2548 4956 externis
2573 4903 2774 4957 deliciis
2795 4914 2972 4957 essent
2989 4905 3232 4983 emolliti,
3255 4907 3514 4973 paulatim
3537 4917 3678 4974 atque

2113 4991 2351 5058 corrupti
2382 4992 2671 5061 scriptores
2692 5034 2707 5059 ,
2734 4993 2823 5061 qui
2856 4994 3108 5062 praeclara
3131 4994 3363 5046 facinora
3402 4996 3679 5047 litterarum

2114 5085 2475 5139 monumentis
2503 5086 2825 5153 proderent,
2858 5084 3157 5139 defuerunt.
3190 5086 3293 5139 Sed
3324 5097 3378 5137 et
3408 5101 3547 5138 nunc
3572 5084 3681 5138 libri

2116 5174 2271 5229 Plinii
2301 5174 2368 5229 de
2406 5174 2569 5229 Bellis
2606 5175 2904 5230 Germania:
2931 5184 2986 5229 et
3015 5174 3197 5242 procul
3225 5174 3389 5227 dubio
3435 5172 3681 5241 permulta

2114 5266 2380 5337 quondam
2413 5268 2643 5334 scripta,
2691 5281 2914 5334 quorum
2964 5282 3031 5320 ne
3076 5265 3210 5318 tituli
3256 5265 3470 5334 quidem
3500 5265 3559 5317 ad
3589 5278 3693 5316 nos

2111 5372 2426 5425 pervenere,
2455 5358 2846 5413 desiderantur.

2194 5447 2290 5500 Vos
2304 5464 2438 5510 vero,
2452 5446 2995 5517 elc.]Argumentatu‘r
3008 5448 3383 5511 disertissime,
3399 5445 3694 5515 quamlibet

2106 5539 2339 5593 diuturni
2370 5541 2625 5607 temporis
2658 5541 3004 5605 famam,cum
3024 5536 3697 5620 linemaliquattdoadmit-

2108 5640 2203 5689 tat.
2239 5631 2379 5683 nulla
2405 5632 2611 5683 ratione
2640 5646 2757 5685 cum
2783 5630 3079 5685 aeternitate
3104 5646 3223 5685 esse
3252 5628 3701 5699 comparandam.

2181 5720 2345 5789 Quod]
2376 5721 2629 5788 Tempus.
