4010 6372
307 311 411 367 985

1460 311 1831 368 ιιυῐιιιιιιιιι
1872 310 2389 367 COMMENTARIA.

3437 307 3554 375 93‘}
3590 360 3593 367 ν

381 410 690 496 Pertractcs]
760 426 1033 482 Intellecta
1094 425 1417 496 perpendas,
1473 435 1527 479 et
1571 426 1748 479 animo
1792 438 1873 477 re-
1903 431 1951 483 Α
2050 420 2163 489 Ira]
2200 422 2297 475 Per
2326 423 2475 476 iram.

305 514 504 566 volvas.

378 606 560 660 Decem
601 608 822 663 millibus
863 608 1032 679 annis]
1077 610 1346 662 Annorum
1390 607 1575 661 decem
1620 606 1872 660 millibus.

304 701 495 755 Sciolis
544 702 926 755 litteratoribus
980 702 1244 755 nonnulla:
1299 699 1547 755 videntur
1604 700 1875 753 orationes

303 807 489 860 patum
517 807 791 860 congruas,
822 807 939 856 qua:
965 806 1068 844 non
1111 806 1360 859 congrua:
1387 790 1558 844 solum
1586 798 1742 851 sunt,
1780 788 1873 841 sed

303 883 463 937 etiam
493 897 613 936 cum
643 883 826 950 primis
860 882 1127 950 elegantes
1150 890 1204 935 et
1233 880 1618 949 probatissimis
1649 879 1879 945 scripto-

302 973 448 1026 ribus
478 981 764 1041 usurpatae.
795 971 1100 1040 Cujusmodi
1122 981 1203 1026 e.t
1231 975 1342 1024 haec
1374 989 1388 1025 :
1415 970 1606 1025 Decem
1638 968 1873 1022 millibus

301 1064 455 1116 annis
499 1077 593 1130 per
637 1063 1043 1133 apposili0uent.
1094 1063 1180 1117 Sic
1226 1063 1409 1115 Latine
1464 1062 1738 1115 dicimus:
1778 1060 1875 1115 llic

300 1163 567 1208 mercator
622 1153 806 1207 decem
848 1154 1011 1207 millia
1059 1152 1218 1207 debet
1259 1167 1469 1207 aureos.
1519 1151 1875 1224 Hieronymus

299 1256 418 1296 cum
445 1242 569 1297 alibi
601 1242 651 1296 id
678 1257 844 1312 genus
881 1242 1147 1307 abundat,
1188 1251 1297 1296 tum
1338 1243 1389 1296 in
1425 1242 1757 1295 Jovinianum
1796 1244 1873 1296 sic

299 1333 514 1399 scripsit
538 1351 550 1385 :
582 1333 736 1386 Aliud
764 1342 846 1387 est
867 1333 1050 1387 decem
1080 1333 1239 1387 millia
1268 1332 1459 1387 talenta
1485 1332 1702 1395 debere,
1731 1331 1872 1386 aliud

298 1421 668 1490 quadrantem.
720 1422 951 1477 Florus:
1002 1420 1132 1475 Cum
1180 1421 1358 1476 statim
1407 1420 1592 1475 decem
1645 1422 1872 1489 amplius

298 1509 465 1563 millia
491 1512 723 1567 coissent
747 1511 1008 1577 homines,
1036 1526 1139 1564 non
1167 1512 1324 1565 modo
1344 1511 1592 1581 eﬂ'ugisse
1613 1512 1870 1578 contenti,

298 1601 402 1668 jam
426 1601 682 1656 vindicari
705 1602 863 1654 etiam
890 1601 1151 1655 volebant.
1179 1599 1321 1656 Idem
1341 1617 1354 1653 :
1373 1600 1448 1654 Es
1471 1601 1586 1669 ipso
1611 1601 1873 1669 equestris

297 1690 501 1743 ordinis
520 1691 658 1763 ,θοι-ε
686 1705 748 1743 ac
775 1699 962 1745 senatu
991 1690 1097 1744 duo
1122 1691 1286 1745 millia
1315 1690 1471 1745 electi
1508 1690 1598 1759 qui
1629 1690 1763 1743 mori
1790 1695 1871 1756 ju-

2051 510 2174 581 Ille]
2208 512 2463 566 'I‘cntatur
2491 522 2545 567 et
2577 513 2689 570 falsi
2726 514 3029 587 philosophi
3052 516 3257 574 illusor.

2048 600 2107 655 Si
2130 600 2390 671 tacuisses]
2409 600 2654 657 Salomon
2678 605 2732 659 in
2755 605 3056 661 Proverbiis
3081 624 3093 659 :
3117 607 3219 672 Qui
3239 606 3550 664 moderatur

1974 703 2251 744 sermones
2298 704 2458 753 suos,
2500 692 2689 747 doctus
2728 704 2782 749 et
2828 697 3059 764 prudens
3095 707 3205 763 est,
3234 708 3289 752 et
3327 698 3547 766 pretiosi

1974 780 2192 847 Spiritus
2223 781 2305 834 vir
2331 781 2590 839 eruditus.
2621 785 2824 840 Stultus
2856 803 3066 857 quoque
3090 778 3137 843 si
3184 792 3435 858 tacuerit,
3463 805 3549 845 sa-

1973 872 2126 938 piens
2161 873 2526 940 reputabitur:
2556 886 2610 929 et
2638 878 2682 930 si
2725 882 3104 947 compresserit
3137 882 3275 935 labia
3305 898 3428 946 sua,
3467 883 3548 937 in-

1975 962 2241 1030 telligens.
2270 963 2530 1032 Diogenes
2551 966 2761 1020 cuidam
2790 968 3105 1036 philosopho
3132 974 3220 1039 qui
3250 968 3549 1027 contentiti-

1973 1050 2086 1105 sius
2113 1052 2312 1120 aliquid
2344 1055 2662 1121 disserebat,
2685 1056 2863 1122 Miser,
2897 1059 3093 1127 inquit,
3124 1060 3263 1129 quod
3289 1063 3545 1131 Optimuin

1975 1151 2055 1196 est
2083 1142 2134 1195 in
2164 1142 2274 1197 vita
2305 1144 2610 1214 philosophi
2649 1162 2714 1202 ac
2743 1150 3067 1216 praecipuum
3110 1150 3289 1205 verbis
3317 1146 3548 1215 philosd-

1976 1232 2191 1299 phando
2226 1236 2543 1303 corrumpis.
2573 1236 2768 1292 Thales
2798 1255 2811 1289 :
2846 1239 2957 1292 Non
2989 1241 3151 1294 multa
3190 1242 3379 1305 verba,
3421 1258 3551 1311 pru~

1975 1323 2151 1378 dentis
2194 1327 2358 1381 animi
2404 1329 2655 1383 indicium
2684 1340 2826 1385 sunt.
2858 1332 3108 1401 Salomon
3141 1334 3547 1388 Proverhiorum

1973 1428 2093 1479 cap.
2135 1430 2165 1468 χ
2202 1433 2215 1469 :
2257 1416 2315 1470 In
2366 1418 2701 1488 multiloquio
2740 1436 2844 1475 non
2887 1422 3059 1476 deerit
3105 1433 3401 1489 peccatum.
3449 1424 3548 1487 Qui

1975 1504 2281 1559 moderatur
2326 1507 2461 1561 labia
2490 1522 2615 1575 sua,
2650 1510 3092 1577 prudentissimus
3136 1521 3237 1566 est.
3287 1512 3550 1566 Ecclesia-

1974 1606 2082 1649 stes
2106 1613 2117 1648 :
2143 1596 2350 1653 Stultus
2368 1600 2530 1654 verba
2552 1602 2883 1669 multiplicat.
2911 1603 3112 1657 Seneca
3139 1620 3151 1656 :
3178 1603 3322 1657 Tene
3338 1617 3548 1672 semper

1974 1687 2119 1741 vocis
2158 1698 2213 1741 et
2248 1690 2445 1744 silentii
2478 1701 2974 1760 temperamentum.
3009 1694 3207 1749 Tacere
3234 1695 3323 1759 qui
3353 1694 3545 1757 nescit,

298 1780 568 1835 berentur.
604 1781 701 1836 Ubi
732 1781 1230 1850 subintelligendum
1253 1790 1336 1837 est
1361 1782 1604 1836 homines
1627 1796 1719 1835 seu
1748 1783 1867 1850 viri,
1901 1769 1947 1828 Β
1976 1778 2144 1831 nescit
2187 1779 2351 1847 loqui.
2399 1780 2695 1836 Macrobius
2724 1783 2813 1836 lib.
2850 1799 2920 1838 vn
2960 1782 3321 1838 Saturnallum
3355 1804 3368 1837 :
3415 1783 3546 1837 Cum

296 1881 353 1923 nt
382 1871 627 1925 desinant
651 1872 952 1941 improbare
979 1871 1107 1926 illud
1134 1873 1187 1925 in
1209 1873 1378 1926 sacris
1399 1872 1639 1927 Litteris:
1657 1872 1871 1927 Duode-

295 1962 403 2015 cim
434 1961 597 2015 millia
626 1962 840 2031 signati.

367 2051 595 2124 Ejusque
642 2054 1005 2121 quantumlibet
1053 2051 1355 2124 multiplex]
1399 2054 1466 2108 Et
1516 2055 1562 2107 is
1618 2069 1870 2111 numerus

294 2143 689 2211 quantumlibet
718 2143 1110 2211 multiplicatus,
1136 2153 1193 2195 ut
1213 2143 1406 2197 millies
1432 2143 1580 2197 mille
1608 2156 1868 2196 annorum

294 2232 483 2295 millia,
517 2233 600 2287 vel
630 2234 745 2302 plus
777 2234 1035 2287 minusve.

363 2322 608 2394 Collatia]
641 2326 993 2392 Comparatio,
1029 2325 1319 2393 proportio.
1348 2326 1661 2379 Aristoteles
1692 2341 1709 2379 ι
1735 2325 1870 2379 libro

291 2411 363 2466 de
386 2412 537 2467 Caelo
569 2421 627 2467 et
654 2414 851 2467 Mundo
881 2432 893 2466 :
935 2412 1117 2468 Poni"
1144 2422 1319 2469 autem
1352 2416 1496 2469 nulla
1521 2423 1603 2471 est
1635 2416 1775 2471 ﬁniti
1801 2415 1867 2469 ad

294 2500 575 2572 Inﬁnitum.

367 2592 841 2667 Quantumcunque]
873 2595 1193 2651 Adverbium
1224 2610 1364 2651 nunc
1390 2607 1494 2652 est.

362 2682 587 2755 Prolixi]
623 2684 812 2754 Longi.

362 2772 698 2844 lnexhausta]
730 2775 956 2840 Infinita,
990 2776 1387 2832 interminabili.

370 2860 472 2914 Vos
499 2872 666 2915 autem
689 2862 811 2934 nisi]
840 2864 1079 2933 Increpat
1110 2867 1411 2921 mortalium
1444 2866 1745 2928 stultitiam,
1779 2869 1868 2935 qui

290 2972 356 3010 eo
399 2955 511 3011 fere
540 2967 661 3009 sunt
690 2957 930 3025 ingenio,
974 2970 1030 3013 ut
1060 2961 1227 3029 magis
1269 2960 1543 3014 hominum
1592 2961 1775 3015 laudes
1815 2970 1869 3014 et

291 3050 447 3101 fama:
479 3050 820 3115 celebritate,
855 3065 1014 3119 quam
1044 3065 1153 3104 sure
1181 3052 1519 3104 conscientia:
1551 3052 1864 3120 puritatem,

291 3151 580 3207 veramque
623 3140 876 3193 virtutum
908 3142 1245 3196 securitatem
1276 3150 1565 3195 sectentur.
1605 3139 1767 3205 Nam,
1811 3149 1869 3194 ut
1892 3108 1940 3168 Ο

290 3231 592 3283 rectissime
626 3231 825 3285 dictum
868 3239 989 3297 est,
1027 3230 1175 3285 Multi
1214 3231 1439 3295 famam,
1487 3231 1867 3286 conscientiam

289 3319 443 3387 pauci
476 3330 744 3375 verentur.

359 3407 441 3458 Ad
468 3394 737 3474 papulttres
764 3408 940 3479 auras]
986 3410 1067 3464 Ad
1105 3411 1314 3467 favores
1351 3421 1406 3466 et
1447 3412 1732 3481 applausus
1768 3426 1867 3480 po-
1920 3393 1929 3402 ’

288 3496 421 3564 puli,
446 3512 602 3565 quos,
622 3507 757 3552 teste
780 3499 1004 3565 Donato,
1025 3516 1130 3554 non
1152 3511 1399 3570 qumrunt
1416 3501 1705 3570 sapientes.
1725 3502 1868 3555 Aura

288 3577 629 3653 splendorem
659 3589 943 3656 significat.
980 3590 1229 3647 Iloratius
1254 3610 1269 3647 :

532 3677 637 3727 Tua
669 3692 733 3727 ne
759 3680 978 3729 retardet
1000 3664 1115 3728 aura
1142 3684 1353 3731 maritos.

287 3762 512 3816 Ponitur
533 3778 627 3832 pro
652 3778 797 3827 aere,
822 3773 961 3816 statu
987 3776 1290 3829 ventorum,
1318 3765 1519 3830 afflatu,
1545 3766 1866 3835 aspiratione

288 3869 381 3907 seu
411 3852 608 3906 favore.
639 3852 785 3906 Maro
814 3854 865 3906 in
892 3852 1144 3909 Aineidos
1167 3864 1361 3909 sexto:

380 3942 519 3991 Nunc
539 3956 736 4004 quoque
757 3944 855 4004 jam
881 3945 1077 3993 nimium
1102 3948 1287 4007 gaudes
1311 3944 1627 4008 popularibus
1644 3947 1793 3994 auris.

290 4027 645 4097 liicronymus
672 4044 683 4079 :
717 4028 842 4083 Plus
863 4027 1018 4082 debet
1040 4028 1239 4082 Christi
1268 4029 1561 4097 discipulus
1584 4039 1861 4098 przcstare,

289 4131 448 4185 quam
482 4117 661 4170 mundi
695 4116 1041 4185 philosOphus
1069 4119 1253 4187 gloriae
1288 4120 1483 4173 animal
1515 4131 1567 4174 et
1596 4121 1862 4190 popularis

288 4222 438 4260 aura:
465 4216 623 4275 atque
650 4223 921 4262 rumorum
954 4209 1142 4264 venale
1169 4212 1510 4279 mancipium.

360 4298 735 4369 Sermunculis]
800 4300 1159 4355 Rumusculis.
1229 4302 1609 4358 Sermunculus
1670 4320 1862 4373 parvus

286 4403 498 4450 sermo,
544 4398 602 4441 ut
650 4389 981 4443 rumusculus
1024 4406 1216 4459 parvus
1258 4407 1461 4446 rumor.
1510 4392 1861 4463 Hieronymus

1973 1875 2154 1919 orator
2185 1882 2288 1922 non
2319 1868 2478 1922 aliter
2520 1869 2619 1924 nisi
2661 1870 2861 1924 orando
2898 1872 3166 1939 probetur,
3202 1872 3545 1940 philosophus

1972 1972 2079 2011 non
2110 1960 2282 2011 minus
2310 1942 2531 2014 tacendo
2561 1975 2656 2028 pro
2687 1970 2924 2031 tempore
2952 1977 3109 2029 quam
3136 1962 3402 2031 loquendo
3430 1962 3546 2031 phi-

1971 2049 2300 2117 losophatur.
2358 2050 2599 2104 Valerius
2640 2051 2898 2105 Maximus
2936 2052 3029 2107 lib.
3060 2068 3131 2107 vu
3157 2070 3169 2104 :
3199 2054 3331 2119 Quid
3364 2052 3546 2107 Xeno-

1972 2142 2131 2193 cratis
2158 2154 2473 2207 responsum
2506 2156 2662 2208 quam
2693 2141 2977 2208 laudabile,
3006 2158 3125 2197 cum
3150 2144 3409 2198 maledico
3435 2159 3546 2198 ser-

1972 2232 2118 2285 moni
2145 2232 2495 2301 quorumdam
2523 2247 2734 2286 summo
2763 2234 2976 2289 silentio
3004 2236 3317 2298 interesset,
3350 2249 3456 2289 uno
3481 2249 3547 2290 ex

1974 2321 2058 2375 his
2100 2330 2373 2390 qua‘rente
2420 2337 2516 2375 cur
2558 2322 2705 2377 solus
2751 2323 2983 2393 linguam
3029 2339 3178 2378 suam
3227 2323 3543 2378 cohiberet:

1970 2412 2103 2481 Quia
2133 2412 2333 2468 dixisse
2358 2429 2466 2477 me,
2500 2414 2694 2483 inquit,
2716 2414 3003 2483 aliquando
3028 2415 3295 2484 ptenituit,
3320 2414 3547 2470 tacuisse

1972 2518 2262 2571 nunquam.
2294 2503 2468 2573 Lege,
2499 2519 2543 2559 ει
2574 2504 2780 2573 placet,
2813 2505 3086 2572 pulchram
3117 2520 3279 2573 super
3316 2504 3417 2561 hoc
3438 2506 3549 2561 Ma-

1970 2595 2118 2646 ronis
2146 2593 2464 2647 sententiam
2494 2593 2633 2661 apud
2665 2592 2926 2649 Donatum
2958 2595 3010 2648 in
3041 2594 3160 2663 ejus
3189 2594 3327 2649 Vita.

2043 2682 2179 2747 Quid
2222 2692 2388 2735 autem
2429 2681 2532 2752 est]
2578 2681 2821 2737 Ostendit
2866 2684 3088 2752 gloriam
3136 2684 3360 2741 mortuis
3410 2684 3545 2739 nihil

1970 2773 2248 2842 prodesse.
2283 2772 2435 2827 Unde
2463 2774 2682 2842 quidam
2706 2773 2979 2843 eleganter
3002 2790 3018 2829 :

2216 2862 2333 2910 Post
2356 2863 2553 2911 cineres
2574 2862 2728 2922 gloria
2749 2874 2860 2911 sera
2884 2865 3036 2912 venit.

2044 2942 2214 3013 Quod]
2245 2943 2409 2996 Totos
2434 2951 2489 2997 et
2514 2957 2742 3010 corpore
2769 2952 2825 2997 et
2844 2943 3017 2996 anima
3043 2943 3181 2998 mori
3210 2943 3473 3001 homines.

2043 3032 2094 3084 Ν
2100 3044 2249 3085 ostris
2274 3030 2518 3102 rationes]
2548 3030 2933 3099 Philosophiae
2954 3035 3469 3102 argumentationes.

2049 3121 2111 3173 Vt
2125 3119 2254 3190 tant]
2284 3120 2395 3173 Non
2428 3121 2763 3189 permittunt.

2044 3209 2266 3263 Terrena
2296 3207 2517 3277 carcere]
2548 3208 2815 3277 Corpore,
2855 3209 2999 3277 quod
3034 3220 3114 3265 est
3150 3212 3301 3280 quasi
3339 3226 3541 3276 carcer,

1971 3302 2049 3357 vel
2079 3301 2405 3370 sepulcrum,
2437 3300 2523 3355 vel
2554 3300 2826 3355 vinculum
2858 3300 3042 3355 animi.

2040 3389 2365 3461 Exemplum]
2397 3390 2723 3446 Liberatam.

2487 3480 2552 3535 IN
2585 3481 2877 3537 METRUM
2914 3481 3028 3536 VII.

2039 3574 2267 3629 Carmen
2284 3582 2366 3628 est
2384 3573 2597 3628 dicolon
2619 3573 2957 3643 distrephon,
2977 3573 3130 3643 cujus
3146 3574 3347 3643 primus
3363 3590 3547 3629 versus

1968 3675 2050 3720 est
2090 3665 2483 3730 archilochius,
2531 3660 2821 3729 iambicus,
2869 3668 3146 3730 senarius,
3195 3667 3543 3727 aeatalectus;

1967 3754 2238 3811 secundus
2266 3755 2525 3809 iambicus
2554 3754 2779 3809 dimeter
2806 3765 2855 3806 et
2888 3754 2998 3821 ipse
3038 3753 3376 3807 acatalectus.
3415 3755 3545 3807 llor-

1969 3854 2111 3899 tatur
2141 3860 2208 3899 eo
2237 3844 2582 3913 Philosophia
2614 3844 2869 3897 mortales
2902 3844 2967 3896 ad
3000 3843 3178 3895 inanis
3206 3842 3389 3910 gloria:
3418 3857 3545 3895 cou-

1968 3942 2257 4001 temptum,
2302 3948 2419 4002 qure
2457 3946 2635 3986 rerum
2673 3931 2907 3985 omnium
2936 3930 3218 3984 vanissima
3251 3931 3405 3985 facile
3444 3933 3546 3984 illis

1966 4023 2254 4092 videbitur,
2281 4024 2327 4076 si
2355 4033 2613 4075 terrarum
2642 4023 2914 4090 angustias
2938 4021 3301 4089 contemplati,
3328 4020 3545 4088 amplis-

1966 4114 2154 4167 simam
2185 4114 2307 4169 Cteli
2340 4111 2750 4165 immensitatem
2783 4110 3137 4179 suspexerim.

2039 4200 2322 4272 Prtrcipiti]
2351 4201 2581 4265 Festina,
2612 4201 2932 4264 inconsulta,
2964 4200 3260 4253 temeraria.

2040 4294 2332 4365 Summum]
2362 4296 2563 4348 Bonum
2590 4309 2880 4357 summum,
2914 4309 3024 4346 rem
3052 4306 3311 4345 summam
3332 4334 3345 4359 ,
3374 4293 3541 4346 bono-

1966 4401 2083 4439 rum
2112 4387 2290 4440 linem.

286 4478 625 4545 Nepotiano:
653 4478 795 4532 Cave
816 4494 883 4531 ne
904 4456 1175 4533 hominum
1192 4484 1529 4536 rumusculos
1554 4456 1857 4552 aucuperis,
1890 4456 1945 4515 D
2037 4477 2306 4550 xElhwria]
2329 4478 2481 4534 C(BIi.

288 4586 357 4623 ne
404 4569 455 4621 in
498 4569 754 4623 offensam
786 4570 878 4624 Dei
926 4571 1239 4639 populorum
1283 4572 1491 4627 laudem
1540 4587 1857 4630 commutes.

286 4659 432 4712 Idem
464 4659 719 4713 Paulino:
754 4659 1105 4714 Rumusculos
1133 4672 1186 4716 et
1222 4663 1473 4734 gloriolas
1502 4675 1554 4721 ct
1584 4667 1861 4735 palpantes

282 4750 591 4803 adulatores
620 4751 771 4819 quasi
799 4753 977 4806 hostes
1008 4754 1145 4822 fuge.
1594 4782 1599 4785 -

353 4836 561 4907 Accipe]
592 4840 748 4903 Audi,
778 4857 1060 4911 cognosce.

354 4928 425 4980 In
453 4927 746 4998 hujusmodi
784 4932 1010 5003 leuitate]
1045 4933 1320 4989 Vanitnte:
1353 4936 1543 5005 legitur
1578 4947 1633 4991 et
1673 4938 1868 4992 levita-

280 5026 428 5081 tem,
460 5018 601 5085 quod
636 5020 836 5088 placet,
872 5030 928 5075 ut
955 5024 1034 5076 sic
1062 5037 1245 5079 contra
1284 5024 1544 5093 ejusmodi
1577 5030 1861 5084 vanitatem

279 5108 573 5177 superbire.

355 5201 525 5266 Quam
550 5204 742 5274 festive]
770 5206 933 5272 Quam
962 5207 1214 5276 jucunde,
1249 5210 1419 5278 lepide
1446 5220 1501 5265 et
1528 5212 1714 5267 facete.

355 5288 611 5363 Illuserit]
640 5293 857 5349 Jocatus
883 5297 974 5350 sit.

356 5384 579 5437 Adortus
630 5384 779 5457 esset]
812 5388 1025 5458 Legitur
1051 5392 1208 5444 etiam
1240 5392 1462 5447 adorsus
1488 5414 1501 5447 ι
1537 5396 1675 5463 quod
1700 5396 1856 5450 ctiam

273 5481 425 5547 apud
459 5481 795 5536 Ambrosium
823 5493 875 5537 et
909 5485 1280 5556 Hieronymum
1313 5490 1540 5544 imenio.

357 5567 669 5646 Tolerusset]
696 5573 886 5628 I’assus
911 5576 1111 5629 fuisset.

356 5660 656 5717 Paulisperl
688 5664 767 5718 Ad
800 5667 1087 5731 pauxillum
1120 5670 1391 5738 temporis.

2039 4569 2245 4640 Cernat]
2270 4570 2690 4639 Contempletur.

2032 4660 2252 4731 'Plagas]
2285 4661 2568 4730 Regiones.

2039 4748 2274 4821 Arctum]
2314 4753 2641 4818 Angustum,
2681 4749 3051 4804 constrictum.
3097 4748 3378 4805 Africanus
3404 4755 3541 4818 apud

1970 4840 2281 4895 Ciceronem
2322 4841 2372 4893 in
2406 4840 2623 4895 Somnio
2651 4839 2950 4908 Scipionis,
2994 4840 3132 4894 unde
3158 4840 3268 4910 fere
3298 4841 3399 4893 hoc
3422 4857 3543 4895 car-

1970 4944 2091 4982 men
2118 4944 2236 4982 cum
2267 4944 2423 4997 prosa
2441 4930 2551 4999 jam
2574 4939 2820 4984 enarrata
2848 4930 3184 4999 desumptum
3208 4942 3290 4985 est
3314 4948 3326 4982 :
3360 4930 3544 4986 Omnis

1963 5032 2140 5075 autem
2165 5031 2305 5075 terra
2328 5037 2447 5091 qua:
2466 5022 2659 5076 colitur
2678 5038 2708 5075 a
2732 5023 2900 5087 vobis,
2918 5034 3201 5092 angustata
3227 5025 3539 5090 verticibus,

1963 5113 2218 5167 lateribus
2246 5115 2423 5179 latior,
2466 5131 2626 5182 parva
2650 5116 2890 5185 quaedam
2916 5116 3087 5168 insula
3112 5126 3195 5170 est
3224 5116 3543 5171 circumfusa

1960 5202 2056 5254 illo
2079 5202 2208 5253 mari
2229 5202 2365 5269 qttod
2393 5203 2737 5270 Atlanticum,
2764 5203 2904 5271 quod
2929 5204 3193 5269 Magnum,
3217 5206 3354 5272 quod
3378 5207 3545 5258 Occa-

1964 5306 2087 5345 num
2130 5292 2411 5359 appellatis
2454 5293 2504 5345 in
2550 5295 2741 5357 tcrris,
2791 5294 2881 5361 qui
2922 5302 3096 5346 tamen
3145 5303 3289 5348 tanto
3331 5296 3543 5349 nomino

1962 5397 2120 5448 quam
2164 5384 2233 5435 sit
2273 5399 2495 5450 parvus,
2536 5385 2707 5438 vides.
2754 5384 2887 5438 IIinc
2938 5384 3220 5439 Petrarcha
3273 5389 3325 5439 in
3370 5402 3405 5440 Il
3447 5387 3538 5440 lib.

1966 5472 2159 5525 Africa:
2180 5487 2289 5529 Sua:
2316 5491 2326 5524 :

2214 5564 2447 5621 Augustis
2473 5572 2682 5614 arctatus
2706 5564 2879 5613 finibus
2903 5567 3033 5614 orbis

2097 5624 2251 5671 Insula
2278 5637 2417 5683 parva
2444 5628 2535 5673 situ
2564 5635 2657 5683 est,
2678 5628 2834 5675 curvis
2854 5639 2997 5686 quam
3023 5627 3231 5675 ﬂexilus
3254 5630 3402 5677 ambit

2092 5685 2332 5743 Oceanus,
2359 5688 2517 5735 \itlen'
2542 5695 2595 5735 ut
2621 5701 2795 5747 partus
2819 5685 3107 5749 cognomine
3129 5702 3164 5737 rt
3182 5689 3344 5749 agno?
