4010 6372
480 341 586 399 987

1127 333 1469 389 APPENDIX
1510 334 1599 387 AD
1640 334 1880 390 LIBROS
1922 336 2010 389 DE
2049 332 2570 391 CONSOLATIONE
2608 329 3105 389 PHILOSOPHUS.

3645 334 3743 385 988

556 452 769 507 Brevem
792 445 1009 516 replere]
1040 446 1184 501 Ordo
1210 456 1324 512 est,
1369 445 1623 511 Pudebit,
1657 446 1881 499 subaudi
1912 440 2030 499 eum
2051 487 2066 511 ,
2095 451 2149 507 Α
2176 446 2363 509 rbutn,
2413 443 2571 512 idque
2615 444 2728 510 ejus
2772 442 2969 496 factum
3024 456 3055 494 a
3099 449 3283 493 senatu
3329 438 3598 496 laudatum
3641 454 3739 499 est.

484 544 577 611 qui
606 551 865 597 terrarum
908 539 1178 606 angustias
1207 552 1269 591 ac
1306 536 1565 591 caalorum
1599 538 1855 591 immensa
1898 539 2069 605 spatia

485 631 877 698 contemplatus
905 630 997 693 sit,
1029 628 1258 681 nominis
1286 628 1447 691 aucti,
1481 626 1534 680 id
1559 637 1640 681 est
1666 628 1855 696 prolati
1881 638 1935 681 et
1955 643 2069 680 am-

487 721 741 790 plificati,
787 732 894 773 non
923 719 1154 771 valentis
1181 724 1358 770 tamen
1397 717 1606 784 replere
1645 718 1858 770 brevem
1899 717 2071 768 ambi-

486 822 633 875 tum,
666 810 718 864 id
746 818 829 866 est
856 820 1138 880 angustum
1170 821 1432 865 terrarum
1475 810 1857 864 habitaculum.
1895 809 2074 877 Scipio

442 932 445 933 ν
486 899 629 966 apud
668 898 981 953 Ciceronem
1028 899 1117 954 lib.
1166 899 1235 954 de
1272 899 1480 967 Repub.
1511 915 1559 952 vt
1586 917 1600 953 :
1631 899 1747 952 Jam
1794 912 1923 953 vero
1960 899 2073 966 ipsa

486 999 635 1043 terra
665 990 733 1042 ita
775 989 905 1044 mihi
940 1005 1099 1058 parva
1141 992 1254 1044 visa
1284 1001 1394 1054 est,
1427 998 1486 1044 ut
1523 1005 1608 1044 me
1637 990 1843 1059 imperii
1875 990 2071 1054 nostri,

487 1094 596 1145 quo
621 1081 769 1147 quasi
799 1089 1052 1148 punctum
1078 1082 1194 1149 ejus
1215 1080 1542 1151 attingimus,
1570 1082 1876 1149 pmniteret.
1905 1084 1958 1135 In
1981 1096 2075 1135 eo-

492 1170 618 1223 dem
663 1184 794 1224 avus
836 1172 917 1227 sic
963 1171 1210 1226 eumdem
1256 1183 1504 1242 nepotem
1547 1187 1701 1226 suum
1740 1173 2083 1241 alloquitur:

488 1257 654 1327 Igitur
693 1260 801 1314 alte
844 1270 1090 1328 spectare
1120 1263 1163 1316 si
1194 1263 1373 1329 voles,
1415 1274 1574 1332 atque
1619 1264 1757 1317 hanc
1799 1263 1980 1316 sedem
2022 1270 2077 1317 et

491 1361 750 1405 aeternam
772 1351 989 1406 domum
1012 1355 1278 1418 contueri,
1312 1369 1483 1423 neque
1505 1363 1555 1408 te
1576 1352 1911 1408 sermonibus
1933 1354 2077 1422 vulgi

492 1439 738 1505 dederis,
780 1455 879 1496 nec
908 1443 961 1496 in
990 1445 1225 1512 praemiis
1254 1444 1499 1498 humanis
1524 1458 1675 1512 spem
1708 1446 1950 1513 posueris
1991 1458 2080 1499 re-

496 1544 620 1585 rum
646 1538 880 1597 tuarum,
912 1535 1024 1604 suis
1046 1542 1100 1589 te
1120 1534 1390 1589 illecebris
1413 1544 1623 1603 oportet
1644 1536 1756 1602 ipsa
1782 1536 1851 1589 vit
1867 1544 1949 1589 tus
1972 1544 2079 1588 tra-

494 1616 591 1672 hat
630 1619 697 1672 ad
728 1634 913 1675 verum
941 1622 1124 1678 decus.
1157 1625 1295 1690 Quid
1341 1625 1408 1679 de
1439 1634 1493 1679 te
1538 1626 1626 1679 alii
1660 1627 1942 1694 loquantur
1980 1628 2078 1695 ipsi

493 1709 732 1775 videant,
752 1711 843 1767 sed
867 1714 1154 1789 loquentyr
1175 1724 1375 1771 tamen.
1399 1716 1587 1771 Sermo
1607 1718 1747 1771 enim
1767 1717 1856 1770 ille
1875 1718 2074 1783 omnis,

2172 536 2344 603 Super
2372 535 2475 588 hoc
2504 536 2653 602 plura
2684 533 2929 586 Valerius
2958 531 3233 596 Maximus,
3262 532 3429 586 Aulus
3449 530 3674 596 Gellius,
3691 540 3743 583 et

2174 625 2227 678 in
2252 624 2366 677 Vita
2399 622 2590 693 Pyrrhi
2619 621 2960 676 Plutarchus.

2242 712 2448 783 lacent]
2477 712 2690 781 Legitur
2715 712 2876 765 etiam
2910 718 3142 763 manent.

2250 804 2387 868 Quid
2425 798 2652 870 Brutus]
2702 800 2937 855 Subaudi
2983 813 3125 853 nunc
3168 806 3271 852 est.
3320 799 3512 854 Junius
3562 798 3753 854 Brutus

2177 892 2379 960 primus
2408 892 2772 944 Romanorum
2813 888 3029 955 consul,
3078 888 3280 943 exactis
3315 888 3532 957 regibus
3569 889 3750 941 urbem

2175 981 2452 1048 liberavit,
2502 981 2639 1035 ﬁlios
2683 993 2834 1046 suos,
2860 978 3004 1049 quod
3043 993 3164 1031 cum
3194 976 3423 1045 Aquiliis
3450 985 3506 1031 et
3532 976 3757 1030 Vitelliis

2177 1073 2244 1126 ad
2285 1071 2620 1139 recipiendos
2648 1069 2700 1123 in
2730 1069 2917 1123 urbem
2957 1067 3276 1136 Tarquinios
3303 1068 3755 1135 conjuraverunt,

2179 1160 2346 1229 virgis
2369 1173 2538 1214 caesos
2567 1172 2757 1213 secure
2784 1157 3067 1225 percussit.
3122 1155 3325 1211 Deinde
3354 1156 3613 1225 singulari
3642 1171 3756 1211 eer-

2180 1252 2383 1305 tamine
2422 1264 2543 1305 cum
2587 1254 2791 1304 Arunte
2819 1248 3093 1317 Tarquinii
3138 1246 3248 1301 lilio
3284 1260 3609 1315 congressus
3648 1256 3758 1310 est,

2178 1354 2284 1407 quo
2308 1354 2368 1393 se
2396 1340 2552 1391 ambo
2580 1338 2776 1391 mutuis
2817 1337 3128 1393 vulneribus
3173 1337 3511 1392 occiderunt.
3553 1338 3760 1390 Marcus

2179 1429 2390 1495 Brutus,
2422 1429 2506 1482 vir
2531 1428 2834 1497 praetorius,
2857 1435 2969 1481 tum
2998 1428 3368 1496 scientia,tum
3398 1428 3600 1481 virtute
3631 1442 3760 1495 pra:-

2180 1522 2324 1576 ditus
2352 1522 2419 1575 ad
2452 1519 2871 1589 recuperandam
2915 1520 3212 1575 libertatem
3252 1521 3445 1575 Julium
3492 1523 3759 1575 Caesarem

2180 1611 2408 1673 occidit,
2443 1619 2625 1677 postea
2652 1610 2824 1664 victus
2846 1610 2899 1663 in
2932 1611 3111 1678 prtelio
3142 1611 3211 1665 ab
3238 1610 3461 1666 Octavio
3488 1611 3595 1665 sibi
3624 1626 3763 1665 mor-

2184 1708 2288 1753 tem
2320 1700 2598 1753 conscivit.

494 1808 553 1853 et
580 1802 837 1868 angustiis
866 1786 1097 1873 cingitur
1135 1806 1217 1859 his
1259 1807 1571 1874 regionum,
1612 1822 1744 1875 quas
1771 1808 1946 1871 vides,
1981 1823 2081 1863 nec
2108 1801 2158 1861 B
2255 1786 2495 1875 Βίθίᾴυδ]
2529 1788 2777 1855 severus:
2811 1788 3137 1843 inﬂexibilis-

498 1904 734 1957 unquam
774 1890 843 1946 de
880 1893 989 1947 ullo
1014 1884 1261 1961 perennis
1289 1895 1415 1961 fuit,
1445 1896 1688 1950 obruitur
1715 1896 1952 1950 omnium
1993 1899 2076 1950 in-

498 1979 681 2044 teritu,
707 1979 975 2036 oblivione
1004 1987 1352 2051 posteritatis,
1378 1986 1749 2053 exstinguitur.

570 2068 731 2139 Quid]
761 2072 839 2125 Ad
867 2074 1014 2140 quid.

572 2156 639 2229 0]
666 2160 909 2214 Mirantis
936 2162 1257 2230 intet‘jectio,
1283 2166 1367 2218 vel
1396 2166 1699 2219 miserantis
1721 2174 1775 2219 et
1794 2167 2082 2220 condolen-

492 2248 565 2299 tis
593 2250 762 2301 errori
800 2251 1135 2305 mortalium.
1166 2253 1309 2306 Ordo
1346 2264 1465 2307 est:
1493 2254 1537 2308 Ο
1565 2256 1690 2322 quid
1731 2258 1941 2324 superbi
1986 2272 2080 2323 ge-

492 2338 669 2389 stiunt
697 2337 891 2392 frustra
914 2340 1089 2394 levare
1116 2341 1251 2396 colla
1275 2344 1482 2396 mortali
1502 2344 1650 2412 jngo!
1679 2345 1780 2399 hoc
1808 2354 1917 2400 est:
1944 2346 2080 2411 Quid

493 2428 714 2493 superbi
746 2437 801 2483 et
828 2429 966 2484 fastu
997 2432 1162 2486 inﬂati
1206 2433 1452 2488 homines
1489 2445 1753 2488 conantur
1805 2439 1856 2490 in
1885 2452 2076 2490 vanum

494 2518 713 2573 nomine
734 2534 832 2575 suo
852 2522 1173 2589 divulgando
1201 2540 1259 2577 se
1281 2525 1505 2579 reddere
1532 2527 1860 2582 immortales
1884 2524 1909 2573 ‘P

569 2609 760 2664 Levare
789 2613 923 2665 colla
950 2613 1099 2684 jugo]
1144 2616 1346 2668 Alludit
1387 2616 1452 2669 ad
1493 2618 1658 2671 boves
1690 2618 1874 2685 jugum
1906 2618 2081 2671 detre-

495 2708 706 2754 rtautes
735 2715 797 2755 ac
826 2702 1059 2767 abjicere
1084 2719 1187 2758 non
1216 2706 1481 2769 valentes,
1507 2706 1655 2775 juxta
1680 2707 1811 2761 illud
1842 2726 1855 2760 :

617 2788 721 2837 Non
738 2790 856 2852 juga
876 2797 1047 2841 taurus
1066 2802 1209 2856 amat,
1232 2807 1341 2855 quas
1360 2802 1524 2844 tamen
1543 2796 1646 2845 odit
1667 2797 1838 2850 habet.

571 2867 780 2923 Mortali
802 2871 954 2942 jugo]
985 2874 1322 2928 Mortalitatis
1348 2876 1653 2930 conditione
1675 2918 1690 2942 ,
1721 2879 1802 2931 cui
1830 2890 1955 2933 sunt
1987 2880 2081 2932 ob-

495 2958 665 3012 noxii.

570 3049 732 3121 Licet]
764 3052 1037 3118 Quamvis,
1070 3056 1297 3108 tametsi.

568 3139 623 3193 Μ
629 3140 768 3211 cans]
799 3143 1107 3198 Transiens.

572 3230 828 3303 Explicet]
859 3233 1265 3301 Interpretetur.

566 3320 783 3393 Domus]
815 3321 976 3387 Gens,
1001 3323 1199 3378 familia
1225 3341 1414 3395 genus.

568 3411 710 3465 Mors
749 3414 944 3479 spernit
980 3416 1139 3466 altam
1183 3416 1421 3488 gloriam]
1464 3418 1668 3474 Seneca
1697 3419 1917 3489 epistola
1959 3420 2020 3475 9I
2060 3438 2071 3473 :

496 3500 691 3567 ﬂiquat
728 3516 914 3556 omnes
940 3504 1074 3558 cinis
1097 3545 1112 3568 ,
1145 3506 1373 3574 impares
1402 3510 1691 3575 nascimur,
1730 3524 1884 3578 pares
1914 3511 2076 3562 mori-

495 3603 636 3643 mur.
673 3591 813 3644 Idem
861 3594 1087 3660 epistola
1117 3595 1227 3650 99:
1264 3596 1317 3650 In
1352 3607 1494 3651 tanta
1530 3598 1856 3653 volutatione
1897 3614 2107 3652 rerum.

495 3674 845 3734 humanarum
885 3684 957 3736 nil
987 3686 1262 3753 cuiquam,
1299 3689 1398 3742 nisi
1446 3704 1620 3753 mors,
1649 3700 1875 3745 certum.
1909 3690 2075 3743 liora-

495 3773 600 3823 tius
625 3770 675 3824 in
705 3772 869 3826 Odis:
1461 3824 1465 3826 _
2022 3761 2039 3779 ⁸

612 3859 793 3930 Pallida
813 3860 941 3911 mors
960 3876 1101 3925 aequo
1120 3865 1278 3926 pulsat
1298 3867 1427 3928 pede
1450 3880 1713 3930 pauperum
1736 3870 1982 3929 tabernas,

612 3920 903 3984 Regumque
923 3920 1102 3975 turres.

502 4001 777 4056 Lucretius
801 4020 814 4055 :

614 4094 861 4158 Scipiadas
882 4088 999 4143 belli
1021 4096 1223 4154 fulmen,
1246 4099 1550 4158 Carthaginis
1572 4114 1709 4148 error

615 4153 736 4217 Ossa
755 4155 889 4203 dedit
909 4164 1077 4215 terrze,
1100 4153 1303 4217 proinde
1324 4172 1378 4207 ac
1398 4153 1541 4208 famul
1568 4162 1760 4209 intimus
1779 4170 1930 4212 esset.

614 4214 751 4283 nil-tle
774 4224 1059 4283 repertores
1068 4214 1395 4267 doctrinarum
1417 4230 1563 4283 atque
1584 4222 1827 4283 leporum,

616 4274 755 4323 Adde
776 4276 1144 4327 Heliconiadum
1163 4283 1381 4329 comites.

496 4352 636 4408 Idem
664 4374 675 4408 :

614 4444 833 4512 Inndealii
854 4447 993 4496 multi
1014 4461 1182 4507 reges,
1208 4463 1474 4508 rerumque
1497 4460 1741 4512 potentes,

613 4504 925 4569 Occiderunt,
949 4504 1138 4569 magnis
1156 4504 1236 4571 qui
1260 4504 1867 4573 gentibus'imperita'runt.

497 4583 640 4638 Idem
669 4602 680 4637 :

614 4675 731 4742 Quae
750 4678 981 4742 mala‘nos
999 4682 1180 4741 subigit
1196 4684 1313 4731 vitai
1334 4690 1461 4731 tanta
1484 4683 1658 4742 cupido
1675 4683 1699 4731 ?

613 4736 757 4800 ρει-[εξ
779 4738 972 4798 quidem
994 4736 1228 4789 liuisuvitae
1252 4736 1700 4800 mortalibus'adsit,

611 4796 715 4845 Nec
732 4796 933 4846 devitari
958 4801 1107 4848 letum
1130 4813 1241 4863 pote
1263 4805 1377 4865 quin
1399 4806 1651 4852 obeamus.

566 4877 763 4933 Fidelis
794 4879 1036 4953 Fabricii]
1062 4885 1155 4939 llic
1178 4880 1363 4939 consul
1390 4887 1659 4941 Romanus
1686 4887 1800 4946 fuit.
1827 4892 1913 4957 qui
1943 4891 2071 4945 fide-

492 4967 557 5022 lis
579 4983 644 5022 eo
666 4968 860 5023 dicitur
884 4973 1022 5037 qttod
1048 4974 1204 5028 fidem
1231 4978 1310 5029 vel
1337 4976 1474 5029 hosti
1502 4979 1815 5031 servandam
1845 4980 2067 5045 putavit,

490 5059 729 5128 nihilque
751 5077 845 5129 per
869 5061 1105 5118 fraudem
1129 5066 1211 5118 vel
1233 5065 1452 5118 insidias
1472 5066 1752 5135 agendum.
1774 5065 1908 5120 Cnm'
1928 5069 2068 5121 enim

448 5222 451 5223 ν
495 5149 576 5215 (ut
605 5151 674 5205 Μ.
701 5150 854 5205 Tullii
886 5155 1063 5208 verbis
1092 5156 1251 5223 utar)
1298 5171 1391 5208 rex
1437 5156 1673 5226 Pyrrhus
1716 5158 1916 5225 popqu
1961 5157 2070 5211 Ilo-

488 5254 645 5294 mano
676 5242 871 5298 bellum
903 5246 1187 5311 intulisset,
1211 5262 1437 5317 cumque
1455 5248 1520 5302 de
1542 5250 1768 5316 imperio
1792 5260 2063 5304 certamen

488 5340 627 5385 esset
655 5348 773 5386 eum
807 5350 929 5404 rege
959 5352 1222 5404 generoso
1258 5352 1319 5391 ac
1360 5340 1593 5405 potenti,
1639 5338 1854 5407 perfuga
1906 5340 1975 5392 ab
2003 5354 2068 5393 eo

484 5424 631 5475 venit
659 5424 709 5475 in
742 5434 915 5478 castra
951 5425 1210 5495 Fabricii,
1242 5431 1398 5499 eique
1428 5438 1509 5483 est
1538 5429 1826 5496 pollicitus,
1851 5430 1893 5483 si
1926 5444 2065 5498 pra:-

485 5515 647 5568 mium
682 5517 728 5569 ei
761 5521 1151 5587 proposuisset,
1183 5536 1241 5575 se
1274 5530 1328 5574 ttt
1352 5522 1488 5575 clam
1516 5520 1777 5584 venisset,
1820 5521 1896 5573 sic
1925 5520 2064 5574 clam

486 5599 539 5655 in
568 5602 760 5676 Pyrrhi
790 5617 963 5662 castra
1008 5610 1301 5664 rediturum
1349 5620 1401 5662 et
1440 5625 1562 5662 eum
1603 5622 1813 5661 veneno
1853 5617 2068 5662 necatu-

485 5702 629 5748 rum.
673 5692 828 5752 Hunc
874 5695 1151 5755 Fabricius
1196 5700 1558 5764 reducendum
1596 5695 1803 5753 curavit
1831 5696 1896 5751 ad
1940 5697 2069 5759 Pyr-

2254 1874 2401 1945 Cato]
2430 1877 2575 1931 Multi
2604 1879 2787 1932 Romae
2808 1878 3036 1932 Catones
3056 1877 3293 1938 fuerunt,
3317 1892 3502 1931 verum
3528 1877 3639 1929 duo
3664 1893 3764 1944 pra:

2184 1966 2394 2020 eteteris
2424 1966 2671 2021 illustrati
2702 1978 2823 2022 sunt
2845 2008 2861 2031 ,
2905 1968 3115 2022 Marcus
3156 1967 3373 2021 Porcius
3404 1967 3537 2021 Cato
3568 1968 3764 2020 Ceuso~

2186 2056 2332 2121 rius,
2364 2064 2421 2109 et
2448 2056 2580 2110 Cato
2615 2058 2861 2120 Stoicus,
2897 2059 2986 2125 qui
3034 2064 3151 2124 post
3193 2066 3420 2109 mortem
3465 2072 3628 2125 quam
3670 2058 3764 2110 sibi

2185 2144 2353 2199 Utica:
2383 2147 2663 2213 conscivit,
2697 2146 2963 2202 Uticensis
2983 2146 3156 2200 dictus
3182 2154 3285 2200 est.
3315 2148 3513 2199 llorum
3544 2158 3765 2216 uterque

2178 2237 2381 2306 jnstitia
2404 2278 2420 2303 ,
2450 2240 2763 2303 severitate,
2797 2253 3111 2306 morumque
3140 2252 3346 2291 summa
3375 2238 3642 2305 gravitate
3671 2238 3764 2294 fuit

2184 2329 2538 2383 clarissimus.

2259 2421 2419 2490 Quid]
2450 2422 2529 2474 Ad
2551 2421 2698 2490 quid.

2254 2509 2453 2563 Decora
2481 2509 2745 2578 vocabula]
2777 2497 3000 2563 Pulchra
3029 2513 3264 2564 nomina.

2257 2597 2529 2668 Nouimus]
2563 2599 2795 2663 Scimus,
2830 2610 3090 2653 tenemus.

2257 2687 2418 2757 Num]
2446 2688 2713 2757 Nunquid.

2255 2780 2619 2851 Consumptos]
2652 2782 2909 2836 Mortuus.
2990 2802 2998 2808 '

2252 2869 2466 2940 Jacett‘s]
2498 2871 2736 2925 Subaudi
2770 2887 2863 2925 vos
2892 2872 3134 2927 homines
3166 2883 3279 2943 post
3307 2884 3561 2927 mortem.

2255 2959 2502 3031 Prorsus]
2532 2962 2782 3015 Omnino.

2256 3048 2594 3121 Ignorabiles]
2625 3051 2910 3119 Ignobiles.

2103 3147 2149 3209 C
2252 3144 2433 3216 Trahi]
2462 3146 2730 3201 Protrabi.

2251 3237 2412 3308 Aura]
2444 3238 2760 3308 Splendore.

2251 3327 2489 3381 Nominis
2530 3330 2779 3400 mortalis]
2826 3328 2980 3383 Morti
3033 3338 3089 3384 et
3133 3329 3467 3399 corruptioni
3514 3331 3751 3399 subjecti.

2180 3419 2449 3473 Ausonius
2478 3436 2493 3473 :
2556 3440 2557 3443 η

2303 3512 2537 3559 Miremur
2557 3513 2760 3571 periisse
2782 3512 3021 3569 homines,
3042 3518 3352 3557 monumenta
3375 3510 3599 3560 fatiscunt
3624 3526 3636 3571 ;

2364 3572 2492 3619 Mors
2513 3576 2659 3619 etiam
2680 3575 2826 3631 saxis,
2848 3573 3219 3631 nominibusque
3242 3573 3388 3620 venit.

2252 3652 2397 3723 Cum]
2426 3652 2667 3717 Quando.

2254 3742 2380 3797 Sera
2417 3740 2547 3811 dies]
2569 3742 2801 3810 Tempus
2828 3741 3112 3809 aliquando
3145 3750 3445 3796 venturum.

2254 3834 2390 3905 Hoc]
2420 3834 2648 3888 Nomen.

2251 3927 2496 3981 Secunda
2543 3921 2711 3992 mors]
2777 3924 2889 3988 Qtta
2948 3936 3140 3976 nomen
3187 3921 3573 3987 exstinguitur,
3623 3920 3753 3973 sicut

2178 4016 2349 4084 prima
2378 4023 2547 4067 morte
2571 4014 2674 4066 vita
2698 4016 2955 4066 exstincta
2986 4021 3087 4064 est.
3115 4010 3266 4079 Apud
3297 4010 3633 4064 Petrarcham
3657 4010 3755 4063 lib.

2180 4106 2373 4159 Africa:
2406 4120 2462 4170 tt,
2495 4103 2798 4172 Scipionem
2830 4103 3107 4157 Africanus
3131 4103 3271 4155 hunc
3304 4102 3356 4155 in
3386 4101 3602 4154 modum
3625 4099 3757 4154 allo-

2179 4196 2361 4263 quitur
2388 4212 2400 4246 :

2300 4283 2691 4343 Transibuntque
2712 4284 2826 4334 cito,
2847 4294 2955 4341 quae
2979 4296 3062 4328 vos
3081 4294 3303 4329 mansura
3323 4280 3519 4340 putatis.

2304 4344 2405 4390 lina
2425 4356 2626 4391 manere
2646 4352 2801 4402 potest
2827 4354 3027 4390 occasus
3047 4345 3211 4389 nescia
3236 4346 3408 4389 virtus.

2303 4403 2384 4451 Illa
2407 4406 2529 4454 viam
2556 4404 2664 4451 facit
2682 4404 2739 4450 ad
2762 4415 2985 4461 superos,
3009 4405 3095 4450 hac
3118 4404 3311 4464 pergite
3333 4403 3507 4459 fortes,

2302 4466 2336 4511 ΙΝ
2348 4477 2403 4511 ec
2426 4465 2615 4511 defessa
2639 4466 2769 4523 gravi
2794 4466 3104 4510 suctutitbant
3120 4462 3266 4519 terga
3289 4462 3461 4509 labori.

2297 4527 2432 4582 Quod
2454 4528 2493 4572 si
2514 4524 2629 4571 falsa
2652 4537 2819 4585 vagam
2839 4523 3055 4572 delectat
3076 4524 3231 4583 gloria
3250 4530 3489 4583 mentem,

2299 4588 2475 4646 Aspice
2496 4585 2609 4645 quid
2630 4592 2815 4645 cupias,
2842 4587 3112 4631 transibunt
3133 4592 3372 4642 tempora,
3395 4596 3574 4646 corpus

2297 4645 2398 4694 Iloc
2420 4648 2579 4705 cadet,
2603 4654 2653 4694 et
2673 4647 2850 4695 cedent
2871 4646 3068 4704 indigno
3088 4647 3301 4692 membra
3319 4645 3571 4703 sepulcro.

2297 4708 2406 4754 Mox
2430 4715 2543 4754 ruet
2563 4714 2614 4753 et
2636 4708 2848 4764 bustum,
2873 4706 3141 4765 titulusque
3159 4708 3207 4752 itt
3231 4717 3474 4752 marmore
3494 4712 3658 4753 sectus

2299 4768 2517 4827 Occidet,
2539 4768 2613 4814 hic
2633 4776 2835 4816 mortem
2858 4768 3059 4826 patieris
3081 4774 3191 4813 nate
3212 4768 3499 4815 secundam.

2690 4873 2757 4926 IN
2787 4874 3056 4927 PROSAM
3100 4874 3233 4927 VIII.

2250 4965 2516 5019 Hactenus
2541 4965 3218 5027 fortunae'inconstautiam,
3240 4964 3765 5033 t‘raudulentiamque

2178 5066 2231 5111 et
2258 5055 2531 5125 perfidiam
2565 5054 2903 5123 Philosophia
2929 5054 3149 5114 detexit.
3179 5062 3232 5106 et
3262 5054 3312 5106 in
3337 5055 3416 5107 eis
3447 5054 3765 5108 muneribus

2180 5149 2309 5202 nihil
2335 5149 2442 5202 veri
2473 5148 2597 5201 boni
2625 5148 2801 5200 inesse
2827 5146 3215 5200 demonstravit
3244 5162 3256 5195 :
3292 5160 3435 5198 nunc
3461 5146 3535 5199 ait
3569 5144 3768 5199 adver-

2179 5255 2289 5293 sam
2324 5240 2439 5305 plus
2482 5237 2784 5292 bomiuibus
2813 5253 2972 5306 quam
3005 5252 3311 5307 prosperam
3344 5239 3601 5304 prodesse
3656 5238 3768 5293 for-

2179 5340 2389 5389 tunam.
2422 5344 2542 5383 cum
2590 5328 2703 5382 haec
2747 5328 2956 5397 quidem
3004 5329 3277 5383 blanditiis
3317 5328 3541 5383 allectos
3567 5346 3595 5382 a
3632 5345 3769 5384 vero

2177 5419 2318 5474 bono
2346 5419 2604 5473 fallaciter
2630 5419 2922 5483 abstrahat,
2949 5418 3035 5472 illa
3065 5434 3194 5473 vero
3229 5420 3542 5488 plerumque
3569 5435 3769 5475 erran-

2176 5519 2255 5565 tes
2295 5512 2358 5565 ad
2410 5527 2589 5566 veram
2634 5510 3011 5566 beatitudinem
3064 5510 3402 5576 quaerendam
3453 5512 3765 5572 reducens.

2177 5604 2315 5655 velut
2350 5615 2486 5654 unco
2516 5602 2770 5656 retrahat.

2252 5690 2593 5760 Inexorabile]
2625 5695 2773 5759 Quod
2806 5694 2965 5750 nullis
2997 5694 3238 5763 precibus
3267 5655 3515 5764 componi
3561 5692 3770 5761 possit.
