4010 6372
283 331 386 385 989

354 438 483 510 Eat]
501 421 708 495 E.venit.

352 529 477 599 Ιιῖᾳ]
509 530 763 583 Fortuna.

356 618 507 689 Tum]
537 614 705 671 Tunc.

355 708 503 779 Cum]
532 708 777 774 Quando.

354 798 549 868 Cestio]
580 798 769 866 Cupio.

356 889 552 960 quue]
584 890 647 942 Et
670 888 740 941 ob
773 887 846 941 id.

358 982 483 1052 Illa]
517 984 776 1049 Prospera
823 980 1051 1032 fortuna.
1106 975 1365 1028 Rationes
1394 971 1546 1025 affert
1585 969 1777 1038 quibus
1807 966 1859 1019 id

286 1074 430 1144 quod
460 1073 595 1127 dixit
622 1085 805 1124 verum
830 1082 950 1123 esse
980 1066 1191 1136 probat.

360 1164 508 1235 [hac]
538 1164 797 1217 Adversa.
831 1160 1035 1216 Seneca
1059 1144 1355 1224 Tragicos:

413 1255 587 1304 Malam
607 1255 747 1303 boote
764 1251 999 1314 praeferre
1017 1249 1254 1298 fortunam
1275 1246 1411 1296 licet.

367 1334 664 1405 Ventosam]
696 1333 1112 1388 lnconstantem.
1144 1328 1432 1383 lloratius:

412 1425 578 1475 Romae
595 1424 746 1473 Tibur
762 1434 938 1479 amem,
959 1425 1189 1468 ventosus
1205 1417 1412 1477 Tibure,
1435 1414 1647 1462 Romam.

365 1504 657 1576 Fluentem]
685 1504 1079 1565 Luxuriantem,
1106 1498 1459 1561 diffluentem,
1478 1494 1863 1563 vagabundam.

288 1598 550 1652 Ovidius:

417 1684 688 1734 Luxuriam
707 1682 846 1728 animi
868 1680 1019 1728 rebus
1037 1677 1326 1738 plerumque
1348 1673 1591 1738 secundis,

474 1745 577 1801 Nec
598 1742 736 1791 facile
757 1749 833 1789 est
851 1754 985 1800 aequa
1004 1735 1251 1787 commoda
1274 1743 1441 1783 mente
1462 1735 1575 1793 pati.

366 1827 559 1895 Suique
602 1839 800 1890 semper
845 1817 1112 1891 ignaram]
1163 1817 1413 1870 llomines
1454 1814 1595 1866 enim
1647 1812 1871 1864 fortuna:

289 1919 629 1973 successibus
664 1916 811 1979 elati,
842 1914 1003 1966 nimis
1031 1910 1375 1979 superbiunt,
1406 1919 1572 1975 seque
1604 1904 1746 1973 ipsos
1777 1918 1870 1955 ne-

290 2024 556 2080 quaquam
590 2012 941 2075 cognoscunt.

369 2098 632 2167 Sobriam]
661 2096 1106 2162 Tcmperantem._

365 2188 715 2257 Succinctam]
746 2185 1070 2244 Coliibitam,
1099 2196 1204 2233 non
1233 2178 1588 2231 diffluentem.

368 2281 703 2336 Adversitatis
727 2271 1110 2341 exercitatione]
1155 2270 1388 2340 Baptista
1431 2268 1742 2321 Mantuanus
1778 2263 1790 2315 Ι
1819 2277 1870 2315 ο.

294 2375 559 2430 Silvarum
596 2366 830 2424 secundo
856 2385 868 2417 :

544 2461 712 2508 Rebus
732 2456 951 2504 adversis
974 2454 1151 2512 agitata
1177 2452 1326 2512 virtus

544 2522 750 2576 Crescit,
774 2525 825 2565 et
845 2519 991 2563 robur
1009 2509 1222 2576 cruciata
1245 2509 1389 2568 longo

544 2582 702 2631 Sumit
722 2573 912 2630 attritu.
934 2573 1207 2632 meliusque
1228 2578 1360 2618 terso

731 2639 958 2687 tlindicat
977 2647 1085 2682 ore.

374 2729 414 2780 Α
439 2739 553 2779 vero
576 2720 725 2791 bona]
755 2719 916 2772 Divus
940 2715 1251 2769 Ambrosius
1279 2710 1331 2763 in
1362 2708 1453 2761 lib.
1471 2708 1537 2761 de
1567 2704 1877 2772 Interpella-

300 2821 452 2871 tione
481 2831 496 2867 :
531 2813 713 2879 Magna
741 2808 883 2862 enim
918 2804 1167 2859 illecebra
1199 2797 1538 2866 delinquendi
1563 2805 1645 2849 est
1700 2808 1879 2847 rerum

299 2904 577 2960 affluentia
616 2897 991 2954 secundarum.
1044 2891 1243 2957 Supina
1286 2887 1525 2951 extollit,
1556 2885 1879 2938 oblivionem

299 2995 541 3051 auctoris
573 2989 822 3045 infundit.
846 2981 1240 3053 Mimographus
1263 2996 1278 3031 :

428 3085 642 3134 Fortuna
660 3091 807 3142 quem
832 3076 1029 3124 nimium
1051 3072 1203 3129 fovet,
1221 3069 1419 3118 stultum
1440 3066 1568 3115 facit.

380 3167 613 3235 Baptista
647 3163 961 3216 Mantuanus
992 3158 1045 3209 in
1074 3153 1243 3223 prima
1270 3151 1582 3205 Partlienice
1610 3166 1624 3201 :

427 3255 679 3305 Enervare
700 3250 858 3298 solent
877 3258 1074 3296 securas
1088 3245 1185 3293 otia
1206 3247 1417 3305 mentes,

428 3302 489 3367 Et
508 3302 635 3365 vitiis
654 3313 881 3360 umbrare
901 3309 1104 3360 animas,
1124 3311 1185 3367 ut_
1198 3302 1353 3363 pulvis
1371 3312 1552 3367 aquoso

428 3359 726 3431 iiiniié'édn,
744 3371 1031 3423 levibusque
1053 3359 1162 3431 rapi
1170 3359 1265 3423 jam
1288 3359 1445 3431 nescin
1464 3363 1524 3431 ab
1545 3359 1705 3418 Euris,

431 3421 731 3488 Sic—adversa
753 3431 928 3493 premit
948 3421 1124 3493 Sensus
1143 3421 1329 3493 fortuna
1351 3421 1589 3480 rebelles,

432 3482 645 3558 Et'cogit
663 3482 835 3558 parere
858 3489 981 3558 De),
1002 3488 1291 3555 morbosque
1309 3482 1523 3558 latentes

432 3545 600 3615 Pollii,
619 3545 979 3615 et'ardentes‘in
999 3557 1198 3608 pectore
1222 3545 1408 3615 mitigat
1426 3548 1591 3590 a-stns.

435 3606 498 3668 Et
516 3606 619 3666 sale
640 3624 900 3675 consperso
919 3606 1091 3675 longos
1108 3613 1365 3655 servantur
1387 3606 1435 3650 in
1459 3616 1573 3649 usus

434 3682 657 3733 Viscera,
676 3670 767 3723 nec
785 3672 892 3721 laedi
914 3673 1063 3733 sanie,
1088 3682 1177 3715 nec
1198 3676 1419 3725 tempore
1442 3670 1658 3722 possunt,

438 3743 519 3789 Sic
537 3732 670 3786 duris
691 3738 833 3784 animi
855 3734 1008 3780 rebus
1029 3732 1296 3782 firmantur,
1316 3732 1369 3773 et
1384 3737 1575 3771 onmem

435 3804 683 3863 Abjiciunt
704 3800 855 3863 pestis
873 3804 1084 3863 causam,
1102 3802 1208 3863 sors
1228 3799 1403 3863 aspera.
1418 3793 1575 3830 tutum

434 3847 634 3912 Prmbet
654 3847 767 3916 iter,
788 3858 859 3905 via
880 3847 1100 3901 sidereas
1121 3850 1223 3896 haec
1243 3847 1376 3894 ducit
1395 3848 1439 3891 in
1462 3856 1614 3891 arces.

382 3945 672 4000 Amicorum
703 3934 949 4006 ﬁdelium]
977 3933 1210 3986 Ennius:

440 4034 639 4084 Amicus
658 4037 823 4077 certus
846 4027 891 4073 in
915 4036 971 4072 re
995 4024 1181 4083 incerta.
1199 4020 1431 4067 cernitur.

309 4120 450 4173 llix.e
478 4128 576 4167 nos
603 4112 743 4163 hunc
772 4104 1092 4159 versiculum
1124 4103 1346 4153 lusimus
1378 4117 1390 4150 :

437 4208 605 4255 Rebus
625 4206 674 4253 in
696 4202 897 4251 incertis
914 4204 1081 4246 certus
1103 4200 1349 4257 spectatur
1370 4195 1567 4242 amicus.

309 4291 537 4349 Ovidius
568 4305 582 4340 :

435 4377 637 4430 Scilcet
654 4381 701 4421 ut
728 4371 908 4419 fulvum
929 4372 1182 4427 spectatur
1200 4368 1248 4430 in
1268 4365 1465 4430 ignibus
1481 4356 1669 4421 aurum,

499 4439 743 4497 Tempore
761 4436 833 4482 sic
847 4426 968 4480 duro
990 4437 1067 4478 est
1086 4426 1381 4489 inspicienda
1403 4426 1537 4471 fides.

388 4518 546 4589 Suos]
578 4516 833 4581 Sodales,
879 4512 915 4564 ii
962 4511 1102 4563 enim
1153 4508 1240 4574 qui
1284 4505 1549 4558 fortunam
1601 4507 1893 4571 sequuntur

306 4632 421 4672 non
452 4611 565 4667 veri
588 4618 709 4662 sunt
740 4606 920 4667 amici,
952 4602 1043 4657 sed
1070 4600 1279 4653 sodales
1311 4608 1364 4650 et
1398 4596 1623 4648 fortuna;
1650 4594 1890 4647 comites.

390 4696 622 4771 Integer]
665 4694 908 4749 Nondum
948 4691 1137 4751 laesus,
1178 4686 1411 4740 nondum
1443 4684 1602 4738 rebus
1647 4683 1745 4736 tuis
1775 4698 1897 4751 spo-

305 4799 497 4852 lizl‘llS.

393 4884 597 4956 Desine]
622 4881 850 4939 Pulchra
871 4875 1143 4933 conclusio
1163 4881 1326 4928 estex
1349 4868 1629 4925 contrariis
1652 4862 1893 4922 ornatum

305 4983 543 5035 ducens.

388 5066 594 5120 Amicos
632 5056 884 5128 invenisti]
928 5056 1080 5111 Nunc
1126 5054 1267 5107 enim
1316 5060 1637 5105 noverCante
1688 5048 1892 5102 fortuna

304 5174 480 5215 veros
529 5166 646 5208 tuo;
694 5151 894 5205 amicos
957 5145 1257 5214 cognoscis.
1320 5144 1699 5211 Argumentum
1754 5142 1893 5193 enim

305 5262 462 5301 vera:
486 5243 734 5298 amicitia:
759 5248 861 5305 est,
888 5252 992 5292 non
1022 5236 1274 5290 deserere
1294 5234 1520 5287 amicum
1546 5220 1895 5299 tempore’ad-

302 5341 610 5399 versitatis.

832 5425 895 5479 ΙΝ
934 5419 1222 5477 METRUM
1266 5417 1394 5470 V'lll.

388 5524 622 5577 Carmen
656 5526 738 5571 est
764 5513 1111 5584 Glyconicum
1136 5550 1149 5571 ,
1180 5507 1353 5561 simile
1382 5514 1531 5557 sexto
1560 5504 1713 5571 primi
1757 5503 1894 5555 libri.

298 5622 400 5675 Eo
433 5614 625 5674 docet,
651 5621 835 5661 amore
866 5603 1037 5657 omnia
1079 5597 1331 5665 conjungi
1355 5636 1368 5656 ,
1414 5595 1679 5659 totiusque
1720 5590 1901 5645 mundi

300 5713 578 5764 constare
613 5695 951 5754 concordiam
996 5708 1007 5743 :
1067 5703 1248 5743 amore
1290 5698 1499 5754 quoque
1538 5697 1570 5747 p
1608 5683 1757 5749 pulos
1803 5682 1900 5736 fm-

1368 320 1381 321 ⁷⁷
1448 317 1822 374 MURMELUI
1864 317 2374 378 COMMENTARIA.

1885 436 1934 489 Α
1962 429 2096 483 dere
2123 432 2435 499 coniunctos
2455 475 2470 489 .
2501 448 2682 488 amore
2712 434 2962 503 conjuges
2981 474 2995 500 ,
3035 439 3090 487 et
3116 431 3315 485 amicos
3339 444 3532 484 conve-

1965 521 2100 575 nire.
2134 521 2450 577 Frauciscus
2474 523 2777 593 Pbilelpbns
2806 526 2856 577 in
2882 523 3090 593 Satyris
3115 541 3127 575 :

1918 4465 1968 4523 ι)

3429 316 3530 371 990

2086 610 2255 681 ania
2278 620 2517 681 perpetuo
2535 614 2691 681 firmat
2708 614 2962 681 concordia
2985 625 3131 681 nexu.

2085 672 2323 733 Quidquid
2347 686 2477 720 amor
2490 673 2670 735 jungit,
2688 675 2881 723 saeclum
2898 674 3131 735 perdurat
3149 672 3197 719 in
3217 681 3378 718 omne.

1963 752 2285 809 Claudianus
2315 755 2380 807 ad
2412 755 2702 809 llonorium
2730 774 2741 808 :

2088 844 2192 892 Non
2211 846 2281 893 sic
2300 846 2539 905 excubim,
2561 859 2652 894 nec
2669 846 3022 895 circumstantia
3047 844 3158 905 pila.

2087 907 2245 967 Onam,
2259 915 2440 955 tutatur
2461 921 2609 959 amor,
2630 920 2722 954 non
2745 904 3063 967 extorquebis
3084 904 3249 953 amari.

2087 967 2190 1014 lloc
2208 966 2394 1014 alterna
2415 968 2552 1022 fides,
2569 968 2662 1015 boc
2678 967 2881 1027 simplex
2906 966 3059 1027 gratia
3081 967 3243 1027 donat.

2086 1027 2257 1074 Nonne
2279 1028 2415 1076 vides
2435 1040 2639 1085 operum
2659 1029 2739 1085 qui
2762 1025 2816 1074 se
2841 1025 3195 1087 pulcherrimus
3211 1025 3319 1084 ipse

2086 1088 2478 1171 ﬂuidus-amore
2499 1087 2655 1171 ligata?
2678 1100 2770 1171 nec.
2790 1089 2831 1135 vi
2851 1098 3177 1171 co‘nne'xa‘par
3195 1098 3348 1171 aevum

2088 1146 2373 1207 ConSpiraut
2393 1145 2639 1195 elementa
2662 1149 2776 1205 sibi,
2796 1148 2876 1207 qui
2898 1147 3054 1193 limite
3077 1145 3291 1192 Plio-bus

2090 1206 2357 1256 Contentus
2376 1210 2559 1265 medio,
2579 1217 2839 1255 contentus
2856 1207 3022 1254 littore
3045 1206 3249 1261 Pontus,

2088 1268 2149 1317 Et
2167 1272 2247 1329 qui
2270 1279 2508 1329 perpetuo
2530 1276 2703 1323 terras,
2725 1268 2974 1323 ambitque
2996 1267 3256 1329 venitque,

2088 1322 2196 1377 Nec
2212 1322 2397 1389 premat
2418 1322 2704 1377 incumbens
2721 1330 2859 1375 oneri
2883 1339 2972 1374 nec
2992 1322 3201 1374 cesserit
3223 1322 3347 1372 aer?

1972 1409 2039 1465 Ut
2067 1408 2215 1463 Plato
2243 1410 2399 1463 docet
2428 1410 2479 1463 in
2510 1410 2712 1463 Timaeo
2732 1449 2749 1471 ,
2782 1406 3009 1460 mundus
3040 1406 3279 1473 seipsum
3311 1402 3541 1457 amicitia

1968 1501 2219 1555 concordi
2267 1500 2665 1568 complectitur,
2708 1506 2867 1566 atque
2896 1497 2968 1549 ita
3012 1506 3135 1564 apte
3177 1493 3438 1557 cohaeret,
3488 1498 3547 1544 ut

1969 1599 2199 1660 nequeat
2225 1592 2444 1646 dissolvi
2474 1591 2585 1645 ullo
2610 1590 2791 1655 modo,
2833 1589 2932 1643 nisi
2964 1587 3032 1641 ab
3058 1586 3249 1640 eodem
3278 1600 3307 1638 a
3338 1594 3444 1652 quo
3468 1593 3548 1637 εει

1971 1684 2533 1752 colligatus.'Mundus
2564 1683 2750 1737 Latine
2788 1696 2817 1735 a
2862 1681 3054 1749 puritia
3081 1686 3321 1742 vocatur,
3354 1676 3548 1729 coelum

1901 1784 1948 1841 Β
1974 1790 2002 1827 a
2033 1776 2309 1839 caelatura,
2341 1774 2525 1828 Graece
2550 1775 2619 1826 ab
2650 1780 2839 1826 ornatu
2861 1771 3071 1841 κόσμος.
3093 1769 3158 1824 C.
3187 1766 3389 1821 Plinius
3416 1765 3549 1818 libro

1974 1866 2245 1920 Secundo:
2275 1865 2443 1931 Quem
2474 1864 2657 1936 κόσμον
2685 1863 2856 1917 ϐτωοί
2884 1860 3100 1915 nomine
3130 1856 3430 1913 ornamenti
3454 1870 3550 1923 ap-

1974 1960 2331 2028 pellaverunt,
2365 1973 2486 2012 eum
2514 1967 2569 2010 et
2611 1971 2710 2010 nos
2741 1972 2771 2009 a
2799 1956 3035 2023 perfecta
3061 1953 3409 2019 absolutoque
3437 1948 3550 2002 ele-

1972 2048 2150 2117 gantia
2187 2048 2465 2102 mundum.
2498 2046 2707 2102 Caelum
2747 2045 2961 2114 quidem
3010 2042 3149 2096 haud
3192 2042 3353 2095 dubie
3380 2036 3551 2094 caelati

1976 2146 2287 2207 argumento
2314 2136 2567 2199 diximus,
2597 2143 2655 2189 ut
2680 2135 3057 2201 interpretatur
3084 2132 3154 2186 Μ.
3183 2130 3372 2183 Varro.

2046 2229 2234 2283 Stabili
2258 2227 2381 2298 ﬁde]
2413 2228 2675 2296 Perpetua
2702 2224 3023 2281 constantia.

2054 2316 2221 2389 Vires]
2252 2318 2695 2371 Pertitutationes.
2922 2382 2931 2389 ‘
2956 2374 2963 2379 ὓ

2050 2382 2281 2476 Semina]
2324 2407 2621 2461 Elementa.
2670 2404 2871 2458 Plinius
2918 2382 3055 2455 iibro
3102 2396 3336 2452 secundo
3382 2396 3554 2463 capite

1979 2499 2164 2565 quinto
2190 2514 2204 2549 :
2235 2497 2343 2551 Nec
2372 2497 2437 2550 de
2466 2496 2746 2551 elementis
2775 2492 2932 2545 video
2970 2488 3199 2543 dubitari
3244 2494 3468 2549 quatuor
3496 2498 3557 2540 ea

1979 2601 2118 2651 esse,
2147 2587 2346 2655 ignium
2376 2598 2644 2637 summum
2663 2621 2679 2648 ,
2708 2580 2833 2636 inde
2876 2588 2955 2633 tot
2980 2577 3256 2631 stellarum
3285 2574 3558 2627 collucen-

1982 2680 2110 2731 tium
2145 2677 2266 2730 illos
2308 2675 2526 2740 oculos,
2564 2673 2865 2741 proximum
2896 2669 3150 2737 Spiritus,
3199 2678 3355 2734 quem
3385 2661 3559 2718 Graeci

1983 2774 2257 2840 nostrique
2300 2769 2488 2824 eodem
2536 2766 2801 2821 vocabulo
2846 2778 2970 2818 aera
3004 2760 3305 2830 appellant,
3345 2757 3557 2810 vitalem

1984 2864 2144 2925 hunc,
2170 2872 2223 2915 et
2244 2876 2337 2928 per
2363 2869 2557 2914 cuncta
2578 2872 2757 2912 rerum
2778 2854 3082 2915 meabilem,
3106 2861 3323 2918 totoque
3344 2862 3560 2902 conser-

1986 2965 2117 3006 Inm.
2148 2951 2309 3019 Cujus
2335 2950 2385 3003 vi
2415 2962 2726 3018 suspensam
2775 2960 2894 2999 cum
2926 2952 3117 3012 quarto
3164 2953 3421 3008 aquarum
3452 2938 3559 2991 ele-

1988 3052 2168 3098 mento
2200 3044 2392 3097 librare
2423 3042 2600 3095 medio
2629 3039 2785 3108 spatii
2816 3038 3078 3090 tellurem.
3112 3034 3185 3087 lta
3210 3043 3393 3086 mutuo
3414 3043 3559 3082 com-

1905 3121 1950 3181 C
1986 3135 2141 3201 plexu
2179 3132 2498 3195 diversitatis
2525 3129 2665 3184 effici
2705 3142 2937 3190 nexum,
2967 3132 3023 3179 et
3058 3122 3190 3178 levia
3232 3118 3558 3188 ponderibus

1982 3225 2243 3283 inhiberi,
2283 3237 2387 3291 quo
2424 3221 2599 3274 minus
2636 3218 2869 3273 evolent.
2908 3216 3208 3282 Contraque
3252 3211 3463 3275 gravia,
3494 3223 3560 3260 ne

1982 3323 2161 3379 ruant,
2190 3311 2464 3380 suspendi,
2506 3309 2710 3364 levibus
2734 3309 2787 3362 in
2819 3306 3049 3360 sublime
3079 3302 3443 3358 tendentibus.
3471 3297 3561 3351 Sic

1982 3404 2096 3474 pari
2124 3406 2175 3457 in
2211 3403 2421 3456 diversa
2450 3402 2567 3454 nisu
2591 3439 2607 3465 ,
2635 3400 2688 3452 vi
2718 3413 2812 3453 sua
2839 3411 3063 3466 qumque
3086 3393 3398 3451 consistere,
3428 3388 3561 3441 irre-
3612 3407 3628 3421 ο

1982 3495 2161 3562 quieto
2192 3492 2372 3546 mundi
2405 3490 2572 3559 ipsius
2600 3489 2889 3545 constricta
2921 3485 3176 3548 circuitu,
3220 3496 3324 3549 quo
3352 3492 3562 3546 semper

1983 3584 2034 3635 in
2066 3597 2124 3636 se
2148 3595 2395 3636 curreme
2419 3622 2434 3645 ,
2468 3582 2623 3631 imam
2656 3581 2814 3645 atque
2847 3574 3076 3629 mediam
3108 3574 3160 3624 in
3192 3581 3301 3623 toto
3333 3577 3558 3627 terram,

1983 3673 2329 3739 eamdemque
2352 3673 2559 3721 inverso
2582 3666 2799 3719 cardine
2823 3673 2965 3717 stare
2988 3662 3328 3729 pendentem,
3360 3657 3559 3709 libran-

1988 3774 2091 3815 tcm
2123 3777 2217 3829 per
2245 3775 2361 3827 quae
2390 3757 2639 3828 pendeat.
2686 3757 2756 3807 lta
2803 3756 2967 3806 solam
3018 3750 3375 3811 immobilem,
3415 3748 3557 3799 circa
3606 3788 3611 3791 κ

1986 3866 2101 3903 eam
2135 3849 2351 3903 volubili
2402 3846 2782 3906 universitate,
2833 3842 3179 3906 eamdemque
3208 3855 3273 3892 ex
3316 3836 3563 3890 omnibus
3629 3847 3636 3854 ·

1987 3941 2149 4005 necti,
2183 3938 2462 4005 eidemque
2489 3936 2665 3988 omnia
2694 3934 2868 3986 inniti.

2061 4026 2373 4099 Pugnantia]
2402 4026 2701 4080 Contraria.

2061 4120 2250 4175 Foedus
2283 4115 2599 4190 perpetuum]
2630 4116 2947 4183 Perpetuam
2968 4128 3172 4182 pacem.
3197 4112 3350 4167 Ovid.
3373 4130 3389 4164 :

2116 4212 2378 4262 Dissoeiata
2400 4208 2516 4259 locis
2535 4208 2756 4255 concordi
2781 4220 2900 4268 pace
2922 4206 3111 4265 ligavit.

1992 4296 2216 4350 Manlius
2248 4291 2663 4346 Astronomimn
2694 4288 2828 4341 libro
2861 4289 3028 4355 primo
3054 4303 3068 4338 :

2113 4386 2215 4434 Hoc
2232 4396 2352 4440 opus
2370 4382 2587 4429 immensi
2608 4386 2932 4427 constructum
2952 4387 3155 4440 corpore
3175 4372 3361 4431 mundi,

2122 4437 2435 4503 Membraque
2457 4452 2637 4489 natura:
2654 4440 2843 4487 diversa
2863 4439 3055 4503 condita
3073 4437 3225 4503 forma

2124 4510 2278 4561 Aeris.
2299 4498 2616 4565 atqueignis,
2635 4509 2800 4565 terrae,
2820 4498 3081 4560 pelagique
3100 4498 3320 4557 jacentis.

2123 4568 2208 4614 Vis
2231 4564 2401 4613 anima:
2420 4564 2578 4611 divina
2602 4564 2749 4620 regit.
2769 4572 3000 4619 sacroque
3022 4565 3182 4605 meatu

2124 4629 2368 4688 Conspirat
2391 4627 2543 4681 Deus,
2567 4630 2618 4671 et
2637 4626 2779 4688 tacita
2801 4622 3270 4688 ratio‘negubernat,

2124 4690 2179 4737 lit
2200 4681 2346 4736 multa
2368 4690 2413 4735 in
2434 4693 2631 4733 cunctas
2649 4685 2898 4744 dispensat
2920 4681 3099 4744 foedi-ra
3122 4688 3303 4739 partes,

2122 4750 2283 4797 Altera
2306 4755 2358 4796 ut
2377 4748 2580 4794 alterius
2600 4741 2746 4801 vires,
2764 4743 3003 4802 faciatque
3025 4741 3268 4802 feratque,

2119 4812 2413 4868 Summaque
2434 4821 2521 4868 per
2541 4808 2695 4855 varias
2712 4800 2905 4853 maneat
2924 4800 3125 4862 cognata
3146 4800 3341 4860 figuras.

2002 4894 2140 4949 Idem
2175 4892 2309 4945 libro
2340 4889 2495 4942 tertio
2526 4906 2537 4939 :

2122 4984 2238 5033 Fata
2261 4989 2440 5043 regunt
2456 4981 2644 5039 orbem,
2664 4983 2796 5043 certa
2817 4984 2945 5025 stant
2963 4977 3120 5023 omnia
3140 4975 3280 5035 lege,

2123 5040 2387 5106 Longaque
2412 5055 2497 5103 per
2520 5047 2679 5089 certos
2698 5040 2949 5100 signantur
2972 5044 3187 5097 tempora
3208 5046 3398 5093 cursus,

2075 5125 2315 5196 Phoebus]
2348 5125 2456 5176 Sol.

2076 5214 2317 5285 Roseum]
2351 5213 2660 5275 l‘ulclirum,
2693 5211 2973 5277 fulgidum,
3008 5206 3379 5262 rubicundum.

2077 5308 2261 5378 Aurea]
2295 5307 2514 5369 Lucido,
2543 5305 2709 5368 claro,
2742 5304 2948 5355 illustri.

2078 5400 2237 5471 Quas]
2266 5401 2478 5455 Noctes.

2083 5493 2296 5546 [luxerit
2335 5487 2606 5559 Hesperus]
2640 5486 2905 5552 Hesperus
2947 5481 3049 5533 dux
3098 5473 3268 5529 noctis
3307 5480 3421 5534 est,
3454 5483 3572 5522 nam
