4010 6372
459 338 559 395 991

537 443 748 515 Phoebe]
780 442 943 496 Luna.

540 533 777 604 Avidum]
805 528 1063 597 Copidum
1091 534 1144 580 et
1176 539 1358 579 vorax.

537 624 801 694 Coerceat]
831 621 1086 677 Cobibeat
1098 660 1110 672 .

544 715 723 786 Virgis]
752 712 1123 778 Prwscriptum
1152 708 1309 763 finem
1336 705 1754 761 transeuntibus.

558 806 727 859 Tende
737 803 784 873 e]
815 801 1136 856 Extenderc.

442 870 455 965 i
537 894 756 965 Serient]
811 892 1243 955 Connexioncm,
1293 889 1653 943 continuatam
1712 882 2040 955 progressio-

465 1003 610 1044 nem.

542 1082 783 1157 Pelagus]
815 1085 976 1138 Mare.

539 1173 869 1247 lmpcrilarts]
899 1173 1190 1240 lmperans.

539 1266 590 1319 Η
598 1265 663 1337 ic]
693 1267 879 1319 Antor.

539 1355 713 1409 Frena
740 1350 1005 1421 remiserit]
1050 1350 1305 1419 Regimen
1344 1358 1396 1401 et
1438 1346 1856 1401 moderationem
1889 1343 2043 1396 dese-

468 1448 654 1501 ruerit.
683 1444 981 1499 Translatio
1010 1450 1092 1496 est
1118 1455 1328 1508 sumpta
1371 1440 1439 1493 ab
1473 1440 1536 1491 iis
1573 1438 1661 1507 qui
1692 1437 1851 1490 frenis
1876 1450 2042 1503 equos

467 1536 738 1591 cohibent.

536 1632 807 1703 Continuo]
836 1633 974 1696 Mox,
1006 1632 1206 1699 absque
1234 1628 1515 1683 dilatione.

541 1732 697 1788 Socia
728 1732 848 1801 [ide]
880 1731 1056 1783 Mutua
1080 1728 1389 1782 concordia.

539 1832 785 1903 Incitant]
814 1832 1047 1885 Movent.

539 1921 760 1992 Certent]
790 1921 1045 1977 Certatim
1074 1919 1422 1975 contendant.

542 2013 769 2082 Solvere]
797 2012 1118 2074 Dissolvere,
1151 2024 1515 2075 corrumpi-rc.

543 2102 860 2177 Machinam]
889 2103 1062 2158 Mundi
1091 2115 1309 2170 corpus.

547 2194 669 2264 Hic]
703 2200 879 2249 Amor.

1104 322 1444 381 APPENDIX
1486 322 1572 375 AD
1614 316 1852 374 LIBROS
1894 314 1979 368 DE
2018 304 2534 366 CONSOLATIONE
2575 297 3069 359 PHILOSOPIIUE.

2071 424 2117 479 A
2219 404 2458 485 Sanctos]
2488 416 2669 469 Jusms
2692 452 2706 477 ,
2736 411 2879 479 pacis
2920 414 3195 470 amantes,
3236 400 3430 458 Christi
3461 398 3719 465 sanguine

3621 289 3718 341 09?.

2144 508 2507 579 conﬁrmatos.
2544 505 2635 559 Vel
2664 513 2876 557 sanctos
2898 541 2915 568 ,
2948 498 3099 553 factis
3126 496 3293 551 sacris
3317 502 3372 551 et
3404 491 3722 563 iuramentis

2147 600 2398 669 praestitis
2425 596 2785 652 consociatos.

2220 691 2307 763 Et]
2340 691 2536 745 Etiam.

2218 780 2480 852 Conjugii]
2508 778 2852 835 Matrimonii.

2217 871 2460 941 Sacrum]
2484 864 2906 925 Sacramentum.
2986 923 2993 929 ,

2219 961 2383 1015 ϐοαῖς
2408 957 2687 1027 amoribus]
2722 950 2933 1010 Pudicis
2962 953 3237 1009 aﬂeetibus
3263 949 3562 1004 amatoriis.

2220 1049 2429 1117 Triplex
2465 1058 2537 1102 est
2562 1045 2727 1117 amor]
2767 1047 2961 1114 Turpis
3007 1044 3222 1111 quidem
3266 1043 3435 1095 solam
3480 1037 3724 1106 corporis

2149 1139 2470 1207 voluptatem
2510 1137 2777 1205 sequitur,
2814 1136 3041 1202 ideoque
3079 1134 3354 1186 brutorum
3400 1126 3581 1196 passio
3620 1135 3721 1177 est.

2149 1226 2455 1281 Generosus
2485 1239 2615 1279 vero
2642 1222 2896 1278 mundum
2932 1221 3153 1287 rcSpicit
3177 1220 3432 1279 animum,
3467 1216 3533 1267 ad
3563 1215 3726 1265 virtu-

2149 1318 2214 1370 tis
2244 1315 2418 1369 olficia
2459 1323 2785 1384 promptum.
2818 1312 3024 1365 Medius
3056 1322 3334 1377 utramque
3373 1306 3583 1375 diligit,
3619 1315 3724 1354 tum

2147 1407 2408 1474 corporis,
2435 1412 2544 1458 tum
2575 1403 2740 1456 animi
2770 1399 3237 1470 pulchritudinem.

2223 1495 2412 1567 Dictat]
2445 1496 2766 1557 Przescribit,
2796 1492 3052 1561 suggerit.

2223 1588 2373 1640 Fidis
2404 1586 2549 1656 soda]
2581 1586 2736 1640 Veris
2766 1584 2971 1638 amicis.

2224 1676 2267 1729 0
2299 1677 2424 1745 felix
2444 1675 2703 1728 hominum
2725 1671 2902 1743 genus]
2932 1667 3281 1735 Subinlellige
3306 1678 3455 1719 esses
3502 1662 3555 1715 Si
3580 1676 3729 1713 arnor

2077 1776 2119 1833 Β
2149 1784 2253 1837 quo
2282 1770 2476 1823 cretum
2508 1764 2731 1833 regitur,
2762 1773 2908 1832 regat
2934 1762 3142 1816 animos
3171 1766 3411 1818 vestros,
3442 1753 3493 1805 id
3524 1762 3611 1806 est
3639 1752 3729 1803 lm-

2148 1858 2347 1911 minnm
2380 1856 2607 1909 animos.
2642 1852 2847 1907 Felices
2870 1850 3088 1921 (inquit)
3115 1863 3209 1902 vos
3242 1846 3488 1899 homines
3512 1841 3729 1901 essetis.

2147 1949 2191 2001 si
2217 1961 2309 2015 per
2329 1959 2565 1999 amorem
2592 1954 2735 1997 tanta
2762 1943 2896 1996 foret
2924 1943 3060 1994 inter
3085 1952 3177 1992 vos
3198 1934 3510 1999 concordia,
3536 1940 3731 2001 quanta

2146 2047 2229 2092 est
2257 2037 2308 2090 in
2339 2036 2495 2090 rebus
2521 2035 2851 2090 ctelestibus.
2880 2032 3103 2094 Verum,
3134 2040 3189 2082 ut
3218 2030 3291 2081 ait
3322 2035 3499 2092 poeta,

2272 2134 2412 2193 Lege
2433 2133 2579 2182 deum
2602 2134 2820 2181 minimas
2841 2142 3007 2179 rerum
3030 2128 3266 2178 discordia
3287 2126 3468 2182 turbat,

2272 2195 2453 2243 Pacem
2480 2202 2663 2242 summa
2690 2201 2881 2242 tenent.

474 2292 3723 2328 ____________________________.___.__________.

1689 2404 1976 2481 LIBER
2027 2400 2497 2477 TERTIUS.

912 2627 981 2682 IN
1019 2626 1290 2682 PROSAM
1331 2624 1536 2679 PRIMA
1548 2623 1620 2677 Μ.

548 2719 795 2776 Secundo
814 2718 1087 2773 volumine
1109 2718 1323 2770 fallaces
1354 2716 1578 2769 fortuna:
1601 2728 1780 2767 mores
1810 2712 2053 2767 Philoso-

476 2810 600 2879 phia
630 2808 914 2863 luculentis
940 2807 1119 2861 verbis
1156 2806 1397 2873 aperuit,
1423 2804 1645 2872 ejusque
1677 2817 1895 2856 munera
1925 2817 2053 2855 vera

475 2900 616 2955 bona
647 2912 751 2952 non
785 2911 906 2952 esse
932 2895 1341 2951 demonstravit.
1374 2894 1486 2947 Hoc
1514 2903 1690 2946 autem
1720 2892 1878 2946 tertio
1909 2891 2053 2944 falsa:

476 2989 745 3044 fclicitatis
786 2987 1009 3042 formam
1055 2986 1340 3050 describit,
1391 2994 1445 3039 et
1489 2985 1684 3039 deinde
1730 2984 2050 3037 contrariam

476 3080 554 3134 illi
579 3095 718 3133 verte
759 3078 1102 3134 beatitudinis
1144 3077 1590 3145 pulchritudinem
1620 3077 1853 3139 inducit,
1883 3084 1933 3128 et
1963 3076 2049 3129 ubi

2233 2616 2515 2688 Mulcedo]
2565 2618 2839 2679 Suavitas,
2890 2612 3321 2674 delinimcntnm,
3367 2608 3655 2663 delectatio
3706 2624 3743 2660 ar

2160 2710 2463 2765 mulcendo.
2509 2710 2671 2761 Divus
2711 2706 3014 2776 Cyprianus
3041 2703 3105 2756 ad
3138 2703 3439 2756 Donatum:
3473 2698 3735 2752 Prolectet

2160 2802 2303 2855 auris
2338 2800 2587 2868 religiosa
2629 2797 2875 2852 mulcedo
2909 2814 2923 2848 :
2971 2796 3111 2849 Usus
3140 2803 3220 2847 est
3264 2801 3319 2847 et
3362 2792 3462 2846 hac
3506 2791 3747 2845 dictione

2160 2893 2413 2949 Sidonius
2443 2891 2766 2959 Apollinaris
2791 2890 2843 2943 in
2873 2888 3125 2957 Epistolis
3149 2887 3279 2940 suis.

2231 2980 2513 3050 Deﬁxerat]
2545 2985 2817 3034 Attentum
2843 2978 3169 3033 reddiderat.

2232 3076 2508 3129 Lassorum
2547 3071 2909 3144 fatigatorum]
2952 3072 3108 3125 Curis
3147 3077 3203 3123 et
3242 3066 3521 3121 doloribus
3560 3063 3735 3120 confc-

477 3171 757 3234 c0nsistat,
787 3170 1034 3238 quodque
1063 3184 1222 3221 unum
1253 3166 1322 3220 sit
1350 3181 1614 3221 summum
1657 3167 1851 3219 bonum
1879 3184 1892 3218 :
1927 3168 2050 3217 item
2080 3138 2125 3199 C
2155 3176 2384 3221 ctorum.

479 3260 620 3328 quod
668 3260 807 3312 Deus
853 3256 1123 3311 beatitudo
1165 3264 1220 3310 et
1249 3270 1516 3309 summum
1546 3254 1743 3308 bonum
1776 3269 1879 3306 non
1904 3253 2055 3306 dill'e-

423 3396 438 3408 .
478 3362 631 3417 rant,
662 3350 946 3404 luculentis
974 3348 1269 3401 rationibus
1309 3346 1564 3400 ostendit.
1613 3345 1873 3398 Praeterea
1901 3343 2056 3398 docet

480 3457 601 3496 eum
630 3441 716 3509 qui
748 3430 1126 3492 beatitudinem
1165 3438 1234 3491 sit
1261 3443 1570 3497 assecutus,
1600 3433 1759 3486 simul
1788 3431 2055 3485 sufficien-

482 3534 632 3597 tiam,
665 3530 1039 3596 reverentiam,
1062 3527 1377 3597 potentiam,
1400 3524 1789 3588 celebritatem,
1815 3523 2053 3576 lmtitiam

481 3638 604 3680 esse
633 3631 999 3677 consecutum.
1034 3620 1112 3674 Ad
1143 3619 1257 3673 hare
1281 3616 1515 3671 ostendit
1537 3616 1726 3669 horum
1758 3614 2051 3677 nominum,

482 3716 724 3784 quamvis
749 3726 879 3768 voce
906 3710 1151 3765 differant
1170 3748 1184 3772 ,
1215 3705 1534 3762 sufficientia
1556 3748 1571 3772 ,
1606 3704 1901 3758 reverentia
1924 3744 1937 3765 ,
1971 3717 2055 3768 po-

483 3806 643 3859 tentia
664 3846 678 3867 ,
715 3802 1031 3864 celebritas,
1059 3798 1242 3853 ltetitia
1264 3836 1280 3862 ,
1313 3806 1490 3850 tamen
1520 3809 1676 3848 unam
1707 3792 2055 3860 eamdemque

481 3912 600 3952 esse
629 3898 760 3950 vim.
790 3894 941 3949 Unde
972 3893 1243 3947 heminam
1275 3903 1429 3944 error
1454 3886 1658 3955 liquido
1704 3883 2056 3951 deprehendi-

480 3996 589 4052 tur,
620 3986 710 4054 qui
746 3994 995 4049 tanquam
1026 3996 1088 4033 ca
1122 3978 1397 4043 differant,
1431 3991 1595 4031 unum
1624 3975 1832 4041 illorum
1864 3984 2055 4041 praeter

481 4086 674 4129 caetera
700 4072 901 4125 ducunt
925 4068 1305 4137 erpetendum.
1337 4067 1402 4119 Et
1430 4066 1479 4118 in
1506 4064 1732 4118 diversis
1761 4078 1909 4117 suam
1942 4063 2054 4116 feli-

481 4167 696 4218 citatem
742 4160 1107 4222 constituunt,
1154 4158 1205 4210 in
1232 4157 1423 4225 quibus
1450 4156 1665 4209 minime
1695 4155 1917 4208 inveniri
1961 4169 2055 4222 po-

482 4264 606 4309 test.
637 4253 738 4306 Alii
770 4265 1000 4317 namque
1031 4250 1084 4302 in
1112 4247 1333 4316 opibus,
1372 4245 1459 4299 alii
1486 4246 1540 4298 in
1566 4244 1935 4315 dignitatibus,
1964 4244 2052 4297 alii

481 4344 532 4396 in
560 4344 766 4411 regnis,
801 4339 949 4394 multi
978 4339 1029 4392 in
1058 4338 1223 4407 gloria
1248 4377 1262 4401 ,
1299 4335 1512 4404 plurimi
1558 4336 1609 4388 in
1642 4334 1909 4403 voluptate
1933 4335 2053 4387 bea-

480 4434 761 4488 titudinem
802 4448 863 4486 se
897 4432 1184 4496 adepturos
1223 4429 1573 4494 existimant,
1619 4427 1712 4482 sed
1763 4428 2049 4480 falluntur:

480 4523 909 4595 quandoquidem
940 4537 1039 4576 nec
1067 4522 1255 4589 opibus
1280 4519 1629 4583 sufﬁcientia,
1660 4533 1758 4572 nec
1788 4517 2055 4585 dignitati-

480 4621 581 4672 bus
605 4617 905 4671 reverentia
928 4660 941 4683 ,
976 4630 1073 4669 nec
1096 4614 1276 4682 regnis
1305 4612 1537 4680 potentia
1565 4652 1580 4675 ,
1622 4626 1717 4664 nec
1743 4610 1927 4678 gloria:
1959 4625 2051 4661 no-

482 4708 641 4762 minis
688 4706 1089 4765 immortalitas,
1154 4717 1251 4756 nec
1308 4701 1568 4769 voluptati
1619 4700 1823 4754 sincera
1870 4700 2048 4752 lmtitia

480 4799 790 4867 contingere
819 4806 1013 4865 potest.
1042 4796 1129 4849 Sic
1150 4810 1271 4848 cum
1297 4796 1451 4862 longe
1480 4794 1693 4846 diversa
1724 4794 1976 4853 sentiant,
1998 4800 2051 4843 et

482 4895 536 4948 in
581 4890 834 4947 felicitate
884 4887 1245 4956 investiganda
1288 4886 1538 4940 mortales
1577 4885 1830 4937 aberrent
1868 4897 1896 4933 a
1925 4894 2050 4934 vero

481 4985 641 5045 bono,
675 4981 839 5036 nihilo
870 4990 1042 5034 tamen
1072 4980 1245 5033 minus
1268 4978 1318 5030 in
1345 4992 1554 5030 summo
1586 4975 1725 5028 bono
1755 4973 2055 5042 appetendo

481 5075 805 5128 conveniunt
826 5086 1033 5134 omnes,
1059 5080 1217 5137 atque
1239 5067 1597 5121 consentiunt.
1619 5065 1736 5130 Quo
1761 5062 1818 5115 fit
1840 5070 1896 5115 ut
1919 5077 2054 5114 unus

480 5180 657 5220 rerum
679 5165 751 5219 sit
769 5162 1004 5216 omnium
1033 5160 1154 5212 finis
1174 5158 1473 5219 Deus,cum
1498 5154 1767 5208 beatitudo
1789 5164 2050 5204 summum

481 5255 678 5309 bonum
700 5295 715 5318 ,
746 5264 799 5307 et
830 5253 968 5306 Deus
990 5292 1004 5315 ,
1036 5249 1248 5302 nomina
1292 5246 1505 5314 quidem
1535 5245 1744 5297 diversa
1764 5284 1777 5304 ,
1812 5256 1895 5293 res
1927 5254 2053 5292 vero

480 5348 551 5402 sit
578 5363 701 5400 una.
739 5345 828 5400 Sic
866 5352 1043 5398 autem
1084 5339 1270 5393 Boetio
1312 5336 1365 5390 in
1410 5344 1639 5389 mentem
1690 5339 1970 5387 revocatur
1998 5330 2052 5383 id

479 5440 621 5511 quod
652 5455 716 5494 ex
746 5437 911 5491 tribus
940 5443 1063 5487 ante
1106 5447 1165 5487 se
1205 5432 1478 5486 confessus
1508 5437 1590 5492 est
1619 5429 1894 5506 ignorare,
1930 5430 2057 5493 puta

480 5534 598 5601 quis
623 5544 797 5584 rerum
825 5528 944 5580 ﬁnis
968 5527 1037 5578 sit
1060 5523 1318 5595 omnium.

551 5617 788 5689 Avidum]
814 5616 1096 5684 Cupidutn.

550 5704 870 5776 Stupenlctn]
904 5706 1197 5760 Mirantem.

2229 3255 2493 3326 Solamen]
2522 3254 2880 3310 Consolatrix.

2228 3345 2501 3415 Πεῖουίδιᾶῖ
2526 3345 2820 3400 Recreasti.
2853 3401 2860 3407 ,

2228 3440 2387 3509 Adeo]
2422 3439 2475 3492 In
2503 3446 2704 3491 tantum
2716 3476 2729 3491 .

2229 3528 2515 3601 lmparem]
2544 3530 2822 3583 Resistere
2847 3542 2950 3581 non
2977 3535 3265 3593 potentem.

2229 3621 2348 3674 Non
2379 3616 2727 3688 perhorresco]
2759 3618 2874 3671 Non
2903 3615 3213 3671 reformido.

2230 3711 2483 3782 Eﬂlagito]
2517 3711 2742 3778 Expeto.

2228 3800 2398 3872 Sensi]
2432 3800 2664 3870 Cognovi
2689 3809 2741 3853 te
2762 3796 3007 3852 audiendi
3034 3794 3243 3848 avidum
3275 3792 3483 3845 acriora
3506 3791 3735 3845 remedia

2158 3894 2503 3947 vehementer
2535 3890 2847 3957 efﬂagitare.

2229 3978 2499 4049 Habitum]
2530 3980 2901 4042 Affectionem,
2926 3974 3354 4043 dispositionem.

2231 4074 2359 4137 Qua:
2380 4069 2590 4140 restant]
2624 4070 2877 4124 Remedia
2909 4075 3026 4135 qua:
3053 4065 3253 4132 reliqua
3283 4071 3427 4115 sunt.

2227 4161 2525 4233 Flagrares]
2551 4163 2798 4215 Arderes.

2230 4253 2484 4323 Quonam]
2516 4255 2651 4320 Quo,
2683 4254 2747 4305 ad
2779 4250 2924 4321 quid.

2231 4347 2486 4411 Somniatl
2520 4344 2689 4401 Veluti
2724 4360 2817 4413 per
2846 4342 3110 4396 somnium
3152 4339 3495 4406 imaginatur,
3527 4346 3579 4389 et
3608 4349 3735 4387 con-

2154 4444 2336 4510 jcctat.

2230 4532 2309 4584 Ad
2338 4524 2602 4597 imagines]
2632 4526 2707 4579 Ad
2737 4526 2944 4593 species
2971 4521 3261 4576 felicitatis.

2228 4621 2407 4688 Ipsam
2437 4616 2604 4687 illam]
2638 4618 2824 4670 \‘eram
2853 4615 3185 4668 felicitatem.

2227 4713 2351 4765 Sine
2371 4708 2710 4777 cunctatione]
2738 4709 2950 4774 Absque
2976 4719 3142 4756 mora.

2166 4849 2171 4855 .
2228 4799 2516 4871 Spi'cimen]
2551 4799 2888 4863 Exemplum,
2919 4796 3165 4856 formam,
3196 4788 3591 4858 probationem.

2581 4890 2648 4943 IN
2688 4886 2971 4942 METRUM
3014 4881 3301 4939 PRIMUM.

2228 4984 2456 5037 Carmen
2482 4989 2565 5035 est
2606 4978 3044 5047 ithyphallicutn,
3094 4972 3446 5041 dactylicum,
3487 4978 3734 5021 tetrante-

2158 5085 2317 5141 trum,
2350 5074 2701 5128 aeatalectum
2721 5110 2734 5133 ,
2767 5078 3017 5123 constans
3045 5065 3211 5118 tribus
3236 5060 3466 5131 dactylis
3493 5069 3544 5111 et
3568 5057 3741 5126 pyrri—

2155 5166 2299 5219 chio.
2328 5163 2614 5219 Scanditur
2640 5171 2814 5213 autem
2844 5158 2945 5211 hoc
2973 5156 3133 5209 modo
3157 5171 3170 5205 :

2405 5251 2498 5309 Qui
2521 5262 2660 5310 sere,
2678 5250 2990 5308 ringcnuum,
3013 5240 3165 5300 volet,
3184 5251 3376 5302 agrum.

2157 5333 2511 5390 Terentianus
2549 5331 2649 5385 hoc
2694 5329 2850 5383 metri
2898 5340 3067 5396 genus
3116 5323 3416 5399 phaliscum
3448 5319 3686 5372 nominat
3720 5354 3739 5379 ,

2159 5442 2277 5480 cum
2308 5425 2382 5478 ait
2413 5444 2424 5478 :

2282 5514 2417 5564 Talia
2441 5513 2568 5563 dicta
2592 5511 2799 5572 phalisca
2822 5508 3051 5569 legimus.

2160 5600 2400 5666 Quatuor
2458 5602 2633 5648 autem
2686 5587 3166 5647 similitudinibus,
3221 5583 3491 5645 eleganter
3549 5575 3743 5645 probat

2164 5691 2309 5760 prius
2340 5688 2485 5741 falsae
2524 5682 2870 5740 beatitudinis
2924 5677 3156 5747 speciem
3207 5672 3381 5727 verbis
3432 5682 3551 5724 esse
3596 5664 3743 5720 desi-
