4010 6372
297 343 404 410 993

299 574 538 614 θαηοςοι.

367 576 396 613 n
440 576 538 613 sci.

330 576 470 716 θρῖα
496 650 681 723 serere]
722 651 873 706 Prius
904 652 1121 722 (inquit)
1160 655 1333 710 noxia:
1370 657 1550 713 herbae
1581 668 1631 713 et
1660 659 1878 714 frutices

297 740 622 810 exstirpandi
644 751 787 806 sunt,
807 757 963 812 quam
991 744 1195 798 semina
1218 747 1393 802 telluri
1415 748 1701 805 credenda.
1736 747 1871 803 Fau-

300 840 413 886 stus
447 832 771 887 Andreiinus
798 850 811 886 :

422 923 639 993 Pessima
664 924 867 993 sollicito
888 925 1215 993 vellenda_est
1238 928 1389 977 herba
1412 930 1604 993 colono,

472 984 550 1032 Ne
576 998 747 1045 pereat
768 986 868 1034 sola
894 986 1098 1048 plurimo
1123 988 1231 1038 labe
1257 1003 1423 1052 seges.

296 1069 455 1121 Divus
479 1068 830 1139 Hieronymus
859 1087 874 1122 :
902 1072 1041 1138 Ager
1070 1073 1317 1140 Spinosus
1348 1075 1449 1127 nisi
1488 1084 1615 1129 ante
1646 1077 1865 1131 cultoris
1895 1132 1903 1138 ,

298 1160 477 1214 labore
500 1160 1022 1230 fneritexstirpatus,
1060 1178 1165 1217 non
1202 1165 1367 1218 nutrit
1414 1166 1466 1219 in
1495 1179 1555 1220 se
1590 1167 1729 1233 jacta
1774 1182 1863 1222 se-

291 1252 457 1317 mina,
489 1252 581 1305 sed
609 1250 850 1305 sulfocat.

362 1340 564 1412 Serere]
604 1343 1184 1424 Seminibusimplere.

360 1432 680 1503 Ingenuum]
720 1435 996 1489 Fertilem.

358 1522 674 1595 Fruticibus]
711 1524 953 1579 Frutioes
1007 1524 1170 1579 medii
1210 1534 1335 1580 sunt
1364 1526 1506 1582 inter
1547 1527 1768 1582 arbores
1808 1539 1861 1583 et

289 1614 500 1669 herbas.
530 1613 665 1668 Nam
711 1622 765 1669 et
799 1616 1031 1669 minores
1058 1616 1339 1670 arboribus
1379 1625 1522 1682 sunt,
1554 1633 1653 1673 nec
1677 1619 1861 1674 hieme

287 1711 344 1756 ut
372 1702 555 1756 herbae
580 1713 847 1757 arescunt.
1068 1714 1075 1717 '

354 1793 594 1865 Fiticem]
639 1795 772 1850 Filix
793 1796 957 1851 herba
1002 1804 1086 1851 est
1134 1798 1290 1867 vulgo
1341 1807 1487 1862 nota,
1540 1801 1705 1870 segeti
1736 1815 1854 1856 cum
1888 1831 1935 1890 Β

286 1886 470 1953 primis
509 1887 685 1940 noxia.
723 1886 1012 1941 lloratius:

404 1976 657 2037 Negiectis
680 1979 865 2026 urenda
888 1977 983 2026 ﬁlix
1013 1979 1278 2028 innascitur
1301 1981 1452 2040 agris.

351 2056 524 2127 Ceres]
568 2058 754 2127 Seges.
796 2059 865 2113 Et
892 2058 1111 2113 licenter
1149 2059 1236 2114 hic
1275 2061 1516 2115 ultimam
1546 2063 1804 2131 corripuit
1843 2081 1857 2114 :

283 2157 337 2200 nt
366 2147 613 2201 Horatius
644 2148 695 2201 in
730 2150 856 2204 Arte
884 2151 1122 2218 poetica,
1156 2150 1323 2220 palus,
1369 2161 1454 2206 est
1484 2152 1627 2207 enim
1671 2164 1858 2206 natura

283 2238 439 2306 longa
473 2256 484 2290 :
520 2238 704 2307 Virgil.

407 2328 550 2377 Flava
570 2329 723 2379 Ceres
744 2330 843 2379 aito
864 2332 1157 2392 nequiquam
1180 2337 1372 2392 spectat
1389 2331 1611 2394 Olympo.

282 2412 531 2467 Fortasse
558 2413 772 2468 Boetius
800 2415 1054 2481 scriptum
1082 2414 1301 2483 reliquit
1321 2430 1492 2483 seges,
1531 2430 1656 2469 cum
1683 2430 1747 2471 ex
1776 2417 1857 2469 al.

282 2514 392 2559 tera
422 2504 654 2558 dictione
682 2504 731 2558 in
762 2505 982 2558 alteram
1015 2503 1183 2559 facilis
1212 2506 1281 2559 sit
1309 2506 1604 2575 prolapsus.
1648 2506 1742 2560 Est
1764 2522 1858 2559 au-

282 2606 385 2647 tem
418 2594 551 2649 ordo
582 2614 595 2647 :
630 2595 700 2650 Ut
728 2610 864 2649 nova
885 2594 1045 2650 Ceres
1070 2603 1178 2660 eat,
1220 2596 1269 2649 id
1301 2604 1385 2651 est
1426 2598 1702 2665 proveniat
1732 2614 1854 2667 gra-

282 2684 380 2744 vis,
436 2684 485 2736 id
515 2694 597 2739 est
626 2684 782 2752 plena
812 2684 979 2753 fruge.
1025 2684 1189 2740 Ceres
1226 2686 1366 2739 dicta
1397 2696 1479 2740 est
1505 2688 1712 2756 frugum
1756 2690 1853 2741 dea

280 2782 532 2840 tanquam
561 2788 736 2841 geres.
771 2774 938 2841 prima
971 2774 1144 2829 littera
1172 2784 1392 2830 mutata.

348 2865 540 2934 Apittm
578 2865 744 2935 labor]
775 2865 899 2920 Mel.

350 2954 404 3007 Μ
411 2954 525 3025 age]
567 2956 752 3025 Magis.

350 3045 529 3101 Malus
570 3048 743 3119 sapor]
775 3048 1108 3103 Amaritndo.
1148 3049 1237 3105 Sic
1270 3048 1620 3119 Hieronymus
1650 3065 1664 3102 :
1693 3050 1857 3103 Ama-

277 3138 459 3194 ritudo
485 3142 768 3208 praeeuntis
791 3140 1013 3208 doloris,
1038 3139 1379 3195 commendat
1404 3140 1634 3209 amplius
1663 3140 1853 3209 gaudia

279 3240 549 3287 tecutura.
579 3230 900 3294 Claudianus
931 3247 948 3288 :

530 3321 835 3382 Semperqne
860 3320 1069 3369 vicissim

405 3382 592 3431 Gaudia
618 3380 848 3443 praemissi
871 3382 1117 3429 cumulant
1139 3381 1333 3443 inOpina
1357 3380 1575 3442 dolores,

403 3443 722 3493 Commendat
746 3442 982 3503 placidum
1007 3444 1154 3490 maris
1177 3442 1487 3492 inclementia
1511 3447 1719 3504 portum.

350 3522 514 3593 Edat]
562 3524 820 3587 Mordeat,
858 3525 1081 3577 cruciet.

345 3614 525 3685 Astra]
556 3614 752 3670 Stellae.

351 3706 479 3777 Ubi]
519 3706 826 3776 Postquam.

347 3794 547 3865 Notus]
578 3795 788 3851 Auster.
1080 3854 1089 3862 ,

346 3888 378 3941 1
384 3888 676 3960 mbriferos]
721 3888 945 3943 imbrem
989 3888 1296 3942 afferentes.

349 3982 447 4053 Ut]
503 3984 811 4050 Postquam.

345 4071 566 4141 Boreas]
632 4072 971 4126 Rubicundos
994 4072 1062 4126 ob
1087 4084 1355 4125 auroram.

343 4164 495 4235 Agit]
525 4164 796 4219 Producit.

346 4252 546 4323 Tuens]
576 4254 810 4309 Intueus'.

341 4344 511 4415 Iugo]
555 4345 831 4400 Servituti.

342 4434 658 4506 Retrahere]
692 4436 1021 4491 Subducere.

349 4528 515 4599 Vera]
561 4528 792 4584 Subaudi
819 4529 974 4580 bona.

343 4616 605 4687 Subierit]
651 4617 935 4673 Subibunt.

817 4728 885 4783 ΙΝ
923 4729 1193 4784 PROSAM
1235 4730 1299 4784 li.

340 4823 521 4876 Docet
568 4829 753 4875 natura
803 4821 1058 4876 mortales
1101 4837 1287 4876 omnes
1338 4838 1605 4877 summum
1657 4824 1856 4879 bonum

260 4924 487 4982 petere,
519 4920 573 4966 et
592 4911 971 4966 beatitudinem
1013 4914 1204 4965 sectari
1230 4913 1330 4967 viis
1357 4913 1572 4983 quidem
1608 4915 1859 4980 diversis,

262 5017 451 5071 eoque
480 5001 640 5056 variis
680 5001 950 5056 erroribus
982 5003 1048 5055 ah
1094 5002 1183 5056 illa
1232 5005 1458 5071 turpiter
1484 5004 1703 5069 abduci,
1735 5006 1863 5059 dum

259 5094 313 5147 in
342 5093 581 5157 divitiis,
634 5090 998 5161 dignitatibus,
1040 5094 1242 5161 regnis,
1284 5094 1451 5162 gloria
1484 5104 1542 5148 et
1586 5095 1869 5163 voluptati-

260 5178 368 5233 bus
425 5180 737 5234 felicitatem
767 5194 824 5234 se
864 5180 1149 5251 adepturus
1196 5184 1504 5251 Opinantur,
1558 5183 1700 5253 quod
1751 5184 1866 5239 tieri

258 5272 504 5325 minime
526 5280 721 5339 potest.

332 5360 509 5432 Tum]
543 5362 762 5418 Deinde.

337 5451 559 5521 Βεβποῖ
592 5452 851 5521 Exprimit
876 5464 1081 5522 gestum
1114 5455 1344 5511 hominis
1391 5473 1502 5513 rem
1552 5464 1857 5532 quampiam
1902 5466 1910 5473 ’

257 5542 615 5606 penitissima
643 5544 1004 5611 speculatione
1034 5547 1363 5603 meditantis.

333 5627 561 5700 De/ixo]
594 5633 853 5701 Demisso,
901 5643 953 5689 et
1000 5635 1051 5689 in
1092 5637 1338 5694 eumdem
1386 5640 1560 5696 locum
1592 5645 1855 5715 conjecto.

260 5720 537 5791 Vi'gilius

1526 363 1897 421 MURMELLII
1938 366 2454 431 COMMENTARIA.

297 467 582 537 gnandam,
640 476 695 523 ut
739 456 922 539 postea
952 483 1091 528 vera:
1129 472 1293 527 forma
1337 478 1669 533 commodius
1700 480 1869 547 possit
1898 483 1947 539 Α

2097 484 2321 538 Constitit
2349 498 2402 539 et
2424 490 2585 554 Libya:
2603 494 2781 547 ileflxit
2805 496 2989 549 lumina
3014 503 3204 565 regnis.

2055 564 2111 616 Μ
2115 570 2372 641 ortalium]
2424 572 2733 647 llominum.

2054 656 2107 708 Μ
2115 660 2421 727 ultiplicium
2448 668 2756 738 studiorum]
2789 670 3068 731 Terentius
3091 695 3107 732 :

2316 751 2445 815 Quot
2468 753 2705 815 homines,
2728 765 2799 808 tut
2820 768 3117 815 sententiae:

2314 812 2442 862 Suus
2465 818 2643 877 cuique
2667 812 2772 868 mos
2795 829 2887 871 est.

1979 889 2188 943 l'crsius
2223 909 2233 941 :
2292 918 2297 923 -

2098 979 2229 1049 ltitia
2254 981 2501 1049 hominum
2524 989 2737 1049 species,
2762 997 2815 1039 et
2836 1004 3003 1041 rerum
3025 996 3233 1049 discolor

2097 1040 2239 1088 Velle
2263 1055 2403 1090 suum
2428 1040 2607 1107 cuique
2632 1040 2736 1107 est;
2756 1064 2848 1101 nec
2868 1040 3297 1114 votoivivit'urvtino

1973 1120 2221 1179 Horatius
2250 1127 2301 1181 in
2339 1128 2690 1187 Sermonibus
2718 1152 2730 1187 :
3268 1136 3281 1147 ’

2093 1212 2263 1287 Castor
2288 1220 2471 1277 gaudet
2496 1223 2657 1287 equis,
2681 1236 2773 1273 ovo
2796 1237 3063 1286 prognatus
3086 1236 3263 1287 eodem

2090 1273 2275 1383 ﬁqlqigis
2290 1273 2314 1326 ἶ
2331 1288 2448 1340 quot
2470 1273 2681 1343 capitum
2704 1273 3407 1354 viviuifibiﬁéuiﬁiiiiomm

1967 1413 2107 1469 idem
2142 1419 2364 1484 primam
2411 1425 2647 1478 omnium
2686 1428 2841 1482 odam
2876 1429 3034 1501 hujus
3061 1450 3378 1506 argumento
3419 1458 3547 1502 sen-

1967 1508 2147 1559 lentia}
2186 1513 2525 1579 conscripsit,
2558 1516 2677 1569 aliis
2704 1519 2897 1575 studiis
2940 1523 3075 1579 alios
3103 1527 3246 1594 duci,
3292 1533 3412 1587 aliis
3444 1538 3548 1591 alia

1962 1595 2111 1649 cordi
2150 1611 2289 1652 esse.
2327 1600 2606 1669 Euripides
2636 1605 2689 1659 in
2722 1608 3005 1681 Hippolyto
3031 1614 3300 1675 Coronato
3330 1638 3347 1677 :

2086 1685 2209 1735 Aliis
2233 1688 2324 1737 alia
2349 1688 2561 1751 placent.

1965 1766 2222 1824 ilomerus
2252 1772 2304 1825 in
2335 1773 2573 1844 Odyssea
2607 1795 2622 1831 :

2081 1859 2301 1922 Namque
2322 1863 2429 1912 aliis
2450 1865 2558 1914 alia
2579 1880 2663 1917 res
2684 1871 2999 1933 arridentque
3024 1876 3338 1945 placentque.

1965 1939 2161 1995 Plinius
2184 1943 2370 1999 Junior
2400 1963 2415 2002 :
2447 1946 2601 2030 Varia
2628 1960 2753 2005 sunt
2798 1953 3072 2012 hominum
3120 1939 3343 2030 judicia,
3375 1982 3541 2023 varam

1963 2032 2282 2089 voluntates.
2315 2022 2649 2094 Hermannus
2694 2041 2956 2102 Boschius
3001 2022 3545 2119 Pasiphilus'noster

1961 2135 2163 2176 amicus
2185 2138 2201 2176 ζ

2085 2210 2202 2296 Natu:
2227 2212 2687 2296 ρρξξξξρ-οριιῖδεεξε
2706 2224 2940 2296 studium,
2960 2239 3058 2278 non
3075 2242 3171 2281 una
3187 2233 3413 2286 voluntas
3430 2275 3445 2296 .

2146 2270 2207 2320 Et
2228 2273 2401 2324 fruitur
2421 2270 2532 2326 voto
2554 2270 2762 2341 quilibet
2784 2270 2941 2347 usque
2960 2270 3070 2338 368.

2036 2352 2141 2408 Sed
2166 2355 2235 2408 ad
2260 2373 2414 2412 unum
2438 2368 2603 2417 tamen
2638 2364 2969 2423 beatitudinis
2990 2373 3145 2438 ﬁnem
3166 2377 3348 2431 nititur
3371 2396 3543 2446 perve-

1960 2441 2089 2514 nire]
2129 2445 2295 2501 Divus
2314 2450 2564 2507 Aurelius
2593 2456 2919 2525 Augustinus
2940 2461 3077 2517 libro
3101 2464 3167 2520 de
3194 2441 3425 2525 Civitate
3449 2471 3543 2528 Det

1960 2533 2188 2598 decimo,
2214 2539 2388 2607 capite
2418 2542 2893 2610 primo:0mnium
2938 2562 3084 2607 certa
3130 2560 3394 2611 sententia
3433 2571 3544 2624 est,

1959 2626 2048 2693 qui
2078 2626 2282 2681 ratione
2320 2644 2533 2699 quoquo
2578 2634 2739 2687 modo
2770 2638 2845 2690 uti
2894 2651 3136 2706 possunt,
3187 2642 3373 2699 beatos
3416 2662 3541 2703 esse

1959 2731 2146 2771 omnes
2168 2719 2418 2775 homines
2440 2723 2600 2779 velle.
2635 2724 2737 2789 Qui
2769 2737 2947 2783 autem
2977 2732 3103 2795 sint,
3130 2735 3213 2789 vel
3236 2738 3375 2792 unde
3393 2739 3541 2805 fiant.

1959 2806 2084 2861 dum
2112 2810 2415 2865 mortalium
2441 2814 2633 2881 quaerit
2675 2815 2978 2884 infirmitas,
3011 2821 3193 2878 multa:
3231 2840 3545 2899 magnasque

1958 2899 2337 2953 controversias
2364 2901 2642 2956 concitata:
2657 2913 2804 2969 sunt,
2831 2906 2882 2959 in
2904 2908 3095 2976 quibus
3122 2911 3423 2984 philosophi
3442 2932 3540 2974 sua

1959 2986 2131 3040 studia
2179 2996 2233 3041 et
2264 2989 2373 3042 otia
2425 2992 2819 3048 contriverunt.
2869 2996 3137 3056 Hactenus
3188 3004 3541 3073 Augustinus.

1958 3074 2065 3131 Nos
2089 3086 2264 3133 autem
2288 3079 2509 3149 juventa
2538 3086 2806 3151 quondam
2844 3089 2974 3142 satis
3000 3089 3253 3158 audaces,
3286 3094 3427 3150 hunc
3463 3097 3544 3151 Ιο-

1886 3176 1932 3240 c
1962 3181 2082 3221 cum
2109 3169 2387 3225 versiculis
2405 3177 2766 3241 expressimus
2812 3176 2951 3232 libro
2999 3181 3279 3236 muralium
3328 3183 3545 3255 Elegia-

1967 3273 2084 3312 rum
2118 3268 2329 3327 quarto,
2359 3276 2492 3330 quos
2520 3262 2606 3318 hic
2633 3280 2900 3335 apponere
2941 3268 3145 3325 libitum
3171 3281 3290 3327 est:

2085 3371 2227 3440 Cla_re
2250 3373 2545 3440 Modersoni,
2568 3381 2651 3440 qui
2674 3382 3026 3432 consuetudine
3048 3383 3178 3435 dulci

2150 3434 2300 3483 Docta
2323 3437 2464 3485 simul
2491 3434 2681 3487 mecum
2707 3442 2888 3491 cudere
2915 3446 3064 3492 verba
3086 3434 3249 3495 soles:

2090 3494 2280 3559 Cernis,
2303 3503 2357 3544 ut
2378 3499 2436 3544 ad
2460 3498 2605 3547 tinem
2629 3503 2790 3549 cuncti
2814 3506 3154 3556 contendimus
3178 3494 3326 3559 unum
3402 3546 3403 3549 η

2152 3556 2304 3623 Quam
2325 3560 2600 3623 variisgviue
2622 3563 2913 3623 consiliique
2934 3567 3039 3613 viis.

2092 3616 2360 3691 Hi'c‘inhiat
2386 3616 3005 3691 gazis,_congesto_pauper
3030 3628 3248 3691 inﬂant-0,

2152 3676 2443 3741 Divitiisque
2472 3676 2606 3739 putat
2632 3676 2878 3741 pulchrius
2902 3676 3012 3735 ease
3040 3676 3178 3740 nihil.

2093 3737 2182 3810 ille
2205 3740 2297 3786 sibi
2321 3737 2665 3810 magnoshpetit
2687 3745 2968 3810 ambitiosus
2992 3737 3223 3810 honores,

2154 3798 2196 3844 Α
2217 3798 2575 3862 senet-abundis
2598 3805 2781 3862 gaudet
2805 3807 2988 3862 ubique
3013 3806 3127 3856 coli.
3158 3798 3165 3799 ί
3188 3798 3222 3810 ⁷’
3308 3852 3313 3855 ,

2092 3858 2217 3935 Sunt
2238 3860 2549 3935 quibus-esse
2575 3858 2757 3935 bonum
2774 3858 3001 3935 praeclara
3027 3871 3241 3935 potentia
3263 3872 3356 3918 visa
3380 3879 3485 3935 est,

2155 3920 2285 3974 Quos
2303 3920 2437 3984 juvat
2458 3924 2725 3971 innumeris
2745 3920 3160 3984 imperitare-viris
3180 3944 3192 3978 :

2094 3978 2235 4046 HiAse
2262 3980 2339 4046 vel
2362 3994 2511 4039 reges
2533 3989 2719 4046 aptant,
2743 3978 2825 4031 vel
2844 3988 3045 4046 regibus
3069 3992 3194 4046 addi,

2157 4039 2467 4108 Omnibuset
2494 4039 2618 4108 votis
2635 4039 2851 4108 plurima
2872 4039 3016 4105 posse
3041 4039 3231 4108 petunt.

2092 4101 2218 4170 Sunt
2240 4114 2362 4170 quos
2382 4103 2547 4151 dilatas
2568 4101 2783 4170 deiectat
2806 4101 2960 4167 gloria
2985 4101 3143 4170 famte,

2155 4162 2212 4224 lii
2240 4162 2419 4212 clarant
2444 4177 2617 4212 nomen
2642 4162 2861 4224 quaiibét
2886 4176 2991 4219 arte
3016 4162 3177 4220 suum.

2094 4221 2319 4293 implicat
2335 4224 2582 4293 illecebris
2605 4221 3040 4293 faiiaxpierosque
3058 4232 3299 4293 voluptas,

2157 4284 2249 4350 Qui
2276 4288 2420 4350 nimio
2441 4289 2602 4350 studio
2623 4284 2853 4337 deiiciosa
2880 4284 3067 4350 petunt.

2094 4344 2211 4418 Pars
2234 4346 2476 4417 hominum
2500 4347 2698 4407 ﬂorent,
2718 4344 2895 4418 quibus
2916 4358 2993 4418 est
3015 4354 3249 4413 sapientia
3272 4358 3421 4415 cordi,

2158 4401 2211 4451 Et
2237 4410 2319 4467 qui
2344 4421 2398 4455 se
2422 4421 2583 4456 rerum
2610 4401 2891 4470 cognitione.
2915 4401 3083 4460 beant:
3133 4401 3138 4402 ⁷
3173 4401 3191 4455 ⁷.

2097 4466 2320 4535 Nmmulli
2346 4475 2570 4535 tanquam
2595 4466 2739 4535 tinem
2760 4478 3008 4535 sectantur
3026 4474 3307 4535 honestum,

2155 4528 2248 4575 Pro
2270 4528 2647 4589 t'irtttte'quibus
2672 4533 2750 4579 vix
2775 4531 2918 4579 datur
2943 4534 3111 4581 umbra
3135 4536 3266 4587 boui.

2088 4588 2207 4655 Nam
2226 4589 2336 4637 dum
2364 4588 2633 4651 prudentes
2659 4605 2745 4651 per
2768 4604 2825 4641 se
2842 4594 3065 4655 iustique
3086 4597 3239 4646 videri

2152 4652 2415 4705 Conantur,
2437 4660 2663 4721 pereunt,
2688 4652 2896 4721 [ir-mque
2911 4652 3100 4705 tumore
3126 4667 3345 4721 crepant.

2091 4710 2180 4773 llic
2206 4719 2346 4773 certe
2371 4710 2513 4761 nemo
2534 4710 2729 4763 dicetur
2748 4710 2863 4773 jure
2884 4716 3076 4769 beatus.

2154 4770 2207 4834 in
2231 4772 2339 4820 cmii
2362 4786 2601 4822 summum
2628 4770 2882 4834 permanet
2903 4790 3016 4826 arce
3044 4781 3237 4828 bonum.

2089 4830 2212 4899 illud
2240 4835 2288 4880 in
2313 4842 2497 4899 :elerna
2526 4830 2722 4899 pax'est
2748 4838 2826 4899 (ut
2853 4840 3037 4895 sentio)
3066 4841 3183 4899 vita,

2154 4894 2259 4955 ipse
2281 4894 2361 4943 vel
2387 4897 2640 4945 exundans
2660 4894 2770 4947 fons
2793 4899 3009 4948 bonitate
3034 4894 3188 4950 Deus.

2094 4952 2213 5003 illuc
2230 4956 2434 5011 justitize
2459 4957 2691 5016 gradibus
2715 4961 2925 5008 nitamur
2948 4964 3124 5011 amice.

2154 5016 2247 5073 Qui
2272 5016 2445 5066 fruitur
2471 5016 2575 5077 tali,
2600 5019 2669 5067 nil
2691 5022 2823 5082 cupit
2847 5021 2951 5081 ille,
2971 5023 3113 5071 bono.

2047 5095 2131 5167 Id]
2175 5096 2220 5150 Is
2248 5097 2368 5150 ﬂuis
2400 5100 2758 5156 beatitudinis.

2044 5188 2191 5260 Quis]
2232 5189 2457 5258 Aliquis.

2044 5280 2260 5351 Adepto]
2298 5282 2642 5351 Comparate.

2034 5372 2267 5445 ιΛὺῘοτει]
2310 5374 2545 5431 Deesset.

2044 5464 2238 5536 Liquet]
2283 5466 2522 5533 Constat,
2557 5471 2892 5537 perspicuum
2923 5476 3022 5521 est.

2041 5557 2413 5613 Bcalitudinem
2454 5560 2661 5629 statum]
2705 5560 2857 5613 Ponit
2889 5557 3227 5611 beatitudinis
3265 5557 3547 5614 definitio.

1968 5663 2086 5702 nem
2123 5649 2419 5717 hujusmodi
2457 5668 2467 5701 :
2504 5650 2778 5703 Beatitudo
2818 5658 2895 5703 est
2927 5656 3095 5700 status
3135 5648 3397 5703 bonorum
3443 5670 3556 5706 om.

1969 5739 2109 5792 nium
2136 5740 2501 5809 aggregatione
2534 5738 2817 5806 perfectus.
2857 5739 3185 5809 Speusippus
3220 5742 3273 5796 in
3312 5741 3451 5797 libro
3481 5739 3548 5793 de
