4010 6372
470 381 569 439 395

1118 378 1457 434 APPENDIX
1497 378 1585 431 AD
1622 377 1861 433 LIBROS
1904 379 1988 432 DE
2025 378 2535 435 CONSOLATIONE
2575 374 3060 432 PlllLOSOPlIUE.

3034 309 3060 319 .-

3618 368 3720 427 996

468 492 704 548 Platonis
735 488 1132 545 Definitionibus
1164 490 1276 544 haec
1305 488 1466 543 tradit
1497 490 1619 543 huic
1660 490 1794 544 bene
1830 506 2025 544 conve-
2062 501 2111 556 Α
2208 492 2343 546 Sunt
2379 492 2467 560 qui
2507 490 2680 559 etiam]
2716 491 2914 544 Sensus
2942 498 3022 542 est
3047 505 3058 537 :
3088 484 3225 540 Sunt
3251 486 3339 554 qui
3370 484 3513 554 quod
3542 500 3609 540 ex
3639 486 3724 539 his

468 584 703 639 nientia:
736 579 1009 635 Beatitudo
1038 588 1122 634 est
1150 581 1349 634 bonum
1380 595 1442 635 ex
1474 580 1628 634 bonis
1656 582 1909 634 omnibus
1938 597 2033 636 ac-

466 670 815 732 cumulatum,
846 675 1079 736 potestas
1108 668 1171 723 ad
1202 670 1338 724 bene
1367 670 1653 725 vivendum
1686 686 1744 726 se
1771 673 1883 740 ipsa
1930 675 2039 726 suf-

466 760 670 824 ﬁciens,
701 758 954 826 perfectio
992 761 1282 814 secundum
1309 762 1577 828 virtutem,
1610 763 1885 817 sufficiens
1911 764 2037 817 vitae

466 848 833 902 commoditas.
874 847 1149 903 Beatitudo
1177 861 1230 905 et
1270 850 1497 905 beatitas
1528 852 1581 905 in
1608 852 1797 905 eodem
1845 852 2040 920 signifi-

466 945 586 990 catu
625 937 889 990 dicuntur.
920 938 1163 992 Ciceroni
1201 954 1327 993 vero
1362 950 1646 1008 utrumque
1677 942 1896 993 omnino
1941 942 2039 994 du-
2068 948 2077 954 ’

466 1040 587 1078 rum
615 1026 783 1077 visum
811 1034 894 1079 est
922 1026 1255 1090 vocabulum,
1288 1027 1378 1080 sed
1411 1043 1504 1080 usu
1537 1029 1903 1083 molliendum.
1927 1032 2041 1084 Au-

466 1114 714 1183 gustinus
744 1098 879 1168 libro
906 1114 973 1169 de
998 1114 1225 1170 Civitate
1254 1116 1345 1169 Dei
1387 1116 1588 1184 quinto,
1620 1118 1790 1185 capite
1832 1118 2039 1185 primo:

466 1208 726 1273 Quoniam
757 1218 969 1262 conSIat
994 1209 1227 1262 omnium
1270 1224 1451 1262 rerum
1483 1210 1833 1276 optandarum
1873 1209 2043 1276 pleni-

466 1297 702 1349 tudinem
733 1311 850 1350 esse
892 1297 1218 1352 felicitatem.
1251 1298 1455 1365 Quibus
1500 1313 1565 1352 ex
1594 1299 1770 1351 verbis
1814 1300 2043 1353 sumitur

468 1387 580 1441 hrec
607 1389 796 1441 finitio.
822 1388 1069 1442 Felicitas
1096 1400 1177 1443 est
1206 1391 1442 1442 omnium
1475 1404 1654 1444 rerum
1683 1392 2037 1457 optandarum

468 1477 759 1544 plenitudo.
794 1477 1065 1546 Philippus
1114 1480 1401 1533 Beroaldus
1436 1496 1447 1530 :
1482 1481 1665 1549 Magna
1716 1496 1801 1535 res
1832 1492 1913 1535 est
1942 1483 2040 1535 viri

468 1566 823 1632 ornatissimi,
852 1576 903 1621 et
924 1569 1169 1622 omnibus
1201 1571 1345 1623 boris
1374 1572 1609 1623 omnium
1638 1572 1775 1624 votis
1802 1572 2039 1639 expetita

469 1656 734 1730 felicitas;
791 1658 893 1711 huc
925 1658 1144 1711 tendunt
1190 1669 1500 1711 cunctorum
1551 1668 1671 1711 vota
1715 1661 2039 1725 mortalium,

471 1752 584 1803 hmc
610 1760 694 1805 est
721 1764 928 1805 summa
960 1764 1136 1802 rerum
1161 1748 1575 1814 expetendarum
1606 1765 1619 1813 ;
1661 1750 1913 1803 felicitate
1937 1759 2043 1802 ter-

471 1841 742 1893 minantur
796 1845 973 1892 nostra
1004 1835 1284 1889 desideria.
1318 1835 1414 1889 Cui
1462 1836 1687 1890 felicitas
1716 1837 1883 1901 adest,
1920 1835 2043 1890 huic
2077 1835 2159 1909 B;

473 1928 604 1981 nihil
660 1942 874 1995 prorsus
931 1925 1102 1979 deest.

471 2024 673 2084 optent,
704 2017 793 2084 qui
823 2029 948 2069 vero
972 2014 1279 2068 felicitatem
1316 2015 1587 2083 repudiet,
1620 2015 1795 2069 nullus
1821 2016 2000 2071 existit
2028 2033 2043 2069 :

470 2120 629 2159 nemo
648 2104 788 2159 enim
824 2118 927 2156 non
959 2103 1079 2156 felix
1106 2118 1226 2157 esse
1251 2103 1383 2165 vult,
1412 2118 1568 2155 nemo
1598 2117 1700 2156 non
1733 2104 2042 2159 felicitatem

472 2209 732 2250 summum
760 2193 1016 2247 bonorum
1044 2206 1165 2247 esse
1190 2191 1475 2246 consentit.
1507 2192 1696 2245 Cicero
1724 2192 1773 2244 in
1802 2206 1834 2245 v
1863 2193 1929 2246 de
1959 2193 2047 2247 Fi-

474 2282 667 2335 nibus:
694 2282 855 2335 Beate
895 2279 1033 2332 enim
1064 2279 1279 2333 vivendi
1324 2278 1611 2346 cupiditate
1641 2281 1837 2333 incensi
1860 2295 2047 2335 omnes

472 2384 674 2425 sumus.
706 2370 866 2423 Divus
897 2368 1220 2438 AnguStinus
1245 2369 1338 2421 lib.
1369 2368 1437 2422 de
1464 2368 1688 2423 Civitate
1717 2369 1809 2422 Dei
1834 2379 2043 2437 quarto,

473 2460 647 2527 capite
691 2459 761 2511 ‘25
796 2475 808 2511 :
854 2458 1033 2512 Potior
1074 2467 1155 2510 est
1196 2456 1422 2510 felicitas
1470 2471 1655 2524 regno.
1710 2456 1877 2509 Nemo
1906 2458 2046 2509 enim

473 2549 677 2603 dubitat
703 2548 861 2601 facile
892 2548 1114 2600 inveniri
1146 2545 1441 2608 hominem,
1492 2548 1583 2614 qui
1624 2561 1683 2600 se
1713 2548 1895 2599 timeat
1933 2544 2047 2598 fieri

474 2653 671 2708 regem.
716 2637 900 2691 Nullus
926 2645 1102 2689 autem
1132 2636 1401 2689 invenitur
1429 2636 1517 2704 qui
1547 2649 1606 2689 se
1634 2635 1768 2689 nolit
1812 2650 1933 2689 esse
1971 2634 2050 2688 fe-

473 2732 652 2784 licem.

546 2817 867 2872 Naturaliter
895 2813 1102 2885 inserta]
1143 2815 1243 2869 Per
1284 2822 1529 2868 naturam
1572 2829 1668 2868 seu
1694 2829 1723 2867 a
1752 2824 1938 2868 natura
1967 2815 2049 2868 in-

474 2911 599 2965 sita.
630 2908 828 2962 Natura
857 2907 934 2975 (ut
963 2908 1037 2961 ait
1081 2907 1273 2960 Cicero
1324 2906 1741 2959 Tusculanarum
1790 2906 2051 2972 Quaestio-

474 3016 600 3055 num
645 3000 780 3053 libro
829 2998 1012 3066 tertio)
1068 2996 1319 3065 parvulos
1368 2997 1522 3050 nobis
1569 2996 1716 3049 dedit
1770 2996 2047 3063 igniculos,

474 3106 604 3162 quos
631 3091 876 3145 celeriter
916 3088 1071 3143 malis
1103 3088 1343 3141 moribus
1375 3087 1826 3154 opinionibusque
1855 3088 2050 3155 depra-

1184 1925 1524 2003 lnveniuntur
1578 1926 1666 1995 qui
1720 1941 1881 1995 regna
1936 1940 2043 1979 non

475 3183 603 3236 vatis
638 3181 716 3234 sic
743 3180 1128 3248 exstinguimus
1161 3218 1175 3241 ,
1226 3187 1284 3231 ut
1316 3192 1575 3246 nusquam
1620 3187 1823 3229 natura:
1872 3177 2048 3231 lumen
2079 3194 2124 3254 α

474 3280 740 3341 appareat.
786 3270 922 3324 Sunt
944 3268 1087 3321 enim
1130 3267 1352 3335 ingeniis
1393 3268 1590 3319 nostris
1617 3266 1821 3319 semina
1865 3267 2046 3319 innata

468 3362 749 3423 virtutum,
777 3372 894 3425 quas
922 3357 967 3409 si
998 3355 1304 3409 adolescere
1334 3356 1539 3420 liceret,
1568 3355 1681 3422 ipsa
1703 3369 1801 3407 nos
1827 3354 1893 3408 ad
1923 3356 2046 3409 bea-

476 3462 577 3508 tam
599 3452 759 3504 vitam
789 3459 976 3502 natura
1011 3446 1347 3516 perduceret.
1380 3445 1529 3500 Nunc
1556 3456 1731 3500 antem
1767 3447 1922 3499 simul
1962 3455 2046 3499 at-

476 3558 576 3612 que
600 3542 727 3596 editi
790 3542 841 3594 in
870 3541 1040 3594 lucem
1090 3539 1320 3606 suscepti
1359 3554 1566 3603 sumus,
1614 3538 1666 3591 in
1708 3539 1853 3592 omni
1882 3539 2050 3593 conti-

474 3646 581 3685 nno
608 3632 869 3700 pravitate
906 3638 960 3683 et
1002 3630 1052 3682 in
1104 3643 1310 3682 summa
1356 3627 1664 3695 opinionum
1704 3629 2051 3696 perversitate

477 3734 766 3782 versamur,
791 3727 847 3772 ut
875 3733 1009 3787 pene
1034 3732 1155 3774 cum
1182 3718 1320 3772 lacte
1337 3716 1559 3771 nutricis
1578 3730 1815 3771 errorem
1837 3718 2049 3771 suxisse

479 3812 780 3867 videamur.

542 3904 769 3970 Quorum
794 3903 995 3970 quidem
1021 3900 1132 3970 alii]
1181 3900 1334 3953 Ponit
1361 3900 1570 3955 diversa
1594 3901 1648 3955 in
1670 3916 1881 3957 summo
1907 3901 2048 3956 bono

475 3994 759 4066 quterendo
789 3992 1090 4046 mortalium
1121 3990 1317 4045 studia.

541 4082 797 4151 Af/luant]
846 4082 1150 4134 Abundent.

541 4168 769 4239 Adeptis]
808 4168 1162 4236 Comparatis.
1209 4170 1253 4222 A
1297 4168 1461 4223 verbo
1504 4167 1794 4235 deponenti
1831 4168 2047 4236 partici-

474 4260 616 4328 pium
666 4258 916 4327 praeteriti
966 4258 1221 4328 temporis
1270 4260 1483 4327 passiva
1536 4259 1920 4328 significatione
1950 4274 2049 4327 po-

542 4416 882 4510 !{egnantibus
913 4437 1190 4507 adfirmare]
1238 4438 1440 4493 Seneca
1469 4438 1520 4491 in
1558 4436 1785 4491 Hercule
1812 4437 2003 4492 (Etteo
2032 4455 2044 4489 :

808 4528 950 4587 Cupit
976 4530 1051 4575 hic
1072 4528 1180 4586 regi
1209 4530 1461 4587 proximus
1484 4527 1575 4585 ipsi

810 4590 1074 4649 Clarnsque
1099 4588 1218 4637 altas
1242 4590 1315 4635 ire
1339 4601 1425 4647 per
1446 4601 1475 4634 u
1494 4588 1622 4634 rbes.

542 4669 780 4741 Claritas]
817 4670 1054 4723 Nominis
1096 4670 1398 4733 celebritas,
1435 4672 1587 4721 famae
1635 4668 1907 4723 nobilitas.
1956 4669 2060 4722 Pli-

474 4766 593 4820 nius
620 4764 971 4831 Epistolarum
1000 4763 1135 4815 libro
1160 4770 1349 4814 octavo
1383 4777 1395 4811 :
1432 4760 1583 4815 Alius
1613 4759 1777 4826 aliud,
1809 4774 1907 4829 ego
1933 4760 2058 4815 bed-

474 4857 728 4911 tissimtnn
749 4852 1015 4915 existimo,
1045 4851 1132 4919 qui
1165 4852 1317 4904 bona:
1340 4865 1713 4917 mansuraeque
1736 4850 1891 4903 fama:
1915 4865 2059 4917 prte-

472 4944 773 5012 sumptione
805 4942 1119 5010 perfruitur,
1151 4950 1434 5010 certusque
1466 4940 1794 5009 posteritatis
1826 4954 1947 4994 cum
1978 4940 2063 4993 fu-

472 5044 587 5087 tura
617 5032 783 5101 gloria
820 5031 970 5084 vivit.

544 5116 857 5188 l’ropagare]
901 5118 1163 5183 Proferre,
1198 5118 1507 5171 extendere.

544 5208 762 5261 Plurimi
800 5207 935 5277 vero]
988 5209 1045 5261 in
1093 5210 1229 5259 hanc
1269 5207 1587 5260 sententiam
1617 5208 1924 5274 agminatim
1955 5224 2054 5274 pe-

468 5298 621 5352 dibus
650 5302 798 5366 eunt‘,
826 5300 965 5351 ducti
999 5298 1195 5366 pariter
1236 5306 1288 5350 et
1316 5296 1534 5358 inducti,
1566 5297 1893 5365 voluptatem
1933 5309 2047 5351 stu-

467 5390 615 5446 diose
640 5400 923 5446 sectantes.
953 5390 1179 5458 chatur
1208 5390 1273 5442 de
1302 5389 1383 5441 his
1417 5389 1675 5443 bonorum
1708 5390 1897 5444 finibus
1930 5391 2053 5443 Ari-

467 5482 685 5539 stmeles
734 5482 785 5533 in
814 5481 983 5548 primo
1032 5479 1360 5541 Ethicornm,
1389 5478 1579 5533 Cicero
1605 5480 1671 5533 de
1706 5480 1923 5535 Finibus
1954 5483 2049 5534 ho-

473 5584 660 5635 nerum
688 5580 741 5624 et
770 5571 1052 5634 malorum,
1089 5570 1410 5637 Augustinus
1446 5570 1579 5623 libro
1607 5569 1672 5624 de
1701 5570 1926 5624 Civitate
1951 5570 2043 5624 Dei

477 5661 697 5728 decimo,
730 5675 780 5717 et
820 5662 1089 5732 Philippus
1123 5662 1406 5716 Beroaldus
1437 5661 1489 5714 in
1521 5660 1776 5731 opusculo
1804 5660 1870 5715 de
1900 5659 2043 5713 Feli-

471 5750 652 5803 citate.

2140 589 2344 649 petunt,
2372 594 2475 631 non
2497 580 2563 631 ob
2587 579 2635 632 id
2666 580 2859 644 ipsum,
2894 576 2985 629 sed
3011 582 3227 643 propter
3254 574 3478 626 alterum
3499 580 3719 641 petunt:

2141 688 2195 728 ut
2230 676 2283 729 hi
2314 675 2525 727 divitias
2574 675 2643 726 ob
2689 672 2978 740 potentiam
3022 676 3113 721 aut
3146 667 3445 735 voluptates
3476 664 3723 733 concupi-

2140 774 2317 829 scunt,
2349 765 2423 817 illi
2453 764 2739 832 potentiam
2793 770 3007 828 propter
3055 758 3328 827 pecuniam
3358 757 3441 811 vel
3489 754 3725 810 nominis

2140 859 2508 913 claritudinem
2547 864 2819 924 appetunt.
2851 853 3070 907 Ovidius
3096 870 3107 903 :

2264 968 2538 1017 Creverunt
2562 970 2614 1013 et
2636 977 2776 1024 opes,
2798 969 2846 1012 et
2871 975 3015 1024 opum
3038 961 3214 1024 furiosa
3238 958 3404 1018 libido,

2328 1028 2385 1076 Et
2409 1040 2517 1074 cum
2543 1022 2821 1084 possideant
2847 1022 3070 1084 plurima,
3096 1022 3231 1083 plura
3257 1026 3453 1084 petunt.

2268 1089 2502 1147 Quaerere
2527 1083 2578 1133 ut
2602 1083 2875 1144 absumant,
2893 1085 3143 1147 absumpta
3169 1083 3429 1147 requirere
3457 1085 3674 1140 certant,

2388 1149 2551 1209 Atque
2578 1148 2692 1207 ipsae
2714 1148 2845 1194 vitiis
2866 1150 2979 1193 sunt
3003 1144 3234 1193 alimenta
3253 1144 3406 1191 vices.

2168 1270 2177 1279 ·
2216 1250 2371 1321 Sunt]
2402 1248 2639 1304 Subaudi
2677 1246 2939 1301 nonnulli.

2219 1339 2439 1409 Horum]
2478 1339 2769 1391 Bonorum.

2216 1423 2497 1493 Alterutro]
2539 1427 2613 1479 Ex
2643 1423 2850 1477 duobus
2878 1423 3066 1477 altero.

2217 1518 2282 1571 1η
2323 1517 2419 1587 his]
2462 1516 2685 1580 Divitiis,
2717 1514 3083 1584 dignitatibus,
3115 1511 3372 1581 potentia,
3402 1511 3599 1580 gloria,
3629 1524 3727 1563 vos

2147 1608 2368 1677 luptate.

2219 1701 2531 1767 Ccterisque
2562 1695 2767 1766 talibus]
2798 1694 3033 1762 Reliquis
3052 1692 3335 1762 ejusmodi,
3368 1702 3427 1745 ιιι
3454 1692 3508 1744 in
3536 1690 3733 1743 nobili-

2148 1800 2253 1844 tate
2292 1790 2576 1855 favoreqne
2600 1786 2857 1855 pepulari,
2894 1799 2951 1837 re
2985 1784 3167 1835 uxoria
3210 1792 3264 1835 et
3312 1780 3519 1847 liberis,
3547 1781 3731 1835 amici!

2149 1882 2273 1934 item
2304 1894 2367 1932 ac
2395 1879 2569 1940 bonis,
2600 1890 2718 1945 qua:
2756 1874 2907 1928 facile
2945 1880 3169 1942 possunt
3209 1870 3277 1925 ad
3322 1872 3606 1939 superiora
3648 1885 3732 1922 re-

2148 1968 2297 2025 ferri.
2336 2034 2341 2037 _

2226 2054 2494 2125 Votorum]
2532 2053 2917 2123 Cupiditatum,
2967 2051 3265 2115 Optionum,
3310 2048 3728 2117 appetitionum.

2223 2147 2478 2201 Nobilitas
2505 2146 2741 2214 favorque
2769 2139 3052 2211 popularis]
3094 2138 3443 2205 Subintellige
3470 2149 3612 2190 sunt.
3635 2136 3733 2189 Po-

2150 2238 2336 2293 tuisset
2366 2248 2539 2289 autem
2572 2250 2632 2287 ea
2664 2247 2858 2302 ponere
2885 2246 3010 2285 casu
3042 2230 3291 2298 septimo,
3319 2229 3413 2282 sed
3446 2230 3525 2281 uti
3560 2230 3733 2281 nomi-

2150 2327 2335 2381 nativo
2374 2326 2579 2390 malnit,
2613 2324 2683 2377 ob
2733 2320 3012 2375 relativum
3044 2319 3187 2386 quod
3230 2317 3422 2373 eodem
3450 2332 3579 2371 casu
3606 2318 3733 2371 sub-

2160 2418 2355 2487 junxh.

2222 2505 2394 2559 Favor
2420 2503 2701 2574 popularis]
2746 2503 2932 2571 Populi
2960 2501 3129 2554 favor.

2221 2592 2415 2663 Liberi]
2461 2594 2666 2647 Proles.

2222 2688 2512 2738 Amicorum
2558 2682 2694 2752 vero]
2756 2682 2823 2737 Ut
2869 2680 3182 2735 Aristoteles
3232 2677 3550 2732 Ethicorum
3602 2678 3733 2731 libro

2151 2785 2339 2832 octavo
2367 2776 2561 2829 docet:
2597 2774 2730 2827 Tres
2773 2781 2894 2826 sunt
2940 2771 3191 2824 amicitia:
3220 2770 3450 2837 species,
3484 2768 3732 2829 honesta,

2154 2872 2320 2933 utilis,
2368 2871 2525 2937 atque
2549 2868 2803 2937 jucunda.
2854 2867 3113 2921 Amicitia:
3140 2874 3317 2919 autem
3348 2865 3419 2919 ob
3450 2865 3733 2918 utilitatem

2153 2972 2311 3029 atque
2342 2959 2691 3025 voluptatem,
2721 2974 2823 3011 non
2857 2973 2949 3025 per
2975 2972 3055 3021 se,
3085 2956 3180 3011 sed
3211 2971 3306 3026 per
3341 2957 3592 3010 accidens
3618 2965 3733 3008 sunt

2152 3052 2420 3115 amicitite,
2476 3060 2530 3105 et
2586 3050 2739 3105 facile
2785 3043 3005 3104 disSolvi
3054 3057 3272 3118 queunt.
3309 3048 3580 3101 Bonorum
3612 3062 3733 3100 vero

2155 3142 2407 3211 amicitia,
2440 3142 2705 3211 probitate
2751 3143 3050 3209 virtuteque
3096 3140 3345 3193 similium
3378 3139 3621 3207 perfecta
3651 3148 3734 3192 est

2155 3238 2385 3291 amicitia
2432 3246 2487 3289 et
2526 3235 2666 3304 jugis
2718 3242 2878 3302 atque
2908 3246 3243 3302 permanens.
3291 3230 3358 3285 Et
3407 3231 3521 3284 base
3550 3231 3734 3285 eadem

2150 3328 2383 3384 maxime
2421 3326 2675 3390 amicitia,
2724 3333 2883 3391 atque
2939 3323 3135 3392 optima
3180 3322 3410 3375 amicitia
3439 3331 3543 3376 est.
3596 3322 3733 3375 Ideni

2154 3416 2394 3473 secundo
2424 3417 2561 3470 libro
2588 3416 2899 3483 Magnorum
2929 3412 3205 3467 Moralium
3240 3430 3253 3463 :
3287 3410 3733 3465 Constantissima

2152 3507 2313 3577 igitur
2368 3520 2431 3559 ac
2478 3504 2818 3558 stabilissima
2862 3512 2917 3557 et
2983 3502 3358 3557 honestissima
3422 3515 3545 3569 qua:
3599 3501 3736 3555 inest

2152 3596 2339 3666 probis
2384 3594 2658 3648 amicitia:
2708 3594 2901 3661 quippe
2947 3591 3087 3662 quod
3128 3599 3345 3659 propter
3370 3589 3648 3655 virtutem,
3676 3604 3735 3642 ac

2150 3700 2248 3757 per
2272 3700 2329 3739 se
2365 3684 2582 3737 bonum.
2628 3682 2759 3735 Nam
2787 3682 2954 3735 virtus
3001 3678 3471 3741 incommutabilis,
3507 3686 3566 3731 et
3612 3693 3729 3745 qua:

2153 3789 2247 3843 per
2280 3788 2397 3827 eam
2427 3771 2739 3825 conciliatur
2767 3769 3019 3843 amicitia,
3050 3768 3481 3824 constantissima
3525 3774 3648 3819 est:
3680 3776 3735 3817 at

2152 3876 2269 3930 qua:
2296 3876 2361 3913 ex
2392 3858 2692 3921 commodo,
2747 3842 2954 3910 stabilis
3004 3872 3110 3909 non
3140 3864 3222 3909 est
3247 3854 3504 3916 amicitia,
3538 3854 3733 3922 quippe

2152 3963 2269 4017 quas
2294 3946 2574 4001 commodo
2609 3946 2857 4009 elabitur,
2888 3944 3135 3998 similiter
3164 3944 3327 3997 etiam
3356 3957 3478 4012 qua:
3524 3951 3733 4009 propter

2152 4041 2494 4108 voluptatem.
2528 4037 2857 4106 Optimorum
2888 4038 3047 4106 igitur
3067 4036 3321 4098 amicitia,
3360 4048 3480 4102 quze
3510 4049 3606 4102 per
3624 4034 3725 4085 vir-

2153 4140 2319 4185 tutem
2364 4130 2589 4183 excitam
2628 4138 2713 4182 est
2741 4146 2758 4181 :
2805 4129 3089 4181 multorum
3119 4136 3319 4191 autem,
3367 4140 3489 4193 qua:
3521 4136 3734 4194 propter

2153 4219 2511 4283 commodum,
2541 4227 2595 4272 et
2622 4233 2740 4286 quae
2769 4225 2986 4287 propter
3012 4215 3357 4284 voluptatem,
3390 4215 3447 4267 in
3484 4213 3735 4268 oneribus

2154 4327 2379 4384 quaeque
2403 4312 2716 4366 obveninnt.

2231 4403 2323 4456 Vel
2370 4401 2620 4469 polenliw]
2672 4400 2915 4454 Amicitia
2960 4398 3123 4463 utilis,
3174 4399 3259 4452 vel
3315 4397 3597 4463 potentia,
3648 4396 3727 4451 vel

2155 4497 2315 4548 etiam
2372 4493 2677 4547 divitiarum
2723 4491 2893 4560 gratia
2947 4491 3269 4553 assumitur;
3309 4489 3553 4558 jucunda
3590 4505 3728 4551 vero,

2082 4548 2129 4606 Β
2161 4584 2533 4639 delectationis
2556 4548 2745 4651 gratia:

2232 4676 2350 4728 Jam
2393 4690 2509 4727 vero
2554 4676 2777 4743 corporis
2819 4673 2969 4744 bona]
3006 4672 3248 4728 Ostendit
3292 4672 3726 4740 quemadmodum

2164 4764 2299 4817 bona
2326 4762 2565 4829 corporis
2609 4764 2674 4815 ad
2712 4762 2983 4828 superiora
3026 4761 3341 4814 referantur.
3395 4759 3720 4821 Academici,

2166 4855 2215 4910 id
2264 4863 2347 4909 est
2390 4852 2646 4907 Platonici
2676 4861 2730 4905 et
2773 4852 3135 4920 Peripatetici,
3167 4851 3216 4903 id
3248 4860 3330 4903 est
3373 4850 3748 4930 Aristotelici,~

2166 4946 2264 5004 tria
2288 4960 2480 5013 genera
2526 4944 2783 4997 bonorum
2814 4957 2933 4996 esse
2963 4941 3310 5003 tradiderunt,
3339 4958 3403 4994 ex
3436 4942 3631 5010 quibus
3655 4940 3698 4994 fe

2160 5036 2331 5090 licitas
2368 5035 2732 5103 perficeretur.
2783 5033 2981 5097 Prima,
3031 5034 3189 5086 animi
3222 5033 3381 5095 bona,
3429 5044 3491 5085 ut
3518 5033 3727 5086 virtutes

2158 5136 2213 5180 et
2236 5126 2524 5178 doctrinas.
2559 5122 2803 5178 Secunda
2826 5123 3086 5191 corporis,
3130 5132 3186 5175 ut
3212 5124 3496 5176 sanitatem
3515 5164 3531 5188 ,
3558 5122 3726 5181 robur,

2157 5215 2597 5284 magnitudinem,
2615 5214 3082 5280 pulchritudinem,
3102 5212 3461 5275 veloci'atem,
3487 5225 3727 5267 sensuum

2157 5308 2532 5376 integritatem.
2566 5306 2741 5360 Tertia
2782 5316 2997 5359 externa
3016 5346 3032 5371 ,
3062 5321 3179 5374 quae
3209 5305 3433 5359 fortuna:
3462 5306 3731 5359 ascribun—

2157 5407 2265 5460 tur,
2311 5406 2369 5450 ut
2411 5397 2640 5458 divitias,
2693 5399 2941 5463 honores,
2987 5396 3301 5463 potentiam,
3340 5396 3731 5457 auctoritatem,

2158 5488 2406 5555 gloriam.

2234 5576 2504 5647 Prwstare]
2533 5574 2815 5630 Conferre.

2236 5664 2547 5734 Valentiam]
2606 5665 2925 5726 Potentiam.

2232 5753 2593 5825 Pulchritudo]
2618 5756 2871 5825 Corporis
2894 5753 3233 5841 pulchritudo
3250 5763 3330 5809 est
3352 5756 3579 5825 partium
3602 5765 3738 5811 cono
