4010 6372
241 351 339 405 997

1372 342 1748 398 MURMELLII
1785 341 2299 397 COMMENTARIA.

3392 341 3498 394 998

238 463 479 535 gruentia
507 478 627 518 cum
658 462 882 533 quadam
903 460 1096 515 coloris
1126 459 1404 520 suavitate,
1433 465 1490 510 ut
1512 458 1671 512 docet
1700 457 1806 510 Au-
1833 456 1886 515 Α
1916 455 2181 509 femineis.
2206 455 2403 509 Natura
2453 455 2583 507 item
2628 468 2725 523 pro
2758 452 2925 507 forma
2970 463 3066 507 seu
3095 455 3322 507 essentia
3353 454 3501 521 capi-

240 555 402 609 relius
430 554 751 621 Augustinus
779 551 910 604 libro
938 550 1003 603 de
1031 549 1257 603 Civitate
1295 548 1386 601 Dei
1421 547 1628 599 ultimo.

311 619 684 710 Celebrilatent]
727 639 965 693 Nominis
997 638 1299 707 przeclaram
1330 636 1701 705 frequentiam.
1780 619 1785 624 ’

312 732 623 813 salubritas]
656 752 663 759 ο
683 731 913 786 Sanitas.
1464 718 1471 723 ’

312 823 433 877 Prw
470 819 706 891 cwteris]'
727 823 864 874 Ante
893 818 995 872 alia
1027 820 1182 872 bona.

315 912 593 984 Epicurus]
637 910 985 975 Philosophus
1028 909 1366 963 Atheniensis
1413 921 1679 960 summum
1720 907 1817 959 bo-

245 1023 394 1071 num,
436 1022 538 1058 non
565 1007 656 1073 (ut'
682 1003 1007 1071 Aristippus)
1043 1006 1095 1055 in
1136 1002 1406 1068 voluptate
1437 1000 1697 1068 corporis,
1724 998 1818 1053 sed

241 1096 407 1149 animi
451 1104 535 1149 est
585 1094 784 1148 doloris
823 1094 1084 1147 vacuitate
1137 1093 1384 1159 ponebat,
1438 1090 1506 1144 de
1552 1105 1659 1157 quo
1706 1090 1820 1158 lege

243 1188 537 1241 Laertium.
806 1240 823 1261 ο
1163 1232 1195 1262 ο

314 1272 600 1345 Caligante]
646 1240 954 1336 Deﬁciente,
978 1284 1031 1326 et
1058 1240 1204 1341 quasi
1230 1272 1459 1341 caligine
1487 1286 1549 1325 ac
1581 1270 1815 1326 tenebris
1884 1244 1892 1253 l

245 1369 504 1422 obducta.

321 1458 462 1511 Num
508 1457 638 1509 enim
679 1455 909 1508 videntur
954 1470 1123 1509 errare
1175 1453 1245 1523 hi]
1291 1455 1536 1509 Ostendit
1584 1453 1824 1507 homines

247 1564 355 1601 non
398 1546 504 1600 falli
533 1548 584 1600 iit
615 1546 738 1599 boni
764 1545 1074 1612 cupiditate,
1098 1544 1192 1599 sed
1220 1545 1272 1597 in
1302 1545 1417 1611 ejus
1446 1544 1824 1612 acquisitione,

244 1638 374 1691 dum
403 1638 473 1691 ibi
517 1645 760 1704 quterunt
786 1636 873 1689 ubi
900 1635 1120 1689 minime
1153 1642 1375 1703 possunt
1404 1633 1532 1687 illud
1563 1633 1824 1688 invenire.

322 1730 497 1800 Atqui]
548 1731 677 1786 Sed.

323 1816 614 1887 Labuntur]
654 1818 869 1872 Errant.

325 1907 562 1977 Minime]
604 1908 968 1976 Nequaquam.

326 1999 392 2053 In
420 1999 591 2070 bonis]
641 2000 788 2057 Inter
818 2000 976 2053 bona.

327 2089 665 2160 Sequestrari]
707 2089 1007 2157 Segregari.
1054 2087 1342 2156 Sequester
1386 2096 1467 2143 est
1498 2086 1635 2154 apud
1667 2099 1828 2153 quem

254 2182 438 2250 plures
479 2179 721 2233 eamdem
751 2193 886 2240 rem,
914 2179 981 2232 de
1020 2194 1122 2247 qua
1152 2177 1515 2231 controversia
1542 2187 1643 2240 est,
1671 2176 1833 2240 depov

256 2277 480 2322 suerunt
515 2286 527 2319 :
562 2268 733 2321 dictus
758 2270 840 2337 (ut
868 2267 1069 2321 Gellius
1094 2266 1272 2336 docet)
1292 2267 1435 2335 quod
1461 2265 1579 2333 ejus
1606 2265 1694 2332 qui
1722 2264 1833 2317 ele-

252 2367 374 2411 ctus
398 2357 487 2420 sit,
519 2366 737 2424 utraque
761 2371 882 2425 pars
911 2357 1072 2411 ﬁdem
1098 2366 1366 2425 sequatur.
1402 2357 1495 2409 Est
1534 2357 1681 2409 enim
1717 2370 1831 2408 me-

256 2446 379 2500 dius
404 2447 542 2499 inter
569 2446 702 2499 duos
730 2447 1071 2509 altercantes,
1100 2446 1237 2513 apud
1265 2461 1422 2513 quem
1449 2444 1645 2511 aliquid
1675 2458 1831 2509 sepo-

258 2537 426 2591 nitur.
481 2536 613 2590 Hinc
672 2546 969 2605 sequestro,
1024 2539 1160 2603 apud
1220 2544 1552 2603 sequestrum
1605 2533 1835 2601 depono.

260 2628 415 2683 Unde
441 2635 766 2696 sequestrata
797 2642 885 2681 res
909 2626 1122 2680 dicitur.
1169 2626 1437 2679 Interdum
1467 2625 1732 2693 significat
1755 2612 1838 2677 se-

259 2731 644 2786 paro,sepono,
670 2729 904 2784 segrego.
944 2716 1105 2768 Divus
1134 2715 1491 2783 Hieronymus
1520 2731 1533 2764 :
1565 2712 1716 2777 Quod
1749 2725 1839 2777 pe-

261 2809 399 2871 titis,
428 2817 484 2861 ut
510 2806 661 2861 vobis
700 2806 941 2861 diversos
980 2807 1215 2873 psalmos
1255 2819 1348 2871 per
1373 2802 1614 2857 ordinem
1644 2817 1839 2870 seque-

262 2906 457 2951 strem.

338 2984 725 3055 Sufﬁcientiam]
791 2983 1150 3047 Sufficientia,
1206 2991 1342 3036 teste
1385 2982 1704 3051 Speusippo,
1761 2989 1844 3034 est

264 3079 497 3148 perlecta
526 3078 783 3131 bonorum
815 3077 1102 3144 possessio,
1153 3074 1367 3128 habitus
1405 3090 1510 3143 quo
1555 3072 1841 3142 unusquis-

264 3184 372 3239 que
398 3169 482 3223 sui
517 3168 682 3236 ipsius
707 3166 956 3220 dominus
983 3165 1059 3218 fit.

808 3254 873 3309 IN
908 3252 1195 3308 METRUM
1234 3251 1296 3305 ll.

343 3348 571 3403 Carmen
593 3356 677 3401 est
702 3347 1102 3415 anapzeslieum,
1129 3344 1301 3397 simile
1329 3344 1430 3407 illi,

396 3438 438 3488 Ο
464 3437 688 3488 stelliferi
712 3438 929 3485 conditor
951 3437 1103 3496 orhis,

271 3536 381 3595 quo
402 3531 599 3593 quanta
625 3523 698 3577 sit
724 3531 927 3577 natura:
958 3521 1036 3575 vis
1065 3519 1363 3573 ostenditur
1400 3516 1583 3570 multis
1611 3514 1847 3570 eisdem-

272 3628 382 3684 que
409 3612 922 3667 eonvenientissimis
951 3608 1405 3669 similitudinibus,
1456 3614 1511 3659 et
1539 3606 1679 3674 quod
1714 3604 1849 3658 nihil

274 3720 390 3760 sua:
420 3712 623 3757 natura:
665 3700 835 3770 possit
880 3698 1099 3753 omnino
1147 3697 1411 3753 oblivisci.
1467 3696 1616 3750 Unde
1664 3697 1854 3763 probat

276 3793 510 3850 hominis
541 3791 798 3859 originem
828 3789 1102 3843 caelestem
1135 3802 1273 3852 esse,
1315 3796 1371 3841 et
1403 3802 1432 3839 a
1479 3801 1689 3840 summo
1715 3786 1855 3840 bono

276 3885 611 3955 profectam;
641 3897 738 3937 nec
764 3882 1059 3949 quiescere,
1090 3879 1191 3932 nisi
1214 3893 1279 3933 eo
1305 3878 1465 3933 fuerit
1490 3892 1725 3931 reversa.
1762 3876 1854 3931 Est

277 3986 461 4032 autem
498 3974 631 4029 ordo
662 3992 676 4026 :

358 4067 559 4137 Placet]
595 4066 829 4121 Subaudi
861 4065 1017 4118 mihi.

358 4156 623 4227 Promerc]
667 4154 909 4209 Proferre
960 4155 1012 4209 in
1044 4153 1218 4207 lucem
1261 4161 1315 4207 et
1361 4149 1639 4205 evidenter
1687 4163 1857 4203 enun-

285 4251 448 4303 tiare.

360 4339 535 4393 Lentis
554 4336 761 4407 ﬁdibus]
791 4336 1131 4392 Flexibilibus
1154 4334 1371 4391 chordis
1402 4335 1551 4403 lyrae.

360 4427 579 4499 Arguto]
616 4429 725 4499 Hoc
750 4437 854 4493 est,
880 4441 1078 4481 sonoro
1100 4435 1285 4480 cantu.

366 4524 599 4589 Quantas
629 4522 868 4593 habenas]
914 4522 965 4576 Id
992 4531 1073 4575 est
1101 4522 1494 4575 moderationcs
1514 4535 1713 4575 rerum.

364 4612 559 4667 Potens
586 4623 767 4667 natura
797 4612 992 4682 ﬂectat]
1034 4610 1087 4666 Id
1115 4620 1197 4665 est
1223 4612 1437 4679 dirigat,
1468 4611 1640 4675 deest,
1668 4620 1773 4667 etc.

370 4703 567 4768 Quibus
597 4701 807 4772 legibus]
848 4704 903 4756 ld
935 4711 1019 4756 est
1041 4702 1436 4757 conditionibus
1462 4711 1519 4755 et
1549 4703 1740 4770 pactis.

368 4796 595 4849 Provida
617 4806 773 4849 servet
799 4798 1097 4848 immensum
1119 4794 1287 4848 orbem
1330 4803 1373 4847 et
1413 4794 1580 4862 ligans
1626 4794 1867 4866 stringat]

291 4886 353 4940 Id
391 4894 474 4940 est
503 4895 807 4940 connectat.

375 4977 599 5047 Singula
622 4978 892 5032 irresoluto
918 4976 1071 5047 nexu]
1112 4977 1224 5032 IIoc
1250 4990 1332 5032 est
1360 4978 1717 5031 indismluhili
1762 4979 1872 5031 col-

294 5071 572 5139 ligatione.
604 5069 817 5122 Ilahena
846 5069 1063 5137 preprie
1082 5080 1164 5122 est
1186 5070 1533 5122 retinaculuin
1560 5070 1702 5138 equi,
1735 5069 1875 5138 quod

295 5172 474 5227 equus
501 5172 561 5211 ea
592 5158 871 5223 haheatur,
898 5160 948 5212 id
978 5168 1061 5214 est
1086 5172 1345 5213 tenentur.

376 5246 601 5316 Natura]
632 5248 778 5301 Dicta
806 5260 889 5303 est
926 5249 995 5301 ab
1022 5264 1086 5303 eo
1117 5250 1255 5315 quod
1296 5250 1439 5301 nasci
1461 5250 1660 5316 aliquid
1700 5249 1875 5302 faciat.

300 5338 456 5393 llanc
485 5336 696 5405 quidam
727 5338 895 5392 Deum
919 5352 1039 5392 esse
1068 5338 1335 5401 dixerunt,
1362 5352 1389 5390 a
1413 5353 1517 5408 quo
1547 5340 1722 5392 omnia
1757 5349 1882 5393 sunt

298 5436 509 5485 creata.
540 5428 739 5483 Seneca
772 5429 863 5482 lib.
900 5437 1086 5497 quarto
1111 5429 1177 5483 de
1220 5430 1499 5484 Beneficiis
1533 5449 1544 5483 :
1579 5430 1714 5495 Quid
1738 5432 1879 5484 enim

304 5519 456 5574 aliud
503 5529 583 5573 est
637 5532 820 5573 natura
850 5535 1006 5588 quam
1052 5519 1212 5580 Deus,
1262 5529 1315 5573 et
1369 5521 1543 5573 divina
1599 5522 1734 5574 ratio
1780 5522 1877 5575 toti

303 5609 509 5664 mundo
538 5620 589 5663 et
621 5610 855 5677 partibus
890 5610 1006 5677 ejus
1037 5610 1275 5663 inserta?
1302 5610 1574 5676 Accipitur
1614 5610 1881 5666 interdum

305 5714 412 5770 pro
442 5700 489 5753 vi
522 5701 767 5768 naturali,
789 5710 842 5755 et
864 5716 959 5769 pro
982 5701 1295 5770 genitalibus
1320 5712 1426 5755 tam
1455 5701 1696 5759 virilibus
1717 5720 1877 5775 quam

1891 4484 1946 4545 D

1917 556 2020 597 tur.
2046 545 2356 613 Philosophi
2385 553 2627 597 naturam
2660 544 2799 596 hunc
2829 543 2882 595 in
2929 543 3143 595 modum
3181 542 3443 595 definiunt
3471 560 3485 595 :

1916 636 2113 690 Natura
2144 644 2230 690 est
2282 634 2609 703 principium
2647 644 2701 687 et
2747 646 2903 686 causa
2948 632 3193 687 movendi
3224 639 3279 684 et
3320 632 3500 699 quies-

1916 726 2093 791 cendi,
2126 725 2243 793 ejus
2295 725 2348 777 in
2374 737 2480 792 quo
2511 731 2594 777 est
2635 723 2891 790 primum,
2932 736 3030 789 per
3070 734 3150 784 se,
3182 730 3236 773 et
3281 735 3386 773 non
3416 734 3501 773 se-

1917 814 2150 869 cundum
2200 813 2473 868 accidens.
2517 812 2776 866 Detinitur
2821 822 2875 865 et
2918 812 2997 864 sic
3046 810 3289 864 :Natura
3315 819 3400 864 est
3424 810 3504 862 vis

1920 906 2077 959 insita
2099 888 2281 969 rebus,
2310 918 2376 957 ex
2405 902 2671 958 similibus
2702 903 2893 956 similia
2918 916 3231 970 procreans.

1996 994 2235 1059 Quamvis
2280 990 2451 1062 Poeni]
2494 993 2733 1047 Leonum
2764 992 3034 1061 exemplo,
3081 1002 3282 1061 quanta
3321 990 3392 1045 sit
3422 993 3504 1046 vis

1924 1096 2125 1139 naturae
2151 1086 2512 1139 demonstrat.

1997 1171 2167 1243 Pleni]
2208 1174 2417 1243 Libyci,
2447 1174 2776 1228 Marmarici.

1999 1263 2215 1318 Trucem
2244 1262 2562 1334 magistrum]
2603 1264 2881 1319 (lrudelem
2922 1274 2978 1319 et
3022 1266 3297 1335 plagosum
3339 1277 3504 1318 man-

1926 1356 2306 1411 suefaetorem.

1999 1444 2184 1515 Ferre]
2218 1444 2355 1498 Pati.

2001 1533 2250 1603 Horrida]
2280 1532 2578 1588 Terribilia.

2004 1623 2129 1694 Ora]
2168 1624 2425 1679 Leonum.

2003 1715 2238 1786 Resid'rs]
2287 1716 2600 1782 Latitantes,
2630 1718 2989 1785 quiescentes,
3025 1730 3239 1784 segnes.

1856 1803 1901 1859 Β
2005 1805 2176 1877 Reses]
2220 1807 2321 1873 Qui
2364 1808 2583 1872 residet,
2658 1809 2965 1876 quiescens,
3028 1807 3229 1875 segnis,
3280 1806 3508 1860 otiosus.

1937 1895 2121 1965 Virgil.
2157 1896 2247 1949 lib.
2282 1910 2332 1947 vr
2357 1914 2371 1950 :

2061 1985 2172 2033 Otia
2195 1986 2280 2046 qui
2304 1991 2499 2044 rumpet
2522 1986 2693 2046 patria:
2717 1984 3019 2045 residesque
3033 1982 3225 2032 vocabit

2056 2046 2225 2093 'l‘ullus
2249 2047 2296 2092 in
2321 2058 2451 2091 arma
2472 2046 2619 2095 viros.

2010 2125 2167 2195 Olim]
2212 2126 2446 2179 Jamdiu.

2009 2217 2195 2287 Animi]
2241 2217 2486 2271 Feritatis
2527 2216 2776 2285 impetus,
2804 2203 3072 2268 naturales
3096 2212 3161 2265 ad
3192 2210 3515 2265 smviendum

1938 2307 2180 2361 effectus.

2012 2394 2263 2465 Fremitu]
2304 2396 2517 2464 Rugitu.

2010 2486 2188 2556 Gravi]
2233 2486 2485 2539 llorribili
2507 2528 2521 2553 ,
2555 2499 2768 2553 magno.

2015 2572 2312 2643 Meminere]
2352 2575 2610 2629 Memores
2640 2583 2783 2628 sunt.

2015 2664 2134 2735 Sui]
2176 2663 2386 2717 Naturae
2412 2679 2540 2717 sum.

2016 2753 2237 2824 Laxant]
2258 2754 2526 2807 Liberam.

2017 2844 2205 2914 Nodis]
2249 2844 2504 2897 Vinculis.

2018 2932 2195 3004 Lacer]
2243 2935 2549 2988 Laceratus.

2021 3022 2273 3093 Domitor]
2314 3023 2722 3078 Mansuefactor.

2019 3115 2206 3167 Imbuit
2230 3116 2432 3168 rabidas
2458 3113 2581 3185 iras]
2622 3115 2833 3170 Initium
2871 3115 3122 3171 saeviendi
3155 3114 3353 3184 prmbet
3394 3114 3525 3166 elle-

1945 3207 2073 3259 ratis
2103 3204 2365 3258 leonibus.
2400 3206 2650 3258 Martialis
2679 3206 2771 3261 lib.
2805 3221 2839 3259 II
2866 3222 2879 3257 :

2070 3294 2289 3357 Verbera
2312 3297 2469 3343 securi
2495 3294 2667 3357 solitus
2688 3296 2767 3344 leo
2788 3297 2922 3346 ferre
2946 3299 3188 3357 magistri,
3270 3284 3273 3285 ν

2132 3356 2467 3419 Insertamque
2496 3360 2589 3417 pati
2616 3356 2819 3419 blandus
2842 3360 2889 3405 in
2914 3370 3000 3406 ora
3024 3356 3239 3419 manum,

2071 3414 2317 3464 Dedidicit
2340 3414 2509 3477 paceni
2532 3419 2692 3466 subito
2716 3417 2916 3467 feritate
2942 3424 3163 3475 recersa,

2132 3478 2319 3534 Quanta
2344 3490 2437 3524 nec
2463 3478 2511 3524 in
2535 3477 2722 3541 Libycis
2744 3480 2918 3528 debuit
2942 3492 3052 3528 esse
3071 3481 3218 3541 jugis.

2024 3558 2150 3625 Qui:
2195 3561 2330 3612 canit
2364 3558 2383 3628 ]
2412 3562 2643 3615 Avicula:
2694 3562 2746 3616 in
2796 3576 2955 3617 cavea
3010 3564 3277 3617 conclusa:
3331 3567 3519 3630 prohat

1952 3651 2197 3718 exemplo
2214 3691 2229 3713 ,
2258 3661 2461 3705 natura:
2481 3654 2589 3705 Vim
2616 3651 2738 3706 esse
2764 3654 3069 3706 maximam.

2025 3738 2203 3791 Ramis
2230 3736 2248 3805 ]
2282 3740 2436 3791 Deest
2462 3740 2533 3789 in.

2028 3828 2147 3880 Ales
2177 3826 2196 3897 ]
2227 3828 2379 3881 Avis.

2030 3916 2248 3988 Cavete]
2299 3917 2474 3970 Cavea
2525 3923 2608 3970 est
2666 3914 2804 3968 fossa
2862 3914 3246 3979 subterranea,
3306 3928 3537 3981 superna

1962 4014 2123 4063 tecta.
2157 4006 2430 4073 Accipitur
2459 4019 2556 4073 pro
2583 4002 2812 4057 ferarum
2844 4003 3200 4069 receptaculo.
3233 4002 3489 4057 Martialis
3523 4022 3534 4055 :

2331 4094 2489 4143 Exeat
2513 4106 2543 4142 e
2568 4102 2716 4141 cavea
2744 4105 2805 4141 ne
2830 4090 2957 4141 male
2983 4100 3144 4154 pastus
3167 4103 3305 4152 aper.

1964 4178 2154 4233 Cavete
2203 4177 2329 4231 item
2359 4178 2607 4231 dicuntur
2638 4184 2787 4244 septa
2826 4190 2892 4229 ex
2936 4175 3077 4243 ligno
3119 4176 3233 4228 sive
3263 4174 3425 4229 ebore
3450 4184 3541 4229 aut

1965 4270 2071 4325 alia
2126 4268 2381 4333 materia,
2435 4268 2491 4321 in
2540 4266 2734 4335 quibus
2790 4266 3023 4320 aviculas
3076 4274 3335 4318 tenemus.
3385 4263 3540 4317 Ovid.

1969 4361 2064 4415 lib.
2093 4374 2109 4413 ι
2137 4358 2203 4413 de
2232 4358 2402 4411 Paulo
2438 4375 2449 4408 :

2092 4449 2208 4499 Cum
2236 4448 2367 4497 bene
2390 4448 2483 4495 sint
2508 4446 2684 4494 clausas
2706 4454 2856 4493 cavea
2880 4443 3134 4491 Pondione
3157 4450 3305 4504 natae,

2154 4509 2336 4558 Nititur
2360 4508 2407 4555 in
2430 4507 2574 4555 silvas
2594 4519 2803 4567 qumque
2828 4505 2993 4567 redire
3016 4517 3145 4551 suas.

2098 4571 2336 4620 Assuetos
2358 4572 2483 4615 tauri
2506 4564 2675 4623 saltus,
2699 4564 2890 4615 assueta
2917 4564 3090 4612 leones

2159 4632 2284 4691 (Nec
2304 4630 2473 4679 feritas
2493 4628 2601 4678 illos
2625 4630 2847 4689 impedit)
2874 4631 3010 4675 antra
3033 4632 3222 4686 petunt.

2044 4715 2186 4770 Huic
2205 4714 2226 4785 ]
2253 4715 2401 4770 Aliti.

2047 4804 2244 4872 Largas
2268 4804 2423 4873 dapes
2450 4803 2469 4874 ]
2496 4801 2839 4857 Abundantes
2861 4814 3032 4855 escas.
3060 4799 3233 4870 Dapes
3257 4808 3377 4854 sunt
3400 4814 3547 4866 mig-

1979 4895 2119 4950 nilici
2150 4905 2203 4948 et
2230 4893 2433 4962 opipari
2460 4899 2763 4961 apparatus.
2790 4890 3042 4944 Martialis
3078 4906 3092 4943 :

2108 4984 2191 5034 Illa
2207 4983 2401 5043 quidem
2419 4982 2552 5032 lauta
2569 4989 2665 5042 est,
2687 4982 2986 5043 dapibusque
3006 4982 3237 5030 instructa
3256 4982 3500 5042 Superbis.

1986 5071 2157 5139 Dapes
2204 5069 2516 5134 hominum,
2565 5082 2685 5122 esca
2745 5076 2855 5122 tam
2908 5067 3187 5122 brutorum
3243 5065 3553 5118 animalium

1985 5178 2142 5231 quam
2174 5161 2466 5215 hominum.
2498 5160 2601 5215 Sed
2634 5160 2847 5215 Boetius
2872 5159 2982 5228 jam
3015 5168 3158 5213 recte
3187 5158 3321 5211 dixit
3357 5157 3555 5224 dapes,

1986 5264 2045 5308 ut
2086 5270 2196 5309 rem
2247 5254 2595 5306 vehementer
2639 5262 2875 5320 augeret.
2928 5250 3174 5318 Plerique
3216 5249 3358 5302 enim
3408 5256 3555 5301 tanto

1989 5347 2166 5401 studio
2224 5348 2335 5399 suis
2379 5344 2601 5397 aviculis
2646 5359 2824 5398 escam
2879 5343 3348 5411 exquisitissimam
3405 5342 3559 5393 mini.

1986 5444 2189 5502 strant,
2219 5445 2277 5488 ut
2322 5449 2424 5488 non
2456 5433 2672 5497 avibus,
2704 5433 2795 5487 sed
2839 5432 3142 5486 hominibus
3171 5430 3561 5485 delicatissimis

1987 5527 2191 5582 servire
2236 5525 2559 5588 videantur;
2631 5522 2977 5575 nihilominus
3017 5522 3065 5574 si
3113 5521 3333 5574 facultas
3381 5520 3557 5583 detur,

1989 5616 2174 5671 malint
2202 5615 2303 5669 illae
2333 5614 2500 5686 (tanta
2530 5622 2733 5667 natura:
2754 5611 2832 5664 vis
2853 5612 2953 5679 est)
2984 5612 3035 5665 in
3059 5612 3219 5665 silvas
3252 5612 3485 5667 evolare.

2066 5706 2214 5759 Arcto
2240 5714 2364 5760 tecto
2388 5703 2409 5773 ]
2437 5704 2489 5758 In
2523 5714 2743 5772 angusta
2772 5716 2956 5758 cavea.
