4010 6372
540 326 640 380 999

1171 338 1505 392 APPENDIX
1545 340 1635 392 AD
1673 338 1913 395 LIBROS
1951 341 2039 394 DE
2078 341 2586 397 CONSOLATIONE
2626 339 3109 396 PHILOSOPHUS.

3627 339 3735 395 1000

602 454 785 509 Mmsta
813 452 830 523 ]
864 452 1083 516 Tristis,
1114 451 1252 519 quod
1284 452 1486 505 inclusa
1521 468 1624 504 non
1656 454 1824 519 possit
1850 453 2085 507 evolare.
2120 466 2169 521 Α
2208 455 2351 507 tione
2384 454 2672 521 perfectum
2703 462 2956 521 praestent
2999 469 3011 504 :
3044 465 3141 505 nec
3182 465 3360 504 veram
3392 449 3735 508 sufﬁcientiam

600 542 797 614 Silvis]
825 544 889 597 ad
918 543 1099 605 silvas,
1126 550 1179 595 et
1205 542 1453 596 silvarum
1484 541 1771 597 desiderio.

603 631 842 703 Validis]
873 632 973 686 Per
1002 633 1160 701 virga:
1191 631 1486 686 naturalem
1546 632 1651 685 vim
1693 646 1753 686 ea
1801 645 1919 700 qua:
1956 631 2089 685 dixit

527 727 823 780 conlirmat.

597 816 865 882 Quondam
890 815 910 885 ]
941 815 1263 884 Aliquando.

597 910 722 961 Acta
742 907 761 978 ]
793 908 928 962 Mota
945 949 959 969 .
986 908 1280 962 incurvata.

590 1000 822 1054 Pronum
849 999 866 1070 ]
901 1000 1239 1055 lnclinatum.

589 1091 815 1161 Flectit]
840 1090 1004 1146 Flecti
1032 1089 1249 1159 patitur.

591 1180 742 1234 Hane
765 1181 785 1252 ]
819 1182 1047 1250 Virgam.

2195 560 2353 613 quam
2384 548 2693 612 promittere
2719 546 2986 609 videntur,
3028 544 3272 611 cuiquam
3308 543 3607 596 mortalium
3635 543 3735 598 alie-

2197 644 2338 688 rant.

2267 727 2523 797 Afﬂuebas
2554 726 2568 797 ]
2605 727 2944 781 Abundabas.

2270 826 2515 896 Confudit
2545 826 2562 896 j
2595 826 2953 880 Perturbavit.

2271 916 2404 979 Quin
2430 914 2447 985 ]
2478 915 2547 969 Ut
2572 930 2701 968 non.

2267 1004 2479 1073 Aliquid
2508 1019 2702 1071 semper
2731 1012 2938 1073 angeret
2966 1000 2987 1073 ]
3015 1001 3095 1058 0b
3120 1000 3318 1070 aliquid
3349 1015 3562 1069 semper
3588 1000 3739 1053 turba-

2199 1111 2308 1151 rer.
2351 1096 2513 1150 Divus
2544 1096 2863 1150 Ambrosius
2892 1094 2944 1147 in
2972 1103 3125 1148 sexto
3164 1092 3298 1145 libro
3343 1092 3691 1144 Hexaemeron
3727 1110 3738 1142 :

2199 1186 2404 1240 Divitiae
2427 1194 2482 1238 nt
2501 1186 2669 1252 epulis
2690 1194 2926 1239 ventrem
2945 1224 2959 1247 ,
2988 1182 3057 1235 ita
3084 1187 3318 1236 animum
3346 1180 3491 1233 curis
3514 1178 3741 1232 sollicitu-

598 1270 797 1341 Recto]
830 1271 1021 1325 Erecto
1048 1280 1106 1324 ut
1145 1278 1270 1325 ante
1311 1268 1750 1323 incurvationem.
1793 1267 2100 1322 Consimili-
2197 1280 2517 1346 dinibusque
2540 1277 2863 1330 distendunt,

527 1372 611 1417 ter
637 1362 770 1415 dixit
793 1362 1037 1415 lloratius
1069 1362 1122 1415 in
1152 1360 1406 1428 Epistolis
1441 1380 1456 1415 :

651 1451 880 1501 Naturam
900 1450 1121 1511 expellas
1138 1449 1292 1508 furca,
1312 1458 1473 1497 tamen
1495 1460 1653 1509 usque
1670 1448 1897 1495 recurrit.

530 1536 695 1589 Docta
720 1536 805 1601 (ut
824 1532 1051 1602 videtur)
1075 1548 1105 1586 a
1134 1533 1296 1585 ramis
1325 1530 1635 1599 metaphora
1654 1570 1669 1593 ,
1696 1531 1785 1597 qui
1816 1529 1959 1581 furca
1992 1534 2099 1599 tor-

529 1635 757 1692 quentur
798 1624 903 1677 alio
948 1638 1106 1692 quam
1158 1632 1343 1676 natura
1395 1631 1665 1690 posuerat.
1696 1621 1808 1687 Qua
1855 1621 2095 1688 sublata,

530 1729 738 1768 rursum
766 1722 993 1781 vergunt
1016 1713 1206 1767 eodem
1231 1726 1335 1781 quo
1366 1713 1531 1780 prius.

2270 1368 2424 1421 Illius
2452 1367 2471 1437 ]
2500 1367 2649 1433 Quod
2688 1366 2897 1420 aberas.

2273 1456 2450 1527 Hujus
2478 1454 2493 1523 ]
2524 1455 2676 1519 Quod
2705 1454 2909 1507 aderat.

2276 1540 2701 1612 Usquequaque]
2744 1542 2993 1595 Omnino.
3061 1539 3451 1608 Usquequaque
3507 1539 3747 1607 signiﬁcat

2202 1634 2437 1693 omnino,
2466 1631 2661 1699 passim
2682 1671 2696 1695 ,
2726 1630 2957 1693 assidue,
2981 1644 3211 1695 semper,
3244 1633 3392 1695 quasi
3443 1629 3497 1680 in
3524 1642 3748 1692 unoquo-

2200 1736 2305 1791 que
2364 1723 2516 1785 Ioco,
2548 1723 2658 1774 sive
2696 1734 3013 1787 unoquoque
3053 1730 3309 1785 tempore.
3340 1719 3530 1773 Cicero
3571 1719 3748 1773 Treba-

599 1808 749 1859 Cadit
778 1804 794 1875 ]
823 1805 1049 1859 Occidit.
1083 1804 1245 1857 Addit
1273 1804 1404 1856 solis
1432 1801 1733 1870 exemplum
1752 1840 1768 1865 ,
1799 1815 1865 1854 ex
1891 1809 2011 1852 ortu
2045 1800 2096 1852 in
2129 1802 2174 1860 Β
2205 1811 2314 1865 tio;
2347 1810 2735 1877 Usquequaque
2762 1822 2951 1876 sapere
2972 1816 3201 1876 Oportet.

526 1908 771 1947 occasum
795 1892 1060 1946 tendentis
1083 1933 1098 1956 ,
1126 1901 1182 1946 et
1204 1905 1387 1945 rursus
1412 1893 1548 1944 clam
1575 1890 1728 1945 nobis
1760 1904 1853 1957 per
1879 1888 2098 1942 inferius

492 2000 495 2005 ‘
526 1983 957 2052 hemisphaerium
988 1984 1040 2036 in
1070 1983 1331 2038 orientem
1358 1981 1706 2036 recurrentis.

598 2073 664 2126 In
708 2072 983 2138 Hesperias
1025 2073 1191 2125 undas
1224 2070 1241 2140 ]
1271 2072 1326 2125 In
1373 2069 1767 2125 Occidentalem
1817 2081 2097 2122 oceanum.

528 2164 786 2232 Loquitur
808 2177 959 2216 more
989 2170 1262 2228 poetarum
1291 2175 1356 2214 ex
1382 2160 1519 2227 vulgi
1549 2159 1820 2227 opinione.

600 2249 897 2320 Repetunt]
936 2250 1252 2314 Concludit,
1312 2247 1594 2303 universali
1653 2246 1946 2310 sententia,
2010 2260 2098 2298 res

526 2357 712 2396 omnes
746 2342 799 2394 in
824 2340 1119 2395 naturalem
1150 2340 1409 2408 originem
1439 2338 1637 2394 reverti
1656 2377 1671 2402 ,
1699 2347 1752 2392 et
1775 2352 1873 2391 suo
1906 2351 2095 2406 quam-

527 2447 630 2500 que
658 2432 831 2486 reditu
855 2431 1105 2485 delectari
1127 2440 1225 2495 ,-ut
1247 2431 1378 2484 dixit
1407 2429 1497 2483 ille
1529 2448 1542 2482 :

651 2521 796 2570 Ortus
812 2532 1022 2582 quzeque
1042 2532 1153 2569 suos
1170 2528 1419 2580 repetunt,
1439 2528 1745 2580 matremque
1766 2518 2043 2577 requirunt.

528 2604 659 2659 Cum
686 2604 844 2672 igitur
870 2602 1099 2657 hominis
1139 2605 1347 2657 animus
1375 2604 1443 2656 sit
1469 2618 1498 2655 a
1539 2616 1747 2654 summo
1780 2601 1919 2653 bono
1948 2610 2099 2651 crea-

528 2705 642 2760 tus,
671 2694 817 2750 beari
851 2709 958 2748 non
990 2702 1190 2762 potest,
1223 2694 1324 2746 nisi
1357 2692 1533 2746 divina
1561 2691 1729 2760 gratia
1759 2691 1810 2745 ei
1856 2685 2099 2743 reconci-

527 2786 703 2849 lietur,
734 2794 789 2840 et
814 2785 866 2838 in
897 2786 946 2837 id
977 2799 1071 2852 per
1091 2784 1143 2838 id
1175 2784 1345 2852 ipsum
1375 2783 1680 2837 reducatur.

599 2876 718 2930 Nisi
740 2874 893 2939 quod
930 2875 1021 2942 ﬁni
1048 2876 1281 2942 junxerit
1310 2884 1475 2926 ortum
1502 2872 1519 2941 ']
1549 2872 1655 2925 Nisi
1687 2872 1734 2925 ei
1764 2869 1905 2939 quod
1944 2878 2097 2924 natu-

528 2970 692 3023 ralem
736 2978 789 3023 et
832 2968 1053 3035 originis
1081 2982 1193 3021 sua:
1223 2967 1494 3037 proprium
1537 2964 1700 3018 ﬁnem
1739 2962 1899 3017 fuerit
1944 2976 2094 3017 asse-

528 3068 729 3113 culum.

597 3147 732 3219 Sui]
764 3149 972 3202 Natura)
1002 3163 1134 3203 suae.

601 3237 821 3309 Orbem]
847 3239 1158 3293 Circuitum.

1051 3389 1118 3444 lN
1164 3390 1433 3445 PROSAM
1480 3391 1562 3444 ΙΙΙ.

597 3524 865 3578 Hactenus
885 3523 1135 3577 disseruit
1162 3524 1229 3578 ab
1258 3524 1505 3576 omnibus
1533 3520 1839 3575 hominibus
1869 3520 2093 3573 naturali

530 3610 819 3665 intentione
848 3626 1112 3665 summum
1158 3611 1353 3664 bonum
1406 3610 1540 3678 peti,
1574 3611 1785 3664 tametsi
1828 3608 1916 3662 ubi
1946 3608 2096 3675 posi-

528 3709 635 3754 tum
664 3705 764 3768 sit,
799 3718 901 3756 non
931 3718 1117 3756 omnes
1147 3704 1510 3766 consentiant,
1551 3702 1669 3755 aliis
1710 3701 1761 3754 in
1802 3700 2054 3769 dignitate
2079 3738 2097 3763 ,

530 3792 645 3844 aliis
692 3793 743 3845 in
791 3794 1056 3860 potentia,
1087 3794 1204 3846 aliis
1246 3793 1295 3845 in
1350 3792 1581 3846 nominis
1607 3791 1953 3857 celebritate,
1981 3790 2098 3844 aliis

529 3878 579 3931 in
608 3880 799 3948 gaudio
828 3890 882 3934 et
921 3882 1121 3935 laetitia.
1152 3881 1301 3935 Nunc
1333 3880 1385 3934 in
1428 3880 1616 3936 horum
1648 3882 1789 3935 nullo
1828 3895 2097 3934 summum

528 3967 654 4021 illud
684 3969 878 4021 bonum
897 4010 912 4031 ,
941 3984 1227 4037 veramque
1256 3972 1635 4025 beatitudinem
1659 3971 1882 4025 inveniri
1915 3971 2096 4037 dispu-

530 4066 604 4109 tat
645 4073 658 4107 :
703 4060 925 4121 primum
973 4059 1253 4112 luculentis
1298 4062 1588 4115 rationibus
1627 4062 1859 4125 docens,
1888 4062 2099 4115 divitias

532 4144 796 4198 hominem
825 4144 1034 4198 beatum
1069 4161 1171 4200 non
1200 4148 1435 4203 efﬁcere.
1982 4161 1993 4170 '

607 4235 707 4288 Vos
752 4252 976 4305 quoque,
1026 4255 1056 4291 ο
1105 4239 1349 4310 terrena]
1392 4242 1636 4295 Proxime
1681 4242 1747 4295 de
1792 4244 1907 4297 sole
1953 4243 2101 4297 dedit

531 4330 861 4396 exemp'nm,
890 4345 1045 4395 quem
1074 4346 1195 4384 cum
1224 4333 1374 4386 caelis
1399 4333 1654 4387 Platonici
1682 4336 1915 4389 cmlestia
1947 4335 2098 4389 dixe-

531 4430 653 4473 runt
678 4420 947 4474 animalia.
972 4421 1298 4476 Continuans
1328 4424 1484 4492 igitur
1505 4440 1805 4480 sermonem
1828 4468 1844 4493 ,
1870 4428 2047 4480 subdit
2081 4444 2094 4480 :

608 4528 709 4582 Vos
739 4532 925 4594 etiam,
968 4532 1191 4586 homines
1235 4543 1432 4588 terrena
1473 4536 1749 4603 animalia,
1791 4538 2095 4610 somniutis]

534 4616 587 4671 ld
613 4628 727 4680 est,
758 4621 908 4688 quasi
939 4636 1032 4688 per
1060 4624 1325 4676 somnium
1354 4625 1565 4678 videtis.

606 4708 838 4762 Vestrum
884 4712 1187 4782 principium
1226 4713 1329 4783 ]ld
1375 4725 1457 4770 est
1505 4718 1667 4771 Deum
1715 4729 2010 4773 creatorem
2040 4726 2097 4774 et

534 4814 794 4853 summum
824 4800 1041 4856 bonum.

603 4891 759 4962 Licet]
788 4894 1058 4960 Quamvis.

599 4983 762 5036 Tenui
786 4983 1023 5053 imagine]
1064 4985 1265 5051 Exigua
1298 4988 1627 5057 cognitione.

600 5074 896 5144 Prospieitis
926 5071 941 5143 ]
972 5074 1158 5129 Procul
1184 5078 1443 5145 aspicitis.

602 5165 679 5218 Eo
711 5163 727 5235 ]
757 5167 837 5220 Ob
876 5166 959 5233 id,
1007 5169 1127 5234 quia
1169 5182 1433 5221 Summum
1486 5171 1680 5225 bonum
1733 5175 2092 5246 qualicunque

530 5256 827 5324 cognitione
861 5257 1188 5325 prospicitis,
1222 5258 1314 5313 sed
1347 5275 1449 5313 non
1480 5263 1796 5331 perSpiraci.

597 5347 879 5414 Adeptione
905 5343 924 5418 ]
951 5347 1145 5416 Compa
1156 5348 1378 5403 ratione.

594 5438 815 5508 Liquida
840 5438 859 5509 ]
890 5440 1190 5505 Manifeste,
1222 5442 1517 5497 evidenter.

598 5530 800 5595 Species
823 5529 839 5601 ]
871 5534 1208 5599 Apparentia.

598 5616 828 5671 Primum
856 5619 874 5689 ]
905 5625 1088 5691 Argnit
1117 5640 1245 5693 opes
1273 5640 1379 5692 non
1408 5626 1650 5680 conferre
1683 5626 2085 5687 beatitudinem,

530 5722 592 5760 c0
639 5710 776 5777 quod
822 5726 918 5765 nec
957 5724 1151 5770 statum
1202 5718 1439 5771 omnium
1497 5718 1753 5771 bonorum
1803 5731 2093 5787 congrega-

2277 1902 2466 1967 Quidni
2492 1899 2511 1969 ]
2537 1899 2644 1953 Cur
2674 1914 2800 1953 non.

2274 1989 2425 2056 Atqui
2456 1991 2549 2041 hoc
2575 2003 2773 2058 quoque
2801 1986 2822 2057 ]
2853 1987 3047 2042 Probat
3070 1988 3353 2056 pecuniam
3393 1985 3549 2041 facile
3592 1985 3752 2040 invitis

2203 2084 2436 2139 dominis
2459 2084 2655 2137 auferri
2687 2097 2864 2152 posse.

2280 2174 2543 2228 Valentior
2568 2173 2587 2244 ]
2622 2174 2914 2228 Potentior.

2273 2261 2521 2319 Forenm
2562 2262 2931 2333 querimoniis]
2961 2260 3204 2328 Querelze
3249 2274 3369 2329 qua:
3405 2259 3458 2312 in
3488 2256 3606 2311 fero
3628 2256 3755 2325 judi-

2198 2356 2362 2409 ciario
2392 2354 2558 2419 ﬁunt;
2592 2354 2812 2408 subaudi
2842 2362 2980 2406 sunt.

2272 2443 2391 2496 Nisi
2419 2443 2436 2513 ]
2466 2442 2814 2511 Subintellige
2841 2457 2907 2496 ex
2936 2456 3001 2495 eo
3041 2439 3182 2509 quod
3223 2439 3459 2507 pecunia:
3503 2445 3696 2505 erepte
3728 2448 3755 2485 ι

2202 2534 2535 2598 nolentibus,
2568 2535 2634 2587 ab
2675 2533 2850 2587 invitis
2889 2531 3287 2600 possessoribus
3322 2532 3403 2583 vel
3446 2530 3533 2594 vi,
3572 2518 3629 2583 id
3655 2536 3753 2589 est,

2200 2624 2446 2677 violentia
2464 2668 2477 2689 ,
2506 2624 2588 2677 vel
2622 2621 2839 2684 fraude,
2868 2622 2994 2675 dolo
3020 2622 3161 2674 malo
3190 2630 3522 2689 repetuntur.

2270 2713 2451 2786 Egebit
2477 2712 2676 2783 igitur]
2705 2710 3127 2781 Satyrograpbus
3161 2729 3175 2763 :

2440 2803 2614 2852 Mlsera
2639 2809 2717 2851 est
2739 2804 2896 2863 tnagni
2922 2800 3140 2850 custodia
3162 2800 3361 2851 census.

2197 2884 2388 2939 Strabo
2410 2884 2505 2938 lib.
2535 2900 2586 2938 ix
2613 2901 2625 2936 :
2651 2885 2785 2939 Cum
2807 2883 3087 2937 invidiosze
3109 2882 3219 2936 sint
3238 2881 3466 2949 divitiae,
3501 2882 3761 2937 laboriosa
3788 2938 3789 2941 η

2198 2984 2280 3025 est
2319 2987 2500 3029 earum
2557 2973 2828 3035 custodia,
2871 2971 3087 3028 etiamsi
3114 2971 3343 3041 cuipiam
3381 2973 3593 3027 numini
3619 2975 3763 3027 attri-

2199 3063 2338 3118 butae
2366 3072 2793 3131 consecrataeque
2814 3064 3032 3117 fuerint.

2119 3150 2166 3209 C
2270 3150 2396 3213 Quis
2424 3157 2592 3203 autem
2617 3149 2847 3221 modus]
2888 3151 3133 3205 Ostendit
3172 3150 3372 3206 divitiis
3417 3166 3524 3207 non
3570 3153 3765 3208 auferri

2201 3238 2571 3305 indigentiam,
2604 3239 2696 3291 sed
2738 3247 2938 3292 tantum
2956 3239 3259 3308 consolari,
3299 3250 3355 3296 et
3379 3243 3610 3297 relevari
3636 3260 3765 3297 non-

2200 3328 2353 3381 nihil.

2270 3421 2585 3493 Consolari]
2620 3422 2886 3478 Relevari.
2925 3421 3186 3477 Consolor
3223 3422 3444 3477 verbum
3480 3437 3767 3478 commune

2199 3523 2299 3567 est.
2334 3514 2566 3569 Dicimus
2609 3516 2751 3569 enim
2794 3517 3045 3570 consolor
3081 3524 3154 3570 te.
3184 3515 3376 3570 Cicero
3404 3516 3767 3572 Familiarium

2203 3608 2555 3676 Epistolarum
2585 3608 2720 3663 libro
2748 3609 2933 3678 quinto
2965 3625 2979 3661 :
3008 3608 3116 3662 Etsi
3138 3618 3350 3677 egomet
3377 3609 3470 3677 qui
3501 3619 3557 3663 te
3582 3624 3769 3663 conso-

2201 3699 2300 3752 lari
2326 3699 2510 3765 cupio,
2538 3699 2893 3753 consolandus
2921 3699 3033 3767 ipse
3059 3712 3194 3753 smn.

2274 3788 2435 3842 Taceo
2455 3790 2592 3857 quod
2621 3789 2684 3840 de
2712 3798 2907 3841 natura:
2935 3787 2954 3857 ]
2982 3788 3341 3842 Pulcherrima
3372 3790 3644 3843 sententia
3670 3800 3769 3843 est.

2201 3879 2406 3933 Seneca
2441 3895 2453 3930 :
2485 3877 2666 3932 Potius
2693 3877 3002 3932 excitandus
3028 3893 3090 3931 ex
3113 3892 3333 3943 somno,
3359 3887 3415 3933 et
3442 3880 3772 3934 vellicandus

2201 3981 2278 4024 est
2303 3969 2511 4022 animus
2541 3967 3013 4035 admonendusque
3042 3979 3284 4020 naturam
3309 3967 3464 4022 nobis
3491 3969 3772 4021 minimum

2200 4058 2558 4113 consuituisse.
2609 4058 2772 4111 Nemo
2814 4058 3049 4111 nascitur
3091 4058 3270 4120 dives,
3304 4058 3534 4126 quisque
3573 4061 3677 4114 erit
3723 4060 3773 4112 in

2201 4150 2396 4212 lucem,
2417 4149 2595 4216 jussus
2615 4158 2697 4203 est
2711 4149 2842 4201 lacte
2859 4156 2914 4200 et
2934 4161 3107 4214 panno
3128 4161 3249 4201 esse
3266 4155 3574 4202 contentus.
3598 4148 3739 4201 Idem
3760 4164 3771 4192 τ

2202 4237 2398 4292 Panem
2421 4248 2474 4293 et
2494 4252 2682 4306 aquam
2704 4245 2891 4291 natura
2913 4235 3197 4291 desiderat.
3223 4236 3302 4291 Ad
3330 4237 3447 4291 hmo
3470 4252 3631 4292 neruo
3653 4252 3771 4305 pau-

2203 4350 2297 4403 per
2324 4344 2439 4397 est,
2470 4333 2606 4387 inter
2630 4347 2746 4402 quae
2769 4331 2993 4399 quisque
3024 4331 3345 4386 desiderium
3375 4345 3533 4385 suum
3563 4332 3773 4392 clausit,

2202 4438 2321 4478 cum
2354 4425 2469 4489 il-so
2505 4422 2635 4476 Jove
2664 4421 2731 4476 de
2776 4420 3026 4475 felicitate
3064 4420 3369 4474 contendat.
3418 4419 3653 4474 Libitum
3698 4430 3771 4472 est

2126 4494 2176 4552 Ῑ)
2203 4514 2355 4566 nobis
2393 4513 2492 4565 hoc
2537 4511 2655 4565 loco
2692 4510 2958 4579 subjicere
2990 4510 3264 4565 Claudiani
3296 4519 3468 4577 poetae
3496 4526 3683 4565 versus
3721 4510 3768 4563 in

2201 4619 2418 4659 avarum
2440 4603 2712 4671 Rufinum,
2740 4618 2846 4657 non
2867 4603 3041 4657 minus
3063 4602 3220 4657 utiles
3241 4617 3398 4671 quam
3430 4605 3725 4657 luculentas
3752 4618 3764 4652 :

2324 4696 2452 4754 Quo,
2477 4693 2686 4750 Vesane,
2715 4692 2855 4741 ruis?
2880 4697 3056 4741 teneas
3077 4698 3341 4754 utrumque
3365 4692 3537 4743 licebit

2325 4752 2592 4810 Oceanum,
2612 4753 2750 4815 lases
2772 4754 2951 4815 rutilos
2964 4754 3052 4800 tibi
3074 4752 3219 4815 Lydia
3242 4752 3428 4812 fontes,

2327 4815 2598 4875 Jungantur
2618 4813 2788 4862 solium
2805 4815 2910 4876 Cyri
2931 4813 3182 4874 Croesique
3201 4815 3356 4876 tiara,

2324 4876 2578 4937 Nunquam
2596 4876 2734 4923 dives
2754 4878 2869 4931 eris.
2891 4886 3137 4935 nunquam
3156 4875 3401 4923 satiabere
3420 4883 3623 4929 (intesta.

2325 4938 2531 4997 Semper
2550 4938 2703 4997 in0ps,
2722 4937 3003 4997 quicunque
3021 4940 3179 4996 cupit:
3206 4941 3467 4984 contentus
3485 4938 3683 4984 honesto

2325 4998 2574 5045 Fabricius
2594 5010 2758 5058 parvo,
2778 4997 3041 5058 spernebat
3060 5009 3261 5045 munera
3284 5008 3478 5057 regum,

2322 5055 2635 5119 Sndabatqu'e
2653 5058 2791 5116 gravi
2808 5055 2980 5105 Consul
2998 5056 3215 5105 Seranus
3235 5055 3397 5105 aratro
3418 5070 3431 5104 :

2324 5118 2383 5167 Et
2403 5132 2510 5166 casa
2536 5118 2782 5180 pugnaees
2800 5119 2969 5167 Curios
2987 5125 3189 5178 angusta
3210 5120 3431 5167 tenebat.

2325 5181 2436 5227 Haec
2456 5180 2569 5227 mihi
2594 5185 2856 5239 paupertas
2875 5184 3148 5238 angustior,
3167 5181 3270 5227 haec
3289 5180 3405 5226 mihi
3426 5186 3551 5227 tecta

2320 5241 2615 5289 Culm‘nibns
2632 5241 2807 5299 majora
2829 5239 2925 5287 tuis
2946 5254 2957 5286 :
2984 5242 3066 5288 tibi
3087 5240 3262 5299 quaerit
3283 5241 3455 5287 inanes

2323 5301 2565 5349 Luxuries
2585 5302 2799 5349 nocitura
2818 5302 2968 5360 cibos,
2991 5303 3106 5348 mihi
3126 5301 3275 5361 donat,
3290 5302 3526 5361 inemptas

2322 5361 2477 5410 Terra
2496 5364 2661 5423 dapes,
2682 5362 2873 5422 rapiunt
2890 5361 3060 5423 Tyrios
3079 5362 3165 5409 tibi
3185 5360 3371 5409 vellera
3390 5371 3568 5415 succos,

2326 5424 2386 5471 Et
2403 5426 2651 5484 picturata!
2669 5430 2943 5470 saturantur
2963 5424 3148 5469 murice
3169 5430 3350 5484 vestes.

2326 5482 2415 5532 Hic
2434 5486 2618 5531 radiant
2638 5485 2798 5540 liores,
2822 5490 2873 5531 et
2892 5487 3012 5542 prati
3035 5485 3139 5530 viva
3158 5482 3379 5543 voluptas

2331 5546 2533 5605 Ingenio
2556 5546 2727 5591 variata
2748 5557 2854 5594 suo.
2872 5543 3175 5603 fulgentibus
3193 5543 3291 5605 illic

2324 5600 2540 5663 Sui-gum
2558 5606 2704 5652 fulcra
2727 5609 2844 5652 toris
2863 5617 2873 5650 :
2904 5600 2979 5652 hic
2997 5605 3152 5651 mollis
3172 5602 3391 5665 panditur
3407 5600 3552 5648 herba

2324 5668 2589 5713 Sollicitum
2611 5669 2737 5713 curis
2758 5679 2853 5712 non
2871 5666 3130 5724 abruptum
3151 5676 3375 5724 superem
3398 5677 3409 5709 :

2326 5729 2483 5775 'l‘urba
2506 5727 2795 5775 sal..tautnnt
2818 5728 2951 5775 Lclas
2970 5722 3051 5775 tibi
3074 5722 3337 5788 perstrepit
3359 5722 3507 5772 mdes.
