4010 6372
295 329 432 392 1001

422 444 515 498 Hic
534 444 693 492 avium
712 447 902 502 cantus,
919 438 1132 489 labentis
1150 451 1395 489 murmura
1414 441 1525 503 rivi,

422 509 616 559 Vivitur
635 505 816 565 exiguo
837 502 1030 561 melius,
1056 509 1225 551 natura
1248 503 1407 551 beatis

424 570 662 620 Omnibus
682 577 793 614 esse
814 565 980 613 dedit:
1007 566 1046 611 si
1067 568 1177 624 quis
1194 565 1483 624 cognoverit
1502 566 1573 613 uti

423 631 541 681 Haec
560 633 601 680 si
621 637 730 678 nota
752 627 929 685 forent,
953 624 1235 674 frueremur
1251 626 1470 683 simplice
1491 625 1625 675 cultu
1649 641 1660 672 :

421 693 630 742 Classica
652 704 745 739 nou
766 690 1057 750 fremerent,
1076 700 1169 736 non
1189 687 1389 736 stridula
1407 687 1629 737 fraxinus
1648 689 1776 737 iret:

422 754 529 804 Non
549 762 726 803 ventus
744 757 972 812 quateret
994 763 1199 811 puppes,
1220 763 1315 799 non
1335 750 1551 799 machina
1573 761 1755 799 muros.

370 839 613 893 Avarititc
636 834 766 889 nihil
791 836 913 888 satis
938 844 1011 888 cst
1044 832 1061 905 J
1097 833 1412 888 Aristotcles
1438 833 1609 901 primo
1636 831 1885 887 Politico-

300 945 422 985 rum
456 946 470 983 :
495 927 695 983 Omnes
724 927 865 980 enim
900 925 952 978 in
984 924 1245 978 inﬁnitum
1275 930 1501 992 augent,
1531 926 1621 992 qui
1645 922 1884 993 pecuniis

303 1022 539 1081 student.
572 1020 919 1076 Ecclesiastes
950 1034 965 1074 :
999 1021 1202 1073 Avarus
1233 1033 1336 1072 non
1376 1016 1681 1087 implebitur
1719 1032 1885 1087 pecu-

304 1117 391 1172 nia
412 1156 427 1180 ,
458 1124 514 1172 et
541 1113 632 1185 qui
662 1121 804 1167 amat
825 1112 1038 1166 divitias
1061 1151 1076 1175 ,
1104 1110 1332 1166 fructum
1359 1125 1461 1165 non
1486 1110 1663 1180 capiet
1686 1126 1755 1164 ex
1784 1111 1881 1165 eis.

306 1215 510 1265 beneca
540 1227 553 1261 :
582 1208 758 1264 Avaro
780 1216 885 1261 tam
908 1206 1058 1260 deest
1080 1204 1221 1275 quod
1249 1203 1410 1259 habet
1429 1220 1588 1274 quam
1608 1203 1750 1273 quod
1779 1220 1884 1259 non

307 1301 485 1356 habet.
515 1298 769 1355 Salomon
798 1296 1211 1353 Proverbioruni
1242 1295 1415 1365 capite
1445 1310 1539 1350 xm
1570 1312 1583 1347 :
1617 1294 1709 1348 Est
1736 1296 1886 1364 quasi

305 1394 489 1460 dives,
518 1387 641 1448 cum
668 1392 801 1447 nihil
829 1391 1048 1455 habeat;
1076 1400 1129 1445 et
1158 1399 1239 1444 est
1259 1389 1408 1459 quasi
1433 1403 1655 1458 pauper,
1686 1403 1806 1442 cum
1832 1388 1885 1444 in

307 1490 490 1546 multis
518 1488 715 1544 divitiis
746 1488 834 1543 sit.
867 1487 1028 1541 Divus
1066 1484 1382 1542 Ambrosius
1412 1484 1462 1538 in
1504 1485 1677 1556 primo
1704 1484 1771 1539 de
1802 1485 1889 1539 ln-

308 1578 679 1650 terpellatione
728 1595 743 1633 :
790 1576 1004 1632 Modum
1042 1591 1147 1631 non
1189 1575 1353 1630 habet
1386 1575 1603 1630 avaritia
1626 1618 1641 1642 ,
1670 1591 1769 1631 nec
1796 1592 1887 1631 ra-

308 1671 505 1743 piendo
544 1670 808 1740 expletur,
855 1668 949 1724 sed
994 1667 1246 1724 incitatur
1288 1686 1303 1723 :
1346 1668 1448 1723 hoc
1485 1670 1749 1738 egentior,
1781 1684 1888 1738 quo

308 1764 462 1834 plura
491 1759 776 1831 quaesierit.
826 1760 1031 1816 Seneca
1078 1775 1094 1815 :
1142 1760 1272 1827 Quae
1316 1767 1441 1816 sunt
1468 1760 1712 1817 maximae
1749 1760 1887 1815 divi-

309 1821 434 1911 iiaal
460 1821 575 1909 Non
601 1851 912 1909 desiderare
939 1821 1184 1907 divitias:
1213 1850 1344 1917 Quis
1374 1852 1658 1922 plurimum
1691 1852 1887 1908 habet?
1918 1821 1966 1884 Β

306 1947 412 2015 Qui
436 1947 715 2002 minimum
744 1945 911 2016 cupit.

845 2035 913 2093 IN
948 2034 1235 2091 METRUM
1268 2033 1354 2089 ΙΙΙ.

380 2131 609 2187 Carmen
637 2139 721 2186 est
745 2128 957 2185 dicolon
980 2170 996 2195 ,
1026 2136 1280 2183 constans
1308 2125 1534 2182 iambico
1584 2126 1797 2182 senario
1839 2136 1888 2183 et

310 2224 547 2295 elegiaco
575 2232 928 2294 pentametro.
947 2221 1115 2277 'l‘axat
1134 2236 1199 2276 eo
1226 2220 1529 2276 mortalium
1552 2220 1894 2290 cupiditatem

312 2316 727 2386 inexplebilem,
779 2314 979 2371 docens
1026 2328 1188 2385 opes,
1231 2328 1329 2369 nec
1372 2328 1590 2367 avarum
1618 2313 1741 2368 dum
1768 2314 1897 2369 vivit

310 2408 544 2475 satiare,
574 2422 674 2463 nec
702 2406 793 2461 ubi
820 2414 1061 2461 mortuus
1085 2404 1277 2471 fuerit,
1308 2405 1569 2460 comitari.

385 2497 607 2555 Flucnte
634 2498 651 2572 ]
682 2499 969 2555 Afﬂuente.

385 2591 512 2646 Auri
537 2591 739 2662 gurgite
765 2588 785 2662 ]
812 2589 1059 2645 Aurifero
1088 2589 1284 2653 fluvio,
1317 2587 1618 2658 cujusmodi
1649 2586 1899 2643 dicuntur

312 2682 368 2739 in
391 2680 557 2754 Lydia
600 2682 851 2737 Pactolus
893 2690 947 2737 et
985 2681 1246 2743 llermus.
1284 2680 1459 2747 Tagus
1500 2681 1551 2735 in
1584 2666 1852 2735 Lusitania
1884 2721 1898 2747 ,

310 2770 509 2831 Durius
540 2774 593 2829 in
626 2772 897 2843 Hispania.
933 2772 1182 2829 Horatius
1214 2774 1267 2827 in
1296 2772 1481 2842 Epodo
1507 2789 1521 2827 :

437 2867 518 2917 Sis
535 2878 715 2929 pecore
735 2873 787 2917 et
804 2865 954 2916 multa
976 2867 1119 2929 dives
1136 2865 1319 2929 tellure
1338 2865 1525 2929 licebit.

902 2929 1091 2991 tibique
1109 2927 1334 2978 Pactolus
1351 2928 1488 2976 fluat.

385 3007 507 3063 Non
535 3010 826 3081 expleturos
853 3007 873 3081 ]
904 3009 1019 3065 an
1048 3011 1336 3065 satiaturas
1362 3009 1480 3079 ejus
1506 3009 1763 3083 animum.

386 3098 606 3172 Buccis]
639 3101 912 3167 Gemmis,
943 3102 1137 3172 lapillis
1169 3103 1435 3171 pretiosis.
1479 3101 1677 3167 Bacca,
1706 3101 1909 3157 fructus

1475 318 1858 382 MURIIELLII
1894 316 2084 380 COMH
2094 321 2415 379 ENTABIA.

1907 442 1959 501 Δ

3429 312 3565 373 100')

2109 435 2357 497 Languida
2376 436 2631 485 mordaces
2647 440 2936 486 consumunt
2957 440 3155 498 pectora
3176 445 3325 483 curae.

1988 518 2057 575 Et
2084 519 2219 575 alius
2250 536 2264 572 :
2294 518 2510 574 Vacuus
2534 519 2707 573 viator
2736 526 2790 573 et
2828 517 3000 573 nudus
3031 533 3134 572 non
3168 516 3318 571 timet
3345 514 3565 572 latronis

1988 610 2228 666 insidias.
2263 610 2498 666 Securus
2524 626 2553 663 a
2581 611 2859 665 nocturnis
2890 610 3092 664 furibus
3121 610 3318 664 dormit
3344 614 3564 679 pau‘per,

1984 701 2196 757 etiamsi
2239 702 2469 756 claustra
2512 716 2616 756 non
2650 704 2850 757 muniat
2888 720 2899 756 :
2943 701 3089 756 diviti
3134 717 3260 755 vero
3302 716 3429 769 opes
3456 716 3564 756 suae

1988 798 2211 854 latronis
2240 813 2453 868 semper
2484 798 2842 867 imaginantur
2872 814 3186 864 occursum,
3216 798 3329 867 jugi
3364 797 3567 852 sollici-

1988 891 2173 947 tudine
2197 892 2432 945 noctium
2463 904 2709 945 somnum
2740 892 2999 945 adimunt.
3031 891 3354 945 Claudianus
3385 908 3397 941 :

2113 983 2363 1045 Foedaque
2385 982 2603 1045 avaritia
2621 980 2891 1043 complexae
2914 988 3111 1042 pectora
3134 982 3320 1041 matris,

2109 1044 2365 1094 Insomues
2384 1044 2529 1105 longo
2550 1047 2753 1093 veniunt
2772 1045 2998 1093 examine
3016 1056 3167 1092 curae.

2060 1126 2421 1199 Defunctum]
2451 1127 2738 1181 Mortuuin.
2771 1126 3079 1197 Propertius
3112 1144 3126 1179 :

2113 1218 2253 1267 Haud
2277 1217 2399 1265 ullas
2420 1217 2632 1278 portabis
2650 1229 2775 1277 apes
2790 1216 3082 1267 Acherontis
3100 1217 3159 1266 ad
3182 1216 3352 1267 undas.

2172 1280 2340 1329 Nudus
2360 1280 2420 1327 ab
2442 1280 2631 1328 inferna
2651 1279 2803 1329 stulte
2825 1279 3009 1329 vehere
3031 1286 3152 1329 rate.

1992 1362 2157 1419 Divus
2188 1364 2502 1419 Ambrosius
2526 1362 2892 1418 Hexaemeron
2921 1362 3015 1419 lib.
3042 1362 3227 1418 ultimo
3252 1380 3267 1417 :
3295 1362 3432 1417 Nudi
3455 1378 3569 1417 om~

1990 1472 2085 1514 nes
2113 1458 2402 1524 nascimur,
2450 1455 2577 1511 nudi
2624 1462 2906 1513 mormur.
2950 1455 3102 1512 Nulla
3145 1456 3400 1512 discretio
3430 1456 3571 1513 inter

1991 1548 2257 1603 cadavera
2313 1557 2642 1602 mortuorum
2670 1588 2686 1613 ,
2734 1549 2831 1602 nisi
2881 1547 3016 1604 forte
3062 1550 3202 1619 quod
3244 1547 3455 1618 gravius
3492 1547 3572 1605 fe~

1990 1648 2107 1696 teut
2117 1640 2338 1693 divitum
2356 1656 2580 1710 corpora
2595 1641 2825 1695 distenta
2838 1642 3065 1696 luxurie.
3082 1640 3382 1699 Ludovicus
3394 1641 3571 1713 Digna:

2012 1746 2015 1751 λ
2117 1731 2194 1796 Nil
2205 1744 2379 1796 secum
2404 1732 2880 1796 morienslocuples,
2898 1734 2963 1783 nil
2985 1742 3144 1796 portat
3164 1746 3371 1795 egenus.

2177 1794 2334 1857 Morte
2358 1794 2575 1843 relicturi
2599 1793 2803 1857 plusque
2824 1793 3080 1857 minusmie
3098 1793 3282 1844 sumus.

2118 1856 2157 1905 Τ
2159 1854 2264 1905 ollit
2283 1857 2329 1903 in
2352 1854 2641 1907 immensum
2660 1854 2899 1907 se'divitis
2917 1854 3053 1906 error
3073 1859 3223 1915 avari,

2182 1916 2286 1967 Nec
2303 1931 2360 1967 se
2381 1918 2461 1967 ubi
2484 1917 2676 1981 paciﬁca
2696 1923 2865 1969 mente
2884 1928 3107 1981 reponat,
3130 1920 3295 1969 habet.

1996 2000 2139 2057 Idem
2168 2019 2179 2053 :

2118 2090 2226 2141 Huc
2244 2090 2363 2140 nihil
2384 2090 2654 2145 intulimus,
2676 2090 2794 2140 nihil
2815 2092 2925 2139 hinc
2942 2091 3139 2141 auferre
3157 2092 3392 2145 valemus.

2182 2153 2369 2217 Oppida
2388 2165 2477 2201 rex
2500 2155 2729 2212 moriens,
2748 2152 2917 2217 frivola
2936 2152 3284 2217 linquitinOps.

2122 2212 2367 2277 Exiguum
2389 2221 2561 2277 tiatura
2582 2216 2722 2271 petit,
2740 2215 2822 2277 qui
2842 2212 3086 2277 congru'us
3104 2212 3171 2263 illi
3214 2212 3229 2217 ⁷
3376 2271 3383 2276 <

2180 2275 2403 2335 Vixerat,
2423 2276 2548 2325 haud
2570 2288 2779 2335 unquam
2800 2275 2880 2325 hic
2898 2275 3093 2339 indigus
3114 2289 3225 2326 esse
3246 2280 3422 2339 potest.

2535 2359 2597 2414 IN
2642 2359 2912 2416 PROSAM
2958 2360 3047 2417 IV.

2071 2451 2528 2520 Quemadmodum
2567 2452 2677 2524 jam
2723 2452 2905 2507 docuit
2950 2452 3167 2510 divitias
3208 2471 3384 2511 veram
3430 2456 3581 2513 suffi-

2000 2544 2251 2599 cientiam
2280 2560 2388 2599 non
2417 2543 2694 2614 conferre,
2728 2547 2797 2599 ita
2828 2560 2969 2600 nunc
2994 2557 3395 2617 argumentatur
3415 2549 3581 2620 digni-

2004 2646 2141 2693 tates
2190 2652 2284 2692 eos
2326 2637 2519 2707 quibus
2565 2640 2906 2705 provenerint
2951 2639 3291 2695 honorabiles
3329 2656 3583 2697 reveren-

2004 2730 2208 2800 dosque
2235 2747 2336 2786 non
2366 2730 2592 2787 reddere
2624 2748 2638 2784 :
2672 2746 2790 2800 qua:
2812 2746 2956 2799 sazpe
2977 2732 3189 2787 collata:
3215 2732 3470 2801 improbis
3489 2746 3585 2789 eos

2005 2824 2369 2894 despectiores
2397 2823 2626 2889 faciunt,
2656 2821 2780 2875 dum
2811 2822 3020 2877 illorum
3049 2823 3173 2877 vitia
3198 2822 3440 2893 pluribus
3462 2833 3584 2879 ante

2008 2915 2186 2988 ignota
2223 2916 2481 2972 revelant.

2081 3010 2376 3082 Dignitates
2404 3008 2425 3083 ]
2454 3009 2823 3080 Magistratus,
2853 3009 3107 3066 honores.
3148 3008 3387 3079 Dignitas
3426 3007 3586 3064 modo

2012 3102 2276 3173 significat
2317 3103 2574 3158 honorem
2601 3102 2759 3158 alicui
2796 3111 3013 3173 propter
3053 3103 3239 3155 merita
3270 3102 3351 3157 vel
3385 3101 3586 3171 impen-

314 3195 485 3263 lauri,
510 3196 675 3263 oleae,
703 3197 853 3251 corni
874 3238 889 3263 ,
920 3196 1118 3267 myrti,
1148 3207 1201 3249 et
1233 3194 1283 3249 id
1307 3196 1474 3264 genus
1495 3196 1766 3250 arborum.
1796 3196 1898 3252 Per
1923 3196 1970 3259 C
2002 3210 2142 3262 sum,
2168 3195 2253 3250 vel
2278 3194 2534 3249 debitum.
2568 3194 2768 3250 Gellius
2800 3212 2812 3246 :
2838 3194 3002 3263 Cujus
3026 3195 3252 3266 dignitas
3278 3210 3377 3250 nec
3402 3194 3583 3263 augeri

314 3285 719 3342 similitudinem
750 3303 848 3358 pro
880 3286 1053 3356 lapide
1085 3286 1320 3365 pretioso
1343 3285 1622 3356 accipitur.
1653 3287 1744 3343 Sic
1769 3287 1902 3345 dici-

315 3392 438 3434 mus
466 3384 659 3434 baccas
681 3380 881 3434 succini
914 3380 991 3433 vel
1020 3378 1225 3432 coralii.
1258 3376 1506 3433 Horatius
1538 3378 1591 3433 in
1619 3378 1805 3450 Epodo
1830 3395 1846 3436 :

443 3470 547 3521 Nec
563 3472 628 3535 s_it
649 3474 833 3532 marita,
854 3486 963 3535 quae
985 3472 1342 3521 rotundioribus

569 3532 751 3585 Onusta
772 3532 933 3583 baccis
957 3536 1192 3586 ambulet.

319 3614 459 3672 line
486 3616 705 3673 baccula
726 3658 741 3683 ,
775 3633 940 3687 parva
976 3619 1158 3675 bacca.

396 3706 561 3762 Rubri
608 3708 793 3763 littoris
824 3709 843 3782 ]
874 3710 1090 3765 Littoris
1132 3712 1396 3783 Erythrtei
1438 3716 1620 3772 maris.
1664 3716 1905 3772 Rubrum

321 3814 477 3855 mare
503 3800 717 3865 dicitur,
746 3802 885 3873 quod
916 3818 944 3857 a
977 3802 1194 3860 Persico
1222 3807 1341 3860 sinu
1368 3807 1418 3861 in
1449 3808 1696 3863 Arabiam
1721 3822 1910 3865 exten-

322 3893 489 3949 ditur.
510 3892 781 3949 Nearchus
808 3905 863 3949 et
900 3895 1255 3964 Onesicritus,
1288 3898 1575 3954 Alexandri
1614 3900 1785 3970 Magni
1813 3916 1909 3958 co-

324 3986 520 4053 mites,
550 3986 880 4043 tradiderunt
907 3989 1069 4046 stulte
1100 4005 1411 4062 persuasum
1450 4008 1570 4049 esse
1599 3997 1754 4065 vulgo
1775 4036 1789 4061 ,
1823 4012 1913 4053 ru-

324 4076 459 4133 bras
482 4078 676 4134 alicubi
704 4094 823 4136 esse
851 4081 1014 4136 maris
1041 4096 1205 4153 aquas
1228 4126 1243 4151 ,
1276 4085 1402 4154 quin
1432 4085 1500 4141 ah
1532 4086 1761 4159 Erythro
1788 4104 1913 4161 rege

326 4184 527 4226 nomen
578 4171 763 4243 pelago
809 4173 1036 4229 inditum
1080 4177 1301 4233 credere
1330 4194 1390 4234 se
1421 4177 1572 4249 cujus
1602 4182 1909 4250 sepulcrum

326 4265 452 4337 ejus
475 4266 648 4337 gentis
680 4267 872 4323 litteris
896 4268 1237 4340 insignitum,
1273 4272 1325 4326 in
1358 4273 1529 4328 insula
1558 4274 1695 4329 haud
1730 4274 1913 4344 procul

330 4372 361 4410 a
397 4364 537 4412 terra
567 4357 745 4414 intuiti
770 4359 1100 4419 essent.Alii
1125 4377 1315 4433 aquam
1347 4364 1511 4420 videri
1541 4366 1753 4421 rubrum
1772 4407 1787 4431 ,
1813 4366 1915 4423 etsi

331 4461 445 4502 non
474 4447 575 4513 sit,
605 4448 905 4517 affirmant,
933 4466 1027 4506 seu
1056 4452 1180 4523 quia
1204 4453 1402 4509 rubens
1430 4455 1498 4510 sit
1524 4471 1649 4512 area
1668 4497 1681 4520 ,
1706 4472 1808 4527 qua
1840 4456 1918 4513 le-

2006 3287 2282 3353 laudibus,
2315 3303 2412 3342 nec
2444 3288 2605 3342 minui
2635 3287 3056 3342 detractionibus
3087 3295 3282 3357 potest.
3312 3286 3586 3354 Accip‘tur

2006 3381 2275 3437 interdum
2318 3396 2415 3451 pro
2461 3372 2866 3451 magistratuum
2909 3380 3374 3435 administratione
3404 3389 3457 3433 et
3487 3377 3585 3433 ho-

2008 3489 2159 3530 nore.
2182 3473 2372 3531 Cicero
2397 3491 2409 3527 :
2436 3472 2504 3528 Ut
2525 3473 2770 3528 omnibus
2793 3473 2845 3527 in
2870 3472 3029 3527 rebus
3051 3473 3099 3527 ei
3131 3483 3181 3526 te
3211 3468 3587 3537 commendes,

2010 3567 2180 3636 quoad
2228 3566 2359 3620 fides
2397 3564 2733 3635 dignitasque
2780 3573 2865 3618 tua
2903 3563 3148 3634 patietur.
3197 3562 3460 3617 Interdum
3504 3576 3594 3617 su-

2012 3663 2172 3714 mitur
2199 3675 2292 3728 pro
2322 3658 2457 3711 virili
2493 3656 2908 3725 pulchritudine.
2940 3656 3083 3709 Idem
3108 3655 3244 3710 libro
3266 3655 3442 3724 primo
3463 3654 3593 3709 Oili-

2010 3752 2213 3805 ciorum
2250 3766 2265 3805 :
2297 3748 2718 3804 Pttlcbritudinis
2744 3748 2850 3802 duo
2879 3757 3217 3816 suntgenera
3252 3766 3262 3799 :
3294 3764 3455 3802 unum
3478 3764 3591 3801 niu-

2014 3841 2207 3904 liebre,
2232 3855 2389 3909 quam
2414 3848 2743 3894 venustatem
2765 3838 3095 3908 appellamus
3124 3854 3137 3890 :
3161 3838 3388 3893 alterum
3417 3837 3584 3904 virile,

2012 3946 2173 4003 quam
2204 3930 2512 4000 dignitatem
2543 3928 2795 3984 dicimus.
3342 3998 3345 4003 ι

2086 4027 2331 4083 Rcddunt
2359 4022 2373 4097 l
2398 4023 2529 4080 Cum
2559 4022 2975 4094 interrogatione
3006 4022 3305 4093 legendum.

2064 4103 2232 4173 Num
2260 4115 2279 4188 ]
2308 4115 2596 4183 Nunquid?
2625 4113 2777 4185 quasi
2805 4114 2947 4170 dicat
2970 4112 3209 4169 minime.

2087 4216 2241 4285 Atqui
2260 4213 2280 4289 ]
2300 4214 2428 4271 Sed.

2090 4303 2403 4379 Illustrare]
2436 4305 2623 4359 Notam
2652 4302 2907 4367 reddere,
2943 4299 3242 4355 nobilitare.

2092 4397 2386 4467 Nequitiam
2410 4394 2429 4468 ]
2458 4394 2876 4465 lmprobitatem.
2904 4399 2915 4407 ‘

2091 4489 2425 4561 Indignamur
2462 4486 2475 4561 ι
2502 4488 2666 4558 Egro
2689 4496 2743 4543 et
2770 4487 2951 4555 iniquo
2978 4484 3157 4539 animo
3188 4484 3438 4543 feramus.

798 4542 1561 4653 ’,ΪΨἶξῖῗῗῗίᾸ¹³Ῐ¹¹¹⁰¹⁴¹³¹¹³
1601 4550 1749 4603 cum
1782 4567 1793 4602 ³
1826 4556 1917 4653 af“
1938 4577 1997 4641 Ι)
2092 4540 2325 4639 (Intuitur
2353 4579 2372 4653 ]
2401 4540 2496 4637 llic
2521 4540 2706 4651 ptfeta,
2748 4540 2944 4649 genere
2986 4576 3310 4632 Veronensis
3330 4619 3344 4642 ,
3383 4576 3598 4646 scripsit

329 4631 480 4702 quod
511 4632 770 4688 montium
811 4633 900 4703 qui
936 4635 1173 4703 argillosi
1204 4636 1343 4702 sint,
1384 4654 1703 4707 repercussu
1734 4649 1917 4709 pacata

333 4722 514 4793 pelagi
558 4722 723 4780 facies
761 4725 1030 4782 rulfescat.
1073 4726 1294 4784 Constat
1324 4728 1399 4784 ibi
1429 4729 1688 4799 plurimos
1714 4730 1918 4802 lapides

328 4815 599 4888 pretiosos
626 4815 966 4895 conchasaue
998 4818 1241 4873 inveniri.
1273 4819 1515 4876 Tibullus
1552 4840 1562 4873 :

462 4906 857 4975 Etguascunqtie
877 4907 1288 4975 nigerltubrode
1307 4909 1475 4961 littore
1494 4925 1712 4975 gemmas

525 4969 788 5020 Proximus
804 4970 914 5021 Eois
932 4969 1118 5034 Colligit
1138 4971 1285 5022 ludus
1303 4974 1455 5035 aquis.

330 5052 488 5111 Idem
520 5071 537 5109 :

462 5167 658 5241 Quidve
671 5170 721 5219 in
740 5169 994 5241 Erythraeo
1010 5171 1198 5241 legitur
1219 5188 1328 5241 qua:
1348 5174 1745 5241 littoregconcha,

525 5230 1012 5295 Tinctaque'Sidonio
1030 5230 1217 5286 m'urice
1236 5230 1342 5287 lana
1356 5239 1493 5301 juvat
1510 5238 1535 5290 ?

415 5338 636 5393 Centeno
657 5338 813 5411 bove]
840 5340 1063 5396 Centum
1094 5340 1282 5397 bobus.
1318 5341 1501 5402 Posuit
1526 5352 1704 5403 autem
1736 5359 1925 5400 nume-

320 5442 462 5486 rum
492 5426 697 5483 finitum
726 5434 825 5500 pro
849 5431 1075 5485 intinito.

420 5518 675 5591 Scindat]
705 5522 899 5577 Aratro
928 5522 1185 5594 proscind

417 5611 608 5682 Opima
639 5613 649 5685 |
678 5614 932 5686 Pinguia,
963 5616 1175 5673 fertilia.

414 5708 555 5766 Cura
582 5714 798 5767 mordax
826 5711 844 5787 ]
872 5711 978 5769 Cor
1019 5713 1235 5771 assidue
1265 5727 1426 5771 urens
1454 5722 1510 5772 et
1543 5716 1696 5787 quasi
1744 5730 1927 5775 morsu

307 5801 661 5864 conﬁciens.
700 5804 850 5861 Unde
875 5806 1094 5877 quidam
1125 5824 1142 5861 :

630 5918 903 5980 Panem.
937 5917 1144 5981 LXIII

1233 6016 1359 6039 ...‘.,.\

2024 4679 2190 4734 multa
2231 4675 2558 4746 lepidissima
2596 4671 2869 4738 carmina,
2906 4685 3132 4740 quorum
3170 4668 3425 4724 nonnulla
3452 4667 3601 4724 desi-

2024 4769 2299 4835 derantur,
2330 4775 2543 4823 exstant
2565 4765 2699 4830 alia;
2731 4763 2796 4818 de
2818 4777 2924 4833 quo
2949 4762 3086 4817 dixit
3110 4760 3331 4818 Ovidius
3363 4779 3377 4814 :

2149 4860 2346 4911 Mantua
2362 4858 2570 4923 Virgilio
2592 4855 2793 4921 gaudet,
2811 4854 3008 4906 Verona
3024 4853 3231 4906 Catullo.

2025 4943 2097 5002 Et
2118 4943 2371 5000 Martialis
2404 4960 2418 4996 :

2150 5033 2345 5083 Verona
2362 5032 2490 5081 docti
2506 5031 2713 5093 syllabas
2733 5038 2860 5082 amat
2878 5034 3018 5080 vatis.

2098 5116 2239 5173 Licet
2270 5114 2289 5188 ]
2318 5115 2592 5183 Quamvis.

2102 5205 2169 5261 In
2201 5206 2378 5260 Cui-uti
2406 5202 2425 5277 ]
2468 5204 2522 5259 In
2554 5203 2687 5259 sella
2728 5204 2944 5259 eborea.
2990 5200 3198 5257 Curulis
3226 5200 3354 5256 sella
3392 5206 3508 5254 erat
3540 5213 3611 5256 ex

2028 5301 2224 5366 ebore,
2254 5313 2357 5369 qua
2388 5296 2621 5366 majores
2652 5295 2995 5364 magistratus
3025 5291 3311 5346 utebantur
3340 5290 3396 5345 in
3425 5305 3608 5346 curru.

2032 5392 2282 5450 Horatius
2307 5391 2359 5444 in
2388 5386 2631 5457 epistolis
2656 5402 2672 5441 ζ

2152 5482 2363 5535 Cuilibet
2385 5481 2462 5529 hic
2478 5476 2635 5529 fasces
2652 5476 2806 5534 dabit,
2827 5476 3111 5537 eripietque
3129 5473 3322 5537 curule,

2154 5545 2242 5596 Cui
2264 5543 2418 5606 volet,
2436 5543 2740 5605 importunus
2765 5538 2909 5587 ebur.

2030 5630 2162 5688 Nam
2204 5636 2518 5691 senatores,
2571 5623 2662 5693 qui
2704 5611 2944 5677 curulem
2999 5619 3403 5687 magistratum,
3449 5615 3501 5670 id
3531 5623 3618 5670 est

2034 5719 2291 5794 majorem
2336 5719 2592 5776 honorem
2633 5713 2952 5785 gessissent,
2996 5710 3215 5766 honoris
3244 5708 3413 5781 gratia
3443 5708 3497 5762 in
3521 5719 3615 5761 cu-

1982 5870 2019 5881 cur

3190 5912 3270 5974 3'2
