4010 6372
432 308 589 397 υίοοδ

1101 310 1437 366 APPENDIX
1479 310 1573 365 an
1614 310 1855 370 uanos
1895 314 1985 370 es
2023 313 2538 385 CONSOLATIONE
2576 302 3073 376 putLosorntAs.

3574 315 3710 379 ⁸10(ιό

436 416 586 481 ἤδη]
630 421 758 481 vehi
800 422 944 480 soliti
988 431 1139 478 erant
1182 438 1373 489 curru,
1417 426 1468 479 in
1510 438 1615 496 quo
1642 433 1757 481 erat
1794 426 2028 483 eburnea
2052 430 2108 493 Α
2134 426 2326 497 ubique
2352 428 2402 483 ei
2419 428 2689 487 convenit.
2722 429 3426 501 Facereautelnquempiam
3453 444 3703 488 reveren-

450 519 611 583 sella,
644 533 804 587 super
827 532 927 587 qua
956 514 1314 573 considerent.

526 607 798 682 Nonium]
839 609 1038 666 Nonius
1088 610 1301 667 Struma
1345 610 1616 669 Romanus
1656 615 1787 681 fuit,
1830 630 2028 686 genere

448 703 662 773 quidem
688 704 896 771 nobilis,
921 705 1014 758 sed
1041 705 1167 760 luxu
1189 716 1242 761 et
1264 706 1466 761 desidia
1492 709 1762 779 notabilis,
1788 711 1842 766 in
1866 726 2025 781 quell

449 801 501 848 et
531 792 793 848 Vatinium
821 804 1031 849 exstant
1059 811 1247 851 versus
1275 798 1553 853 Catulliani
1585 817 1600 853 :

573 887 694 953 Quid
721 895 814 953 est,
836 887 1041 953 Catulle,
1064 891 1190 953 quod
1210 892 1416 953 moraris
1437 890 1630 940 emori?

579 948 711 998 Sella
738 952 789 999 in
814 951 969 999 curuli
996 948 1187 1000 Struma
1206 952 1391 1001 Nonius
1413 952 1577 1002 sedet.

574 1013 674 1061 Per
698 1012 998 1063 consulatum
1026 1015 1214 1073 pejerat
1232 1014 1472 1064 Vatinius.

572 1074 695 1133 Quid
718 1080 811 1134 est,
833 1074 1058 1125 Catulle?
1086 1077 1199 1138 quid
1223 1079 1429 1126 moraris
1454 1076 1651 1127 emori?

444 1155 707 1227 Loquitur
750 1168 924 1213 autem
972 1169 1127 1227 poeta
1162 1158 1229 1214 ad
1274 1160 1509 1229 seipsum
1556 1159 2023 1230 indignabundus,

444 1251 585 1321 quod
611 1251 995 1321 indignissimis
1021 1253 1324 1307 honiinihus
1346 1262 1509 1308 tantm
1533 1268 1562 1307 a
1593 1254 1787 1324 populo
1814 1253 2025 1310 collatae

448 1345 554 1398 sint
582 1345 885 1415 dignitates.
920 1345 1460 1402 Animadvertendum
1482 1356 1655 1401 autem
1688 1357 1768 1403 (st
1798 1347 1848 1402 id
1881 1348 2025 1418 quod

442 1437 640 1493 abhinc
663 1454 832 1494 annos
862 1436 1113 1495 tredecim
1144 1440 1452 1512 Rodolphus
1479 1440 1706 1512 Langius
1732 1443 2023 1499 canonicus

439 1529 915 1600 'Monasteriensis,
970 1533 1051 1587 vir
1108 1549 1339 1604 genere,
1398 1530 1677 1602 scientiis,
1737 1535 2021 1592 virtutibus

447 1628 613 1681 multo
644 1627 1002 1692 clarissimus,
1037 1643 1119 1681 me
1149 1637 1256 1691 tum
1285 1626 1677 1683 adolescentem
1705 1628 2027 1703 admonuit,

445 1728 551 1773 non
574 1716 691 1773 ideo
714 1716 999 1783 Catullum,
1026 1716 1247 1773 Nonium
1278 1718 1419 1774 hunc
1438 1719 1703 1775 Strumam
1721 1722 2019 1791 appellare,

2129 516 2256 571 dum
2298 532 2401 573 non
2431 518 2683 575 convenit
2710 520 2907 591 ubique
2942 520 3322 591 dignitatibus:
3358 535 3465 577 non
3495 532 3577 577 est
3609 522 3700 592 igi-

2139 616 2225 662 tur
2248 612 2323 664 eis
2345 612 2620 667 naturale.
2641 609 3063 682 Propositionem
3086 628 3246 684 quam
3274 615 3429 668 multi
3452 614 3704 683 majorem

2131 712 2363 771 vocant,
2392 706 2628 762 ostendit
2646 709 2897 776 exemplo
2920 723 3015 763 seu
3041 707 3348 763 inductiOue
3379 706 3703 778 imperfecta,

2140 808 2257 865 quae
2285 794 2441 851 facile
2469 794 2652 867 perﬁci
2682 797 2870 868 possit.
2891 796 3051 854 Calor
3080 798 3207 869 ligni
3229 800 3489 855 naturalis
3520 802 3705 870 ubique

2132 883 2276 942 inest
2304 888 2384 942 ei:
2423 890 2649 959 proinde
2680 891 2935 960 quidquid
2967 892 3043 947 rei
3075 893 3312 947 naturale
3338 902 3424 949 est
3448 911 3705 965 nusquam

2128 992 2247 1032 eam
2294 976 2497 1034 deﬁcit.
2542 981 2977 1052 Assumptionem
3032 997 3163 1041 vero
3194 1000 3313 1055 quae
3345 986 3508 1057 vulgo
3538 989 3706 1044 minor

2127 1068 2342 1139 dicitur,
2363 1073 2502 1128 hunc
2519 1074 2571 1128 in
2586 1074 2803 1139 modum
2818 1092 2997 1133 veram
3019 1093 3140 1135 esse
3157 1080 3333 1137 docet.
3353 1081 3414 1138 Si
3434 1084 3556 1152 quis
3572 1086 3705 1140 enim

2128 1162 2322 1231 saepius
2354 1158 2538 1218 Romae
2576 1165 2856 1222 consulatu
2885 1167 3124 1236 functus,
3159 1172 3438 1229 devenerit
3490 1172 3631 1230 forte
3660 1179 3705 1229 in

2126 1246 2383 1309 barbaras
2405 1255 2669 1323 nationes,
2704 1258 2789 1312 ubi
2815 1258 2980 1316 fuerit
3008 1263 3238 1330 ignotus,
3272 1265 3705 1320 minimebarba-

2127 1343 2203 1398 ris
2230 1344 2495 1402 videbitur
2534 1350 2895 1419 venerandus,
2925 1351 3017 1421 qui
3040 1368 3138 1410 nec
3162 1354 3337 1411 virum
3367 1356 3548 1412 norint
3567 1395 3585 1424 ,
3619 1372 3707 1411 nec

2126 1434 2244 1505 ejus
2274 1438 2449 1493 mirati
2480 1438 2677 1495 fuerint
2697 1440 3000 1512 dignitates.

2202 1528 2437 1605 Quoquo]
2491 1531 2822 1602 Ubicunque.

2200 1621 2305 1679 Sed
2336 1624 2452 1697 hoc]
2488 1625 2733 1699 Subaudi
2753 1630 2969 1700 evenit,
3012 1632 3098 1688 vel
3125 1634 3355 1705 accidit,
3400 1636 3489 1693 vel
3540 1638 3708 1693 simile

2126 1715 2417 1787 quidpiam.

443 1811 594 1879 quasi
621 1810 926 1881 ignominiae
950 1810 1177 1880 quodam
1207 1810 1379 1882 elogio
1410 1811 1511 1867 hoc
1534 1828 1659 1868 eum
1682 1815 1897 1869 nomine
1924 1830 2021 1869 no-
2052 1822 2103 1894 β
2199 1806 2341 1861 Ιηιεΐ
2380 1822 2465 1864 θοι
2506 1808 2647 1884 υενο]
2680 1810 2906 1872 Disserit
2936 1832 3038 1874 nec
3084 1820 3225 1889 apud
3252 1836 3387 1892 quos
3405 1832 3541 1879 ortae
3565 1834 3707 1888 sunt,

445 1911 547 1965 tet,
583 1909 640 1956 ut
666 1902 832 1956 Boetii
870 1903 1029 1957 verba
1058 1903 1427 1973 praetendunt,
1458 1904 1551 1960 sed
1586 1918 1879 1975 cognomen
1915 1906 2021 1962 No-

441 1996 513 2050 nii
531 2037 545 2061 ,
571 2005 622 2050 et
642 1994 756 2064 ejus
782 1991 995 2049 familiae
1018 1995 1232 2051 Struma
1263 1994 1358 2051 luit
1387 2014 1401 2051 :
1428 1997 1568 2067 quod
1592 2007 1647 2053 et
1670 1998 1827 2053 Plinii
1857 2002 2018 2056 verba

441 2088 495 2143 in
550 2103 735 2141 xxxvii
788 2088 1049 2142 Naturalis
1094 2087 1342 2143 Historiae
1386 2090 1703 2159 ostendunt,
1746 2106 1868 2146 cum
1914 2093 2017 2157 ait,

442 2179 510 2233 de
551 2167 726 2249 οι)θῖἰο
755 2194 965 2249 gemma
1007 2176 1393 2251 pretiosissima
1415 2180 1659 2235 scribens
1693 2197 1707 2233 ι
1739 2182 2016 2252 Siquidem

441 2280 615 2326 exstat
646 2270 910 2341 hodieque
936 2268 1096 2342 hujus
1113 2272 1325 2342 generis
1348 2286 1556 2343 gemma
1572 2314 1587 2339 ,
1623 2280 1839 2342 prepter
1862 2288 2017 2342 quam

440 2364 508 2419 ab
545 2362 779 2418 Antonio
830 2362 1161 2434 proscriptus
1206 2365 1409 2420 Nonius
1454 2377 1669 2421 senator
1712 2376 1834 2433 est,
1882 2367 2021 2422 titius

442 2458 671 2515 Strum-e
706 2458 888 2524 Nonii,
922 2475 1078 2529 quem
1121 2460 1359 2515 Catullus
1399 2466 1554 2531 poeta
1596 2462 1650 2517 in
1691 2461 1820 2517 sella
1845 2462 2021 2518 curuli

442 2550 613 2606 visum
647 2549 857 2622 ind‘gue
882 2552 1031 2617 tulit,
1062 2568 1297 2623 avusque
1324 2551 1534 2609 Servilii
1555 2553 1831 2621 Novianii,
1861 2571 2022 2624 quem

440 2641 716 2698 c0nsulem
761 2642 1006 2697 vidimus.
1058 2644 1273 2699 Struma
1311 2660 1439 2715 vero
1475 2662 1641 2716 genus
1686 2648 1860 2703 morbi
1899 2656 2016 2714 est,

442 2734 618 2791 tamor
644 2734 875 2801 scilicet,
910 2734 961 2790 in
994 2751 1096 2806 quo
1134 2737 1323 2792 subtus
1365 2747 1633 2794 concretae
1672 2740 1917 2805 quaedam
1953 2754 2021 2795 ex

440 2835 572 2899 p’ure
602 2837 659 2895 et
692 2829 948 2898 sanguine
988 2830 1140 2899 quasi
1169 2829 1429 2899 glandulae
1459 2830 1724 2885 oriuntur.
1756 2832 2021 2887 Strumosi

440 2916 690 2974 dicuntur
719 2920 807 2989 qui
838 2919 889 2974 id
919 2920 1030 2974 vitii
1053 2922 1343 2989 patiuntur,
1367 2930 1422 2977 et
1444 2930 1708 2978 strnmosa
1750 2937 1875 2993 pars
1901 2938 2021 2978 cor-

441 3012 585 3081 poris
612 3027 730 3081 quae
756 3027 819 3067 eo
853 3013 975 3067 laesa
1006 3021 1108 3067 est.

513 3101 641 3158 Cum
672 3101 959 3177 Decorato]
1013 3100 1305 3159 Decoratus
1334 3115 1576 3174 tempore
1614 3104 1788 3161 Boetii
1833 3120 2037 3163 scurra.

2094 1896 2097 1897 ⁷
2128 1908 2386 1969 perpetuo
2416 1896 2703 1972 dignitates
2735 1921 3069 1977 permanere,
3102 1911 3265 1983 idque
3293 1915 3560 1985 exemplis
3589 1932 3709 1985 pro-

2124 1998 2214 2054 bat
2235 2000 2529 2056 evidenter.

2198 2093 2543 2169 Prwfectura]
2596 2097 2853 2157 Romulus
2907 2116 3068 2157 unum
3098 2102 3261 2174 elegit
3306 2119 3467 2174 quem
3495 2107 3709 2161 urbanis

2125 2187 2353 2257 negotiis
2382 2185 2639 2259 praefecit,
2685 2202 2742 2246 ut
2773 2193 3060 2267 Dionysius
3088 2198 3183 2253 ait.
3219 2198 3371 2255 ﬂuuc
3401 2201 3709 2269 prmlectum

2130 2274 2283 2337 Urbis
2314 2281 2475 2338 fuisse
2498 2285 2628 2339 satis
2678 2297 2909 2344 constat.
2941 2289 3127 2362 Longo
3168 2300 3289 2361 post
3327 2303 3570 2363 tempore
3596 2306 3710 2350 tan.

2126 2388 2235 2433 tum
2257 2379 2356 2434 sibi
2376 2380 2514 2449 juris
2541 2381 2857 2452 praefectura
2884 2385 3477 2444 vindicavitCmsarum
3510 2400 3712 2459 tempo-

2125 2470 2296 2541 ribus,
2319 2482 2374 2526 ut
2396 2472 2620 2527 crimina
2645 2476 2880 2529 omnium
2910 2476 2963 2531 in
2987 2479 3118 2533 urbe
3143 2494 3521 2549 cognosceret,
3540 2494 3597 2538 et
3617 2487 3710 2540 de-

2125 2582 2268 2620 mum
2295 2581 2413 2621 cum
2442 2566 2683 2624 Caesares
2703 2569 2771 2624 ab
2796 2570 2937 2627 Urbe
2957 2571 3240 2639 abessent;
3264 2574 3550 2643 praefectus
3572 2580 3711 2632 velut

2124 2657 2445 2714 alterCacsar
2457 2659 2776 2729 imperabat,
2791 2660 2859 2717 de
2870 2661 3030 2717 rebus
3040 2664 3288 2719 omnibus
3299 2682 3417 2733 quae
3429 2668 3497 2721 ad
3514 2667 3713 2723 Urbem

2124 2755 2494 2826 pertinebant,
2521 2756 2795 2812 censebat.
2822 2757 3088 2828 Tempore
3116 2768 3295 2815 autem
3318 2761 3514 2826 Boetii,
3540 2764 3715 2818 Theo-

2122 2844 2307 2899 derico
2366 2844 2663 2901 Gothorum
2723 2861 2848 2916 rege
2876 2846 3082 2904 Italiam
3117 2858 3362 2914 tenente,
3393 2851 3713 2920 praefectura

2123 2953 2230 2992 non
2256 2947 2392 3008 erat,
2417 2939 2520 2993 nisi
2539 2938 2695 2994 inane
2722 2954 2940 3007 nomen,
2962 2950 3017 2996 et
3043 2944 3297 3016 senatorii
3321 2959 3518 3000 census
3538 2948 3715 3016 gravis

2123 3030 2330 3086 sarcina
2348 3030 2529 3099 ,quod
2556 3042 2833 3085 senatores
2850 3044 2947 3087 sua
2961 3015 3187 3102 pecunia
3211 3033 3523 3104 praefectum
3552 3015 3713 3092 Urbis

2128 3122 2276 3177 alere
2291 3123 2642 3192 cogebantur,
2668 3125 2758 3193 qui
2781 3124 2938 3179 titulo
2959 3132 3117 3181 tenus
3139 3135 3253 3182 erat
3277 3129 3586 3196 praefectus,
3619 3147 3713 3185 nec

442 3199 795 3271 nequissimus
824 3208 876 3253 et
905 3198 1230 3269 sycophanta
1254 3199 1371 3271 fuit,
1393 3214 1513 3256 cum
1537 3215 1643 3272 quo
1664 3202 1881 3257 Boetius
1903 3216 2017 3258 ma-
2046 3192 2097 3257 ὓ
2124 3218 2402 3288 “nquam
2431 3192 2697 3272 retinebat
2720 3220 3110 3275 avuclomaiem,

442 3292 719 3361 gitratum
747 3305 934 3361 gerere
962 3291 1243 3346 recusavit.

511 3382 753 3456 Putares]
800 3380 994 3437 Velles.
1032 3378 1189 3450 Puto,
1220 3390 1359 3440 teste
1384 3384 1615 3453 Acrone,
1650 3401 1745 3458 pro
1783 3389 1907 3446 volo
1934 3404 2026 3453 acs-

441 3476 653 3544 cipitur.
679 3470 859 3529 tiorat.
880 3476 931 3529 in
949 3472 1321 3531 Sermonibus:

566 3566 631 3615 Ut
655 3564 827 3616 vitales
849 3572 1025 3629 putes:

440 3650 495 3708 id
524 3658 609 3707 est
638 3650 789 3705 velis.

510 3732 653 3798 [neat
684 3742 817 3796 enim
855 3740 1078 3812 dignitas
1136 3744 1349 3814 propria
1392 3743 1611 3813 virium]
1662 3746 1943 3804 Horatius:

683 3834 852 3884 Virtus
872 3832 1084 3897 repulsas
1110 3835 1277 3897 nescia
1301 3834 1507 3884 sordidae

685 3895 987 3946 intaminatis
1009 3895 1164 3959 fulget
1186 3896 1468 3947 honoribus.

512 3980 856 4051 Despectiores
882 3982 1050 4052 potius
1079 3979 1333 4049 improbos
1366 3981 1591 4053 dignitas
1612 3982 1753 4054 facit]
1780 3982 2014 4042 Seneca:
2058 3992 2059 3995 “

439 4074 1137 4147 Locoignominiatestapud
1152 4075 1680 4147 indignumdiguitas.
1696 4074 1975 4135 Claudian.
2004 4096 2016 4130 :

564 4171 713 4220 Saevit
736 4170 784 4218 in
808 4174 1056 4218 auctarum
1082 4169 1389 4230 prodigiosus
1411 4168 1588 4219 honor.

441 4256 618 4312 Veteri
667 4254 951 4325 proverbio
998 4254 1212 4320 dicitur,
1249 4253 1412 4309 Simia
1461 4254 1616 4310 simia
1662 4265 1779 4321 est,
1810 4257 2017 4313 etiamsi

439 4362 599 4402 aurea
629 4354 802 4417 gestet
846 4345 1094 4416 insignia.

517 4439 708 4493 Verum
753 4456 855 4494 non
898 4437 1123 4511 impune]
1154 4439 1279 4504 Sed,
1315 4440 1508 4511 inquit,
1554 4443 1693 4513 quod
1724 4443 2011 4514 dignitates

437 4532 709 4603 improbos
726 4531 1089 4601 despectiores
1117 4532 1367 4599 reddunt,
1398 4534 1450 4587 id
1482 4549 1589 4589 non
1624 4536 1839 4605 impune
1860 4577 1876 4604 ,
1912 4537 2013 4592 hoc

440 4633 527 4682 est
550 4639 658 4681 non
685 4624 803 4680 sine
827 4639 963 4680 noxa
990 4639 1085 4680 sua
1117 4624 1345 4680 faciunt:
1378 4640 1500 4681 nam
1517 4627 1754 4683 vicissim
1801 4629 2013 4684 illorum

2132 4601 2300 4661 inesse
2312 4603 2603 4660 concludit.

437 4718 753 4787 contagione
779 4717 1127 4773 maculantur.
1150 4718 1313 4774 Divus
1343 4718 1697 4792 Hieronymus
1719 4720 1770 4776 in
1792 4721 2013 4791 epistola

440 4810 798 4867 consolatorie
846 4810 913 4866 ad
944 4808 1356 4866 Pammachum:
1389 4812 1642 4880 Quamvis
1693 4814 1869 4870 clarus
1915 4815 2016 4869 tio-

434 4920 537 4961 nor
566 4903 771 4960 vilescit
801 4902 852 4957 in
884 4903 1036 4959 turba
1058 4945 1073 4970 ,
1104 4914 1159 4959 et
1188 4906 1326 4974 apud
1356 4906 1503 4960 viros
1530 4905 1703 4963 honos
1745 4908 2015 4978 indignior

434 5089 648 5160 egregie
702 5090 769 5145 de
797 5088 1009 5145 Caesare
1054 5088 1291 5147 Tullius:
1326 5091 1458 5148 Dum
1489 5095 1769 5163 quosdam,
1802 5095 1895 5163 ait,
1928 5111 2015 5152 or-

435 5195 566 5237 nare
586 5180 773 5246 voluit,
799 5195 905 5236 non
936 5182 1055 5237 illos
1082 5181 1406 5251 honestavit,
1426 5185 1525 5243 sed
1556 5198 1868 5243 ornamenta
1899 5189 2013 5259 ipsa

433 5274 685 5331 turbavit.
718 5272 907 5331 Cicero
944 5275 997 5331 in
1019 5278 1251 5333 secunda
1284 5276 1577 5351 Philippica
1607 5281 1673 5338 de
1704 5282 1883 5338 Marco
1904 5284 2015 5341 An-

432 5368 614 5425 tonio:
649 5366 705 5423 in
736 5366 950 5426 homine
971 5372 1115 5427 enim
1158 5372 1467 5442 turpissimo
1498 5375 1815 5433 obsolebant
1841 5376 2011 5449 digni-

433 5460 555 5516 tatis
570 5460 819 5531 insignia.

512 5549 842 5625 Umbratilea]
868 5548 1059 5608 Inanes
1080 5596 1096 5622 ,
1128 5555 1332 5611 umbra:
1352 5555 1579 5615 similes.

507 5641 699 5711 Siquis
730 5643 1024 5717 multiplici]
1074 5647 1306 5704 Pulchre
1340 5649 1687 5706 ratiocinatur
1725 5651 2017 5723 dignitates

436 5744 545 5789 non
577 5733 754 5791 facere
780 5738 1081 5806 quempiam
1110 5739 1309 5810 ubique
1336 5743 1695 5799 venerandum
1712 5786 1728 5811 ,
1756 5758 1932 5815 neque
1959 5746 2013 5813 id

438 5834 559 5881 esse
587 5838 782 5882 munus
810 5828 887 5884 eis
918 5831 1182 5885 naturale.
1225 5832 1489 5903 Quidquid
1526 5838 1603 5893 rei
1643 5841 1884 5895 naturale
1906 5853 2009 5908 est,

2202 3307 2358 3363 Nunc
2382 3324 2447 3363 ea
2467 3307 2789 3381 praefectura]
2822 3311 3007 3366 Dicunt
3054 3311 3266 3382 quidam
3314 3328 3545 3370 annona:
3576 3332 3713 3386 pra:-

2128 3400 2392 3456 fectnram
2407 3399 2657 3455 habuisse
2677 3400 2884 3455 initium
2902 3401 3124 3458 ’δεηηο
3146 3415 3265 3473 post
3288 3415 3509 3460 exactos
3537 3424 3711 3479 reges,

2126 3494 2302 3564 Appio
2332 3493 2553 3548 Claudio
2582 3493 2783 3548 Sabino
2808 3503 2860 3547 et
2888 3493 2950 3549 P.
2977 3493 3206 3551 Servilio
3247 3494 3431 3553 Prisco
3474 3502 3713 3554 consuli-

2128 3587 2367 3653 bus;sed
2392 3587 2574 3643 verius
2602 3594 2811 3641 constat
2840 3602 2983 3642 anno
3017 3588 3112 3653 l8,
3138 3589 3590 3648 'l‘.SecanioetP.
3618 3595 3712 3648 Mi-

2128 3678 2277 3730 nutio
2306 3676 2633 3742 consulibus,
2667 3692 2771 3746 quo
2805 3684 3048 3747 tempore
3088 3693 3317 3734 annonae
3357 3684 3596 3737 maxima
3627 3698 3713 3739 ca-

2126 3769 2257 3823 ritas
2283 3765 2398 3832 fuit,
2426 3766 2679 3837 missique
2704 3765 2756 3820 in
2787 3765 3023 3836 Sicil'am
3052 3768 3197 3823 fuere
3220 3768 3281 3823 P.
3308 3770 3559 3827 Valerius
3581 3784 3631 3829 et
3651 3776 3711 3829 L.

2128 3858 2395 3931 Geganius
2426 3876 2521 3932 pro
2550 3859 2862 3916 advehendo
2892 3861 3183 3918 frumento.
3211 3863 3407 3921 Volunt
3437 3877 3494 3923 et
3526 3870 3617 3923 alii
3649 3871 3709 3925 L.

2126 3950 2407 4011 Minutinm
2426 3953 2588 4011 fuisse
2616 3956 2843 4026 primum
2866 3972 3091 4013 annona:
3112 3957 3448 4027 praelectum,
3474 3963 3713 4033 satisque

2126 4054 2356 4111 conStat,
2391 4061 2495 4101 non
2529 4044 2628 4101 nisi
2661 4062 2725 4101 ex
2755 4046 3047 4118 indigentia
3079 4048 3330 4106 frumenti
3361 4051 3505 4109 hunc
3546 4055 3713 4123 magi-

2125 4148 2350 4197 stratum
2380 4140 2542 4195 fuis=e
2562 4150 2820 4195 creatum.

2198 4230 2408 4305 Pr0prii
2430 4232 2649 4308 decoris]
2680 4235 2917 4305 Propriae
2946 4236 3382 4307 pulchritudinis.

2198 4324 2373 4395 Nunc]
2405 4326 2693 4383 Interdum.
3298 4358 3301 4359 ν

2200 4420 2261 4474 Si
2287 4421 2444 4493 igitur
2473 4420 2793 4495 reverendas]
2826 4422 2980 4479 Brevi
3014 4423 3225 4495 epilogo
3247 4425 3355 4495 jam
3387 4426 3530 4481 dicta
3557 4443 3706 4495 repe-

2125 4508 2227 4578 tit,
2260 4520 2314 4567 et
2345 4512 2687 4581 dignitatibus
2742 4513 2874 4569 nihil
2930 4515 3240 4584 expetendae
3295 4516 3703 4585 pulchritudinis

2126 4725 2130 4729 .
2656 4673 2723 4730 IN
2763 4666 3052 4732 METRUM
3090 4672 3177 4730 IV.

2195 4748 2430 4805 Carmen
2461 4756 2545 4802 est
2575 4746 2786 4803 dicolon
2809 4790 2823 4812 ,
2855 4747 3007 4817 cujus
3029 4749 3231 4817 primus
3264 4765 3452 4805 versus
3473 4761 3557 4806 est
3576 4754 3701 4823 pha-

2083 4842 2092 4857 '
2121 4844 2288 4901 Iccius
2330 4845 2831 4916 hendecasyllabus,
2860 4843 3128 4901 secundus
3159 4845 3483 4915 alcmanius,
3513 4850 3594 4905 vel
3624 4852 3699 4920 (ut

2062 4970 2065 4973 -
2122 4939 2244 4993 aliis
2266 4940 2463 5010 placet)
2482 4937 2840 4995 archilochius
2872 4947 3183 4995 tetrameter
3204 4942 3550 5009 aeatalectus,
3575 4961 3698 4998 cun-

435 4998 497 5052 ilt
524 4995 913 5066 ipsadignitas,
946 5012 1101 5066 quam
1132 4998 1283 5052 multi
1304 4999 1506 5069 indigni
1536 5001 1830 5070 possident.
1854 5000 2010 5060 Unde
2062 5014 2069 5019 '

2126 5042 2275 5089 stans
2301 5033 2507 5088 duobus
2525 5031 2753 5102 dactylis
2777 5042 2830 5086 et
2854 5030 3071 5087 totidem
3101 5032 3367 5088 trochaeis.
3406 5034 3575 5090 Docet
3592 5036 3691 5089 Ne-

2125 5126 2272 5179 ronis
2286 5125 2530 5194 exemplo
2552 5123 2832 5193 dignitates
2855 5139 2996 5193 smpe
3021 5126 3437 5195 corruptissimis
3459 5128 3689 5183 moribus

2123 5218 2415 5285 adhzerere,
2441 5223 2493 5273 et
2518 5210 2750 5272 honores
2776 5232 2895 5273 cum
2924 5233 2955 5272 a
2985 5218 3194 5275 miseris
3223 5216 3543 5290 tribuantur,
3574 5221 3689 5276 bea-

2070 5354 2075 5369 .
2121 5310 2400 5366 titudinem
2420 5308 2669 5364 conferre
2692 5309 2895 5364 nemini
2918 5324 3095 5379 posse.

2186 5394 2346 5471 {Tyrio
2382 5396 2541 5471 ostro]
2592 5390 2752 5471 Tyria
2804 5415 3058 5471 purpura.
3093 5400 3305 5457 Ostrum
3333 5412 3417 5459 est
3444 5417 3681 5475 purpura.

2116 5491 2369 5561 Virgilius
2399 5491 2452 5545 in
2481 5490 2755 5559 Georgicis
2779 5508 2791 5543 :

2244 5581 2306 5631 Ut
2329 5594 2521 5643 gemma
2542 5584 2696 5645 bibat,
2727 5590 2779 5633 et
2801 5583 3011 5635 Sarrano
3033 5580 3239 5636 dormiat
3260 5595 3410 5638 ostro.

2186 5661 2439 5736 (ἔθυιεν-ει]
2460 5664 2705 5720 Ornaret.

2188 5752 2387 5827 Niseis]
2416 5746 2692 5811 Candidis.

2193 5845 2426 5917 Vigebat]
2467 5847 2709 5905 Vivebat.
