4010 6372
462 335 597 393 1007

1108 330 1447 388 ΑΡΡΕΝΒΙΧ
1488 330 1577 385 AD
1615 327 1859 384 LIBROS
1893 326 1984 383 DE
2022 326 2541 385 CONSOLATIONE
2582 329 3090 388 PHILOSOPHIAE.

3605 340 3735 391 (008

458 450 609 507 mium
641 460 739 502 nec
761 442 938 515 aptius
962 451 1043 498 est
1064 442 1351 512 quidquam
1381 440 1445 496 ad
1468 454 1599 509 Opes
1621 440 1848 495 tuendas
1873 454 1935 494 ac
1958 447 2046 493 te-
2076 438 2136 500 Δ
2158 438 2319 493 noxia
2342 440 2673 509 magnitudo.

468 543 666 597 lendas
691 555 848 609 quam
881 537 1049 606 diligi,
1085 552 1185 592 uec
1214 537 1437 592 alienius
1459 551 1619 606 quam
1650 535 1852 590 timeri.
1903 533 2043 588 Prte-

469 640 606 691 :lare
632 635 774 689 enim
807 631 1039 685 Ennius:

585 751 1007 861 l(gnerqirrttetuunt,
1022 745 1260 796 oderunt:
1278 757 1428 807 quem
1443 747 1653 808 quisque
1666 742 1790 802 odit,
1808 743 2017 805 periisse

605 824 725 861 ,χοε
764 825 815 859 ι.

605 824 815 872 :xpeatt.

462 919 530 975 Et
558 928 675 986 post
721 934 825 971 non
864 917 1031 971 multo
1062 935 1073 968 :
1108 915 1321 971 Etenim
1350 915 1441 982 qui
1482 928 1542 968 se
1574 912 1740 968 metui
1767 912 1952 966 volent
1976 952 1989 974 ,
2020 923 2050 965 a

463 1007 1239 1080 quibusmetuuntur,eosdem
1270 1013 1511 1061 metuant
1540 1004 1666 1074 ipsi,
1695 1017 1921 1058 necesse
1947 1011 2051 1057 est.

461 1105 600 1174 Quid
630 1104 769 1158 enim
811 1116 1093 1157 censiemus
1124 1100 1457 1167 superiorem
1489 1098 1637 1151 illum
1692 1094 2009 1166 Dionysium
2036 1134 2052 1160 ,

462 1212 571 1268 quo
612 1198 854 1253 cruciatu
884 1195 1093 1249 timoris
1136 1194 1258 1263 angi
1302 1193 1520 1246 solitum
1544 1232 1559 1257 ,
1590 1189 1685 1260 qui
1715 1189 1918 1243 cultros
1945 1202 2056 1242 me-

464 1300 623 1347 tuens
650 1288 949 1349 tnnsorios,
984 1285 1250 1340 candente
1275 1285 1514 1337 carbone
1540 1283 1640 1337 sibi
1683 1280 1943 1335 adurebat
1969 1293 2059 1332 ca-

461 1380 687 1452 pillum?
710 1379 846 1444 Quid
889 1377 1251 1434 Alexandrum
1280 1374 1545 1430 Phereum
1564 1416 1577 1437 ,
1608 1389 1716 1444 quo
1742 1372 1927 1426 animo
1974 1370 2053 1424 vi-

463 1474 611 1529 xisse
660 1472 1015 1537 arbitramur,
1070 1470 1159 1540 qui
1211 1470 1296 1539 (ut
1338 1470 1595 1537 scriptum
1648 1463 1906 1533 legimus)
1935 1478 2058 1518 cum

464 1579 689 1621 uxorem
737 1562 957 1618 Theben
1006 1562 1296 1615 admodum
1341 1560 1607 1629 diligeret,
1642 1568 1820 1612 tamen
1848 1556 1915 1611 ad
1940 1571 2059 1611 eam

466 1672 537 1715 ex
586 1657 760 1727 epulis
807 1655 857 1710 in
892 1654 1195 1710 cubiculum
1220 1652 1463 1717 veniens,
1497 1650 1786 1704 barbarum
1834 1656 1889 1702 et
1927 1662 2051 1703 eum

467 1750 687 1821 quidem
714 1748 796 1817 (ut
826 1747 1086 1816 scriptum
1115 1744 1607 1815 est)compunctum
1623 1739 1764 1797 notis
1788 1740 2056 1807 Thraciis,

465 1808 1183 1910 districto‘gladio'jubebat
1201 1808 1453 1899 anteire,
1484 1832 1952 1903 prmtnittebatque
1993 1829 2061 1887 de
2091 1808 2139 1868 Β

462 1934 812 2004 stipatoribus
840 1934 979 1997 suis,
1014 1932 1105 2001 qui
1139 1937 1611 2000 perscrutareutur
1635 1928 1849 1982 arculas
1870 1925 2060 1980 mulie-

462 2028 593 2084 bres
612 2067 627 2091 ,
659 2035 714 2081 et
739 2040 805 2079 ne
830 2023 972 2093 quod
1030 2024 1080 2076 in
1105 2022 1446 2077 vestimentis
1467 2020 1831 2075 occultaretur
1860 2017 2023 2071 telum
2045 2060 2059 2084 ,

466 2119 851 2191 exquirerent?
872 2119 916 2172 0
942 2118 1226 2181 miserum,
1253 2116 1343 2185 qui
1364 2114 1665 2169 fideliorem
1696 2112 1984 2165 barbarum
2006 2119 2064 2165 et

466 2211 828 2283 stigmaticum
861 2209 1102 2279 putabat,
1138 2223 1296 2278 quam
1342 2206 1650 2274 conjugetu.
1688 2203 1797 2259 Nec
1833 2219 1955 2259 eum
1990 2202 2066 2257 fe-

466 2304 606 2360 fellit
638 2302 839 2371 opinio.
887 2301 967 2356 Ab
989 2316 1050 2355 ea
1086 2310 1169 2354 est
1197 2300 1341 2355 enim
1372 2299 1490 2369 ipse
1518 2306 1737 2368 propter
1779 2296 2062 2367 pellicatus

477 2398 844 2468 suspicionem
879 2395 1216 2451 interfectus.

543 2489 688 2544 Nam
727 2489 850 2560 quid
901 2506 991 2561 ego
1030 2488 1092 2543 de
1120 2485 1318 2559 regum]
1352 2486 1458 2541 Per
1488 2486 1663 2542 locum
1708 2485 1778 2539 ab
1826 2499 1893 2539 eo
1924 2484 2066 2542 quod

466 2582 642 2652 magis
672 2596 791 2636 esse
822 2579 1053 2641 videtur,
1084 2587 1492 2648 argumentatur
1518 2588 1701 2645 regum
1733 2575 2065 2631 familiarita-

470 2683 581 2729 tem
613 2681 883 2743 potentem
930 2671 1202 2727 neminem
1244 2668 1444 2737 facere,
1489 2684 1609 2725 cum
1639 2682 1800 2739 reges
1826 2666 1927 2738 ipsi
1962 2677 2065 2720 tam

470 2764 573 2820 sint
596 2764 913 2821 imbecilles.

548 2854 690 2909 Nero
722 2852 993 2925 Senecam]
1033 2852 1323 2909 Suetonius
1371 2852 1440 2908 de
1488 2852 1700 2908 Nerone
1734 2870 1747 2906 :
1806 2850 2066 2906 Senecam

470 2957 860 3018 praeceptorem
883 2947 949 3001 ad
973 2961 1160 3001 necem
1187 2944 1400 3013 compul
1430 2954 1470 3009 t,
1491 2945 1738 3013 quamvis
1756 2957 1903 3012 smpe
1924 2956 2071 2996 com-

470 3048 706 3094 meatum
738 3039 937 3108 petenti
970 3038 1232 3107 booisque
1254 3037 1463 3091 cedenti
1490 3045 1778 3104 persancte
1807 3035 2066 3104 jurasset,

472 3142 781 3201 suspectum
830 3145 889 3186 se
946 3128 1141 3191 frustra
1172 3172 1187 3197 ,
1231 3128 1635 3198 periturumque
1684 3128 1859 3196 potius
1908 3142 2068 3198 quam

472 3226 777 3280 nociturum
800 3223 870 3277 ei.

555 3312 919 3385 Papinianum]
952 3311 1048 3365 Hic
1085 3310 1321 3367 Serbidii
1354 3310 1610 3365 Scaevola:
1641 3309 1885 3373 auditor,
1920 3320 1976 3366 et
2006 3311 2071 3365 li-

474 3407 607 3462 bros
628 3406 693 3459 ad
711 3405 1006 3459 Pandectas
1029 3400 1183 3456 affert
1204 3404 1563 3471 qumstionum
1598 3402 1814 3470 triginta
1838 3409 2068 3469 septem,

476 3498 886 3568 responsionum
939 3494 1294 3565 undeviginti,
1354 3494 1725 3549 definitionum
1778 3494 1955 3560 duos,
2004 3493 2073 3550 de

476 3589 753 3646 adulteriis
776 3586 1245 3651 unum,:edititium
1267 3602 1456 3641 unum.
1490 3587 1585 3641 llic
1611 3586 1822 3641 habitus
1848 3594 1933 3641 est
1952 3601 2071 3639 om-

475 3687 625 3738 nium
653 3681 790 3751 juris
840 3680 1178 3735 conditorum
1216 3678 1591 3743 acutissimus,
1624 3693 1855 3747 eumque
1884 3687 2076 3731 vocant

476 3773 717 3830 hismria:
763 3772 901 3844 juris
931 3773 1170 3843 asylum,
1204 3771 1467 3826 doctrina:
1498 3771 1686 3840 legalis
1738 3773 2072 3837 thesaurum,

476 3868 617 3923 sicut
642 3868 709 3922 ab
734 3867 825 3921 illo
857 3866 1082 3921 studiosi
1114 3869 1285 3934 legum
1319 3866 1408 3935 qui
1443 3864 2074 3937 profecissentappellati

476 3960 859 4030 Papiniauistte
888 3958 1209 4029 quandoque
1260 3957 1479 4013 fuerint.
1528 3959 1746 4013 Amicus
1781 3968 1836 4013 et
1866 3959 2077 4014 Severo

476 4053 739 4124 principi,
775 4052 870 4107 sed
892 4067 921 4103 a
946 4050 1396 4117 condiscipulatu,
1427 4064 1603 4120 neque
1634 4067 1741 4105 non
1778 4050 1953 4105 affinis
1979 4065 2075 4117 per

478 4143 768 4201 secundam
819 4158 1040 4197 uxorem
1062 4183 1078 4207 ,
1110 4156 1393 4197 successor
1423 4142 1599 4197 eidem
1648 4159 1862 4213 quoque
1896 4145 1945 4199 in
1977 4144 2077 4199 ad-

478 4240 873 4299 ministratione
917 4236 1051 4292 ﬁsci.
1100 4236 1342 4307 Denique
1374 4238 1609 4292 moriens
1640 4238 1899 4299 Severus,
1935 4238 2076 4293 ﬁlios

480 4348 608 4389 suos
654 4348 761 4387 non
792 4332 883 4389 alii
924 4330 1093 4401 magis
1122 4346 1279 4398 quam
1312 4330 1605 4397 Papiniano
1654 4329 2072 4384 commendavit.

484 4426 613 4480 Erat
629 4434 806 4480 autem
835 4423 1120 4494 prmfectus
1146 4418 1272 4477 Urbi
1294 4421 1636 4493 Papinianus,
1663 4438 1724 4477 ac
1756 4424 1872 4492 plus
1889 4432 2077 4490 p0Ieus

481 4518 534 4570 in
567 4517 683 4571 aula
715 4532 876 4583 suam
913 4514 1143 4570 volebat.
1173 4513 1355 4582 Itaque
1386 4528 1531 4583 stupe
1562 4514 1836 4582 deponere
1868 4514 2078 4568 nocitu-

483 4625 600 4665 ram
647 4610 937 4676 potentiam
969 4608 1161 4663 frustra
1202 4614 1455 4672 conatus,
1488 4605 1703 4660 tandem
1737 4606 1803 4660 ab
1834 4606 2076 4661 Antonio
2101 4580 2157 4641 Ῑ)

484 4700 760 4757 Caracalla
789 4699 973 4756 Severi
1004 4702 1139 4765 filio,
1166 4700 1393 4755 militum
1417 4698 1606 4767 gladiis
1623 4696 1885 4766 obj'ectus,
1912 4705 1967 4753 et
1987 4713 2077 4754 se-

486 4796 598 4851 curi
647 4807 934 4863 percussus
961 4802 1065 4859 est,
1098 4791 1239 4863 quod
1270 4806 1528 4848 excusare
1581 4790 1924 4861 parricidium
1977 4806 2074 4847 no-

486 4890 691 4944 luisset.

560 4980 835 5053 Antonius]
868 4980 1116 5035 Aurelius
1155 4979 1419 5034 Antonins
1452 4979 1735 5035 Bassianus
1778 4978 2076 5046 Caracalla,

488 5074 672 5127 Severi
698 5071 859 5136 filius,
889 5073 1025 5141 patri
1056 5072 1317 5127 successit
1341 5072 1393 5126 in
1427 5070 1671 5141 imperio.
1700 5072 1989 5127 Bassianus
2006 5087 2074 5127 ex

481 5163 567 5217 avi
598 5164 823 5218 materni
852 5163 1071 5217 nomine
1095 5162 1266 5217 dictus
1291 5171 1393 5217 est.
1411 5162 1701 5217 Caracalln
1724 5179 1852 5219 vero
1874 5180 2071 5220 nomen
2100 5228 2101 5231 η

487 5255 694 5325 acet-pit
741 5272 771 5310 a
813 5257 1137 5309 vestimento
1175 5253 1315 5323 quod
1350 5255 1544 5324 populo
1575 5256 1799 5310 dederat
1838 5258 2078 5313 demisso
2124 5313 2135 5321 _

483 5364 657 5419 usque
676 5348 742 5403 ad
774 5348 930 5415 talos,
962 5361 1017 5401 ut
1046 5355 1234 5401 auctor
1263 5356 1345 5402 est
1372 5346 1707 5417 Spartianus.
1735 5348 1831 5402 Hic
1856 5349 2077 5403 fratrem

489 5460 646 5503 suum
670 5444 881 5507 Getam,
913 5451 967 5497 et
994 5441 1301 5509 complures
1329 5442 1463 5497 alios
1488 5442 1773 5511 praeclaros
1805 5445 1950 5497 viros
1981 5458 2079 5499 oc-

488 5542 593 5596 cidi
613 5542 791 5608 jussit.
810 5538 1137 5605 Papinianus
1158 5548 1335 5592 autem
1360 5537 1411 5590 in
1436 5537 1552 5604 ejus
1579 5547 1871 5604 conspectu
1896 5538 2075 5592 securi

487 5647 774 5701 percussus
796 5675 812 5700 ,
844 5647 874 5685 a
907 5628 1167 5695 militibus
1196 5630 1407 5685 occisus
1432 5637 1554 5684 est:
1601 5643 1707 5699 quo
1738 5628 1917 5694 facto,
1954 5643 2078 5698 per-

487 5723 839 5778 cussoridixit
854 5741 866 5775 :
883 5722 1074 5779 Gladio
1086 5731 1136 5775 te
1148 5720 1367 5791 exsequi
1394 5720 1631 5787 oportuit
1653 5734 1829 5775 meum
1844 5721 2076 5790 jussum.

560 5806 729 5868 Moles
771 5811 1217 5898 tpsajDignitatts
1236 5822 1293 5898 et
1336 5811 1590 5898 potentiae
1616 5812 1809 5882 nimia,
1840 5820 1897 5872 et
1924 5813 1995 5871 ob
2024 5814 2077 5871 id

2235 532 2378 604 Qum]
2414 535 2575 600 Quasi
2614 535 2755 592 dicat
2785 538 2953 594 nulla.

2226 626 2306 679 An
2336 628 2581 697 prtesidio
2623 638 2739 681 sunt
2787 628 2963 702 amici]
2996 630 3167 699 Supra
3212 633 3415 687 dictum
3443 642 3529 687 est
3560 634 3734 688 utilem

2155 718 2441 773 amicitiam
2462 721 2714 789 potentiae
2740 721 2908 791 gratia
2932 738 3314 793 nonnunquam
3339 725 3565 780 assumi.
3599 724 3739 779 Nunc

2157 812 2317 883 igitur
2342 813 2525 882 paucis
2563 812 2801 868 ostendit
2820 814 3048 869 fortuna:
3090 818 3295 871 amicos
3334 816 3592 873 facillime
3618 818 3741 874 alie-

2156 902 2296 966 nari,
2328 918 2427 959 uec
2457 904 2621 959 ullam
2647 919 2768 960 esse
2802 914 3005 972 pestem
3036 906 3103 961 ad
3134 907 3435 963 nocendum
3468 906 3736 964 efficacio-

2156 1011 2270 1053 rem
2288 1012 2446 1067 quam
2468 997 2785 1053 familiarem
2808 999 3099 1055 inimicum.

2232 1088 2338 1144 Sed
2359 1105 2506 1158 quem
2538 1087 2781 1163 felicitas]
2814 1090 3089 1162 Sententia
3121 1100 3204 1146 est
3236 1091 3516 1146 notissima
3539 1135 3555 1160 ,
3590 1102 3644 1147 et
3682 1093 3740 1145 ab

2159 1179 2348 1235 Ovidio
2375 1182 2570 1248 sapius
2601 1181 2879 1238 deamata
2901 1223 2916 1250 ,
2963 1183 3116 1251 cujus
3148 1199 3334 1239 versus
3374 1201 3442 1240 ex
3477 1186 3653 1255 primo
3681 1185 3742 1241 de

2160 1269 2423 1327 Tristibus
2444 1271 2581 1327 libro
2604 1287 2796 1342 passm
2819 1274 3068 1328 omnibus
3109 1274 3358 1330 litteratis
3386 1284 3514 1330 sunt
3542 1276 3598 1331 in
3629 1290 3740 1333 ore:

2285 1363 2457 1413 Donec
2481 1366 2583 1412 eris
2604 1364 2744 1425 felix,
2766 1364 2942 1414 multos
2964 1366 3245 1415 numerabis
3266 1379 3468 1417 amicos.

2346 1425 2589 1489 Tempora
2613 1429 2653 1477 si
2678 1427 2864 1477 fuerint
2888 1427 3071 1488 nubila,
3098 1427 3229 1477 solus
3255 1429 3373 1479 eris.

2162 1508 2308 1565 Idem
2336 1509 2391 1565 in
2421 1510 2659 1566 secundo
2684 1512 2751 1565 de
2786 1512 2991 1565 Ponto:
3076 1526 3079 1529 λ

2286 1602 2517 1667 Diligitur
2543 1617 2710 1667 nemo,
2734 1606 2823 1652 nisi
2849 1608 2925 1653 cut
2951 1605 3143 1654 fortuna
3168 1606 3382 1655 secunda
3408 1612 3521 1656 est:

2349 1665 2469 1724 Quae
2490 1666 2633 1714 simul
2660 1665 2882 1731 intonuit.
2904 1669 3123 1731 proxima
3148 1681 3356 1728 qureun
3381 1667 3537 1731 fugat.

2285 1726 2481 1792 En_ego
2506 1740 2599 1792 non
2628 1730 2789 1792 paucis
2809 1726 3052 1791 quondam
3076 1726 3291 1778 munitus
3310 1726 3501 1792 amicis,

2349 1789 2475 1838 Dum
2500 1791 2633 1838 ﬂavit
2658 1790 2780 1838 velis
2802 1789 2919 1838 aura
2944 1791 3156 1840 secunda
3183 1793 3342 1840 meis:

2200 1896 2201 1899 η
2291 1851 2481 1915 Ut_fera
2506 1853 2724 1915 uinum
2750 1859 3036 1915 tumuerunt
3060 1866 3255 1913 aequora
3282 1860 3465 1915 vento"

2354 1913 2410 1963 1n
2433 1914 2607 1963 mediis
2628 1912 2789 1964 lacera
2815 1927 2937 1963 nave
2965 1913 3214 1977 relinquor
3240 1917 3395 1979 aquis.

2165 2016 2331 2072 Divus
2378 2017 2775 2091 Hieronymus:
2810 2019 3059 2074 Amicitia
3088 2036 3214 2089 qua:
3245 2020 3497 2077 desinere
3542 2029 3715 2091 potest

2164 2124 2293 2166 Vera
2317 2126 2583 2180 nunquam
2613 2112 2729 2166 fuit.
3077 2123 3095 2134 ‘

2243 2204 2372 2269 Qua:
2401 2222 2516 2259 vero
2549 2203 2723 2277 pestis]
2752 2206 2916 2272 Quasi
2944 2205 3262 2262 dicatnulla.
3295 2208 3457 2265 Divus
3486 2210 3723 2281 Hierony

2169 2312 2289 2351 mus
2316 2315 2328 2350 :
2358 2297 2554 2352 Levius
2583 2306 2667 2354 est
2698 2298 3003 2367 professum
3036 2300 3311 2354 inimicum
3342 2315 3571 2369 cavere,
3600 2306 3751 2371 quam

2170 2392 2380 2448 bosmm
2414 2393 2665 2448 latentem
2717 2394 2817 2447 sub
2859 2394 3019 2448 amici
3068 2396 3285 2449 nomine
3314 2395 3625 2450 sustinere:
3660 2395 3755 2449 sub

2169 2486 2327 2540 amici
2382 2486 2633 2555 nomine,
2669 2486 2869 2540 inimici
2920 2487 3140 2540 insidias
3184 2486 3537 2556 deprehendi.
3585 2486 3755 2542 Idem:

2170 2577 2433 2633 Adu'ator
2452 2593 2521 2648 qu
2548 2594 2649 2647 ppe
2680 2578 2906 2633 blandus
2930 2580 3179 2633 inimicus
3204 2590 3305 2635 est.
3328 2581 3515 2646 Solon,
3541 2590 3759 2635 auctore

2171 2667 2409 2735 Laertio,
2458 2668 2805 2738 prtecipiebat
2835 2670 2977 2723 hunc
3008 2671 3059 2724 in
3091 2670 3343 2724 modum:
3379 2669 3549 2725 Caute
3580 2670 3758 2739 singu-

2171 2761 2255 2817 los
2280 2761 2528 2828 observa,
2577 2778 2645 2817 ne
2694 2762 2831 2817 forte
2876 2762 3062 2816 odium
3107 2763 3159 2817 in
3205 2763 3370 2819 corde
3402 2772 3608 2833 tegant,
3640 2764 3759 2818 dum

2171 2855 2364 2914 blanda
2396 2866 2451 2911 et
2491 2856 2753 2912 arridenti
2800 2855 2933 2911 facie
2965 2866 3017 2912 te
3043 2857 3423 2927 alloquuntur,
3460 2858 3763 2928 duplexque

2175 2950 2280 3005 illis
2299 2951 2474 3020 lingua
2495 2960 2610 3004 atra
2638 2965 2701 3004 ex
2725 2958 2907 3005 mente
2937 2959 3115 3005 sonet.
3149 2951 3433 3020 Diogenes,
3466 2952 3763 3019 interroga-

2174 3053 2260 3099 tus
2297 3061 2541 3114 quamam
2570 3044 3025 3115 perniciosissimo
3053 3044 3325 3100 morderet
3346 3045 3629 3109 bellua,Ex
3646 3046 3765 3101 feris

2179 3141 2391 3211 (inquit)
2418 3139 3373 3211 obtrectator,§ex,mitinribus{autem
3406 3140 3676 3197 adulator.
3700 3140 3764 3195 Μ.

2174 3231 2385 3288 Tullius
2412 3232 2467 3287 in
2491 3232 2675 3297 Laelio,
2693 3230 2828 3287 dixit
2852 3232 3051 3286 nullam
3071 3233 3121 3286 iu
3139 3232 3391 3287 amicitiis
3421 3242 3629 3301 pestem
3651 3247 3769 3288 esse

2174 3325 2431 3396 majorem
2444 3340 2601 3396 quam
2616 3324 3308 3390 adulationem,blanditias,
3324 3326 3768 3381 assentationem.

2720 3418 2787 3473 ΙΝ
2826 3416 3113 3473 METRUM
3155 3418 3217 3473 V.

2247 3512 2477 3567 Carmen
2507 3510 2749 3581 ejusdem
2774 3510 2999 3567 rationis
3029 3518 3115 3565 est
3148 3525 3268 3565 eum
3298 3510 3490 3580 quinto
3535 3512 3657 3567 libri
3690 3528 3769 3568 se—

2177 3605 2360 3661 cundi.
2407 3605 2676 3659 Admonet
2703 3613 2881 3659 autem
2934 3618 3000 3658 eo
3048 3618 3146 3658 nos
3202 3603 3552 3670 Philosorihia
3593 3619 3769 3660 veram

2178 3698 2469 3767 potentiam
2492 3697 2690 3750 nemini
2709 3698 3021 3766 contingere
3042 3710 3220 3764 posse,
3247 3696 3372 3761 nisi,
3388 3696 3633 3765 depulsis
3658 3714 3772 3764 per-

2179 3788 2593 3853 turbationibus,
2620 3788 2800 3841 animo
2822 3787 3241 3843 suodominetur
3260 3798 3366 3855 ,et,
3390 3788 3591 3841 amotis
3612 3788 3770 3856 vitiis,

2179 3883 2246 3937 sit
2276 3882 2488 3937 virtutis
2519 3897 2739 3951 regnum
2772 3881 2939 3951 (quod
2970 3897 3131 3936 unum
3162 3881 3362 3936 stabile
3388 3892 3493 3943 est,
3525 3880 3775 3953 idemque

2181 3975 2545 4043 liberrimum)
2575 3976 2769 4031 invicta
2802 3976 3117 4031 fortitudine
3150 3978 3384 4033 feliciter
3426 3987 3773 4033 consecutus.

2180 4070 2389 4125 Seneca
2431 4069 2671 4125 Lucilio:
2704 4070 2761 4125 6i
2792 4072 2872 4125 vis
2895 4060 3074 4125 omnia
3121 4071 3214 4125 tibi
3244 4071 3542 4140 subjicere,
3573 4072 3776 4140 subjice

2184 4172 2236 4218 te
2267 4162 2478 4217 rationi.
2516 4162 2710 4218 Multos
2743 4178 2897 4234 reges
2922 4204 2937 4229 ,
2969 4164 3014 4218 si
3049 4162 3185 4218 ratio
3218 4172 3269 4218 te
3311 4166 3539 4218 rexerit.
3582 4165 3665 4220 Ab
3694 4164 3774 4217 illa

2183 4257 2359 4313 disces
2388 4257 2517 4328 quid
2547 4268 2601 4314 et
2625 4259 3077 4327 quemadmodum
3103 4258 3321 4327 aggredi
3347 4258 3577 4313 debeas.
3628 4258 3773 4328 Apud

2184 4351 2388 4406 Livium
2418 4351 2597 4420 Scipio
2628 4350 2692 4403 ad
2727 4350 3112 4405 Massinissam.
3146 4349 3259 4404 Non
3286 4359 3392 4415 est,
3428 4349 3621 4421 inquit,
3651 4350 3775 4404 mibi

2182 4450 2363 4515 crede,
2402 4457 2606 4504 tantum
2634 4449 2702 4502 ab
2724 4446 2969 4503 hostibus
2997 4447 3221 4501 armatis
3248 4447 3428 4501 mtatis
3460 4458 3664 4502 uestra:
3689 4462 3776 4517 ρει

2185 4546 2437 4609 riculum,
2456 4556 2711 4613 quantum
2727 4559 2753 4597 a
2769 4544 3113 4599 circumfusis
3134 4543 3370 4611 undique
3393 4544 3773 4607 voluntatibus.

2180 4641 2285 4709 Qui
2310 4655 2401 4694 eas
2419 4655 2514 4694 sua
2538 4640 2886 4707 temperantia
2913 4640 3191 4694 victoriam
3222 4638 3321 4693 sibi
3368 4639 3598 4707 peperit,
3620 4654 3772 4708 quam

2190 4746 2289 4786 nos
2310 4730 2555 4801 Syphace
2573 4730 2711 4785 vieto
2735 4729 3048 4784 habuimus.
3075 4728 3332 4784 Salomon
3360 4727 3769 4783 Proverbiorutu

2186 4824 2359 4893 capite
2400 4838 2485 4877 xvr
2513 4841 2524 4875 :
2559 4823 2743 4878 Melior
2773 4831 2857 4877 est
2886 4823 3095 4892 patiens
3141 4823 3259 4876 viro
3285 4821 3445 4889 forti,
3474 4832 3527 4875 et
3554 4822 3641 4891 qui
3668 4821 3760 4874 do-

2187 4914 2421 4969 minatur
2450 4914 2632 4968 animo
2671 4929 2791 4979 suo,
2839 4924 3205 4985 expugnatore
3254 4914 3491 4969 urbium.
3526 4913 3763 4969 Horatius

2184 5009 2494 5065 Carminum
2518 5010 2612 5065 lib.
2630 5026 2667 5064 ιι
2687 5027 2699 5062 :

2433 5100 2602 5150 Larius
2630 5114 2811 5163 regnes
2836 5103 3027 5152 avidum
3052 5103 3292 5152 domando

2431 5164 2692 5227 Spiritum.
2714 5178 2859 5227 quam
2882 5168 2927 5216 si
2947 5165 3143 5225 Lybiam
3170 5167 3377 5216 remotis

2433 5226 2653 5275 Gadibus
2670 5226 2866 5289 jungas,
2888 5237 2939 5277 et
2962 5237 3173 5290 uterque
3193 5228 3377 5277 l‘teuus

2613 5290 2811 5339 Serviat
2830 5291 2933 5340 uui.
3244 5303 3257 5309 ί

2187 5374 2432 5429 Valerius
2456 5373 2716 5427 Maximus
2747 5373 2882 5426 libro
2914 5383 3104 5435 quarto
3144 5392 3155 5425 :
3192 5372 3358 5427 Multo
3397 5372 3572 5436 enim,
3603 5367 3753 5423 multo

2186 5469 2421 5534 seipsqu
2468 5481 2628 5536 quam
2673 5464 2880 5519 hostem
2911 5479 3168 5534 superare
3214 5466 3493 5533 operosius
3522 5475 3633 5525 est,
3664 5472 3749 5512 nec

2187 5558 2410 5613 adversa
2445 5573 2671 5627 propera
2698 5556 3042 5612 festinatione
3070 5557 3382 5627 fugientem,
3411 5573 3511 5613 nec
3537 5549 3740 5610 secunda

2186 5651 2357 5709 effuso
2387 5652 2580 5721 gaudio
2604 5651 3119 5722 apprehettdentem.
3148 5653 3380 5721 Baptista
3417 5652 3736 5705 Mantuanus:

2312 5757 2521 5819 Dignior
2541 5762 2619 5806 est.
2640 5763 2729 5819 qui
2751 5770 2806 5806 se
2830 5771 2972 5819 quam
2995 5759 3081 5817 qui
3106 5757 3367 5807 fortissima
3390 5759 3541 5808 vineit

2422 5820 2585 5882 ppida,
2606 5831 2700 5870 nec
2718 5820 2874 5871 virtus
2896 5820 3045 5872 altius
3068 5822 3142 5870 ire
3169 5825 3345 5883 potest.

3166 5966 3277 5990 εν-ιᾲο·
