4010 6372
280 395 420 452 1009

277 520 486 577 Seneca
507 517 766 589 Tragicos
795 516 848 571 in
879 516 1119 587 Thyeste
1142 533 1162 571 :

532 610 655 671 Ouis
676 624 761 660 vos
784 612 1011 671 exagitat
1036 608 1166 658 furor

529 675 787 724 Aternum
810 674 928 721 dare
951 673 1263 729 sanguinem,

530 737 593 787 Et
617 743 867 797 sceptrum
892 736 1089 784 scelere
1112 731 1363 797 aggredi?

528 800 601 849 Ne
628 800 743 849 sitis
765 798 935 858 cupidi
961 799 1164 855 arcium,

531 863 640 920 Quo
667 872 876 923 regnum
899 859 1061 918 jaceat
1085 858 1208 907 loco.

526 923 717 985 Regem
731 921 837 969 bon
852 921 1048 985 iaciunt
1071 934 1214 985 opes,

528 981 635 1036 Non
661 987 815 1035 vestis
834 984 995 1047 Tyria:
1023 981 1177 1044 color,

533 1049 640 1099 Non
666 1048 843 1097 frontis
866 1056 949 1096 not
1006 1047 1177 1104 regite,

530 1111 637 1161 Non
662 1123 783 1158 auro
810 1111 971 1157 nitidre
997 1111 1180 1157 trabes.

529 1173 634 1223 lies
665 1181 761 1229 est,
784 1174 869 1234 qui
899 1176 1061 1232 pOsuit
1085 1174 1270 1232 metus,

530 1235 591 1286 Et
613 1236 715 1287 diri
739 1233 863 1283 mala
889 1234 1119 1295 pectoris.

278 1321 350 1378 Et
367 1319 703 1392 postaliqnot
733 1332 921 1373 versus
942 1315 1156 1370 subdit:

529 1414 670 1463 Mens
692 1424 870 1473 regum
896 1410 1023 1459 bona
1047 1409 1285 1473 possidet.

277 1498 347 1555 Et
365 1499 588 1554 iterum:

526 1588 632 1638 Rex
662 1592 761 1648 est,
779 1587 864 1649 qui
890 1588 1063 1636 metuit
1086 1584 1239 1645 nihil,

524 1650 628 1700 lioc
652 1645 859 1713 regnum
882 1650 982 1699 sibi
1006 1651 1221 1711 quisque
1244 1645 1355 1697 dat.‘

347 1736 582 1815 Animos]
614 1733 787 1788 Animi
835 1733 1083 1787 allectus.

356 1824 598 1898 Feroces]
627 1824 1036 1893 Immoderatos,
1063 1835 1223 1881 recta:
1246 1825 1443 1881 rationi
1466 1840 1570 1883 non
1599 1837 1876 1896 ootempe-

270 1930 476 1976 rantes.

350 2013 549 2086 Daniel]
577 2014 800 2084 Mitigat,
824 2023 987 2070 rectae
1014 2012 1477 2084 rationisimperio
1492 2012 1762 2083 subjiciat.

346 2105 603 2179 Libidine]
638 2106 995 2161 lmmoderata
1022 2107 1339 2175 cupiditate.
1376 2106 1588 2173 Libido,
1612 2114 1747 2162 teste
1766 2107 1873 2161 Au-

270 2198 409 2254 relio
431 2198 564 2253 libro
587 2200 653 2253 de
668 2198 893 2253 Civitate
916 2197 1008 2252 Dei
1034 2213 1149 2264 ιιιι,
1171 2209 1253 2253 est
1275 2198 1524 2266 generale
1552 2198 1870 2254 vocabulum

269 2290 448 2345 omnis
468 2290 797 2358 cupiditatis.
830 2290 989 2345 Verbi
1022 2299 1212 2359 gratia,
1245 2300 1330 2345 est
1361 2289 1525 2345 libido
1551 2290 1868 2359 ulciscendi,

268 2396 391 2453 qua:
420 2383 489 2437 ita
537 2380 761 2439 dicitur.
794 2382 891 2437 Est
921 2382 1090 2437 libido
1125 2381 1357 2437 habendi
1394 2384 1677 2452 pecuniam
1705 2425 1721 2452 ,
1752 2398 1873 2453 qum

269 2476 513 2531 avaritia.
562 2475 659 2532 Est
707 2475 876 2531 libido
926 2475 1416 2546 quomodocunqne
1442 2475 1720 2542 vincendi,
1751 2492 1872 2547 qua:

267 2570 599 2641 pervicacia;
630 2578 713 2623 est
742 2567 951 2639 libidog
977 2568 1210 2632 oriundi,
1236 2582 1359 2637 qua:
1377 2568 1636 2637 jactantia
1660 2585 1871 2625 nuncu-

268 2669 445 2731 patur.
500 2659 645 2714 ldem
692 2659 834 2715 libro
897 2659 1304 2730 undevigesimo
1357 2660 1601 2730 ejusdem
1650 2663 1868 2729 operis:

267 2751 505 2809 Felicius
522 2753 754 2807 servitur
774 2752 976 2806 homini
996 2767 1154 2822 quam
1173 2750 1404 2815 libidini,
1424 2768 1547 2807 cum
1570 2754 1870 2810 saevissimo

268 2843 548 2899 dominatu
573 2853 748 2899 vastet
776 2847 939 2898 corda
974 2843 1283 2899 mortalium
1304 2882 1320 2909 ,
1349 2852 1406 2898 ut
1432 2844 1567 2900 alias
1597 2847 1865 2914 omittam,

266 2937 436 2993 libido
466 2939 579 3007 ipsa
621 2937 958 2992 dominandi.
1054 2986 1055 2989 η

342 3026 520 3083 Fardis
569 3028 803 3100 habenis]
849 3026 1199 3097 Turpissima:
1243 3027 1516 3083 servituti.
1565 3030 1869 3087 Macrobius

265 3119 635 3187 Saturnalium
670 3124 806 3175 libro
834 3138 849 3176 t
894 3138 908 3176 :
944 3123 1098 3176 Alius
1121 3122 1327 3177 libidini
1359 3124 1553 3190 servit,
1583 3124 1722 3181 alius
1742 3140 1869 3180 ava-

266 3212 412 3267 ritia:
432 3254 447 3278 ,
482 3212 621 3267 alius
648 3212 953 3277 ambitioni,
983 3227 1173 3267 omnes
1195 3214 1334 3282 spei,
1358 3228 1549 3269 omnes
1573 3216 1774 3270 timori.
1802 3216 1869 3271 Et

1432 390 1809 449 MURMELLII
1851 390 2368 455 COMMENTARIA.

1780 484 1793 498 θ
1904 514 1956 574 Α
2056 513 2281 583 Serviatl
2323 513 2560 569 Subaudi
2591 514 2707 570 tibi.

3442 389 3583 450 Mli)

2066 605 2263 661 Ultima
2287 605 2472 679 ΤΙιιιιρ]
2504 606 2907 663 Ilemistichium
2930 615 3014 663 est
3040 605 3390 677 Virgilianum
3412 602 3581 662 Geor-

1982 702 2222 774 gicorum
2262 702 2398 757 libro
2428 704 2601 771 primo
2624 719 2637 755 :

2230 792 2347 844 Tibi
2369 795 2554 846 serviat
2576 791 2746 845 ultima
2766 792 2947 844 Thule.

1984 879 2055 937 Ut
2081 879 2302 936 Servius
2325 878 2506 944 tradit,
2542 878 2715 934 Thule
2758 879 2931 934 insula
2955 886 3039 935 est
3064 877 3259 934 Oceani
3291 879 3430 933 inter
3461 889 3581 945 sep-

1985 972 2367 1030 tentrionalem
2412 980 2467 1027 et
2511 971 2903 1027 occidentalem
2932 971 3144 1042 plagam
3173 972 3315 1026 ultra
3370 971 3581 1025 Britan-

1984 1067 2129 1121 niam
2156 1078 2211 1122 et
2240 1063 2544 1128 Orchades,
2568 1077 2688 1133 quae
2720 1062 2894 1117 insula
2922 1064 2973 1118 in
3000 1063 3215 1117 Oceano
3243 1061 3427 1116 ultima
3457 1068 3539 1115 est
3562 1101 3578 1125 ,

1983 1162 2037 1216 in
2064 1176 2167 1230 qua
2196 1176 2317 1215 cum
2341 1158 2423 1213 sol
2448 1158 2501 1215 in
2528 1158 2740 1214 Cancro
2765 1165 2888 1221 est,
2919 1158 3160 1227 perpetui
3187 1157 3457 1213 dieSesine
3484 1170 3579 1208 no-

1981 1252 2158 1309 ctibus
2194 1268 2317 1309 esse
2354 1253 2626 1308 dicuntur.
2657 1249 3013 1308 Scribendnm
3046 1258 3128 1305 est
3160 1258 3257 1318 per
3284 1267 3317 1303 ιι
3346 1258 3463 1318 post
3490 1248 3576 1312 th,

1982 1345 2214 1402 testibus
2266 1342 2499 1415 Georgio
2551 1345 2773 1410 Merula,
2818 1342 3212 1413 Ghristophoro
3248 1343 3494 1398 Landino
3523 1352 3581 1397 et

1981 1442 2216 1496 Antonio
2238 1439 2585 1505 Mancioello,
2616 1438 2831 1495 tametsi
2858 1438 3019 1509 vulgo
3048 1438 3224 1509 Thyle
3256 1454 3350 1507 per
3375 1437 3579 1507 gpsilon

1979 1533 2267 1589 scribatur.
2298 1533 2486 1588 Grzece
2515 1533 2659 1587 enim
2688 1533 2852 1592 Θουλή
2874 1532 3148 1586 scribitur.

2051 1624 2226 1702 Atrax]
2257 1628 2467 1682 noxias.
2500 1626 2821 1683 Alexander
2844 1624 3045 1695 Hegins
3074 1632 3373 1695 praeceptor
3409 1640 3579 1694 quon-

1978 1722 2102 1778 dam
2131 1736 2286 1777 meus
2317 1723 2369 1777 in
2406 1722 2841 1793 frequentissima
2874 1722 3073 1777 nobilis
3099 1721 3471 1777 Daventriana:
3501 1720 3578 1773 ei-

1979 1817 2160 1871 vitatis
2181 1814 2399 1870 schola:

2103 1906 2201 1971 Est,
2217 1914 2271 1957 ut
2295 1910 2551 1971 perpetuis
2572 1909 2829 1961 hominum
2852 1910 2995 1959 mens
3020 1911 3161 1960 anxia
3188 1912 3343 1970 curis,

2166 1970 2268 2020 Nec
2291 1970 2421 2020 valet
2447 1970 2528 2019 illa
2554 1976 2628 2021 sui
2656 1986 2749 2021 non
2775 1976 3061 2023 meminisse
3086 1972 3213 2021 mali.

2100 2031 2240 2095 Hapc
2262 2035 2301 2081 si
2330 2034 2649 2095 tranquillare
2670 2034 2811 2088 velis.
2834 2036 3047 2084 fomenta
3073 2034 3300 2095 relinque

2161 2092 2320 2154 Curae,
2347 2094 2415 2143 nil
2441 2092 2582 2158 aequo
2608 2097 2714 2159 plus
2739 2111 2884 2161 cupe,
2908 2096 3034 2145 liber
3057 2099 3177 2146 eris.

1973 2177 2119 2235 ldem
2138 2197 2150 2233 :

2102 2272 2329 2341 Libertas
2351 2288 2534 2341 summa
2559 2280 2637 2325 cst
2653 2281 2755 2333 tua,
2778 2276 2995 2341 Fbriste,
3023 2279 3269 2341 facessere
3290 2277 3443 2341 jussa,

2100 2334 2156 2400 ili
2180 2348 2258 2384 mo
2284 2341 2362 2386 est
2386 2338 2651 2398 ingenuus,
2673 2340 2763 2400 nisi
2787 2340 2868 2400 qui
2895 2334 2992 2387 tibi
3009 2343 3167 2388 si-rvit
3190 2334 3322 2388 lesn.

2100 2396 2256 2448 Nemo
2280 2405 2359 2448 est
2382 2396 2465 2461 qui
2490 2407 2686 2462 regnat,
2709 2396 2917 2450 famulus
2941 2404 3033 2450 nisi
3059 2402 3181 2450 ﬁdus
3206 2400 3337 2450 les'u.

2517 2483 2585 2539 IN
2628 2483 2896 2541 PROSAM
2945 2485 3027 2540 Vl.

2048 2573 2213 2628 Docet
2249 2589 2408 2645 quam
2434 2574 2592 2630 fallax
2615 2586 2669 2632 et
2691 2576 2869 2632 inanis
2900 2578 2969 2631 sit
2997 2578 3191 2647 gloria,
3219 2594 3376 2649 quam
3412 2579 3574 2648 pleri-

1972 2679 2078 2736 que
2104 2667 2362 2722 mortales
2378 2676 2530 2722 tanto
2546 2670 2728 2722 studio
2751 2677 2957 2738 petunt,
2994 2679 3047 2723 et
3072 2671 3309 2725 nominis
3340 2671 3573 2726 celebri-

1974 2766 2083 2814 tate
2107 2758 2323 2813 beatum
2351 2758 2583 2816 evadere
2608 2774 2766 2830 posse
2799 2760 3094 2816 neminem.
3125 2761 3361 2817 Gloriam
3386 2762 3574 2817 definit

1971 2849 2226 2906 Aurelius
2266 2852 2404 2907 libro
2432 2852 2501 2907 de
2525 2852 2753 2907 Givitate
2782 2852 2875 2907 Dei
2902 2853 3091 2922 quinto
3113 2895 3128 2919 ,
3158 2855 3335 2923 capite
3366 2840 3471 2920 12,7
3490 2854 3572 2910 bis

1975 2943 2177 2999 verbis:
2213 2943 2394 3000 Gloria
2423 2954 2505 2999 est
2530 2944 2791 3015 judicium
2825 2944 3101 2998 hominum
3131 2944 3271 2999 bene
3297 2944 3366 2999 de
3393 2944 3541 2999 homi

1974 3036 2133 3091 nibus
2162 3038 2517 3106 opinantium.
2554 3038 2698 3093 Idem
2726 3036 2971 3109 ejusdem
3002 3038 3125 3094 libri
3158 3054 3280 3109 cap.
3316 3042 3413 3095 19:
3453 3040 3573 3095 Vir.

1975 3138 2117 3186 tntes
2145 3130 2385 3197 habenti,
2420 3148 2613 3203 magna
2642 3133 2813 3186 virtus
2837 3145 2917 3185 eSt
2946 3142 3292 3187 contemnere
3322 3130 3571 3204 gloriam.

1974 3225 2058 3279 Ab
2085 3237 2305 3279 auctore
2334 3234 2515 3279 autem
2547 3222 2963 3279 Rhetoricorum
3008 3224 3073 3279 ad
3120 3224 3459 3279 llmrenninm
3493 3226 3573 3282 sic

268 3317 419 3363 certe
461 3308 604 3361 nulla
649 3312 879 3365 servitus
906 3312 1111 3381 turpior
1139 3324 1299 3381 quam
1346 3312 1672 3367 voluntaria.
1705 3314 1869 3371 Divus
1896 3298 1944 3363 ο
1976 3317 2159 3373 ﬁnitur
2181 3336 2194 3370 :
2214 3316 2393 3373 Gloria
2418 3325 2503 3372 est
2522 3316 2856 3388 frequensde
2878 3317 3058 3387 aliquo
3082 3316 3223 3372 fama
3245 3331 3365 3372 cum
3390 3316 3571 3373 laude.

269 3399 592 3456 Ambrosius
625 3400 762 3456 libro
787 3403 1151 3471 Epistolarum
1183 3404 1452 3457 secundo:
1487 3404 1661 3459 Stulto
1686 3415 1742 3460 et
1762 3405 1868 3461 im-

272 3508 471 3565 perare
495 3495 728 3549 servitus
749 3506 854 3560 est,
875 3505 928 3549 et
955 3494 1121 3568 (quod
1152 3495 1305 3565 pejus
1334 3494 1440 3567 est)
1463 3512 1582 3551 cum
1609 3500 1871 3567 pauciori-

266 3592 374 3647 bus
406 3590 609 3660 prasit,
647 3590 885 3658 pluribus
919 3590 1153 3644 domuis
1192 3600 1247 3644 ct
1289 3590 1631 3661 gravioribus
1677 3594 1866 3649 servit.

266 3684 451 3740 Servit
479 3684 622 3737 enim
644 3684 873 3753 propriis
907 3682 1265 3752 passionibus,
1292 3686 1458 3737 servit
1486 3685 1870 3755 cupiditatibus

266 3780 660 3848 suis,qnarum
703 3778 1041 3832 dominatum
1094 3792 1193 3831 nec
1239 3786 1400 3832 nocte
1432 3786 1613 3847 potest
1660 3778 1865 3850 fugere,

268 3886 371 3927 nec
401 3872 507 3939 die,
534 3871 658 3940 quia
689 3872 825 3925 intra
846 3884 905 3925 se
931 3870 1181 3924 dominos
1205 3869 1392 3935 habet,
1428 3870 1573 3925 intra
1604 3885 1663 3926 se
1692 3872 1868 3926 servi-

266 3966 402 4020 tium
430 3964 627 4034 patitur
656 3964 1013 4019 intolerabile.
1050 3962 1276 4019 Gemina
1321 3966 1466 4020 enim
1495 3966 1728 4020 servitus
1756 3976 1861 4037 est,

264 4060 440 4114 altera
490 4059 757 4128 corporis,
810 4060 1110 4113 animarum
1159 4059 1352 4113 altera.
1390 4058 1597 4127 Domini
1629 4062 1868 4130 corporis

265 4154 484 4226 quidem
512 4153 799 4210 homines:
834 4154 1135 4208 animarum
1167 4164 1347 4211 autem
1394 4155 1613 4209 malitia:
1643 4164 1697 4209 et
1738 4169 1862 4224 pas-

266 4249 470 4313 siones,
504 4261 533 4300 a
558 4246 751 4315 quibus
778 4250 891 4301 sola
944 4249 1106 4301 animi
1142 4249 1362 4305 libertas
1406 4248 1709 4317 sapientem
1738 4252 1864 4307 vin-

265 4340 435 4405 dicat,
469 4349 527 4394 ut
549 4340 770 4394 servitio
802 4340 851 4394 ei
884 4341 1042 4395 liceat
1065 4342 1235 4396 exire.
1266 4342 1519 4397 Sidonius
1537 4345 1868 4412 Apollinaris

267 4434 633 4504 Epistolarum
659 4435 795 4489 libro
812 4436 1079 4491 secundo:
1104 4436 1238 4491 Nam
1261 4437 1365 4493 dici
1399 4441 1583 4507 nequit
1600 4451 1864 4511 quantum

266 4544 367 4600 per
407 4530 568 4582 horas
603 4528 707 4583 fert
736 4532 789 4584 in
838 4530 937 4585 hac
973 4530 1079 4584 vita
1106 4530 1450 4586 miseriarum
1475 4539 1581 4587 vita
1631 4534 1863 4591 felicium

268 4624 507 4687 illorum,
535 4624 578 4677 si
610 4635 787 4680 tamen
817 4626 899 4679 sic
927 4635 1054 4680 sunt
1079 4627 1481 4696 pronuntiandi,
1510 4628 1602 4697 qui
1635 4628 1735 4685 sibi
1762 4630 1864 4687 hoc

1978 3410 2051 3466 Μ.
2090 3410 2298 3466 Tullius
2323 3424 2503 3467 autem
2552 3412 2602 3467 in
2649 3412 2891 3466 oratione
2922 3425 3020 3480 pro
3050 3411 3120 3467 Μ.
3156 3410 3408 3466 Marcello
3434 3409 3575 3468 hunc.

1972 3503 2021 3556 ei
2056 3503 2216 3557 finem
2250 3504 2395 3558 dedit
2427 3525 2439 3560 :
2474 3499 2658 3559 Gloria
2686 3512 2770 3559 est
2796 3502 3020 3559 illustris
3053 3517 3115 3558 ac
3143 3512 3458 3574 pervagata,
3490 3504 3575 3559 vel

1973 3604 2026 3659 in
2059 3613 2186 3653 Suos
2212 3600 2379 3664 cives,
2410 3599 2492 3651 vel
2524 3596 2578 3651 in
2609 3597 2862 3666 patriam,
2897 3595 2982 3650 vel
3010 3596 3063 3650 in
3089 3598 3251 3651 om’ne
3281 3609 3448 3665 genus
3478 3593 3575 3648 hc-

1973 3697 2177 3752 minum
2205 3692 2343 3747 fama
2368 3690 2704 3745 meritorum.

2049 3785 2259 3859 Turpis]
2292 3786 2573 3850 lndecora,
2609 3782 2914 3839 inhonesta.

2045 3879 2169 3936 Non
2191 3874 2415 3951 injuria]
2444 3877 2592 3932 iure.

2048 3969 2322 4043 Tragicus]
2356 3969 2660 4040 Euripides,
2690 3967 2781 4039 qui
2811 3966 3244 4025 Andromacham
3263 3966 3342 4021 sic
3382 3967 3529 4023 exclt

1972 4079 2208 4125 nantem
2242 4063 2478 4119 inducit:

2077 4161 2137 4216 Ὠ
2165 4156 2309 4224 δόξα,
2338 4155 2460 4221 δόξα
2487 4158 2718 4233 μυρίοισι
2738 4152 2801 4214 δὴ
2823 4155 3022 4231 βροτῶν

2077 4250 2231 4308 οὐδέν
2257 4257 2450 4325 γεννῶσι
2477 4249 2646 4320 βίοτον
2672 4247 2919 4322 ὥγκωσαξ
2942 4250 3121 4320 μέγαν.

1975 4345 2032 4402 ld
2067 4356 2183 4409 est,
2238 4346 2534 4411 interprete
2566 4342 2801 4395 Antonio
2828 4338 3009 4393 Codro
3059 4337 3229 4393 Urcen
3256 4356 3268 4391 :
3301 4338 3345 4393 Ο
3372 4339 3569 4409 gloria,

1972 4440 2169 4510 gloria,
2200 4436 2425 4492 infinitis
2452 4435 2560 4504 jam
2602 4431 2921 4488 moxialibns
2953 4432 3153 4487 nullius
3196 4432 3348 4502 pretii
3402 4434 3567 4488 vitam

1973 4531 2295 4591 tumefecisti
2318 4528 2594 4600 magnam!
2619 4526 2747 4582 Sun-
2783 4536 2958 4581 tamen
2979 4526 3068 4595 qui
3099 4526 3213 4581 lucc
3234 4526 3393 4596 paqu
3413 4526 3572 4580 aliter

1973 4626 2157 4698 legant
2190 4628 2689 4693 etinterpretentnr
2725 4620 2833 4674 sic:
2866 4618 2911 4675 Ο
2940 4619 3314 4691 gloria,glnri:i
3335 4662 3349 4685 ,
3381 4621 3567 4676 decem

267 4736 471 4775 nomen
520 4721 602 4792 (ut
645 4720 814 4793 Sylla)
864 4732 1232 4791 priesumunt:
1268 4724 1520 4779 nimirum
1552 4725 1644 4795 qni
1678 4739 1865 4795 super-
1893 4693 1948 4755 υ
1977 4719 2501 4777 millilm-honiinum
2527 4760 2541 4786 ,
2564 4714 2852 4771 nihilalind
2869 4714 3006 4770 facta
3032 4715 3133 4770 nisi
3156 4726 3331 4770 tumor
3348 4731 3572 4787 magnus

266 4813 439 4883 gressi
472 4813 557 4881 jus
591 4811 778 4880 fasque
808 4827 1096 4869 comnmne
1117 4859 1131 4882 ,
1183 4829 1447 4869 summam
1482 4815 1864 4870 beatitudinem

267 4906 583 4963 existimant
613 4920 876 4960 summam
923 4918 1239 4975 potestatem
1263 4949 1279 4973 ,
1327 4906 1429 4962 boc
1459 4909 1576 4977 ipso
1606 4908 1738 4961 satis
1767 4906 1869 4962 mi-

265 4999 523 5062 seriores,
558 4998 698 5068 quod
751 5014 938 5068 parum
988 5001 1331 5070 intelligunt,
1387 5000 1779 5069 inquietissimo
1808 5016 1867 5057 se

268 5092 553 5163 subiacere
581 5092 878 5148 famulatui.
915 5093 1046 5148 Nam
1080 5095 1217 5148 sicut
1247 5094 1555 5153 hominibus
1583 5108 1758 5165 reges,
1794 5094 1866 5149 ita

271 5186 484 5257 'egibus
513 5186 823 5239 dominandi
846 5185 1116 5240 desideria
1139 5185 1501 5242 dominantur.

335 5275 641 5349 Submittat]
672 5276 957 5347 Subjiciat.

331 5370 500 5440 [παι
532 5371 789 5426 Tametsi.
832 5372 1157 5428 Claudianus
1187 5371 1424 5426 Honorio
1451 5390 1463 5426 :

389 5462 427 5511 Τ
435 5478 462 5511 υ
491 5464 607 5513 licet
629 5472 884 5513 extremos
906 5465 1006 5512 late
1028 5465 1287 5514 dominere
1313 5476 1403 5526 per
1425 5462 1588 5525 indos,

390 5525 465 5575 'l'e
492 5526 679 5575 Medus.
707 5536 755 5574 te
783 5528 943 5577 mollis
966 5528 1141 5587 Arati,
1165 5533 1216 5575 te
1241 5525 1394 5573 Seres
1417 5526 1652 5574 adorent:

391 5588 447 5638 Si
478 5600 675 5650 metus,
700 5593 742 5639 si
772 5604 913 5648 praxa
940 5604 1096 5649 cupis.
1118 5591 1161 5637 si
1186 5589 1385 5636 duceris
1410 5589 1501 5649 ira,

387 5652 589 5701 Servitii
614 5655 801 5711 patiore
822 5652 1013 5713 jngnm,
1036 5650 1272 5699 tolerabis
1298 5652 1485 5713 iniquas

384 5714 602 5763 Altcrith
630 5714 800 5771 leges:
832 5724 944 5762 tunc
967 5711 1125 5762 omnia
1145 5713 1256 5775 jure
1281 5711 1496 5769 teni-bis,

386 5778 505 5825 ιῖιιιιι
533 5780 721 5837 puteris
743 5791 828 5825 rex
861 5790 973 5826 esse
999 5778 1088 5826 lui.

320 5840 451 5896 Τρία
471 5839 622 5911 jura]
656 5844 980 5895 i’otestaletn
1013 5849 1179 5905 tuam,
1215 5836 1501 5907 imperium
1533 5846 1703 5895 tuum.

320 5934 373 5990 Τ
381 5929 636 5992 remiscet]
667 5931 893 5991 Timeat.

1974 4829 2072 4869 seu
2098 4812 2297 4867 inllatio
2319 4825 2530 4880 magna.
2562 4808 2667 4863 Sed
2689 4808 2939 4876 quoniam
2965 4807 3120 4863 nobis
3151 4824 3317 4879 prope
3342 4806 3569 4863 Germa-

1980 4905 2083 4961 nici
2107 4904 2191 4958 Bri
2220 4903 2501 4972 amicique
2540 4901 2739 4956 Oceani
2774 4899 2952 4954 littora
2982 4915 3126 4955 nunc
3159 4904 3321 4954 vitam
3356 4902 3561 4970 degen-

1977 5000 2141 5065 tibus,
2174 4996 2483 5052 Grazcorum
2508 5010 2789 5067 poetarum
2812 5004 3015 5066 praeter
3035 4995 3323 5050 admodum
3346 5011 3567 5071 paucos,

1969 5092 2183 5150 codices
2208 5106 2314 5145 non
2334 5098 2646 5160 suppetunt,
2661 5077 2935 5146 studiosos
2948 5087 3273 5144 remittimus
3300 5088 3365 5141 ad
3391 5088 3567 5158 ipsum

1968 5183 2285 5253 Euripidem
2309 5193 2366 5237 et
2393 5182 2594 5237 Cra-cae
2627 5180 2821 5252 lingua:
2844 5181 3202 5251 professores.

2052 5274 2191 5349 Quo]
2220 5274 2335 5342 Qua
2363 5273 2540 5344 magni
2562 5274 2801 5329 nominis
2824 5273 3094 5329 ablatione
3117 5288 3213 5344 per
3241 5272 3401 5328 falsas
3424 5272 3569 5344 vulgi

1967 5375 2267 5448 opiniones.

2052 5464 2215 5534 Quid]
2260 5464 2423 5532 Quasi
2456 5464 2596 5517 dicat
2626 5462 2776 5517 nihil.

2049 5556 2396 5630 Erubeat‘anl]
2436 5556 2903 5621 Verecundentur,
2939 5555 3142 5624 pudore
3177 5563 3233 5611 et
3262 5554 3458 5612 rubore
3488 5559 3569 5612 ιιι.-

1969 5653 2246 5710 ﬂciantur.
2307 5646 2658 5722 Symmachus
2708 5646 2761 5701 in
2818 5645 3110 5717 Epistolis:
3162 5645 3232 5704 Ut
3276 5663 3405 5705 vera
3448 5648 3565 5707 laus

1967 5754 2153 5810 ornat,
2191 5745 2261 5797 ita
2294 5742 2425 5795 falsa
2456 5740 2706 5809 castigat.

2040 5832 2227 5908 Quem]
2264 5831 2491 5888 Laudes.

2046 5924 2204 5999 Quid]
2237 5926 2398 5993 Quasi
2427 5923 2569 5980 dicat
2589 5921 2741 5984 nihil.
