4010 6372
470 422 600 482 Hi!

547 541 861 615 Adjecerint]
893 537 1220 595 Addiderint-

543 635 662 692 Non
675 634 914 706 populari
926 627 1148 701 rumore]
1162 628 1272 684 Non
1291 625 1472 699 populi
1489 623 1631 680 inani
1647 617 2046 692 prmdicatiotte,

1280 721 1368 779 Qui
1389 717 1565 766 Stultus
1588 717 1804 762 honores

591 793 734 854 Saepe
757 791 840 840 dat
866 788 1099 849 indignis,
1121 790 1174 834 et
1195 783 1334 832 fumea
1358 783 1513 832 servit.
1537 779 1753 838 ineptus.

543 875 649 933 Sed
674 852 995 928 conscientia:
1014 869 1226 924 veritate
1255 860 1483 937 metitur]
1511 861 1614 917 Sed
1636 857 1824 914 deﬁnit
1863 863 1917 909 et
1957 852 2052 906 de-

471 967 724 1024 terminat
750 965 947 1020 bonum
977 977 1130 1017 suum
1156 973 1266 1013 suae
1295 953 1640 1012 conscientia:
1668 949 1922 1012 veritate,
1948 956 2051 1006 nua

475 1069 762 1117 contentus
789 1055 1074 1125 populares
1106 1065 1265 1106 auras
1293 1063 1402 1104 non
1449 1046 1664 1118 qumrit.
1709 1041 1917 1097 Seneca
1947 1035 2053 1090 Lu-

471 1153 620 1210 cillio
644 1165 740 1205 suo
774 1168 790 1207 :
824 1151 972 1205 Intus
995 1147 1228 1216 teipsum
1270 1141 1551 1199 considera
1571 1178 1588 1200 ,
1620 1151 1726 1191 non
1755 1132 1926 1204 qualis
1950 1127 2049 1193 sis.

471 1244 590 1300 aliis
619 1243 826 1298 credas.
871 1238 1120 1295 Persius:

598 1337 784 1387 Tecum
806 1334 994 1395 habita,
1014 1335 1068 1382 et
1091 1327 1226 1379 noris
1247 1339 1391 1390 quam
1413 1326 1478 1376 sit
1500 1323 1586 1375 tibi
1608 1324 1746 1372 curto
1767 1313 2018 1379 supellex.

479 1423 536 1476 id
573 1432 653 1476 est
678 1461 692 1486 ,
747 1429 927 1488 tuapte
978 1412 1308 1485 supellectile
1333 1421 1384 1466 te
1406 1410 1616 1472 metire,
1659 1420 1720 1459 ac
1752 1401 1857 1457 tuis
1888 1399 2054 1469 ipsius

476 1514 633 1569 malis
653 1511 874 1566 bonisve
900 1509 1127 1578 teipsum
1155 1504 1425 1575 expende.
1446 1500 1732 1556 Horatius:

604 1611 764 1661 Metiri
785 1621 842 1657 se
865 1615 1111 1668 quemque
1133 1614 1223 1652 suo
1244 1597 1440 1649 modulo
1459 1610 1516 1646 ac
1539 1595 1668 1658 pede
1691 1604 1864 1642 verum
1890 1595 1983 1638 est.

480 1699 559 1752 Eo
589 1707 874 1749 monemur
893 1733 910 1759 ,
951 1703 1018 1742 ne
1046 1701 1145 1741 nos
1175 1701 1238 1739 ex
1267 1689 1658 1738 assentatorum
1690 1673 1936 1731 laudibus
1964 1679 2056 1725 aut

478 1773 626 1855 vulgi
675 1783 928 1852 opinione
957 1792 1144 1833 verum
1175 1773 1408 1845 prepriis
1436 1784 1500 1824 ac
1529 1769 1675 1824 veris
1700 1765 1914 1821 dntibus
1940 1762 2058 1817 ani-

1061 377 1066 380 ‘
1119 403 1460 467 APPENDIX
1500 403 1592 460 AD
1632 393 1879 457 LiBROS
1918 391 2009 450 DE
2042 379 2568 446 CONSOLATIONE
2608 375 3100 436 PHILOSOPHUS.

2078 497 2134 568 Α
2165 513 2345 558 rentes
2373 507 2465 555 aut
2485 493 2991 568 progenitores,.qui
3021 493 3090 546 ob
3118 490 3339 545 virtutes
3365 504 3496 546 suas
3524 499 3583 545 et
3606 506 3732 561 prte-

3605 367 3732 425 1012

2155 597 2294 650 clara
2329 592 2562 648 facinora
2615 587 3018 658 praedicantur:
3054 599 3160 639 non
3204 585 3249 638 is
3289 584 3380 654 qui
3423 599 3496 640 ex
3543 600 3730 655 genere

2152 686 2494 756 progenitus,
2520 698 2704 738 eorum
2735 681 2965 736 virtutes
2993 695 3103 734 non
3128 679 3424 734 mniulatur.

2230 778 2449 833 Videtur
2490 772 2726 847 namque]
2770 773 2963 829 Deﬁnit
3009 774 3226 841 generis
3264 772 3600 826 nobilitatem
3642 769 3736 829 hoc

2156 871 2313 925 modo
2337 886 2352 925 :
2385 869 2646 924 Nobilitas
2675 877 2757 923 est
2784 866 3027 938 quazdam
3052 864 3167 932 laus
3196 864 3418 919 veniens
3447 865 3514 918 de
3543 864 3737 921 meritis

2153 973 2455 1034 parentum.
3167 962 3170 964 ⁷

2226 1057 2408 1111 Aliena
2439 1055 2714 1126 claritudo]
2752 1054 2986 1109 Joannes
3023 1051 3327 1120 Campanus
3358 1067 3372 1105 :
3403 1047 3601 1104 Alienis
3635 1051 3738 1105 latt-

2155 1150 2302 1205 dibus
2322 1152 2414 1204 niti
2440 1150 2572 1204 nihil
2597 1149 2740 1203 aliud
2763 1156 2834 1203 est
2858 1162 3013 1218 quam
3044 1158 3165 1200 suas
3195 1147 3424 1216 proferre
3447 1161 3554 1199 non
3585 1163 3736 1216 posse.

2158 1242 2360 1299 Seneca
2393 1259 2407 1295 :
2444 1241 2580 1308 Quid
2610 1243 2746 1296 enim
2775 1239 2978 1293 stultius
3010 1248 3080 1292 est
3119 1255 3272 1307 quam
3309 1239 3532 1308 aliquem
3564 1255 3622 1291 eo
3656 1237 3742 1294 sibi

2156 1335 2376 1405 placere,
2435 1334 2570 1405 quod
2615 1349 2718 1386 non
2779 1332 2918 1403 fecit.
2969 1325 3110 1383 idem
3139 1347 3165 1390 _:
3203 1329 3323 1382 Non
3367 1329 3493 1396 facit
3537 1329 3741 1382 nobilem

2156 1430 2342 1480 atrium
2371 1428 2577 1496 plenum
2601 1421 2817 1496 fantasia
2839 1419 3166 1490 imaginibus.
3217 1419 3382 1473 Nemo
3423 1419 3476 1471 in
3504 1421 3742 1473 'nostram

2157 1522 2371 1592 gloriam
2413 1519 2566 1588 vixit,
2598 1533 2757 1587 neque
2795 1515 2932 1586 quod
2958 1523 3078 1566 ante
3119 1529 3210 1565 nos
3247 1513 3368 1582 fuit,
3402 1521 3633 1564 nostrum
3657 1519 3740 1565 est.

2159 1615 2372 1668 Animus
2404 1613 2527 1684 facit
2568 1610 2795 1664 nobilem
2823 1609 2905 1662 cui
2929 1623 2996 1660 ea;
3023 1621 3326 1675 quacunque
3351 1604 3644 1657 conditione
3666 1619 3745 1655 su-

2159 1723 2252 1776 pra
2286 1712 2546 1776 fortunam
2569 1703 2682 1757 licet
2715 1714 2943 1770 surgere.

2231 1798 2382 1865 Quod
2423 1798 2469 1852 si
2506 1796 2630 1866 quid
2654 1793 2752 1865 est]
2780 1791 3032 1846 Ostendit
3053 1789 3140 1844 cui
3171 1789 3246 1843 sit
3271 1803 3392 1842 usui
3417 1787 3636 1857 generis
3662 1801 3748 1840 no-

479 1877 658 1947 mique
703 1872 992 1929 virtutibus
1018 1868 1370 1924 aestimemus.
1399 1860 1721 1919 Franciscus
1741 1853 2055 1926 Pbilelphus
2084 1889 2137 1957 ¹
2163 1853 2359 1948 δίιῆἓε.
2394 1853 2629 1956 Βθρίίεω
2678 1853 3034 1941 Μὲηωθηυδε
3067 1882 3154 1935 Est
3197 1853 3446 1950 more“;
3477 1883 3553 1947 (ut
3595 1879 3751 1933 tum

479 1977 659 2040 satyra
689 1966 871 2036 quinta
897 1979 912 2018 :

602 2059 762 2118 Atque
788 2056 915 2104 bono
936 2051 1108 2103 laetare
1131 2055 1236 2118 tuo,
1263 2047 1492 2118 vulgique
1519 2043 1720 2118 fugaces

603 2111 929 2170 Contemnens
951 2127 1108 2177 auras,
1137 2126 1200 2162 ex
1227 2117 1277 2160 te
1303 2111 1520 2172 pendere
1545 2111 1809 2155 memento.

552 2205 852 2262 Ludovicus
881 2204 1039 2274 Bigus
1064 2219 1079 2252 :

604 2311 749 2362 Felix
773 2325 805 2360 ο
827 2312 1029 2358 nimium
1055 2307 1138 2367 qui
1166 2318 1220 2354 se
1243 2301 1706 2367 scrutatur_in__ium,

670 2374 774 2423 Nec
797 2374 892 2422 nisi
918 2370 1021 2420 vult
1039 2363 1238 2430 pr0prio
1259 2366 1468 2430 credere
1493 2363 1699 2430 judicio.

604 2436 710 2487 Nec
731 2449 818 2486 sua
840 2436 900 2483 ab
925 2428 1144 2482 instabili
1169 2429 1382 2491 probitas
1401 2437 1446 2476 υτ
1473 2428 1686 2491 pendeat
1703 2433 1820 2471 aura

667 2500 917 2558 Sustinet,
940 2503 992 2543 et
1015 2493 1104 2542 soli
1129 2487 1230 2541 vult
1253 2490 1410 2540 bonus
1435 2500 1544 2538 esse
1571 2487 1694 2536 Deo.

559 2581 710 2649 Quod
727 2582 770 2634 si
785 2579 881 2633 hoc
898 2573 1087 2647 ipsum]
1115 2578 1495 2644 Argumentum
1519 2569 1785 2638 depromit
1803 2583 1830 2622 a
1847 2567 2069 2622 contra-

487 2678 582 2734 riis
602 2722 614 2744 ,
645 2675 692 2729 ei
724 2672 900 2728 simile
926 2668 1068 2740 quod
1098 2666 1166 2722 de
1196 2673 1460 2736 potestate
1487 2671 1539 2716 et
1567 2658 1880 2728 impotentia
1910 2667 2069 2726 supra

487 2753 710 2842 protulit
727 2811 740 2835 ,
769 2765 852 2818 vel
878 2764 1051 2834 potius
1076 2759 1143 2813 ab
1163 2756 1423 2829 oppositis
1451 2753 1742 2810 secundum
1765 2751 2073 2805 afﬁrmatio—

487 2879 612 2920 nem
641 2870 694 2917 et
724 2859 1080 2929 negationem.
1138 2853 1229 2918 Si,
1294 2852 1491 2920 inquit,
1539 2859 1847 2919 prapagasse
1894 2853 2075 2897 nomen

490 2971 638 3012 suum
662 2953 862 3008 videtur
905 2949 1175 3020 pulchrum
1219 2952 1269 2998 et
1303 2942 1588 3003 honestum,
1630 2955 1732 2992 non
1770 2949 2078 3007 propagasse

491 3051 563 3114 id,
588 3059 732 3116 turpe
754 3045 1172 3109 inhonestumque
1190 3037 1528 3110 judicandum
1548 3040 1640 3087 est.
1667 3031 1925 3103 Oppositis
1941 3030 2077 3082 enim

493 3141 725 3213 opposita
753 3139 1076 3194 conveniunt.
1128 3134 1232 3188 Sed
1277 3129 1443 3184 multo
1485 3130 1657 3202 plures
1705 3135 1824 3180 sunt
1873 3130 2073 3194 gentes,

493 3235 633 3308 apud
659 3249 784 3302 quas
825 3245 1008 3285 nomen
1050 3225 1318 3301 cujuslibet
1350 3225 1578 3296 ignotum
1605 3227 1706 3287 est,
1749 3233 1900 3290 quam
1935 3218 2076 3286 apud

494 3347 618 3397 quas
649 3338 847 3382 notum.
882 3321 1112 3378 Proinde
1145 3320 1232 3391 qui
1263 3317 1514 3392 gloriosus
1542 3313 1784 3380 creditur,
1813 3313 1977 3384 magis
2003 3312 2077 3366 in-

496 3420 693 3480 glorius
720 3427 790 3471 est
809 3413 1146 3489 judicandns.

577 3507 683 3582 illi]
714 3505 1184 3580 quemadmodum.

576 3603 743 3658 Paulo
771 3601 917 3675 ante}
941 3599 1106 3656 Prosa
1137 3596 1362 3669 Septima
1389 3593 1513 3652 libri
1535 3591 1778 3651 secundi.

569 3697 820 3771 Disserui]
851 3697 1137 3766 disputavi.

574 3790 716 3845 Inter
754 3770 863 3845 hinc
907 3786 1044 3861 vero]
1087 3785 1325 3842 Geminis
1353 3785 1421 3840 de
1452 3785 1628 3839 causis
1652 3781 1891 3839 ostendit
1913 3770 2082 3852 popu-

501 3890 665 3944 larem
691 3885 912 3956 gloriam
946 3899 1012 3938 ne
1041 3879 1552 3938 commemoratione
1579 3875 1795 3948 quidem
1827 3875 2038 3946 dignam
2065 3914 2081 3940 ,

502 3995 621 4036 cum
647 3993 747 4032 nec
773 3993 901 4032 vero
923 3974 1127 4046 judicio
1148 3971 1458 4044 proveniat,
1492 3970 1587 4025 sed
1619 3969 1778 4024 nimis
1806 3978 2078 4035 corrupto,

504 4083 560 4126 ut
592 4071 821 4125 indoctae
868 4077 924 4123 et
970 4067 1177 4133 stultae,
1230 4081 1293 4121 ac
1325 4066 1405 4136 (ut
1434 4065 1506 4119 ita
1535 4059 1744 4131 loquar)
1787 4059 2085 4116 multivola!

505 4161 893 4227 multitudinis,
935 4173 1053 4230 quin
1097 4173 1244 4227 sirpe
1281 4157 1462 4212 laudat
1505 4167 1792 4222 nocentes,
1824 4154 2088 4222 vituperat

507 4257 816 4312 innocentes
833 4296 848 4320 ,
878 4267 976 4308 nec
997 4236 1228 4322 unquam
1249 4260 1506 4304 constans
1543 4255 1872 4318 permaneat,
1897 4259 2088 4303 verum

508 4348 777 4405 levissimo
803 4348 905 4402 huc
926 4346 1158 4413 illucque
1179 4351 1448 4400 momento
1470 4341 1843 4397 transferatur.
1865 4337 2088 4397 Michael

509 4441 715 4498 Fernus
745 4442 808 4495 ad
839 4438 1096 4497 Sabinum
1132 4456 1144 4492 :

636 4534 730 4584 Hei
755 4535 870 4582 mihi
898 4532 910 4581 !
937 4543 1078 4593 quam
1105 4541 1226 4581 vana
1253 4535 1328 4579 est.
1352 4543 1469 4591 spes
1487 4529 1591 4577 h'rc
1614 4535 1665 4593 et
1688 4526 1842 4588 gloria
1861 4525 2032 4575 famae:

635 4625 640 4630 ι
702 4597 795 4643 Pro
820 4596 938 4642 fama
958 4589 1213 4651 morimur,
1239 4589 1389 4642 docte
1410 4593 1611 4651 Sabine,
1634 4589 1778 4639 latae.

640 4661 749 4710 Stet
769 4671 854 4706 sua
880 4669 967 4718 per
994 4665 1144 4718 totum
1165 4658 1357 4705 virtutis
1381 4653 1530 4713 gloria
1558 4652 1816 4713 mundum,

703 4718 856 4768 Recte
883 4717 990 4767 vive
1011 4717 1136 4777 Deo,
1163 4725 1343 4767 caetera
1367 4717 1530 4765 t‘utnus
1557 4721 1718 4764 erunt.

583 4818 703 4872 Jan:
733 4831 848 4869 vero
879 4829 1034 4885 quam
1062 4813 1127 4866 sit
1153 4809 1326 4884 inane]
1360 4811 1581 4866 Disserit
1606 4823 1818 4881 generis
1845 4806 2098 4862 nonilita-

513 4918 622 4965 tem
657 4922 764 4961 non
795 4904 1041 4961 conferre
1067 4915 1247 4959 veram
1297 4913 1350 4958 ct
1397 4903 1665 4974 propriam
1697 4902 2094 4970 claritudinem,

515 5017 674 5076 quam
698 5000 812 5057 sola
843 4999 1010 5053 virtus
1037 4997 1208 5062 affert,
1237 4996 1387 5067 juxta
1413 4995 1542 5051 illud
1575 4995 1953 5068 Satyrographi
1989 5013 2003 5050 :

701 5091 938 5145 Nobilitas
959 5092 1062 5143 sola
1081 5099 1158 5143 est
1181 5097 1328 5154 atque
1350 5092 1489 5138 unica
1516 5091 1687 5140 virtus.

516 5183 654 5239 Sunt
691 5187 869 5234 autem
899 5177 997 5232 tria
1026 5176 1322 5232 nobilitatis
1351 5187 1549 5244 genera
1580 5192 1592 5229 :
1620 5175 1870 5229 nobilitas
1909 5187 1974 5229 es
2009 5187 2104 5243 ge-

515 5293 670 5342 nere,
707 5272 962 5329 nobilitas
987 5285 1054 5326 ex
1099 5271 1328 5337 virtute,
1377 5277 1433 5324 et
1471 5269 1716 5324 nobilitas
1746 5284 1811 5325 ex
1857 5275 2103 5338 utroque.

518 5369 617 5426 Est
647 5376 902 5438 praeterea
930 5363 1201 5428 nobilitas,
1233 5377 1328 5417 seu
1351 5362 1525 5430 potius
1554 5361 1827 5417 famositas
1849 5373 1917 5415 ex
1937 5360 2105 5427 vitiis,

520 5479 646 5520 nam
687 5458 932 5516 nonnulli
978 5455 1269 5512 sceleribus
1316 5464 1371 5509 et
1421 5454 1730 5510 foedissimis
1780 5451 2110 5508 lac'noribus

523 5557 892 5610 innatuerunt.
922 5549 1157 5605 Joannes
1184 5546 1524 5616 Campanus:
1556 5545 1830 5618 Praecipua
1860 5554 1934 5600 est
1965 5545 2107 5599 nobi-

530 5650 646 5701 litas
671 5663 786 5716 quia
815 5647 1025 5715 propria
1050 5651 1233 5696 ornata
1264 5642 1447 5695 virtute
1476 5650 1524 5694 et
1553 5655 1645 5693 sua
1669 5684 1680 5705 ,
1715 5656 1826 5693 cum
1855 5643 2110 5712 majorum

529 5743 592 5793 sit
629 5738 917 5806 splendore,
949 5738 1224 5808 dignitate,
1254 5736 1441 5807 gloria,
1470 5742 1714 5788 vetustate
1742 5735 2037 5805 conjuncta.

603 5827 996 5900 Claritudinem]
1025 5827 1331 5882 Claritatem
1363 5837 1415 5880 et
1455 5827 1684 5881 nominis
1713 5827 2074 5894 Splendorem.

605 5917 809 5988 Aliena]
839 5918 951 5973 Non
981 5920 1214 5989 propria,
1245 5933 1362 5972 cum
1406 5919 1534 5978 clari
1570 5921 1674 5972 sint
1702 5918 1778 5972 illi
1800 5954 1818 5984 ,
1855 5928 1978 5986 puta
2021 5929 2113 5986 pa-

2162 1984 2358 2052 videor)
2386 1990 2627 2051 magnum
2654 1979 2850 2033 uirtutis
2875 1976 3252 2047 adjumentum,
3281 1973 3438 2025 claris
3455 1981 3630 2024 ortum
3651 1988 3750 2025 esse

2163 2075 2479 2146 parentibus.
2513 2072 2694 2128 Solent
2722 2069 2854 2124 enim
2869 2071 3082 2139 juvenes
3109 2065 3197 2135 qui
3217 2064 3419 2134 aliquid
3449 2065 3642 2116 indolis
3667 2065 3752 2116 hs-

2165 2169 2311 2236 bent,
2348 2185 2412 2222 ne
2438 2166 2750 2236 degenerare
2773 2163 3042 2216 uideantur
3060 2157 3332 2227 'ntajorum
3360 2173 3570 2211 suorum
3593 2158 3756 2227 digni-

2164 2269 2318 2316 tatem
2348 2260 2583 2315 cmulari
2615 2267 2662 2312 et
2689 2257 2759 2311 ad
2793 2263 3123 2325 paternarum
3148 2251 3364 2306 laudum
3391 2253 3630 2324 aspirare
3650 2250 3756 2322 [eli-

2165 2355 2390 2408 eitatem.
2434 2352 2526 2408 Sic
2559 2350 2793 2420 Philippi
2821 2363 3004 2403 nomen
3041 2345 3410 2409 Alexandrum,
3440 2348 3514 2399 sic
3555 2347 3758 2417 majoris

2167 2445 2400 2516 Africani
2427 2443 2592 2512 gloria
2615 2443 2866 2497 minorem
2902 2439 3230 2510 Scipionem,
3269 2439 3344 2492 sic
3373 2435 3597 2492 Cesaris
3634 2440 3758 2493 Julii

2169 2539 2310 2609 fama
2334 2536 2598 2591 Octavium
2619 2534 2968 2600 excitauit,sic
2991 2534 3201 2603 den’que
3225 2533 3464 2603 Pyrrhus
3488 2534 3762 2586 Acbillides

2171 2639 2276 2685 erat
2321 2629 2583 2683 animosus
2627 2628 2851 2697 imagine
2889 2627 3072 2695 patris.
3119 2624 3346 2679 Faustus
3386 2625 3759 2680 Andrelinus:

2295 2721 2383 2774 Est
2404 2722 2586 2786 aliquid
2602 2721 2764 2770 clarus
2785 2732 3071 2786 magnorum
3106 2718 3338 2786 splendor
3364 2731 3568 2766 avorum
3598 2733 3613 2770 :

2361 2782 2772 2847 Illud'posteritas
2797 2783 2967 2831 aemula
2995 2782 3148 2847 calcar
3175 2782 3343 2847 habet.

2298 2845 2400 2900 Cen
2424 2844 2571 2896 tener
2596 2848 2860 2894 instantem
2883 2845 3074 2894 catulus
3099 2856 3206 2891 cum
3230 2844 3407 2892 viderit
3429 2854 3621 2902 ursum,

2362 2909 2415 2958 In
2447 2912 2626 2971 patrias
2653 2910 2781 2971 vires
2805 2909 2977 2954 ωιιιιιιςι
3005 2905 3145 2971 corda
3171 2912 3351 2954 nim-ct.

2306 2967 2509 3024 Scilicet
2535 2979 2587 3019 ut
2611 2969 2772 3018 nullus
2797 2973 2943 3016 tantis
2963 2971 3026 3017 sit
3049 2967 3272 3027 degener
3296 2968 3440 3029 actis,

2363 3033 2720 3096 Magnanimum
2747 3040 2917 3093 pectus
2935 3038 3139 3078 strenua
3164 3029 3283 3078 facta
3308 3034 3522 3078 movent.

2709 3135 2776 3192 lN
2818 3136 3106 3192 METRUM
3136 3134 3222 3190 Vl.

2251 3229 2480 3286 Carmen
2511 3235 2593 3288 est
2613 3229 2849 3293 dicolou,
2875 3229 3028 3298 cujus
3058 3229 3194 3282 alter
3222 3242 3410 3282 versus
3453 3227 3658 3283 dicitur
3696 3229 3770 3283 al-

2181 3322 2444 3389 cmanius,
2477 3319 2788 3392 dactylicus,
2825 3319 3088 3386 trimeter,
3121 3319 3618 3389 hypercatalectus,
3649 3337 3773 3377 con.

2180 3419 2328 3468 stans
2371 3411 2543 3466 tribus
2583 3410 2805 3480 pedibus
2847 3409 3047 3464 heroici
3091 3423 3279 3464 versus
3323 3418 3374 3464 et
3416 3412 3624 3482 syllaba
3659 3429 3675 3466 :
3710 3414 3773 3468 ita

2180 3515 2360 3560 tamen
2388 3511 2447 3559 ut
2481 3517 2587 3559 non
2619 3502 2688 3558 sit
2729 3519 2793 3557 ex
2825 3503 2990 3557 meris
3013 3497 3283 3572 spondeis.
3327 3499 3482 3557 Alter
3525 3520 3657 3558 vero
3699 3513 3776 3559 est

2182 3594 2575 3660 Pherecratius,
2609 3608 2675 3648 ex
2706 3593 2943 3662 spondeo
2976 3603 3070 3647 seu
3112 3601 3387 3661 anapaesto
3411 3633 3429 3659 ,
3471 3593 3688 3666 dat-tylo
3727 3604 3776 3650 ct

2182 3688 2441 3759 Spondeo.
2481 3687 2642 3742 Docet
2665 3699 2827 3740 unum
2862 3683 3218 3754 eamdemque
3251 3700 3371 3740 esse
3405 3688 3652 3742 omnium
3687 3702 3776 3756 pa-

2183 3790 2344 3846 trem,
2394 3797 2423 3834 a
2469 3793 2574 3851 quo
2619 3777 2920 3834 commvnis
2950 3779 3182 3833 universi
3224 3778 3438 3849 generis
3466 3781 3685 3835 humani
3716 3780 3778 3833 sit

2185 3877 2353 3946 Origo.
2403 3871 2636 3929 Proinde
2684 3874 2954 3928 neminem
2997 3888 3116 3928 esse
3146 3873 3493 3943 degenerem,
3527 3876 3630 3930 nisi
3662 3893 3774 3930 eum

2187 3967 2275 4037 qui
2307 3968 2450 4021 vitiis
2479 3967 2840 4030 deformatus,
2873 3964 2939 4018 ab
2971 3963 3061 4018 illo
3096 3965 3462 4034 pulcherrimo
3494 3975 3547 4020 et
3581 3968 3774 4036 optimo

2187 4059 2528 4128 maximoque
2586 4045 2806 4125 parente
2853 4057 3084 4110 deliciat.
3149 4056 3313 4112 Divus
3371 4056 3775 4129 Hieronymus:

2191 4147 2319 4206 Sola
2353 4149 2492 4218 apud
2525 4147 2687 4201 Deum
2730 4146 2934 4199 libertas
2981 4156 3078 4211 est,
3131 4161 3234 4200 non
3282 4147 3470 4201 servire
3523 4149 3778 4215 peccatis:

2189 4255 2386 4297 summa
2413 4240 2552 4312 apud
2581 4239 2746 4291 Deum
2786 4239 3023 4292 nobilitas
3049 4279 3062 4304 ,
3097 4237 3298 4292 clarum
3337 4255 3447 4293 esse
3488 4239 3776 4292 rirtatibns.

2264 4334 2338 4388 Ab
2365 4343 2480 4386 ortu
2510 4328 2688 4401 simili]
2715 4331 2792 4384 Es
2824 4329 3092 4383 consimili
3121 4330 3350 4398 origine.

2268 4426 2411 4480 Unus
2435 4427 2572 4480 enim
2611 4422 2803 4496 rerum]
2854 4423 3143 4476 Malacliias
3190 4423 3475 4492 prapheta,
3507 4424 3680 4493 capite
3708 4438 3777 4478 n:

2196 4519 2448 4588 Nunqutd
2484 4531 2590 4572 non
2629 4526 2774 4584 pater
2798 4531 2931 4569 unus
2973 4516 3197 4568 omnium
3236 4515 3514 4570 nostrum!
3546 4514 3783 4581 Nunquid

2198 4629 2299 4670 non
2331 4614 2468 4668 Dens
2496 4629 2628 4666 unus
2651 4613 2836 4665 creavit
2867 4625 2958 4663 nos
2975 4612 3001 4664 ?
3030 4610 3340 4664 Lactantius
3369 4608 3510 4663 libro
3533 4609 3600 4663 de
3620 4607 3783 4662 lusti-

2121 4666 2178 4731 D
2199 4666 2298 4773 tia,
2325 4666 2500 4776 Cit—pile
2530 4703 2635 4757 15:
2669 4703 2806 4757 Dens
2836 4705 2972 4755 enim
3017 4703 3104 4770 qui
3147 4701 3374 4754 homines
3407 4707 3616 4770 generat
3643 4711 3689 4754 et
3711 4701 3784 4751 in-

2201 4803 2398 4871 spinet,
2435 4813 2606 4854 omnes
2638 4813 2840 4866 «quos,
2886 4797 2938 4850 id
2965 4802 3038 4849 est
3070 4811 3246 4864 pares,
3281 4811 3388 4848 esse
3414 4795 3598 4850 uoluit.
3629 4793 3785 4846 Eam-

2203 4895 2320 4950 dem
2345 4895 2687 4948 conditionem
2709 4893 2905 4946 vivendi
2923 4892 3157 4945 omnibus
3185 4891 3385 4960 Posuit,
3417 4907 3593 4943 omnes
3621 4891 3686 4941 ad
3706 4904 3784 4942 sa-

2207 4989 2450 5062 pientium
2489 4989 2702 5060 genuit,
2747 4987 2980 5040 omnibus
3020 4985 3458 5038 immortalitatem
3487 4983 3784 5054 spepondit,

2208 5096 2356 5135 nemo
2394 5080 2530 5134 enim
2558 5079 2821 5148 beneficiis
2851 5079 2966 5148 ejus
2998 5075 3279 5129 caelestibus
3306 5084 3619 5144 segregatnr.
3656 5072 3784 5125 Nam

2208 5175 2337 5229 sicut
2365 5173 2597 5227 omnibus
2634 5172 2845 5225 unicum
2883 5185 3033 5223 suum
3072 5169 3244 5221 lumen
3282 5168 3554 5233 equaliter
3579 5166 3779 5228 dividit,
3861 5151 3870 5162 ’

2211 5267 2390 5320 emittit
2421 5265 2651 5319 omnibus
2697 5267 2894 5334 fontes,
2939 5262 3124 5318 rictum
3153 5259 3542 5324 subministrat,
3582 5259 3782 5326 quietem

2209 5357 2377 5413 somni
2405 5355 2759 5409 dulcissimam
2784 5349 2999 5417 tribuit,
3028 5351 3102 5405 sic
3127 5350 3358 5404 omnibus
3387 5348 3669 5418 equitatem
3693 5347 3782 5397 eir-

2214 5461 2465 5521 tutemquc
2511 5445 2752 5520 largitur.
2788 5444 2956 5500 Nemo
2987 5444 3126 5515 apud
3167 5457 3280 5496 eum
3309 5453 3479 5494 servus
3517 5448 3618 5500 est,
3649 5449 3779 5489 mmo

2213 5546 2468 5600 dominus.
2518 5542 2578 5600 Si
2615 5541 2754 5596 enim
2798 5540 2996 5594 cunctis
3039 5537 3173 5591 idem
3209 5545 3354 5605 pater
3380 5545 3488 5598 est,
3519 5531 3779 5600 tequojure

2216 5656 2386 5694 omnes
2417 5637 2561 5692 liberi
2601 5651 2793 5691 sumus.
2835 5632 2998 5686 Nemo
3026 5630 3133 5683 Deo
3153 5643 3348 5700 panper
3368 5636 3462 5691 est,
3494 5627 3586 5679 nisi
3607 5623 3779 5691 quiju-

2217 5731 2354 5784 stitia
2376 5729 2598 5800 indiget;
2624 5743 2771 5781 nemo
2794 5721 3068 5789 divesﬁnisi
3094 5719 3179 5790 qui
3203 5721 3470 5773 virtutibus
3493 5720 3660 5783 plenus
3685 5720 3777 5772 est;

2218 5839 2362 5876 nemo
2381 5822 2594 5889 denique
2608 5820 2864 5888 egregius,
2889 5817 2989 5870 nisi
3003 5816 3091 5886 qui
3111 5820 3272 5867 bonus
3285 5822 3332 5867 et
3355 5816 3587 5866 innocens
3607 5806 3746 5878 fuerit
3760 5819 3775 5866 ;

2220 5928 2366 5969 nemo
2391 5911 2736 5977 clarissimus,
2770 5911 2868 5964 nisi
2899 5908 2985 5978 qui
3019 5923 3171 5978 apem
3199 5905 3562 5959 misericordia
3585 5899 3774 5968 largiter
