4010 6372
320 395 462 451 Μίὸ

1511 394 1890 457 unum"
1926 396 2447 459 MIENTARIA.

3447 394 3589 457 {0M

317 518 531 587 fecerit;
568 530 715 569 nemo
762 512 1186 585 perfectissimus,
1229 514 1334 567 nisi
1374 512 1465 585 qui
1496 525 1670 567 omnes
1706 518 1896 583 gradus
1926 518 1977 578 Α
1999 512 2268 581 pertigt'nes
2296 513 2466 566 dicam
2495 514 2661 584 iquid
2684 512 2951 573 oculorum
2982 514 3284 588 aus-iamque
3313 524 3583 584 tormenta,

317 610 519 663 uirtutis
548 607 849 680 impleverit.
884 605 1165 674 Pindarus,
1189 616 1247 663 ut
1272 607 1438 663 refert
1464 607 1728 664 Baebius
1758 606 1892 662 libro

318 690 731 771 Prmparationis
758 701 1101 771 Evangelicw
1118 715 1205 755 xm
1235 720 1247 755 :
1281 700 1481 767 Unam,
1504 701 1695 772 inquit,
1723 700 1891 754 Itami-

316 808 440 845 num
478 809 635 863 genus
664 800 758 856 est,
789 801 835 845 et
863 792 926 844 ab
955 808 1059 846 una
1096 799 1259 845 matre
1285 793 1481 856 cuncti,
1514 808 1671 846 unum
1698 802 1891 861 patrem

310 898 592 939 creatorem
618 900 870 939 summum
900 894 1052 954 atque
1073 886 1317 953 optimum
1354 886 1598 951 artiﬁcem
1629 885 1890 952 habemus,

312 980 405 1050 qui
422 996 716 1052 progressus
730 979 945 1051 singulis
966 978 1186 1032 diversos
1202 979 1472 1032 secundum
1484 982 1669 1032 merita
1681 977 1888 1050 prabet.

391 1071 535 1127 Unus
564 1081 745 1125 cuncta
772 1068 1045 1145 ministrat]
1084 1068 1226 1125 Cave
1258 1084 1327 1124 ne
1352 1067 1498 1140 legas
1519 1080 1707 1128 eoum
1733 1070 1892 1127 metri

313 1165 599 1228 rationem,
632 1179 772 1217 unus
794 1163 881 1232 qni
910 1170 1105 1218 cuneta
1126 1162 1413 1218 ministrat.

384 1253 599 1324 Clausit]
624 1254 861 1311 inclusit.

390 1346 649 1424 Membris]
678 1343 1023 1415 Corporibus.

384 1441 530 1495 Celsa
552 1438 687 1510 sede]
714 1441 755 1496 E
780 1439 939 1495 caelo.

386 1530 528 1604 Edit]
562 1532 825 1586 Producit.

386 1627 574 1680 Nobile
598 1624 820 1698 germen]
852 1624 1054 1682 Nobilis
1079 1626 1252 1698 origo,
1283 1625 1597 1696 praedarum
1624 1640 1813 1697 genus.

390 1717 651 1789 Strepitis]
680 1717 917 1773 iactatis.
952 1717 1256 1789 Alloquitur
1281 1727 1460 1771 autem
1506 1717 1754 1772 homines
1791 1732 1885 1786 ge-

307 1816 459 1867 neris
480 1812 751 1866 nobilitate
774 1810 1174 1881 gloriabuudos.

383 1902 680 1956 Primordia
710 1898 897 1973 vestra]
930 1902 1095 1957 Tuam
1135 1911 1190 1958 et
1227 1909 1540 1959 ceterorum
1582 1899 1885 1956 mortalium
1914 1897 1964 1961 Β
1986 1897 2167 1957 dendo
2198 1899 2383 1956 minuit
2434 1920 2445 1956 :

303 2009 588 2064 originem.

382 2084 617 2158 Spectas]
644 2084 989 2153 Consideres,
1021 2098 1057 2139 o
1081 2084 1253 2141 Baeti.
1284 2083 1485 2139 Inducti
1527 2083 1888 2153 demnrunt

306 2178 451 2233 hunc
482 2178 689 2243 locum,
720 2178 961 2246 legentes
987 2177 1267 2247 spectetis,
1294 2177 1349 2234 in
1370 2178 1530 2235 metri
1557 2176 1887 2233 contamina-

306 2270 507 2324 tionem
542 2284 636 2339 pro
669 2278 897 2338 spectes,
923 2269 1083 2340 idque
1115 2268 1326 2325 videtur
1346 2279 1522 2325 ortam
1562 2284 1631 2324 ex
1660 2269 1885 2339 ecquod

303 2363 442 2418 dixit
466 2372 664 2419 vestra.
689 2361 1001 2417 Timuerunt
1023 2363 1167 2417 enim
1191 2371 1250 2420 ut
1266 2372 1409 2418 esset
1432 2364 1605 2419 oratio
1626 2379 1880 2434 congrua,

304 2472 412 2511 non
448 2457 963 2521 animadvertentes,
998 2465 1188 2525 spectes
1217 2456 1281 2511 ad
1310 2473 1470 2511 unum
1496 2458 1735 2511 Boetitnu
1767 2473 1885 2513 esse

302 2550 681 2616 referendum,
721 2560 883 2604 vestra
927 2562 1054 2607 vero
1101 2549 1385 2619 primordia
1430 2550 1495 2604 ad
1551 2550 1791 2605 Boetium
1831 2558 1887 2605 et

301 2644 439 2698 alios
474 2642 735 2699 homines.

377 2734 472 2805 Ni]
502 2734 636 2790 Nisi.
766 2794 774 2801 ,

383 2822 605 2895 Fauens]
631 2824 991 2893 Amplectens.

380 2914 592 2988 Pejora]
622 2914 778 2981 Mala,
810 2914 1233 2985 comparativum
1260 2916 1379 2972 loco
1400 2916 1630 2986 positivi.

382 3003 552 3075 Vitiis]
586 3004 681 3061 ilic
710 3020 868 3060 casus
892 3006 1152 3074 septimus
1178 3015 1295 3074 est,
1326 3007 1491 3062 verbo
1514 3008 1731 3064 deserat
1761 3011 1887 3064 snti-

298 3100 531 3162 dendus,
566 3108 625 3153 ut
652 3099 721 3153 sit
754 3099 887 3153 ordo
913 3116 926 3151 :
962 3100 1181 3154 Deserat
1213 3100 1355 3154 vitiis
1382 3103 1652 3170 proprium
1682 3111 1881 3170 ortum,

204 3178 217 3183 ”
301 3193 407 3248 hoc
431 3202 531 3262 est,
564 3208 660 3264 per
682 3194 810 3248 vitia
842 3193 909 3248 ab
935 3192 1136 3264 origine
1158 3194 1368 3265 propria
1400 3199 1709 3269 degeneret.

828 3286 890 3339 IN
934 3286 1208 3341 PROSAM
1239 3287 1349 3342 VII.

380 3376 711 3446 Voluptates,
744 3376 839 3441 ait,
867 3390 975 3433 non
1006 3378 1179 3433 solum
1202 3377 1509 3437 felicitatem
1540 3396 1645 3436 non
1673 3381 1880 3449 all‘rrre,

298 3470 395 3525 sed
427 3470 713 3525 multarum
736 3470 897 3525 etiam
925 3471 1300 3541 agritudinum
1323 3472 1741 3546 morborumque
1761 3493 1886 3533 eau-

297 3576 388 3617 835
416 3576 552 3616 esse.

374 3652 629 3723 Quarum]
658 3652 1024 3723 Voluptatem.

370 3742 697 3814 Appetentia]
728 3744 1032 3817 Appetitas.

370 3838 677 3911 Anxietatis]
692 3840 1100 3896 Balneis-diuis.
1124 3841 1355 3899 Joannes
1372 3844 1526 3900 Picus
1546 3845 1838 3901 Mirandula
1862 3867 1877 3902 :

298 3931 441 3998 Quid
470 3934 607 3986 enim
643 3932 867 4001 aptabile
895 3933 949 3987 in
978 3935 1317 4003 voluptatibus
1356 3938 1569 4005 mundi,
1600 3952 1730 4007 quae,
1758 3940 1887 3993 dum,

290 4035 618 4094 quieruntur,
650 4029 899 4097 fatigant;
924 4044 1044 4083 eum
1064 4031 1421 4100 acquirunt”,
1442 4032 1732 4103 infatuat;
1764 4049 1877 4086 cum

290 4121 620 4190 amittantur,
650 4124 985 4178 excruciant?
1010 4124 1171 4195 Bigus
1202 4144 1215 4179 τ

421 4215 547 4281 Quid
570 4215 830 4281 masculis
840 4216 1025 4267 habent
1048 4218 1265 4281 optabile
1288 4220 1462 4280 gaudia
1488 4222 1599 4270 vitae
1614 4222 1641 4272 γ

419 4280 538 4345 Qua:
560 4280 599 4325 si
624 4280 731 4340 quis
754 4277 929 4345 pelago
950 4277 1137 4343 quierat
1160 4277 1352 4335 terrere.
1367 4322 1380 4344 ,
1404 4283 1610 4345 fatigant

418 4339 662 4401 l'artaque
690 4353 771 4389 cor
798 4339 1051 4405 hebetant,
1082 4339 1585 4408 amissaqne'duri'ter
1610 4356 1807 4410 angunt.

287 4419 542 4474 Horatius
572 4438 586 4475 :

414 4510 608 4572 Sperne
632 4510 930 4575 voluptates,
960 4522 1105 4565 nocet
1126 4525 1287 4578 empta
1311 4516 1481 4569 dolore
1506 4520 1744 4583 voluptas.

282 4591 452 4646 Divus
478 4592 830 4665 Hieronymus
854 4611 870 4653 :
904 4595 1085 4651 Libido
1108 4607 1367 4654 transacta
1387 4618 1583 4673 sentper
1609 4607 1689 4659 sui
1714 4607 1870 4661 relin-

282 4686 397 4755 quit
412 4686 793 4755 paenitudinem,
812 4690 865 4741 id
880 4701 954 4743 est
967 4693 1333 4761 paenitentiam.
1348 4692 1650 4753 Grecorum
1666 4716 1869 4771 prover-

282 4778 426 4831 bium
454 4787 545 4845 est,
588 4777 849 4852 Voluptati
872 4798 1017 4837 soror
1043 4794 1116 4839 est
1139 4786 1386 4843 tristities.

361 4870 592 4936 Quantos
613 4871 852 4945 morbos]
886 4877 1102 4931 Anneus
1128 4877 1329 4933 Seneca
1372 4881 1748 4938 severissimus
1786 4886 1869 4941 vi.

282 4960 481 5013 tiaram
506 4962 817 5032 castigatur,
861 4976 1117 5034 peroraris
1144 4969 1197 5023 in
1222 4972 1551 5041 voluptatem
1582 4978 1863 5049 gulanam,

278 5052 362 5106 sic
380 5054 593 5137 scripsit
638 5072 804 5127 prope
840 5058 1125 5143 divinitus:
1161 5063 1311 5128 Inde,
1344 5066 1533 5139 inquit,
1569 5070 1739 5138 pallor
1769 5085 1861 5143 est,

276 5152 333 5197 es
354 5161 619 5200 neruorum
646 5149 764 5202 nino
782 5152 1097 5206 madentium
1122 5162 1331 5223 tremor,
1363 5170 1410 5212 et
1443 5161 1779 5216 miserabilior
1802 5184 1866 5221 ex

274 5238 620 5292 auditoribus
641 5257 793 5309 quam
820 5258 882 5297 e1:
904 5244 1036 5313 fame
1059 5249 1263 5302 macies.
1329 5250 1462 5305 inde
1484 5254 1663 5308 incerti
1692 5256 1865 5311 laben-

273 5329 411 5381 tium
440 5330 609 5399 pedes,
631 5342 679 5386 et
699 5350 894 5402 semper
919 5337 1082 5403 qualis
1130 5340 1179 5391 in
1208 5341 1318 5408 ipsa
1348 5344 1585 5401 ebrietate
1612 5347 1859 5405 titubatio.

272 5419 414 5473 Inde
437 5423 569 5476 intra
598 5434 759 5478 cutem
792 5426 978 5481 humor
1003 5429 1276 5497 admissus,
1310 5434 1653 5509 distentusque
1671 5452 1860 5511 venter,

268 5515 399 5568 dum
428 5515 561 5570 male
605 5522 847 5574 assuescit
885 5522 1001 5593 plus
1040 5540 1221 5593 capere
1271 5542 1425 5597 quam
1464 5542 1679 5597 poterat.
1730 5533 1865 5595 Inde

268 5607 497 5677 suffusio
538 5610 721 5669 lurida:
747 5614 883 5683 bilis,
915 5626 964 5671 et
1005 5617 1210 5674 decolor
1248 5622 1436 5690 vultus,
1466 5626 1699 5696 tabesque
1726 5631 1775 5685 in
1804 5648 1857 5687 se

266 5704 696 5775 putrescentium,
726 5716 773 5759 et
788 5708 965 5763 retorti
986 5709 1133 5780 digiti
1153 5713 1384 5768 articulis
1415 5716 1855 5792 obrigescentibus,

263 5812 544 5851 nervorum
583 5796 691 5851 sine
730 5814 878 5853 sensu
912 5801 1203 5874 jacentium
1253 5814 1449 5879 torpor,
1471 5820 1561 5865 aut
1585 5813 1858 5884 palpitatio

257 5900 555 5959 corporum
577 5887 690 5943 sine
724 5888 1092 5949 intermissione
1121 5898 1445 5957 vibrantium.
1490 5900 1631 5971 Quid
1677 5907 1857 5975 rapitis

1996 612 2045 659 et
2080 605 2269 659 cerebri
2312 608 2572 661 comantis
2595 607 3011 673 verminationes,
3036 618 3091 664 et
3115 612 3288 664 oatnia
3331 626 3420 679 per
3465 624 3584 678 qua:

1960 746 1961 751 η
1994 715 2331 753 exoneramur
2356 699 2570 754 internis
2606 700 2859 755 ulceribus
2906 698 3127 767 alfecta?
3174 698 3581 754 Innumerabilia

1995 800 2241 861 prteterea
2267 788 2486 862 febrium
2511 808 2717 862 genera,
2769 791 2992 845 aliarum
3016 793 3206 860 impetu
3232 789 3576 853 subeuntium,
3650 784 3653 787 ’

1993 884 2214 937 aliarum
2240 882 2381 936 tenui
2408 890 2547 953 peste
2584 884 2888 954 repentium,
2914 883 3133 937 aliarum
3153 897 3267 935 cum
3290 880 3501 933 horrore
3528 885 3577 932 et

1993 976 2155 1031 multa
2178 976 2515 1031 membrorum
2542 978 2868 1049 quassatione
2895 975 3217 1033 venientium.
3274 975 3407 1042 Quid
3446 974 3576 1029 alios

1992 1080 2214 1139 referam
2252 1068 2646 1124 innumerabiles
2682 1070 2905 1137 morbos,
2937 1069 3189 1141 supplicia
3222 1066 3481 1125 luxuriat?

2068 1161 2255 1218 Tristes
2280 1180 2393 1219 vero
2423 1158 2575 1237 esse]
2618 1160 2889 1233 Voluptati
2945 1177 3231 1219 mcerorem
3285 1159 3573 1215 succedere

1992 1271 2113 1311 cum
2142 1266 2338 1312 norunt
2374 1271 2579 1323 omnes,
2640 1265 2749 1310 tum
2795 1257 3027 1311 maxime
3054 1254 3319 1311 libidinosi
3361 1270 3374 1306 :
3425 1267 3567 1315 nam,

1990 1355 2128 1403 teste
2156 1348 2493 1421 philosopho,
2526 1364 2686 1404 omne
2706 1347 2900 1403 animal
2924 1364 2953 1403 a
2980 1347 3119 1404 coitu
3159 1347 3310 1401 triste
3338 1354 3439 1400 est.
3464 1341 3569 1399 Se-

1992 1454 2122 1494 neca
2153 1438 2356 1496 Lucilio
2382 1461 2394 1499 :
2432 1441 2733 1516 Voluptates
2762 1442 3017 1511 praecipue
3056 1440 3301 1505 exstirpa,
3335 1439 3466 1489 inter
3489 1451 3571 1488 res

1991 1530 2257 1586 vilissimas
2284 1532 2433 1599 habe,
2459 1550 2573 1604 quae
2594 1532 2849 1588 latronum
2870 1548 3010 1587 more
3047 1532 3100 1585 in
3126 1531 3219 1584 hoc
3258 1546 3349 1582 nos
3375 1527 3569 1595 antple-

1990 1634 2216 1690 ctuntur,
2270 1636 2327 1679 ut
2376 1628 2715 1699 strangulent.
2774 1625 3107 1693 Aristotelis,
3170 1632 3305 1677 teste
3356 1619 3570 1675 Valerio

1992 1715 2240 1783 Maximo,
2300 1719 2639 1774 utilissimum
2668 1726 2751 1775 est
2778 1728 3121 1790 prmceptum,
3163 1727 3221 1770 ut
3266 1716 3571 1783 voluptates

1988 1806 2244 1862 abeuntes
2296 1810 2737 1877 consideremus,
2794 1826 2926 1881 quas
2972 1809 3187 1880 quidem
3248 1809 3326 1864 sic
3381 1816 3566 1861 osten-

2508 1902 2675 1958 l‘essas
2704 1901 2845 1957 enim
2896 1902 3329 1972 poenitentimque
3380 1899 3567 1969 plenas

1990 1992 2180 2048 animis
2208 1997 2405 2050 nostris
2429 1995 2661 2065 subjicit,
2696 1997 2981 2067 quominus
3006 1995 3199 2065 cupide
3237 2002 3563 2063 repetantur.

2065 2083 2192 2152 Quae
2212 2086 2256 2138 si
2276 2085 2444 2139 beatos
2472 2088 2726 2157 explicare
2758 2086 3008 2162 possunt]
3050 2089 3108 2143 Si
3141 2087 3389 2160 (inquit)
3422 2086 3566 2140 volu-

1990 2182 2160 2244 ptates
2186 2178 2426 2245 corporis
2446 2176 2829 2233 beatitudinem
2849 2178 3116 2245 afferrent,
3138 2178 3244 2247 jam
3267 2185 3322 2233 et
3337 2177 3566 2247 pecudes

1987 2268 2158 2322 beata:
2184 2266 2379 2335 forent,
2413 2270 2604 2339 quibus
2628 2285 2705 2326 ea:
2734 2273 3010 2326 nobiscum
3058 2281 3181 2325 sunt
3235 2284 3563 2333 communes,

1986 2356 2084 2416 sed
2116 2359 2538 2433 indignissimum
2578 2371 2661 2418 est
2716 2378 2979 2418 summum
3022 2363 3222 2417 bonum
3275 2362 3565 2432 pecudibus

1987 2454 2241 2512 tribucre.
2304 2456 2534 2511 Proinde
2586 2458 2826 2527 corporis
2870 2456 3194 2527 voluptates,
3246 2471 3383 2526 quae,
3428 2462 3564 2510 testo

1987 2547 2303 2618 pitiiOSOpilO
2331 2548 2425 2603 lib.
2459 2549 2736 2604 Moralium
2768 2565 2845 2614 ιιι,
2871 2550 3109 2619 pecuina":
3130 2556 3250 2603 sunt
3273 2557 3327 2603 et
3347 2544 3556 2611 ferales,
3624 2574 3625 2577 η

1988 2640 2129 2695 nulla
2155 2641 2361 2695 ratione
2387 2643 2692 2711 quempiam
2728 2642 2941 2697 beatum
2970 2650 3191 2712 possunt
3218 2640 3451 2695 efﬁcere.

2062 2728 2236 2803 Quin]
2265 2730 2372 2786 Cur
2402 2730 2551 2787 non?

2056 2820 2388 2890 Corporalem
2416 2823 2651 2877 lacunam
2680 2822 2691 2896 Ι
2719 2820 2993 2879 Ventrem.
3020 2822 3233 2879 Lacuna
3275 2822 3383 2877 lita
3420 2822 3562 2889 lacu,

1986 2924 2039 2969 et
2068 2924 2150 2969 est
2193 2930 2345 2985 aqua:
2371 2916 2635 2973 collectio.
2669 2916 2886 2972 Servius
2911 2934 2925 2971 ε
2956 2915 3175 2973 Lacuna:
3194 2929 3310 2974 sunt
3339 2920 3489 2991 {ossis
3507 2918 3562 2975 in

1986 3009 2165 3079 quibus
2191 3009 2403 3063 collecta
2434 3026 2568 3080 aqua
2591 3019 2727 3064 stare
2757 3012 3027 3066 consuevit.
3059 3012 3246 3067 Maro:

2118 3100 2260 3151 Unde
2285 3114 2414 3153 cavae
2438 3101 2604 3167 tepido
2629 3103 2802 3153 sudant
2825 3102 3031 3153 hutnore
3054 3103 3259 3153 lacunae.

1988 3182 2091 3237 Per
2117 3184 2485 3255 metaphoram
2533 3187 2760 3241 sumitur
2790 3202 2891 3256 pro
2939 3196 3127 3244 ventre
3178 3204 3271 3244 seu
3316 3191 3437 3247 alvo
3463 3207 3564 3264 quo

1914 3280 1960 3349 α
1990 3276 2093 3331 cibi
2127 3286 2389 3349 potusque
2418 3288 2797 3345 congeruntur.
2824 3280 2962 3336 Sunt
2988 3282 3310 3351 exemplaria
3361 3284 3416 3338 in
3455 3281 3564 3356 qui-
3654 3340 3661 3344 .

1992 3370 2087 3425 bus
2115 3380 2195 3425 est
2221 3370 2401 3441 legere
2432 3371 2724 3439 lasciviam,
2755 3381 2806 3427 et
2824 3382 2909 3428 est
2934 3387 3125 3430 sensus
3152 3384 3236 3430 sat
3260 3387 3495 3447 apertus.

2063 3461 2434 3517 Honestissima
2460 3462 2702 3538 quidem]
2730 3464 2903 3535 Supra
2933 3464 3086 3529 dixit,
3113 3482 3250 3523 uxor
3285 3485 3351 3525 ac
3388 3470 3564 3541 liberi,

1984 3554 2073 3626 qui
2098 3553 2444 3623 iucunditatis
2474 3556 2641 3625 gratia
2672 3565 2944 3626 petuntur,
2977 3558 3168 3629 quibus
3200 3561 3377 3618 verbis
3406 3564 3563 3635 signi-

1984 3644 2159 3700 ﬁcavit
2186 3646 2431 3717 coniugia
2478 3650 2648 3717 gratia
2678 3649 2971 3719 voluptatis
3000 3653 3198 3721 expeti.
3258 3654 3406 3711 Nunc
3433 3656 3563 3716 dicit

1983 3737 2124 3804 quod
2148 3734 2387 3806 voluptas
2415 3753 2475 3793 ea
2500 3737 2637 3795 foret
2662 3739 3057 3809 honestissima,
3091 3745 3193 3798 nisi
3242 3755 3296 3801 et
3344 3748 3459 3817 ipsa
3485 3752 3563 3805 ni-

1981 3826 2146 3883 mium
2169 3827 2543 3883 sollicitudinis
2572 3840 2626 3885 et
2646 3830 2889 3887 dolorum
2920 3847 3103 3889 secum
3126 3836 3380 3894 traheret.

2052 3920 2099 3971 E
2144 3919 2369 3992 natura]
2414 3920 2610 3976 Contra
2638 3933 2899 3979 naturam.

2054 4012 2239 4067 Nescio
2266 4030 2415 4085 quem
2436 4014 2573 4083 ﬁlios
2593 4015 2842 4070 inuenisse
2866 4018 3116 4090 tortores]
3147 4022 3377 4093 Baptista
3408 4024 3555 4079 Man-

1986 4113 2207 4162 tuanu3°

2102 4224 2292 4294 Steplus
2311 4231 2357 4275 in
2386 4228 2513 4294 natis
2535 4241 2718 4294 saevum
2746 4237 2887 4292 pater
2912 4231 3087 4281 educat
3111 4235 3317 4294 hostem,

2098 4286 2320 4354 gulaque
2343 4301 2433 4354 suo
2458 4290 2685 4350 ignorans
2704 4286 3025 4343 interfectore
3042 4298 3247 4354 iocatur.

2100 4349 2250 4426 Sane
2268 4353 2360 4400 sttit
2385 4349 2637 4415 lacr’ymas,
2661 4362 2863 4426 sperant
2883 4360 2994 4404 dum
3014 4349 3188 4426 gaudia
3210 4366 3411 4426 matres,

2098 4409 2261 4473 Atque
2284 4428 2384 4462 suae
2410 4409 2835 4477 pascuut've'nturu
2871 4409 3127 4479 opprobria
3153 4424 3305 4482 genti.

2048 4515 2309 4592 Mardos]
2340 4533 2587 4575 curarum
2616 4530 2669 4576 et
2691 4522 3066 4579 sollicitudinis
3094 4526 3271 4596 plena.

2050 4610 2376 4683 Qutecunque
2419 4610 2687 4687 conditio]
2720 4615 2896 4671 Etiam
2924 4616 3085 4674 bona.

2048 4705 2231 4780 Alias]
2254 4707 2379 4763 Alio
2408 4716 2668 4780 tempore,
2688 4711 2912 4768 subaudi
2932 4730 3133 4772 necesse
3150 4718 3247 4789 fuit
3262 4722 3554 4783 admonere.

2049 4795 2118 4849 Te
2144 4808 2407 4866 expertum
2432 4798 2449 4871 ]
2482 4802 2582 4869 Qui
2612 4802 2751 4857 ﬁlios
2781 4804 2966 4872 babes,
2993 4817 3049 4864 et
3073 4822 3267 4880 quanta
3298 4816 3557 4875 sollicita.

1971 4888 2097 4944 dine
2124 4890 2229 4944 sint
2261 4890 2543 4960 educandi,
2579 4896 2659 4949 vel
2691 4897 3018 4966 experientia
3040 4904 3197 4960 nosti.

2032 4980 2311 5054 'Anxium]
2343 4983 2570 5039 Tristem
2598 4996 2653 5041 et
2678 4990 2991 5050 sollicitum.
3050 4994 3164 5051 Non
3217 4998 3359 5055 enim
3415 5018 3557 5060 nunc

1972 5074 2224 5129 anxietati
2249 5084 2350 5130 tua:
2372 5076 2492 5146 plus
2530 5079 2833 5139 addendum
2879 5095 2981 5157 est,
3024 5087 3120 5145 sed
3150 5094 3325 5160 potius
3373 5093 3555 5151 detra-

1972 5166 2225 5223 hettdunt.

2045 5262 2311 5356 Euripidis
2345 5266 2483 5340 mei]
2513 5268 2694 5327 Poeta:
2724 5274 2866 5329 docti
2919 5284 2973 5332 et
3019 5277 3369 5352 philosophia:
3414 5290 3553 5356 peri-
3594 5342 3607 5351 ,

1966 5353 2178 5409 tissimi.
3416 5353 3431 5356 “
3580 5362 3593 5375 ’“

2044 5446 2145 5511 Qui
2173 5459 2427 5504 carentem
2481 5451 2656 5511 liberis
2684 5457 2961 5526 infortunio
2998 5462 3132 5517 dixit
3153 5481 3265 5521 esse
3305 5468 3502 5537 [elicuit
3531 5473 3550 5547 Ι

1967 5539 2099 5596 Nam
2130 5542 2221 5613 qui
2250 5544 2433 5602 liberis
2477 5559 2647 5615 caret,
2678 5554 2891 5608 tametsi
2916 5554 3125 5613 videtur
3166 5539 3548 5635 intortunstus,

1967 5634 2109 5704 quod
2140 5635 2315 5691 alieno
2334 5653 2554 5696 censum
2572 5651 2769 5707 servet,
2799 5657 3095 5719 augeatque
3124 5649 3345 5717 haerenti,
3372 5634 3547 5713 tamen

1969 5741 2034 5781 co
2065 5727 2357 5821 infortunio
2384 5733 2513 5790 felix
2543 5746 2645 5803 est,
2673 5740 2816 5809 quod
2843 5756 2909 5796 ex
2932 5742 3114 5801 liberis
3140 5747 3237 5819 (ut
3265 5748 3354 5804 alii
3383 5750 3550 5821 pieri-

1965 5818 2106 5915 que)
2141 5822 2272 5915 nilnil
2300 5826 2477 5895 capiat
2505 5828 2783 5899 molestiae,
2812 5849 2912 5889 nec
2926 5837 3092 5893 ullum
3120 5818 3327 5897 metuat
3354 5818 3551 5915 oppro-

1965 5910 2161 5969 brium.
2192 5914 2489 5985 Sophocles
2505 5921 2566 5980 iu
2588 5923 2882 5996 Antigone,
2904 5928 3127 5990 Bruttio
3145 5910 3446 6008 internata
3459 5952 3475 5992 :
