4010 6372
420 406 561 497 tots

606 522 817 575 Inutiles
837 520 1120 582 quieo-tque
1140 514 1491 582 liberosserit,

608 573 732 645 Ouid
755 573 883 633 aliud
911 573 1056 643 huuc',
1081 592 1226 645 quam
1244 578 1338 627 sibi
1363 573 1545 645 creare
1556 573 1751 645 dixeris

606 637 704 709 I‘psi
728 647 946 704 dolores,
972 637 1124 706 atque
1146 643 1299 691 risum
1322 637 1610 690 malevolis?

416 732 735 801 Congressis
753 730 880 783 olim
906 728 1109 784 Solone
1136 734 1190 780 et
1215 723 1437 777 Thalete
1462 718 1692 784 Milesio,
1717 718 1785 773 de
1806 730 1866 773 re
1883 730 2017 771 uxo-

418 827 497 881 ria
535 825 711 894 deque
768 821 953 876 liberis
1005 830 1157 875 ortus
1188 828 1271 871 est
1323 831 1542 880 sermo;
1579 828 1699 867 cum
1730 820 2018 880 utrumque

420 916 557 971 ultra
593 912 808 968 modum
843 910 1100 982 probaret
1148 908 1341 974 Solon,
1398 908 1794 975 mirareturque
1822 902 2019 958 Thale-

422 1017 529 1062 tem
557 1022 681 1061 eum
714 1019 835 1060 esse
862 1004 948 1073 qui
979 1017 1251 1073 nunquam
1284 998 1645 1070 procreationi
1678 1010 1900 1065 Operam
1924 994 2016 1048 de-

420 1098 610 1165 disset,
641 1113 757 1154 rem
791 1097 880 1151 ille
902 1103 1239 1150 commentus
1264 1101 1349 1147 est
1380 1090 1520 1145 haud
1549 1097 1850 1144 memoratu
1884 1085 2023 1141 indi—

421 1206 602 1261 gnam.
635 1188 918 1245 Hominem
941 1186 1255 1243 subornavit
1294 1186 1380 1256 qui
1411 1199 1471 1239 se
1508 1182 1735 1238 Athenis
1763 1181 1868 1235 illis
1893 1178 2024 1248 ipsis

422 1280 614 1337 diebus
655 1280 891 1335 Miletum
918 1278 1243 1349 applicuisse
1270 1277 1494 1332 diceret.
1538 1274 1665 1329 lude
1693 1275 1760 1329 de
1788 1271 2024 1327 civitatis

422 1382 567 1427 statu
584 1372 906 1442 appellatus,
939 1372 1117 1425 omnia
1144 1370 1216 1425 ibi
1241 1369 1433 1423 ﬂorere
1457 1367 1681 1431 diceret,
1699 1381 1864 1421 unum
1886 1364 2026 1419 dun-
2076 1366 2077 1369 “

426 1474 574 1521 taxat
611 1466 711 1519 sub
766 1465 817 1519 id
869 1473 1079 1533 tempus
1111 1479 1217 1534 quo
1267 1462 1392 1517 inde
1448 1460 1698 1515 solvisset
1747 1457 2025 1528 lugubrem

426 1573 612 1614 casum
644 1558 927 1624 accidisse,
962 1557 1106 1627 quod
1153 1554 1443 1611 clarissimi
1470 1554 1568 1607 viri
1620 1552 1759 1605 filius
1812 1548 2025 1611 unicus,

426 1650 581 1721 cujus
614 1660 765 1718 pater
820 1650 1151 1720 peregrinari
1201 1648 1493 1712 diceretur,
1544 1645 1864 1701 adolescens
1894 1658 2029 1714 pra:-

426 1745 587 1800 clarae
619 1743 835 1809 indolis,
860 1742 970 1796 fato
990 1752 1344 1811 consumptus
1364 1748 1527 1806 esset,
1553 1738 1706 1808 cujus
1737 1737 1896 1792 funus
1916 1745 2030 1791 tota

426 1839 619 1894 civitas
651 1852 844 1906 magno
873 1847 1020 1891 esset
1047 1837 1193 1890 luctu
1217 1842 1519 1904 prosecuta.
1551 1832 1688 1887 Tum
1715 1832 1933 1886 demum
1958 1829 2027 1885 de

425 1932 595 2001 patris
636 1894 853 1985 nomine
906 1936 1147 1998 rogatus,
1192 1894 1465 1981 excidisse
1514 1924 1567 1979 id
1619 1923 1721 1979 sibi
1777 1922 2022 1977 diceret:
2054 1894 2105 1957 Β

425 2025 570 2096 quod
600 2026 644 2080 si
694 2025 1075 2092 subjiceretur,
1125 2037 1285 2094 posse
1313 2038 1373 2077 se
1403 2022 1559 2077 facile
1597 2018 1889 2076 reminisci.
1924 2019 2028 2074 Po-

426 2118 615 2174 stridie
636 2117 796 2189 igitur
819 2133 940 2172 cum
966 2116 1234 2186 frequenti
1258 2115 1376 2169 foro
1394 2114 1555 2170 ambo
1584 2114 1651 2167 de
1682 2127 1831 2168 more
1854 2114 2028 2167 inam-

426 2211 699 2279 bularent,
728 2210 925 2265 obtulit
954 2225 1014 2265 se
1046 2210 1135 2265 ille
1157 2225 1221 2264 ex
1236 2209 1556 2277 composito.
1585 2207 1682 2262 llic
1706 2206 1773 2261 ad
1798 2206 2026 2277 primam

429 2305 630 2360 funeris
651 2305 1002 2370 mentionem,
1034 2317 1156 2358 cum
1180 2301 1398 2357 Solonis
1426 2301 1662 2355 animum
1688 2299 2023 2370 perculisset,

430 2410 665 2467 moxque
695 2395 893 2477 fabulae
924 2409 1211 2466 progressu
1240 2394 1437 2463 h05pes
1459 2394 1546 2448 ille
1573 2408 1639 2448 eo
1671 2394 2024 2461 pervenisset,

432 2497 490 2543 ut
513 2496 717 2542 tantum
748 2490 915 2557 patris
936 2501 1131 2541 nomen
1160 2486 1435 2553 reticeret,
1468 2495 1668 2541 caetera
1698 2483 1839 2540 haud
1869 2484 2032 2539 dubie

433 2584 528 2638 filii
557 2583 831 2638 interitum
856 2581 1042 2637 Soloni
1073 2581 1385 2636 nuntiarent
1433 2598 1446 2634 :
1501 2594 1623 2635 cum
1661 2580 1773 2651 jam
1828 2580 2032 2634 amenti

434 2675 626 2731 similis
660 2674 776 2744 ipse
804 2689 959 2728 suum
1003 2688 1202 2728 nomen
1252 2673 1591 2744 subiecisset,
1643 2682 1804 2743 atque
1855 2674 2031 2743 ipsum

434 2782 556 2824 esse
582 2778 744 2823 nauta
788 2767 1130 2834 affirmasset,
1163 2766 1366 2821 doloris
1417 2766 1785 2836 magnitudine
1838 2765 2030 2831 victus,

438 2876 687 2931 persona:
702 2861 862 2915 simul
886 2875 996 2915 sua:
1019 2870 1179 2930 atque
1200 2859 1303 2914 loci
1323 2858 1541 2923 oblitus,
1577 2872 1696 2913 sese
1727 2856 1873 2912 humi
1897 2856 2035 2911 affli-

436 2955 534 3025 git,
562 2952 926 3023 capillumque
954 2961 1010 3007 et
1035 2952 1257 3007 barbam
1280 2951 1486 3006 ululatu
1535 2950 1761 3005 alternis
1788 2950 2035 3005 manibus

437 3048 717 3113 convellit,
754 3048 957 3116 mugitu
996 3045 1306 3116 ejulatuque
1347 3054 1518 3101 totum
1570 3046 1809 3115 complet
1834 3045 2031 3100 forum.

437 3138 625 3194 Omnis
655 3138 942 3193 multitudo
973 3136 1212 3192 foeditate
1229 3138 1305 3193 rei
1327 3136 1610 3194 confestim
1641 3136 1694 3191 iu
1720 3151 1844 3191 eum
1869 3150 2037 3190 unum

439 3247 699 3288 conversa
727 3241 829 3287 est.
863 3230 1060 3285 Thales
1086 3245 1236 3285 vanae
1264 3229 1410 3284 illius
1455 3227 1869 3284 conflictationis
1905 3242 2035 3283 con-

439 3324 603 3389 scius,
637 3322 947 3392 aliquandiu
970 3336 1161 3389 passus
1189 3332 1273 3376 est
1305 3322 1568 3393 hospitem
1601 3322 1788 3374 insana
1814 3319 1902 3374 illa
1924 3335 2041 3375 mu-

441 3416 705 3485 liebrique
733 3415 1116 3468 lamentatione
1163 3412 1506 3468 debacchari.
1566 3412 1848 3468 Postremo
1902 3411 2041 3466 affli-

444 3514 593 3560 ctum
626 3504 790 3558 humo
819 3503 1006 3557 leviter
1026 3501 1316 3558 attollens:
1344 3502 1427 3558 Sis
1461 3503 1657 3572 inquit,
1686 3504 1814 3557 bono
1844 3503 2039 3572 animo,

445 3596 632 3660 Solon,
660 3595 779 3649 vivit
812 3595 1114 3663 ﬁliustuus.
1166 3594 1231 3648 At
1270 3594 1407 3649 votui
1445 3605 1495 3650 te
1538 3611 1641 3650 non
1692 3597 1934 3667 ignorare
1975 3593 2046 3647 ad

444 3689 585 3756 quod
613 3688 829 3741 insaniae
853 3688 1131 3741 liberorum
1161 3704 1306 3742 amor
1326 3697 1563 3759 parentes
1592 3690 1788 3759 adigat,
1817 3698 1865 3742 et
1888 3703 2046 3755 quam

445 3800 550 3839 non
571 3784 740 3854 inepte
762 3783 958 3854 faciant
979 3782 1067 3852 qui
1088 3782 1198 3837 haec
1217 3784 1507 3837 animorum
1535 3783 1760 3849 vincula,
1787 3798 1906 3837 cum
1948 3784 2046 3837 Ito-

446 3886 583 3931 neste
606 3875 822 3942 nossint,
868 3874 1146 3945 aﬂugiant.

965 3969 1032 4027 IN
1081 3970 1370 4029 METRUM
1414 3970 1525 4026 VII.

518 4063 746 4119 Carmen
787 4072 870 4118 est
914 4065 1360 4130 Anacreontium,
1409 4062 1723 4128 dimetrum,
1776 4061 2052 4117 catalecti-

448 4171 594 4221 cum,
620 4164 877 4211 constans
926 4164 1222 4226 anapaesto,
1272 4155 1482 4212 duobus
1512 4155 1706 4211 iambis
1730 4164 1788 4211 et
1814 4156 2045 4228 syllaba.

449 4249 842 4352 Nonnunquam
874 4258 1053 4352 tamen
1083 4250 1244 4307 habet
1284 4250 1583 4352 spondeum
1618 4265 1715 4321 pro
1743 4252 1942 4318 iambo,
1966 4262 2057 4352 -ut
2153 4249 2471 4352 disp,m;i,’
2505 4249 2658 4336 aie'ns
2690 4279 3018 4350 volupmm.
3058 4249 3305 4351 Βιοτίξηη,

452 4354 535 4400 est
562 4346 746 4401 videre
778 4346 829 4399 in
860 4345 1033 4414 primo
1088 4359 1268 4405 versu,
1324 4344 1417 4414 qui
1477 4352 1656 4401 tamen
1711 4345 2054 4417 transpositis

452 4435 774 4493 dictionibus
806 4438 884 4491 sic
922 4446 1069 4493 recte
1095 4436 1193 4506 legi
1229 4445 1442 4506 potest:

703 4530 866 4580 Habet
890 4529 1048 4578 omnis
1076 4529 1168 4578 hoc
1196 4528 1434 4591 voluptas.

525 4611 779 4668 Nonnulli
833 4612 935 4667 hoc
988 4618 1217 4667 metrum
1274 4620 1469 4665 vocant
1516 4614 1929 4682 anapaesticum,
1987 4629 2054 4671 eo

455 4705 598 4777 quod
629 4706 832 4775 primus
862 4720 956 4773 pes
982 4705 1054 4759 sit
1086 4714 1429 4774 anapaestus;
1482 4705 1613 4759 mihi
1643 4715 1820 4762 tamen
1873 4710 2054 4779 potius

456 4800 744 4856 tambicum
763 4800 1052 4855 dicendum
1074 4800 1308 4867 videtur,
1335 4816 1602 4871 posseque
1624 4802 1786 4859 etiam
1817 4806 1901 4861 vel
1924 4806 2057 4862 iam-

458 4895 586 4949 bum
614 4894 697 4950 vel
728 4895 1025 4964 spondeum
1058 4897 1107 4949 in
1134 4896 1305 4967 prima
1344 4897 1653 4967 regiuncula
1680 4901 1944 4970 recipere,
2000 4914 2052 4958 ut

457 4990 598 5058 apud
630 4987 979 5043 Prudentium
1006 5004 1020 5041 :
1619 5007 1622 5010 ’

454 5124 459 5133 .
714 5078 864 5141 Ades,
893 5085 1033 5145 pater
1054 5092 1307 5144 supreme.

460 5162 737 5232 Significat
763 5163 1053 5232 voluptatis
1081 5163 1309 5219 comites
1337 5177 1459 5220 esse
1483 5163 1722 5232 dolores,
1776 5165 2052 5229 fastidium

460 5264 515 5313 et
544 5259 895 5314 anxietatem.

538 5352 622 5408 8ιὶ
630 5354 780 5407 mulis
796 5350 817 5426 ]
837 5352 1060 5410 aculeis.

535 5447 655 5517 Agit
676 5446 696 5521 ]
720 5449 918 5516 Afficit,
952 5450 1159 5529 pungit.

537 5539 834 5615 Fruentes]
866 5544 973 5600 Eos
1000 5543 1091 5614 qui
1120 5542 1395 5615 voluptate
1414 5544 1685 5605 fruuntur.

537 5629 684 5704 Par]
725 5631 953 5691 Similis.

542 5723 644 5780 Ubi
656 5724 676 5796 ]
705 5729 1011 5796 Postquam.

539 5812 740 5890 Fugit]
764 5819 1026 5875 Ocissime
1055 5822 1165 5878 abit

550 5906 772 5972 Tenacii
798 5907 1116 5969 Diutnrnum
1139 5915 1379 5974 dolorem
1428 5919 1704 5981 inferenti.

1078 399 1420 457 APPENDIX
1459 398 1551 453 AD
1584 392 1829 452 LIBROS
1870 391 1956 447 DE
1991 376 2521 445 CONSOLA'I'IONE
2557 369 3061 435 PHILOSOPHUS.

2040 501 2097 561 Α
2170 491 2380 565 Ferit]
2406 490 2663 556 percutit,
2693 485 2858 542 laedit.
2935 522 2941 528 .

3584 368 3718 431 1016

2195 585 2355 659 Icta]
2393 587 2581 642 Tacta.
2607 582 2812 639 Solon:
2846 579 3180 651 Voluptatem
3228 577 3387 651 fuge:
3435 577 3555 646 ipsa
3580 593 3719 632 κη.

2119 700 2218 755 que
2265 690 2527 755 postremo
2567 677 2800 733 dolorem
2857 674 3014 740 parit.
3071 672 3224 728 Plato
3272 673 3616 739 iuventutem
3657 671 3715 725 ad

2121 775 2337 831 beatam
2382 772 2544 826 vitam
2598 770 2699 824 hac
2751 766 2960 822 ratione
3010 764 3310 833 saepissime
3362 761 3716 817 incendebat:

2126 866 2453 924 Contrarium
2495 864 2701 919 virtutis
2737 876 2800 913 ac
2824 857 3103 930 voluptatis
3142 865 3385 909 naturam
3404 856 3721 907 animaduer-

2125 961 2233 1014 tite.
2268 956 2447 1029 Hujus
2474 955 2608 1010 enim
2636 960 3044 1007 momentaneam
3074 947 3398 1001 dulcedinem
3418 946 3586 1000 subita
3629 961 3723 1013 ρω-

2128 1051 2344 1106 nitentia
2368 1048 2617 1119 sequitur,
2642 1046 2891 1115 dolorque
2912 1051 3188 1113 perpetuus
3206 1037 3387 1095 .Illius
3412 1049 3587 1093 autem
3620 1040 3723 1091 bre-

2127 1160 2211 1199 ves
2242 1143 2444 1199 labores
2482 1150 2679 1197 (eterna
2705 1139 2960 1203 voluptas.
3014 1133 3341 1191 Claudianus
3392 1134 3461 1187 ad
3517 1132 3724 1188 Stilico-

2130 1252 2255 1295 nem
2271 1255 2287 1292 :

2482 1329 2587 1379 Nec
2608 1334 2661 1379 te
2682 1325 2892 1388 iucunda
2917 1324 3080 1376 fronte
3101 1323 3279 1388 fefellit

2256 1391 2504 1453 Luxuries
2526 1387 2775 1453 praedulce
2801 1387 3002 1453 malum,
3027 1400 3137 1453 quae
3160 1387 3324 1437 dedita
3351 1399 3549 1449 semper
3622 1418 3629 1419 κ

2258 1452 2490 1516 Corporis
2512 1450 2733 1516 arbitriis
2757 1451 2962 1516 heb_etat_
2986 1450 3198 1516 caligine
3221 1463 3416 1516 sensus,

2262 1511 2585 1576 Membraque
2610 1515 2775 1576 Circes
2801 1511 3054 1576 effeminat
3076 1511 3235 1560 acrius
3265 1512 3450 1560 herbis.

2260 1577 2445 1639 Blanda
2468 1571 2669 1639 quidem
2697 1575 2854 1631 vultu,
2877 1575 2965 1624 sed
2991 1586 3087 1639 qua
3114 1586 3215 1639 non_
3234 1576 3408 1639 tetrior
3436 1571 3533 1621 ulla

2260 1635 2506 1697 Interius,
2531 1637 2688 1687 fucata
2716 1649 2889 1700 genas,
2920 1644 2973 1685 et
2995 1636 3168 1684 amicta
3187 1635 3370 1700 dolosis

2263 1697 2852 1751 lllecebris’torvos'aura
2878 1700 3064 1747 circum
3087 1700 3204 1758 ligat
3228 1697 3421 1759 hydros.

2262 1763 2352 1813 Illa
2375 1763 2679 1825 voluptatum
2706 1760 2886 1811 multos
2908 1761 3135 1809 innexuit
3157 1759 3331 1808 hamis.

2136 1848 2380 1921 Baptista
2410 1848 2762 1904 Mantuanus:

2322 1941 2430 1992 Non
2452 1943 2686 1992 insidiosa
2707 1940 2932 2004 voluptas

2264 2005 2497 2068 Decipiat
2520 2001 2840 2066 quemquam,
2869 2001 3045 2053 blanda
3074 2004 3168 2052 sub
3188 2002 3406 2062 imagine
3426 2012 3628 2062 semper

2261 2066 2564 2129 Ingreditur,
2592 2069 2733 2117 nardi
2757 2079 2952 2123 succos,
2976 2070 3254 2129 unguenta,
3268 2076 3491 2129 sapores

2263 2125 2529 2178 Méllifluos
2551 2125 2787 2191 praafert,
2812 2129 3051 2191 vultuque
3074 2125 3321 2191 applaudit
3346 2125 3521 2191 amico.

2266 2192 2364 2240 Sed
2392 2191 2512 2240 nihil
2540 2185 2619 2240 est
2642 2192 2750 2240 sine
2771 2185 3150 2248 't'raude,'latent
3172 2189 3267 2238 sub
3289 2185 3441 2237 melle
3464 2199 3677 2236 venena.

2269 2255 2391 2317 Quae
2412 2258 2672 2317 postquam
2699 2254 2985 2317 imprudens
3003 2253 3196 2317 biberis
3212 2289 3226 2313 ,
3252 2250 3381 2311 fugit
3404 2250 3484 2317 illa
3507 2256 3720 2311 repente

2263 2312 2398 2365 Laeta
2414 2312 2569 2376 dolls,
2589 2312 2890 2366 manet'inlix
2900 2328 2980 2363 um
3003 2313 3095 2363 sub
3117 2312 3320 2377 pectore
3344 2312 3519 2361 vulnus

2136 2404 2373 2459 Joannes
2423 2400 2742 2455 Franciscus
2797 2398 2957 2454 Picus
3004 2398 3058 2453 in
3100 2407 3224 2453 voto
3260 2410 3358 2467 pro
3384 2395 3559 2450 salute
3610 2408 3708 2449 con

2135 2496 2278 2567 iugis
2310 2512 2321 2545 :
2740 2476 2743 2481 ’

2262 2587 2304 2637 0
2322 2587 2556 2636 miserum
2580 2584 2788 2635 mortale
2811 2596 2990 2646 genus,
3016 2586 3094 2635 cui
3111 2584 3269 2634 tristia
3292 2583 3443 2633 rebus

2267 2648 2552 2699 Succedunt
2574 2647 2720 2709 laetis,
2745 2655 2798 2697 et
2818 2659 2984 2696 amaro
3007 2646 3181 2709 perlita
3201 2646 3341 2708 felle,

2267 2710 2452 2760 Pocula
2474 2709 2539 2759 de
2560 2708 2733 2761 calicis
2754 2710 2928 2759 melliti
2963 2708 3191 2771 margine
3215 2716 3432 2757 manant.

2265 2771 2514 2832 Quidquid
2539 2772 2671 2821 enim
2696 2783 2915 2834 praesens
2936 2770 3065 2821 dulci
3080 2770 3352 2834 oblectavit
3369 2781 3562 2832 amore,

2268 2831 2813 2896 Amissumouerimur,
2837 2842 2889 2881 et
2912 2840 3078 2883 amaro
3100 2833 3251 2883 verba
3271 2831 3447 2882 dolore

2266 2897 2441 2946 Saucia
2461 2891 2600 2947 mens
2622 2891 2809 2957 fundit,
2826 2903 3132 2958 renovatque
3156 2895 3206 2943 in
3229 2902 3437 2957 pectore
3458 2891 3662 2944 vulnus.

2142 2980 2253 3037 Nos
2281 2995 2497 3051 quoque
2522 2980 2813 3052 quondam
2864 2980 3169 3051 Elegiarum
3218 2978 3506 3035 muralium
3548 2979 3643 3035 lib.
3696 2992 3750 3034 tn

2143 3074 2223 3130 sic
2254 3073 2480 3130 lusimus
2514 3091 2529 3127 :

2272 3165 2405 3229 Sane
2421 3178 2575 3229 quam
2596 3165 2764 3217 brevis
2787 3171 2883 3227 est,
2910 3178 3060 3229 quam
3086 3165 3227 3229 mista
3248 3164 3421 3214 dolore
3440 3163 3627 3214 libido:

2335 3226 2542 3289 Aufugit
2564 3228 2671 3277 haec
2695 3226 2892 3290 raptim,
2919 3226 3010 3277 Sed
3035 3226 3171 3277 dolor
3195 3239 3355 3287 usque
3375 3232 3567 3277 manet.

2148 3310 2215 3366 Et
2242 3320 2362 3381 post
2393 3326 2561 3381 pauca
2594 3330 2606 3363 :

2273 3400 2402 3459 Quid
2425 3402 2515 3451 tibi
2539 3398 2788 3451 blanditur
2802 3402 3033 3463 tantum?
3066 3401 3185 3463 quid
3210 3400 3357 3452 dulce
3380 3400 3601 3460 videtur,

2336 3463 2427 3513 Cui
2450 3464 2694 3512 modicum
2717 3461 2899 3525 mellis,
2924 3461 3298 3513 savus—amaror
3322 3465 3487 3516 inest?

2275 3525 2509 3575 Succedit
2535 3526 2708 3587 saties,
2734 3526 3005 3575 succedunt
3028 3526 3187 3584 taedia,
3210 3539 3409 3585 maeror,

2334 3587 2598 3650 Anxietas,
2617 3586 2810 3650 culpam
2830 3590 3041 3637 maxima
3067 3600 3208 3649 pwna
3230 3596 3411 3638 attinet.

2278 3647 2521 3713 continuo
2547 3647 2759 3713 fugiunt,
2786 3662 2897 3711 quas
2920 3647 3101 3699 sensus
3119 3657 3348 3713 tempore
3372 3664 3528 3713 parvo

2336 3710 2551 3775 Molliter
2572 3710 2814 3771 adiciunt,
2833 3724 2927 3761 nec
2952 3724 3215 3762 remanere
3230 3710 3448 3775 queunt,

2277 3770 2480 3837 Conscia
2505 3785 2647 3822 mens
2672 3770 2870 3822 miseris
2893 3786 2952 3837 se
2976 3776 3191 3823 moribus
3215 3770 3319 3836 ipsa
3340 3770 3620 3837 remordet,

2338 3833 2611 3899 Sanarique
2633 3837 2836 3899 nequit,
2861 3838 2909 3885 ni
2931 3835 3059 3886 ferat
3082 3833 3254 3887 auctor
3275 3849 3443 3900 opem.

2150 3918 2283 3975 Item
2314 3935 2327 3972 :

2283 4007 2524 4061 Laetitiam
2542 4012 2699 4074 carpit
2719 4010 2998 4062 sollicitudo
3015 4025 3201 4063 comes.

2654 4094 2720 4149 IN
2774 4094 3055 4152 PROSAM
3118 4096 3251 4153 VIII.

2227 4187 2341 4243 Hac
2379 4201 2540 4258 prosa
2578 4186 2728 4256 prius
2776 4188 3088 4243 summatim
3128 4189 3325 4259 repetit
3357 4203 3421 4245 ea
3453 4205 3577 4260 qua:
3604 4205 3756 4260 supra

3352 4295 3518 4351 regna
3544 4326 3559 4351 ,
3594 4283 3757 4352 digni-

2156 4382 2296 4430 tates
2324 4383 2378 4429 et
2408 4372 2620 4428 divitias
2640 4413 2657 4439 ,
2684 4387 2784 4427 nec
2808 4371 2874 4427 ad
2901 4370 3292 4428 beatitudinem
3322 4374 3478 4443 quasi
3504 4376 3756 4445 quasdam

2155 4466 2273 4522 vias
2301 4465 2467 4533 ferre,
2493 4479 2594 4521 nec
2615 4464 2806 4521 beatos
2833 4465 3071 4521 efficere.
3101 4465 3304 4522 Deinde
3331 4465 3494 4523 docet
3522 4469 3759 4538 corporis

2156 4569 2296 4627 bona
2325 4584 2448 4624 cum
2481 4568 2669 4640 primis
2690 4581 2813 4624 esse
2843 4567 3069 4639 fragilia,
3095 4579 3195 4627 nec
3230 4583 3426 4641 magno
3479 4570 3757 4641 prudenti-

2078 4665 2135 4728 D
2156 4662 2258 4720 bus
2288 4661 2599 4718 hominibus
2629 4660 2967 4717 aestimanda.

2241 4756 2338 4813 Ha:
2365 4754 2501 4830 vim]
2541 4755 2689 4823 Quas
2736 4755 2927 4826 vulgus
2954 4753 3119 4810 stulte
3148 4752 3235 4825 :ad
3289 4752 3601 4811 felicitatem
3652 4767 3759 4810 vias

2164 4857 2437 4925 opinatur.

2239 4944 2489 5009 Quadam
2514 4938 2704 5025 deria]
2743 4940 2890 4999 Loca
2916 4941 3036 4998 avia
3061 4948 3118 4998 et
3135 4954 3168 4996 a
3196 4949 3345 4998 recta
3372 4942 3459 4999 via
3489 4942 3649 4998 nimis
3675 4940 3759 4996 die

2165 5050 2199 5091 v
2234 5050 2343 5091 rsa.

2201 5050 2378 5197 cauit!
2401 5123 2580 5199 enim]
2607 5125 2878 5182 Particula
2906 5134 2994 5182 est
3023 5125 3463 5196 interrogatoria.
3485 5127 3538 5183 id
3564 5135 3640 5182 est
3669 5140 3757 5179 cur

2164 5218 2398 5275 non‘tet
2425 5229 2511 5274 est
2558 5217 2851 5288 comicum,
2914 5226 3052 5273 teste
3101 5218 3334 5274 Acrone.
3393 5219 3617 5276 Flaccus
3662 5218 3749 5274 lib.

2166 5310 2490 5368 Sermonum
2518 5325 2537 5365 ι
2563 5328 2577 5365 :

2289 5404 2565 5518 ﬂagitati?
2585 5406 2764 5469 potior,
2790 5404 2909 5469 quid
2940 5402 3109 5455 enim?
3130 5405 3442 5457 concurritur
3457 5404 3586 5455 horae

2164 5552 2371 5611 Sensus
2399 5561 2484 5610 est
2522 5570 2537 5608 :
2586 5569 2755 5626 quare
2809 5569 2916 5611 non
2967 5562 3343 5611 monstravere
3399 5551 3702 5609 brevissime
3730 5591 3743 5607 .

2168 5644 2385 5716 quantis
2412 5645 2571 5702 malis
2596 5646 2682 5701 ha:
2714 5646 2817 5703 viae
2846 5647 2956 5703 sint
2977 5647 3272 5718 implicitae.
3297 5647 3483 5703 Potest
3527 5657 3579 5702 et
3628 5644 3744 5699 sim-

2172 5742 2384 5815 pliciter
2409 5744 2603 5815 accipi,
2628 5753 2688 5800 ut
2708 5745 2779 5801 sit
2795 5745 3278 5817 praeparatiuncula
3303 5744 3545 5816 quaedam
3574 5743 3748 5797 futura:

2172 5836 2607 5909 interrogationi,
2631 5837 2775 5910 quod
2804 5847 2859 5895 et
2904 5839 3079 5910 ipsum
3100 5837 3359 5909 frequens
3381 5846 3467 5893 est
3491 5833 3622 5894 apud
3662 5844 3725 5889 co
3784 5836 3801 5859 δ’

2175 5929 2348 5986 micos
2370 5942 2419 5989 et
2455 5933 2510 5987 in
2536 5946 2789 5989 sermone
2832 5931 3168 6003 quotidiano.
