4010 6372
286 401 424 456 Ill”
508 438 517 441 -

350 512 627 584 Poscendi]
661 511 943 579 ambiendi
972 523 1027 569 et
1058 514 1271 583 petendi
1302 516 1663 585 magistratus.

348 606 537 678 Degas]
578 607 781 676 Degere
810 607 964 661 velis.

344 696 589 769 Corporis
619 700 898 773 servitium]
942 700 1144 756 Seneca
1192 702 1436 761 Lucilio:
1464 705 1640 777 Major
1668 722 1779 760 sum
1820 715 1868 761 et

270 792 341 845 ad
383 794 587 864 majora
630 794 831 865 genitus
872 811 1026 865 quam
1062 804 1116 849 ut
1149 798 1459 866 mancipium
1500 800 1595 851 sim
1638 801 1866 870 corporis

271 885 369 937 tuei
391 884 565 953 :quod
603 886 834 955 equidem
882 902 984 940 non
1038 886 1189 940 aliter
1230 888 1422 955 aspicio
1470 906 1624 959 quam
1664 890 1867 960 pondus

269 990 333 1027 ac
359 991 559 1046 plenam
582 976 943 1045 vinculumque
972 978 1190 1031 libertati
1220 993 1344 1033 mea:
1364 979 1754 1035 circumdatum.

341 1068 461 1123 lant
494 1069 636 1142 vero]
667 1069 944 1125 Concinne
974 1074 1166 1126 transit
1194 1072 1261 1125 ad
1291 1074 1535 1141 corporis
1562 1073 1721 1138 bona,
1746 1089 1867 1143 qua:

270 1163 339 1218 ad
360 1163 638 1231 superiora
665 1163 1139 1235 (quemadmodum
1165 1179 1327 1234 supra
1354 1164 1556 1221 dictum
1578 1165 1683 1236 est)
1708 1164 1866 1222 facile

149 1265 167 1279 '
271 1258 459 1313 referri
487 1267 726 1327 possunt.

346 1349 465 1405 Prte
500 1366 554 1405 se
596 1349 788 1423 ferunt]
835 1350 1121 1407 Ostentant
1168 1350 1354 1420 eisque
1396 1352 1549 1423 quasi
1598 1351 1865 1410 feliciores

270 1443 389 1499 aliis
415 1443 657 1515 praeferri
691 1444 911 1512 cupiunt

346 1537 506 1609 Num]
535 1537 803 1605 Nunquid.

344 1628 676 1702 Elephantes]
709 1629 1036 1685 Animalium
1086 1632 1447 1696 terrestrium,
1480 1631 1653 1687 Plinio
1699 1641 1860 1693 teste.

269 1713 569 1779 mafimnm
598 1732 682 1779 est
712 1724 949 1793 elephas,
984 1725 1394 1793 proximumque
1443 1724 1693 1781 humanis
1732 1739 1861 1781 sen-

268 1816 444 1869 sibus.
479 1814 798 1884 Elephantes
848 1815 1040 1869 domiti
1083 1815 1314 1869 militant
1359 1825 1414 1870 et
1459 1825 1639 1871 turres
1684 1831 1862 1871 arma-

1457 400 1842 457 MUBMELLII-
1876 403 2375 469 COMMENTARIA

3421 416 3558 473 1οη

1890 522 1947 583 Α
1974 519 2178 577 Rursus
2210 525 2351 581 idem
2376 544 2392 581 :

2096 618 2339 741 Ergoage
2364 619 2519 671 fallaci
2545 622 2719 673 timide
2733 622 2930 697 confide
2956 622 3143 686 ﬁgurae.

2201 696 2389 741 iusquis
2413 697 2485 741 es,
2512 692 2660 741 atque
2682 684 2861 741 aliquid
2886 699 3090 741 corpore
3115 701 3143 733 τι

2201 684 2389 743 nisquis
2413 697 2485 744 es,
2512 692 2660 747 atque
2682 684 2861 747 aliquid
2886 684 3090 747 corpore
3115 686 3268 748 majus
3289 686 3438 737 habe.

1969 762 2134 817 Isaias
2160 779 2278 833 cap.
2304 781 2370 819 XL
2401 782 2414 818 :
2443 766 2620 820 Omnis
2650 784 2771 821 raro
2798 768 2991 837 fenum,
3010 779 3054 821 et
3077 771 3240 822 omnis
3261 771 3427 839 gloria
3450 770 3565 841 ejus

1968 856 2118 926 quasi
2154 858 2249 923 ﬂos
2281 858 2410 927 agri.
2445 859 2635 912 Merito
2664 858 2831 912 forma
2869 859 3100 914 hominis
3130 861 3246 915 llori
3279 872 3565 929 compara-

1969 957 2083 1013 tur,
2112 950 2300 1002 eodem
2350 964 2486 1018 pene
2542 961 2813 1005 momento
2863 953 3137 1008 virescens
3181 966 3235 1008 et
3279 966 3548 1008 arescens.

1969 1038 2036 1093 Μ.
2074 1039 2242 1094 Varro
2266 1058 2279 1093 :
2309 1040 2468 1108 Quem
2494 1058 2710 1111 puerum
2740 1043 2911 1097 vidisti
2931 1045 3233 1113 formosum,
3262 1044 3397 1099 hunc
3419 1046 3557 1099 videt

1967 1132 2247 1202 deformem
2274 1132 2327 1185 in
2354 1144 2577 1187 senecta.
2613 1134 2866 1201 Apuleius
2896 1135 2948 1188 in
2975 1135 3081 1190 Deo
3107 1135 3366 1198 Socratis,
3390 1135 3563 1204 signi-

1908 1272 1919 1285 ,
1968 1221 2129 1276 licarc
2161 1222 2343 1277 volens
2371 1223 2505 1278 nihil
2536 1238 2657 1279 esse
2683 1224 2901 1279 brevius
2926 1225 3143 1293 decore,
3174 1227 3252 1282 sic
3280 1227 3353 1282 ait
3378 1245 3390 1281 :
3418 1225 3545 1281 For-

1966 1330 2138 1369 mosus
2168 1325 2265 1380 est,
2288 1325 2524 1388 exspecta
2550 1316 2830 1388 paulisper,
2848 1326 2895 1370 et
2925 1334 3029 1371 non
3056 1318 3168 1372 erit.
3199 1316 3556 1388 Calpburnius

1874 1474 1877 1481 Ι
1969 1407 2020 1461 in
2054 1407 2356 1463 Bucolicis:

2092 1497 2279 1548 Donum
2304 1500 2455 1549 forma
2480 1501 2634 1551 breve
2670 1508 2779 1564 est,
2805 1514 2898 1552 nec
2918 1513 2975 1552 se
3000 1502 3089 1552 tibi
3109 1500 3380 1551 commodat
3403 1501 3553 1549 annis.

1967 1582 2171 1638 Seneca
2205 1584 2258 1639 in
2291 1584 2577 1656 Hippolyto
2604 1606 2619 1640 :

2218 1676 2413 1738 Anceps
2435 1677 2583 1727 forma
2610 1679 2787 1727 bonum
2822 1676 3120 1727 mortalibus.

2218 1738 2393 1801 Ειὶευὶ
2419 1740 2598 1788 donum
2626 1742 2777 1788 luere
2804 1742 3053 1801 temporis.

2218 1800 2281 1849 lit
2308 1800 2446 1850 reiox
2470 1802 2625 1851 celeri
2655 1805 2781 1864 pede
2804 1800 3005 1851 laberis.

269 1916 447 1962 torum
479 1909 530 1961 in
564 1882 742 1962 hostes
773 1906 983 1975 ferunt,
1014 1922 1310 1977 magnaque
1337 1922 1401 1960 ex
1448 1918 1598 1975 parte
1628 1908 1862 1962 Orientis
1894 1902 1941 1962 B
1970 1882 2171 1937 Βυτδυδ
2203 1884 2378 1977 idem}

268 2000 409 2056 bella
428 1999 735 2054 coniiciunt.
755 2001 1103 2056 Prosternunt
1128 2005 1290 2063 acies,
1310 2009 1588 2069 proterunt
1603 2013 1859 2057 armatos.

268 2090 573 2146 Nascuntur
603 2092 654 2145 in
688 2090 868 2146 Africa
910 2092 1045 2145 ultra
1084 2091 1324 2163 Syrticas
1362 2092 1699 2156 solitudines,
1726 2103 1779 2147 et
1810 2096 1861 2148 in

270 2184 617 2250 Mauritania,
649 2186 774 2241 item
823 2186 877 2240 in
924 2184 1197 2254 Ethiopia
1228 2197 1283 2239 et
1311 2185 1451 2254 apud
1481 2186 1858 2259 Troglodytas,

269 2278 367 2333 sed
396 2277 612 2331 maximi
654 2279 705 2331 in
737 2276 910 2343 India,
938 2291 1075 2345 quns
1105 2278 1217 2331 Afri
1246 2287 1465 2346 pavent,
1494 2291 1591 2332 nec
1617 2279 1860 2332 contueri

267 2370 489 2425 audent.
518 2370 650 2425 Nam
681 2379 737 2425 et
776 2371 949 2441 major
996 2369 1192 2424 Indicis
1232 2370 1543 2439 magnitudo
1586 2379 1688 2425 est.
1721 2371 1862 2441 Lege

268 2462 504 2518 Plinium
532 2463 673 2517 libro
701 2462 971 2518 Naturalis
1002 2462 1247 2517 Historia:
1276 2477 1391 2517 vm.
1551 2462 1562 2472 '

343 2554 564 2627 Tauros]
589 2555 799 2612 Taurus
839 2556 937 2610 bos
980 2556 1047 2610 ad
1093 2554 1483 2625 procreandum
1530 2566 1855 2614 reservatus.

267 2649 549 2721 Accipitur
573 2657 629 2705 et
654 2663 754 2720 pro
780 2662 1101 2719 quocunque
1129 2650 1351 2704 robusto
1379 2649 1531 2703 bove.
1566 2648 1739 2703 Maro:

1195 2738 1327 2800 Ergo
1349 2751 1444 2802 age
1467 2746 1614 2788 terrae

396 2804 590 2868 Pingue
611 2801 768 2852 solum
790 2803 960 2865 primis
975 2800 1235 2868 extemplo
1258 2815 1285 2850 a
1310 2800 1562 2851 mensibus
1587 2802 1697 2849 anni
1714 2840 1727 2864 ,

394 2866 571 2917 Fortes
592 2868 837 2915 invertant
860 2866 1002 2914 lauri.

341 2950 541 3024 Tigres]
587 2950 772 3019 Tigrin
805 2946 1037 3018 Hyrcani
1061 2955 1115 3001 et
1138 2945 1252 3001 Indi
1284 2945 1460 2999 ferunt
1487 2945 1681 2999 animai
1715 2945 1862 2999 veio-

264 3046 448 3101 citatis
482 3042 775 3099 tremenda:
818 3051 870 3095 et
902 3040 1133 3095 maxime
1178 3042 1426 3109 cognitae,
1458 3040 1583 3093 dum
1629 3039 1859 3107 capitur.

264 3139 439 3195 Totus
490 3138 605 3207 ejus
651 3136 814 3205 fctus,
864 3136 954 3205 qui
1012 3147 1225 3202 semper
1284 3146 1600 3187 numerosus
1650 3140 1761 3195 est,
1794 3133 1861 3183 ab

265 3231 558 3288 insidiante
602 3228 807 3298 rapitur
846 3239 986 3297 equo
1016 3240 1177 3296 qnam
1209 3225 1442 3279 maxime
1469 3224 1669 3291 pernici
1701 3232 1859 3291 atque

265 3324 327 3381 in
376 3297 934 3379 recentemisubinde
984 3316 1320 3371 transfertur.
1375 3315 1444 3369 At
1494 3315 1581 3369 ubi
1634 3297 1932 3369 vacuumC

263 3415 448 3473 cubile
479 3414 679 3483 reperit
702 3412 809 3466 feta
838 3409 1097 3481 (maribus
1126 3408 1267 3462 enim
1295 3423 1421 3462 cura
1454 3422 1557 3460 non
1588 3416 1669 3461 est
1696 3408 1857 3461 sobo-

264 3506 365 3579 lis)
389 3506 557 3561 fertur
598 3517 855 3573 praeceps,
888 3501 1054 3556 odore
1098 3500 1385 3568 vestigans.
1415 3497 1637 3567 Raptor,
1669 3512 1860 3567 appro-

264 3599 564 3671 pinquante
590 3594 826 3659 fremitu,
849 3593 1029 3662 abiicit
1059 3606 1222 3646 unum
1248 3606 1314 3645 ex
1341 3590 1553 3645 catulis.
1582 3589 1745 3644 Tollit
1769 3590 1858 3644 illa
1905 3586 1909 3591 ’

263 3705 474 3757 morsu,
493 3699 548 3744 et
568 3687 804 3759 pondere
824 3685 983 3741 etiam
1006 3686 1154 3737 ocior
1178 3692 1293 3738 acta
1316 3691 1540 3748 remeat,
1563 3684 1861 3751 iterumque

262 3782 637 3855 consequitur,
668 3789 723 3836 et
761 3778 1019 3843 subinde,
1049 3776 1219 3831 donec
1268 3776 1321 3828 in
1374 3790 1564 3829 navem
1613 3790 1862 3844 regresso

262 3880 424 3937 irrita
455 3878 638 3932 leritas
679 3872 834 3929 saevit
878 3871 931 3924 in
981 3869 1181 3924 littore.
1217 3867 1342 3923 Haec
1370 3881 1435 3921 ex
1470 3866 1661 3922 Plinio.
1702 3868 1859 3922 Plura

261 3986 338 4030 ex
365 3970 484 4027 aliis
509 3969 579 4024 de
605 3967 791 4021 eadem
826 3963 1101 4018 tradentur
1130 3959 1286 4016 infra.

348 4056 625 4133 Respicite]
656 4056 1023 4112 Considerate.

344 4149 611 4224 Spatium]
644 4147 1079 4219 Ampiitudinem.

341 4240 764 4315 Firmitudinem]
796 4241 1148 4297 Firmitatem.

342 4334 688 4407 Celeritatem]
717 4333 1091 4389 Velocitatem.

343 4430 468 4503 His]
492 4428 698 4498 Spatio,
724 4424 1074 4487 firmitudine,
1104 4420 1397 4476 celeritate.

342 4522 457 4579 Sua
481 4515 697 4590 ratione]
727 4515 925 4586 Spiritu
955 4515 1159 4569 divino.

343 4612 553 4668 Forma:
592 4625 708 4665 vero
747 4603 904 4677 nitor]
932 4605 1177 4660 Ostendit
1215 4603 1458 4672 corporis
1502 4602 1858 4672 pulchritudi-

258 4723 391 4765 nem
439 4718 571 4759 sane
613 4716 772 4772 quam
823 4700 1022 4753 ﬂuxam
1074 4712 1214 4759 esse,
1244 4706 1298 4751 et
1345 4696 1627 4750 celerrime
1683 4703 1861 4751 muta-
1889 4683 1941 4746 Ι)

257 4801 457 4856 bilem.

346 4889 437 4963 Ut]
475 4889 770 4958 Quantum.

344 4978 603 5053 Rapidus]
631 4979 748 5035 Cito
791 4975 1126 5048 praeteriens.
1177 4970 1512 5027 Domitianus
1547 4968 1687 5039 apud
1717 4970 1858 5026 Sue-

251 5077 472 5133 tonium
500 5090 513 5126 :
541 5074 693 5128 Scias
714 5084 813 5125 nec
838 5069 1037 5138 gratius
1057 5065 1345 5136 quidquam
1368 5063 1585 5130 decore,
1612 5077 1710 5118 nec
1738 5064 1860 5119 bre-

252 5170 409 5224 vius.
442 5164 665 5220 Ovidius
696 5164 789 5217 lib.
825 5166 891 5215 tie
924 5163 1051 5215 Arte
1087 5159 1299 5214 amandi
1334 5172 1390 5213 ll.

459 5256 647 5317 Ingenii
672 5256 813 5305 dotes
836 5254 1052 5315 corporis
1072 5252 1194 5300 adde
1216 5251 1373 5299 bonis.

395 5312 573 5370 Forma
608 5319 791 5368 bonum
833 5312 1008 5378 fragile
1045 5323 1147 5374 est,
1193 5318 1531 5376 quantumque
1570 5312 1760 5435 facgggsit
1802 5312 1860 5359 ad

1589 5386 1740 5424 annos
1752 5412 1766 5433 ,

459 5444 539 5495 Fit
556 5446 733 5503 minor,
762 5449 813 5491 et
832 5442 991 5505 spatio
1011 5440 1223 5501 carpitur
1246 5437 1457 5505 illasup,

392 5505 503 5559 Nec
524 5499 730 5569 semper
749 5499 917 5561 violae,
941 5516 1035 5569 nec
1057 5499 1255 5569 semper
1275 5499 1369 5548 lilia
1392 5502 1591 5549 ﬂorent.

458 5569 519 5619 Et
536 5563 670 5632 riget
691 5569 863 5632 amissa
887 5563 1218 5632 spinareiicta
1234 5574 1361 5619 rosa,

392 5630 458 5685 Et
484 5623 694 5691 tibi'jam
719 5623 925 5678 venient
941 5628 1047 5676 cani
1070 5625 1281 5691 formose
1304 5623 1487 5687 capilli,

461 5693 568 5744 1am
592 5687 797 5741 venient
824 5703 958 5752 rugae
974 5723 989 5749 ,
1014 5700 1123 5752 qua;
1149 5687 1233 5735 tibi
1255 5698 1431 5747 corpus
1455 5694 1613 5752 arent.

392 5755 507 5809 Jam
531 5756 705 5805 molire
731 5746 962 5809 animtﬁn,
977 5746 1067 5812 qui
1090 5748 1255 5803 duret,
1279 5746 1523 5812 et’astrue
1544 5746 1765 5796 formam.

460 5817 607 5869 Solus
628 5817 686 5866 ad
713 5808 963 5865 extremos
987 5808 1347 5875 permanetille
1369 5822 1535 5871 r0gos.

394 5877 507 5936 Nec
528 5879 652 5930 levis
674 5880 914 5940 ingenuas
938 5872 1340 5940 pectus-coluisse
1366 5885 1457 5935 per
1480 5879 1613 5921 artes

459 5941 588 5997 Cura
611 5944 698 6002 sit,
717 5934 777 5991 ’ξι
798 5934 984 6002 linguas
1008 5936 1271 5987 edidicisse
1290 5934 1426 5984 duas.

2218 1975 2275 2023 lit
2304 1976 2461 2036 fulgor
2480 1979 2668 2025 teneris
2689 1976 2770 2038 qui
2798 1975 2950 2025 radiat
2971 1976 3132 2037 genis,

2218 2038 2464 2101 βοαῖς-ιιιο
2485 2041 2691 2099 rapitur,
2710 2037 2947 2099 nullaque
2966 2051 3066 2101 non
3080 2038 3193 2101 dies

2217 2099 2428 2161 formosi
2454 2098 2663 2161 Spatium
2686 2098 2900 2161 corporis
2934 2098 3151 2148 abs'ulit.

2214 2158 2311 2209 Res
2330 2169 2405 2209 est
2426 2158 2572 2209 forma
2600 2161 2745 2219 fugax
2773 2158 2916 2223 Equis
2941 2162 3138 2223 sapiens
3157 2159 3284 2209 bono

2211 2223 2431 2272 Couﬁdat
2452 2223 2649 2284 fragili?

1964 2305 2140 2373 Idem,
2171 2307 2254 2361 vel
2303 2317 2359 2361 ut
2402 2306 2720 2377 quibusdam
2776 2306 3025 2371 videtur,
3063 2306 3196 2366 alios
3245 2302 3555 2363 Senera‘in

1963 2397 2181 2454 Octavia
2207 2414 2222 2453 :

2334 2488 2446 2537 Sola
2472 2495 2716 2550 perpetuo
2740 2495 2943 2540 manent

2210 2548 2439 2613 gubjecta
2470 2548 2587 2599 nulli
2614 2555 2794 2599 mentis
2818 2559 2967 2613 atque
2991 2556 3138 2601 amm't
3163 2552 3302 2605 bona:

2210 2610 2406 2661 Florem
2431 2613 2625 2661 decoris
2646 2614 2825 2675 singuli
2850 2610 3057 2676 carpunt
3074 2615 3196 2664 dies.

1963 2692 2263 2748 Salustius:
2289 2693 2431 2747 Nam
2459 2693 2757 2749 diuitiarum
2780 2706 2828 2751 et
2859 2697 3039 2766 forma:
3058 2697 3222 2767 gloria
3240 2699 3385 2767 ﬂuxa
3408 2704 3557 2764 atque

1964 2786 2165 2856 fragilis
2207 2796 2281 2839 est
2320 2801 2338 2839 :
2375 2787 2535 2840 uirtus
2577 2787 2720 2840 clara
2781 2798 3073 2857 internoque
3113 2787 3344 2842 habetur.
3394 2787 3557 2843 Divus

1962 2878 2279 2933 Ambrosius
2326 2879 2379 2933 in
2428 2880 2587 2934 tertio
2636 2879 3007 2936 Hexaemeron
3047 2880 3398 2936 :Surrexerut
3440 2890 3557 2936 ante

1964 2971 2178 3041 ﬂoribus
2216 2971 2440 3026 immista
2474 2972 2656 3026 teneris
2686 2973 2797 3027 sine
2832 2974 2999 3041 spinis
3038 2989 3175 3039 rosa,
3194 2982 3239 3026 et
3272 2971 3557 3042 pulcherri-

1964 3080 2074 3117 mus
2100 3066 2330 3131 [lossine
2358 3064 2466 3119 ulla
2497 3066 2681 3135 fraude
2708 3067 2952 3121 uernabat
2980 3081 3000 3121 :
3021 3076 3197 3136 postea
3221 3066 3372 3134 spina
3399 3065 3555 3135 sepsit

1961 3159 2185 3229 gratiam
2220 3158 2387 3229 floris,
2416 3168 2659 3230 tanquam
2702 3159 2941 3214 humana
2979 3159 3241 3231 speculum
3281 3159 3556 3228 pra’ferens

1966 3250 2096 3315 uite,
2127 3265 2242 3320 qua
2278 3251 2581 3305 suavitatem
2616 3252 2981 3323 perfunctionis
3012 3267 3117 3305 sua:
3147 3251 3376 3319 ﬁnitimis
3407 3265 3555 3303 cura-

1965 3359 2075 3397 rum
2113 3344 2331 3397 stimulis
2368 3358 2505 3411 stepe
2539 3355 2866 3417 compungat.
2922 3342 3129 3399 Vallata
3165 3353 3239 3398 est
3275 3343 3410 3398 enim
3448 3342 3553 3397 ele-

1961 3440 2138 3508 gantia
2153 3439 2266 3492 uitta
2279 3445 2488 3506 nostrae,
2506 3448 2554 3494 et
2566 3439 2870 3509 quibusdam
2886 3438 3309 3492 sollicitudinibus
3326 3436 3554 3504 obsepta,

1962 3541 2018 3586 ut
2046 3532 2252 3586 tristitia
2289 3532 2536 3604 adjuncta
2560 3531 2623 3587 sit
2660 3532 2858 3603 gratim.
2894 3529 3043 3586 Unde
3068 3545 3186 3584 cum
3212 3527 3555 3599 unusquisque

1962 3632 2051 3677 aut
2074 3624 2325 3677 suavitate
2356 3623 2593 3687 rationis,
2624 3632 2713 3676 aut
2739 3622 3075 3692 prosperioris
3103 3636 3284 3674 cursus
3312 3617 3555 3673 successi-

1963 3716 2054 3768 bus
2097 3717 2407 3785 gratulatur,
2455 3715 2745 3768 meminisse
2786 3716 2952 3782 culpat
3003 3729 3115 3766 eum
3162 3712 3424 3779 conuenit,
3466 3726 3556 3777 per

1961 3822 2115 3875 quam
2152 3805 2299 3859 nobis
2342 3806 2397 3859 in
2441 3806 2674 3875 paradisi
2712 3806 3002 3859 aeternitate
3046 3804 3366 3873 ﬂorentibus,
3390 3803 3555 3869 spina

1963 3900 2165 3965 mentis,
2198 3898 2464 3969 animique
2509 3909 2673 3953 sentes
2710 3902 2829 3963 iure
2865 3897 3301 3952 condemnationis
3344 3896 3554 3965 ascripti

1959 4002 2099 4049 sunt.
2146 3988 2385 4044 Irrutiles
2422 3992 2599 4061 igitur,
2631 4006 2662 4043 ο
2690 3989 2873 4055 homo,
2906 3989 3020 4042 licet
3047 3998 3135 4041 aut
3156 3986 3429 4055 splendore
3455 4000 3554 4038 no-

1964 4086 2206 4152 bilitatis,
2236 4092 2325 4139 aut
2366 4083 2575 4155 fastigio
2621 4081 2917 4154 potestatis,
2952 4088 3039 4133 aut
3083 4078 3286 4150 fulgore
3331 4077 3552 4143 uirtutis,

1962 4194 2160 4249 semper
2186 4178 2437 4250 inferiora
2483 4185 2569 4229 tua
2599 4175 2814 4245 respice,
2843 4189 3039 4242 semper
3064 4173 3237 4243 spinas
3275 4171 3551 4242 germinas,

1964 4285 2058 4323 nec
2087 4269 2293 4336 prolixa
2332 4268 2503 4339 gratia
2541 4276 2733 4321 manet.
2776 4263 2923 4320 Brevi
2960 4264 3301 4333 unusquisque
3340 4263 3554 4316 decurso

1962 4361 2131 4415 etatis
2156 4362 2286 4429 flore
2314 4357 2599 4413 marcescit.
2623 4357 2940 4412 Aristoteles
2962 4356 3221 4425 Stagerita
3243 4354 3553 4426 Nicomachi

1963 4450 2160 4506 medici
2184 4450 2349 4515 illius,
2378 4449 2621 4504 Platonis
2667 4448 2901 4513 auditor,
2927 4455 3223 4515 praeceptor
3261 4444 3552 4502 Alexandri

1966 4544 2171 4616 Ilagni,
2200 4544 2426 4614 plurima
2468 4541 2681 4610 scripsit
2732 4554 2840 4595 non
2879 4540 3054 4594 solum
3098 4552 3343 4604 nervose,
3374 4537 3468 4593 sed
3498 4546 3552 4596 et

1967 4636 2241 4704 eleganter
2265 4644 2452 4691 contra
2494 4632 2849 4704 quorumdam
2876 4631 3035 4703 vulgo
3068 4631 3285 4687 sordide
3316 4630 3551 4702 philoso-

1967 4728 2245 4798 phantium
2276 4728 2605 4797 opinionem.

2039 4820 2256 4890 Lynceis
2305 4808 2502 4890 oculis]
2562 4818 2901 4874 Acutissimis
2948 4828 3005 4873 et
3055 4818 3551 4889 perspicacissimis.

1965 4910 2103 4967 Sunt
2132 4912 2222 4980 qui
2253 4910 2544 4980 opinantur
2563 4910 2751 4966 oculos
2779 4910 2996 4979 lynceos
3022 4911 3274 4980 appellari
3306 4910 3552 4966 acutissn-

1948 5016 2083 5059 'mos
2112 5019 2139 5056 a
2174 5003 2455 5074 lyncibus,
2483 5019 2602 5073 quae
2635 5003 2730 5076 (ut
2768 5004 2972 5060 Plinius
3009 5017 3231 5061 testatur
3264 5005 3357 5061 lib.
3390 5004 3551 5059 Natu-

1969 5096 2097 5151 ralis
2153 5096 2401 5151 Historiae
2451 5111 2623 5161 xxxn,
2672 5111 2789 5166 cap.
2844 5096 2911 5168 8)
2956 5097 3253 5152 clarissime
3309 5096 3586 5150 omnium.

1966 5187 2372 5259 quadrupedum
2418 5196 2667 5253 cernunt.
2701 5190 2838 5244 Aliis
2864 5190 3115 5245 videntur
3155 5189 3330 5259 potius
3359 5189 3485 5243 dicti
3517 5204 3545 5242 a

1970 5281 2183 5350 Lynceo
2212 5294 2319 5333 uno
2346 5293 2410 5333 ex
2442 5281 2784 5350 Argonautis,
2809 5282 3113 5335 acutissima
3137 5280 3407 5335 oculorum
3438 5280 3552 5335 acie

1971 5373 2213 5445 praedito,
2247 5372 2335 5442 qui
2366 5370 2460 5443 (ut
2482 5383 2565 5428 est
2591 5375 2641 5427 in
2675 5373 2866 5429 fabulis
2895 5382 2952 5428 et
2980 5372 3140 5427 tradit
3168 5372 3548 5442 Hieronymus)

1967 5468 2245 5524 dicebatur
2290 5463 2476 5523 videre
2526 5477 2674 5521 trans
2721 5465 3129 5536 parietemzqui
3179 5464 3259 5535 (ut
3310 5463 3547 5517 historici

1967 5562 2177 5634 ferunt)
2206 5561 2483 5631 conSpexit
2514 5559 2857 5614 novissimam
2888 5560 3063 5613 lunam
3096 5557 3427 5628 primamque
3457 5569 3549 5610 eo-

1965 5656 2086 5712 dem
2133 5656 2220 5712 die
2269 5656 2323 5710 in
2372 5657 2524 5726 signo
2561 5652 2742 5708 Ariete
2778 5670 2793 5706 :
2832 5653 2973 5722 quod
3023 5651 3205 5723 paucis
3245 5649 3548 5707 mortalium

1962 5749 2184 5820 contigit
2227 5748 2472 5803 vidisse:
2509 5757 2564 5802 et
2610 5744 2734 5801 inde
2784 5744 2961 5799 fabula
3000 5753 3116 5799 crta
3161 5753 3244 5801 est
3290 5738 3546 5799 cernendi

1964 5842 2207 5911 Lynceo,
2236 5851 2294 5896 ut
2321 5840 2476 5896 docet
2504 5838 2728 5894 Plinius.
2763 5837 2840 5892 De
2874 5837 2976 5894 hoc
2995 5824 3076 5894 ait
3114 5840 3381 5913 Flaccus;

2211 5934 2357 5985 Solus
2381 5933 2611 5985 transibit
2632 5929 2798 5981 nubila
2819 5928 3045 5993 Lynceus
3067 5947 3081 5983 :
