4010 6372
502 353 647 416 102's

1149 356 1491 415 APPENDIX
1534 362 1623 416 AD
1665 362 1905 421 LIBROS
1946 365 2032 420 DE
2071 363 2590 420 CONSOLATIONE
2634 362 3127 421 PHILOSOPHIIE.

3642 364 3759 415 1024

575 476 644 533 In
677 476 887 547 Timazoj
943 477 995 529 In
1048 476 1387 530 nobilissimo
1435 478 1525 529 illo
1569 477 1800 549 dialogo.
1855 479 2089 533 Timaeus
2118 483 2163 541 Α
2195 479 2264 532 ita
2292 480 2579 532 universum
2612 480 2706 533 hoc
2734 496 2828 549 pro
2853 478 3040 533 viribus
3073 480 3175 532 tale
3205 479 3369 549 facere
3396 478 3598 535 statuit.
3628 476 3761 538 Illius

504 569 786 628 Locrensis
838 567 1186 636 philosophus
1245 565 1659 638 Pythagorteus,
1706 570 1988 624 nobilitate
2037 579 2087 622 et

505 662 695 732 opibus
719 657 1213 728 prmstantissimus,
1232 659 1455 713 summis
1483 661 1879 729 magistratibus
1908 670 1964 715 et
1993 661 2090 714 ho-

505 754 725 809 noribus
754 753 963 806 functus
990 760 1092 816 est,
1117 764 1169 807 et
1198 753 1263 806 ad
1297 768 1503 806 summa
1534 752 1701 807 totius
1733 744 2088 823 philoSopbiaa

504 844 709 912 fastigia
743 844 971 899 feliciter
1012 846 1272 899 ascendit.
1306 845 1473 914 Hujus
1520 848 1736 901 nomine
1780 845 1929 899 Plato
1972 845 2086 914 pul-

502 936 827 991 cherrimum
876 935 1065 990 librum
1094 950 1248 989 suum
1291 937 1593 1005 inscripsit,
1621 937 1674 990 in
1705 951 1811 1006 quo
1840 935 2089 990 Socrates

504 1026 760 1082 Timaeum
792 1027 869 1081 sic
898 1028 1187 1097 alloquitur
1213 1045 1227 1082 :
1253 1027 1365 1081 Tua
1396 1045 1514 1098 ergo
1550 1030 1788 1091 interest,
1822 1046 1851 1080 o
1878 1028 2087 1093 Timere,

503 1120 741 1172 invocatis
765 1119 1041 1172 secundum
1066 1117 1225 1188 legem
1256 1118 1375 1180 diis,
1400 1118 1791 1189 disputationem
1810 1120 1920 1188 jam
1942 1135 2091 1172 exor-

502 1210 622 1263 diri.
654 1209 749 1264 Cui
786 1210 1019 1265 Timteus
1064 1211 1205 1265 hunc
1232 1212 1284 1265 in
1316 1213 1531 1266 modum
1564 1213 1851 1281 respondet
1882 1230 1894 1266 :
1924 1211 2093 1267 Probe

436 1364 437 1367 η
502 1305 724 1359 consulis
755 1306 1017 1360 Socrates.
1051 1305 1191 1359 Nam
1219 1324 1331 1360 cum
1358 1323 1532 1361 omnes
1562 1308 1652 1378 qui
1676 1309 1857 1359 mentis
1888 1322 2091 1377 quoquo

503 1400 656 1451 modo
702 1410 958 1467 compotes
1006 1409 1145 1463 sunt,
1177 1400 1229 1453 iu
1269 1400 1431 1470 operis
1477 1401 1745 1470 cujuslibet
1774 1400 1851 1453 vel
1882 1400 2089 1469 magni,

503 1488 584 1542 vel
608 1490 750 1560 parvi
775 1490 1029 1561 principio
1057 1492 1289 1545 invocare
1318 1491 1485 1545 Deum
1525 1492 1749 1555 soleant,
1782 1499 1975 1561 quanto
2001 1507 2092 1543 nos

503 1584 696 1652 aquius
723 1592 799 1638 est
825 1584 888 1637 de
917 1585 1166 1650 universo,
1189 1584 1291 1637 sive
1321 1585 1545 1655 genitum
1571 1585 1655 1647 sit,
1684 1583 1786 1637 sive
1810 1583 2093 1655 ingenitum

506 1676 851 1746 disputaturos
895 1676 1018 1747 (nisi
1058 1680 1189 1747 forte
1237 1677 1548 1747 desipimus)
1598 1676 1829 1730 invocare
1872 1676 2093 1729 divinam

506 1768 691 1836 opem?
735 1767 895 1821 Divus
949 1770 1276 1837 Augustinus
1323 1768 1462 1823 libro
1517 1768 1957 1825 Academicorum
2008 1784 2092 1822 se-

503 1857 679 1913 cundo
718 1874 732 1911 :
768 1856 1030 1927 Imprimis
1082 1860 1308 1913 divinum
1349 1860 1603 1915 auxilium
1648 1862 1785 1913 omni
1832 1860 2097 1914 devotione
2128 1883 2172 1944 Β

502 1959 652 2018 atque
692 1950 873 2017 pietate
915 1950 1297 2021 implorandum
1344 1958 1439 2006 est.
1490 1951 1641 2005 Plato
1670 1950 1723 2005 in
1753 1952 1979 2020 epistola
2028 1952 2094 2005 ad

505 2040 686 2097 Dionis
719 2044 1041 2113 propinquos
1066 2054 1119 2099 et
1146 2044 1351 2099 amicos
1389 2062 1403 2099 :
1446 2044 1691 2099 Omnibus
1711 2046 1842 2098 enim
1869 2045 1920 2097 in
1946 2044 2093 2099 rebus

501 2141 551 2187 et
595 2135 819 2188 dicendis
846 2144 896 2189 et
922 2136 1233 2206 coqitandis,
1272 2137 1582 2206 principium
1611 2152 1807 2207 semper
1834 2154 1864 2188 a
1890 2137 1989 2190 diis
2016 2146 2090 2190 est

506 2228 820 2299 faciendum.

577 2318 714 2390 Rite]
742 2320 925 2385 Recte,
956 2320 1115 2376 bene.

579 2410 845 2466 Modulata
872 2412 967 2483 est]
992 2412 1218 2469 Cecinit.

1033 2526 1097 2581 IN
1135 2527 1427 2585 METRUM
1472 2529 1561 2583 IX.

579 2613 768 2667 Merito
800 2630 938 2671 nunc
963 2626 1016 2671 et
1048 2617 1265 2673 heroico
1292 2620 1530 2674 carmine
1561 2620 1745 2686 utitur,
1778 2637 1898 2675 cum
1928 2623 2091 2676 Deum

508 2701 722 2757 invocet
768 2706 1004 2759 omnium
1051 2722 1229 2762 rerum
1281 2719 1600 2779 creatorem,
1633 2722 2089 2780 conservatorem,

503 2804 710 2866 patrem
757 2800 1039 2869 optimum,
1073 2803 1389 2868 maximum,
1428 2807 1872 2874 pulcherrimum,
1907 2818 2093 2877 poten-

504 2890 792 2956 tissimum,
829 2907 891 2947 ac
920 2892 1001 2964 (ut
1025 2895 1191 2949 semel
1232 2894 1433 2965 dicam)
1474 2898 1910 2961 inenarrabilem,
1944 2909 1999 2956 et
2027 2902 2094 2956 ab

504 2981 893 3038 exclamatione
937 2986 1097 3039 sumit
1129 2986 1366 3051 initium,
1400 3005 1519 3058 qua:
1547 3006 1811 3045 summam
1859 2993 2095 3047 admira-

507 3072 667 3155 tionis
699 3074 803 3127 vim
838 3074 997 3131 habet
1024 3094 1037 3129 :
1061 3093 1164 3147 qua
1191 3080 1405 3149 quidem
1435 3090 1545 3138 tum
1576 3084 1813 3138 solemus
1845 3086 1942 3151 uti,
1971 3102 2090 3140 cum

508 3163 813 3232 signiﬁcare
841 3168 1080 3224 volemus
1107 3180 1280 3226 tantas
1309 3188 1430 3229 esse
1469 3175 1657 3232 Iaudes
1682 3191 1745 3231 ac
1773 3180 1965 3232 merita
1993 3194 2091 3232 cu-

2192 571 2393 639 quidem
2425 572 2661 623 animatis
2692 581 2882 625 interna
2921 582 3105 624 natura
3148 581 3242 635 est,
3273 571 3408 642 quod
3447 573 3617 642 genito
3641 573 3761 642 operi

2194 678 2469 733 congruere
2500 664 2708 716 omnino
2749 678 2850 717 non
2903 672 3084 733 potest.
3120 660 3325 715 Idcirco
3374 665 3650 731 imaginem
3682 664 3762 717 tesi

2193 756 2427 809 mobilem
2466 756 2695 825 eﬂingcre
2733 755 2971 818 decrevit,
3014 771 3076 807 ac
3118 756 3240 808 dum
3282 754 3464 808 caelum
3491 766 3759 823 exornant,

2194 849 2313 919 fecit
2341 848 2637 901 wternitatis
2658 848 2711 899 in
2734 847 2928 899 unitate
2956 848 3207 899 manentis
3236 854 3481 898 wternam
3510 846 3762 913 quamdam

2193 940 2245 991 in
2276 956 2487 993 numero
2526 941 2766 1007 fluentem
2794 939 3089 1009 imaginem,
3113 955 3264 1006 quam
3293 954 3383 991 nos
3411 949 3611 1007 tempus
3638 954 3760 991 voca-

2194 1046 2332 1084 mus.
2354 1029 2477 1084 Dies
2508 1046 2658 1097 porro
2681 1040 2729 1083 et
2759 1041 2930 1083 noctes
2966 1040 3012 1082 et
3048 1044 3241 1083 menses
3265 1039 3313 1089 et
3336 1046 3518 1094 annos,
3551 1031 3639 1096 qui
3664 1039 3765 1083 ante

2194 1122 2374 1179 calum
2420 1140 2523 1176 non
2558 1132 2734 1188 erant,
2766 1132 2908 1187 tunc,
2941 1132 3174 1175 nascente
3220 1123 3435 1187 mundo,
3465 1121 3607 1175 nasci
3627 1121 3766 1192 jussit

2194 1233 2309 1287 qua
2352 1217 2522 1269 omnia
2562 1216 2799 1284 temporis
2842 1226 3010 1285 partes
3038 1225 3180 1267 sunt.
3215 1213 3339 1268 Hac
3380 1213 3635 1269 Timmus.
3662 1213 3763 1268 iam

2196 1308 2320 1377 quid
2348 1308 2418 1362 sit
2449 1319 2656 1375 tempus
2690 1306 2981 1359 videamus.
3024 1306 3256 1358 Auctore
3295 1304 3623 1373 Speusippo,
3652 1314 3766 1358 tem-

2196 1416 2297 1471 pus
2324 1416 2353 1451 a
2387 1400 2607 1454 Platone
2638 1398 2780 1452 hunc
2807 1398 2857 1452 in
2887 1398 3101 1451 modum
3134 1397 3411 1451 deﬁnitum
3436 1406 3540 1450 est.
3570 1395 3767 1464 Tempus

2197 1502 2270 1547 est
2298 1493 2422 1546 solis
2466 1503 2652 1557 motus,
2683 1491 3050 1559 progressionis
3070 1495 3351 1542 'mensura.
3382 1488 3546 1549 Teste
3578 1489 3766 1542 Plutar-

2196 1583 2301 1638 cho
2347 1583 2400 1636 in
2447 1582 2541 1635 lib.
2568 1581 2634 1635 de
2683 1580 2895 1635 Placitis
2944 1580 3405 1649 philosophorum,
3454 1579 3770 1649 Pythagoras

2198 1675 2330 1728 dixit
2361 1685 2571 1740 tempus
2599 1674 2864 1741 spbzeram
2895 1672 3120 1726 extremi
3152 1671 3433 1724 ambientis
3452 1686 3611 1734 esse;
3640 1671 3770 1724 Plato

2198 1765 2299 1820 aevi
2326 1764 2557 1833 efﬁgiem
2591 1764 2875 1827 mobilem,
2906 1763 2987 1816 vel
3016 1761 3297 1814 mundana:
3330 1761 3586 1814 motionis
3626 1761 3772 1814 inter-

2198 1858 2545 1928 capedinem;
2571 1856 2973 1922 Eratosthenes,
2993 1856 3122 1909 solis
3147 1856 3272 1919 iter;
3303 1855 3475 1921 Plato,
3498 1856 3773 1909 essentiam

2202 1951 2492 2021 temporis,
2522 1949 2642 2004 coeli
2694 1956 2930 2011 motum;
2962 1948 3261 2000 Stoicorum
3310 1946 3573 2014 plerique,
3601 1946 3776 1999 motio-

2196 2059 2320 2099 nem
2372 2044 2562 2112 ipsam.
2596 2039 2894 2094 Macrobius
2945 2038 3039 2091 lib.
3082 2036 3447 2092 Saturnalium
3474 2050 3490 2089 ι
3517 2054 3531 2089 :
3562 2035 3772 2104 Tempus

2195 2145 2291 2201 est,
2330 2135 2521 2202 inquit,
2554 2141 2691 2185 certa
2736 2129 3004 2195 dimensio,
3039 2144 3152 2199 qua:
3198 2144 3261 2180 ea:
3310 2127 3421 2179 caeli
3467 2126 3778 2181 conuersione

2196 2228 2479 2297 colligitur.
2515 2224 2833 2279 Aristoteles
2861 2222 2955 2275 lib.
2995 2220 3241 2292 Pbysicze
3269 2220 3777 2274 auscultationistv:

2197 2320 2414 2390 Tempus
2442 2322 2514 2373 est
2536 2334 2776 2372 numerus
2799 2326 2959 2370 motus
2980 2314 3259 2370 secundum
3285 2314 3426 2383 prius
3452 2324 3500 2367 et
3520 2314 3777 2385 posterius.

2196 2416 2329 2480 Quae
2360 2411 2576 2481 quidem
2606 2410 2850 2464 deﬁnitio
2883 2409 3024 2462 bunc
3052 2408 3103 2461 in
3136 2407 3352 2462 modum
3382 2404 3526 2460 solet
3558 2404 3779 2475 exponi:

2199 2503 2417 2570 Tempus
2446 2513 2515 2557 est
2547 2519 2786 2556 numerus
2832 2510 3124 2553 numeratus
3170 2499 3328 2569 ipsius
3372 2507 3543 2550 motus
3584 2497 3779 2562 loculis,

2199 2614 2301 2650 non
2333 2600 2709 2667 cujuscunque,
2742 2594 2831 2648 sed
2878 2592 3030 2664 primi
3059 2592 3259 2644 mobilis
3288 2591 3570 2643 secundum
3602 2599 3783 2657 partem

2197 2689 2419 2760 priorem
2439 2687 2774 2741 successionis
2801 2694 2846 2738 et
2877 2684 3223 2752 posteriorem.
3272 2680 3587 2750 Rodolphus
3616 2692 3783 2735 autem

2198 2781 2443 2850 Agricola
2498 2779 2759 2843 Pbrisius,
2790 2775 3100 2830 acutissimo
3140 2775 3219 2827 vir
3266 2774 3481 2843 ingenio
3526 2781 3581 2826 et
3616 2771 3786 2827 erudi-

2200 2875 2343 2927 tione
2408 2871 2699 2941 singulari,
2750 2867 3023 2923 volumine
3090 2864 3496 2921 Dialectitorum
3575 2865 3783 2934 primo:

2201 2966 2441 3031 Tempus,
2466 2966 2657 3034 inquit,
2686 2964 2891 3030 deﬁniri
2927 2963 3055 3016 solet
3095 2977 3201 3015 esse
3244 2974 3485 3013 numerus
3512 2968 3683 3012 motus
3722 2973 3789 3012 se-

2197 3061 2419 3113 cundum
2460 3060 2597 3128 prius
2628 3069 2677 3111 et
2706 3059 2976 3126 posterius.
3024 3054 3136 3111 Nos
3166 3056 3390 3125 apertius
3428 3055 3659 3107 dicemus
3688 3069 3790 3106 esse

2198 3153 2307 3205 coeli
2351 3152 2570 3217 solisque
2610 3151 2851 3221 vertigine
2894 3148 3167 3202 deductum
3210 3148 3454 3218 spatium,
3484 3164 3585 3217 quo
3624 3162 3791 3199 rerum

504 3258 756 3329 inspiam,
786 3271 844 3315 ut
891 3277 953 3317 ea
993 3279 1091 3333 pro
1134 3265 1391 3335 dignitate
1439 3271 1596 3323 nullis
1626 3272 1803 3325 verbis
1834 3274 2093 3342 consequi
2123 3250 2170 3315 Ο
2200 3246 2428 3342 Mil”?
2474 3244 2805 3342 “gf'a't'onfm
2846 3241 3341 3342 Ἶξσίδδίίυίίίηίφφίθ
3378 3239 3646 3338 ’παίξηκτο
3672 3236 3792 3291 ³³⁵⁸

506 3350 799 3406 valeamus.
845 3354 1074 3409 Carmen
1127 3368 1303 3413 autem
1339 3360 1443 3414 hoc
1472 3362 1643 3415 multo
1674 3363 2092 3431 pulcherrimum

504 3442 1031 3515 eruditissimumque
1071 3463 1136 3502 ex
1184 3448 1420 3506 Platonis
1471 3452 1585 3507 fere
1630 3453 1831 3509 Tinuco
1864 3455 2092 3511 mirabili

507 3533 722 3602 ingenio
752 3535 1126 3607 depromptum
1155 3550 1257 3595 est.

579 3624 648 3698 0]
676 3627 981 3698 lnterjectio
1010 3643 1089 3687 est
1118 3634 1435 3689 admirantis
1460 3635 1800 3702 immensam,
1834 3637 2091 3693 inﬁnitam

504 3730 556 3774 et
588 3719 1183 3791 incomprehensibilem
1217 3726 1308 3780 Dei
1340 3728 1700 3795 majeStatem.

576 3807 834 3877 Perpetua
863 3814 1081 3887 ratione]
1112 3814 1334 3871 IEterna
1365 3817 1737 3888 dispesitione,
1771 3822 2092 3890 sempiterna

505 3905 842 3973 providentia
1122 3928 1143 3952 ο

577 3997 754 4069 Sator]
784 3998 1029 4054 Creator.

581 4090 797 4160 Tempus
823 4092 884 4144 ab
919 4107 1023 4145 arvo
1053 4093 1127 4146 ire
1149 4095 1319 4167 jubes]
1367 4096 1424 4151 Id
1456 4106 1557 4160 est,
1585 4108 1708 4167 post
1753 4114 1923 4155 sevum
1954 4110 2091 4157 tem-

508 4194 606 4249 pus
633 4182 788 4250 quasi
820 4182 935 4251 ejus
967 4184 1252 4253 imaginem
1286 4187 1453 4243 fluere
1503 4191 1753 4258 imperas.
1798 4192 1920 4246 Tria
1951 4196 2092 4249 enim

507 4284 627 4326 cum
666 4274 794 4341 sint,
826 4276 1125 4345 teternitas,
1157 4293 1333 4334 aevum
1383 4292 1436 4337 et
1482 4291 1713 4353 tempus,
1744 4286 1974 4355 primum
2004 4303 2095 4343 eo-

507 4381 625 4421 rum
665 4368 832 4425 solius
884 4370 976 4425 Dei
1020 4380 1124 4439 est,
1155 4374 1243 4443 qni
1289 4390 1387 4430 nec
1422 4377 1738 4447 principium
1777 4381 1956 4445 habet,
1995 4397 2096 4437 nec

510 4460 697 4527 ﬁnem,
722 4464 814 4518 sed
847 4464 960 4534 ipse
990 4467 1313 4537 principium
1344 4477 1397 4523 et
1442 4468 1561 4525 linis
1590 4481 1671 4526 est
1700 4474 1960 4526 omnium.
1992 4474 2093 4527 Se-

507 4552 738 4607 cundum
766 4557 967 4623 angelis
1008 4560 1264 4614 tributum
1286 4564 1399 4627 est,
1429 4562 1517 4629 qui
1552 4563 1867 4631 principium
1895 4564 2094 4619 habent

506 4654 561 4698 et
592 4646 695 4699 line
722 4657 926 4711 carent,
951 4651 1091 4719 quod
1115 4662 1168 4706 et
1195 4654 1352 4706 rebus
1381 4654 1627 4708 omnibus
1658 4658 2094 4725 permanentibus

509 4736 666 4789 tribui
718 4754 929 4808 quoque
980 4741 1179 4797 debere
1240 4745 1511 4798 nonnullis
1564 4747 1781 4815 placuit.
1831 4750 2093 4816 Tertium,

507 4836 631 4895 puta
657 4837 885 4899 tempus,
912 4842 1184 4901 postremo
1216 4834 1335 4889 loco
1362 4846 1617 4891 statutum
1644 4847 1746 4903 est,
1770 4856 1953 4895 eorum
1978 4858 2097 4911 qua:

508 4927 562 4973 et
592 4924 925 4988 generationi
970 4937 1021 4978 et
1063 4929 1389 4997 corruptioni
1439 4940 1564 4985 sunt
1602 4932 1851 4997 obnoxia,
1885 4924 2099 4989 tametsi

507 5010 575 5065 ad
588 5011 690 5066 alia
711 5024 921 5083 quoque
944 5017 1312 5074 transferatur.
1338 5020 1573 5076 Joannes
1600 5022 1916 5077 Franciscus
1944 5024 2099 5080 Picus

454 5134 457 5137 ν
508 5102 707 5171 hymno
732 5107 904 5174 primo
924 5124 937 5159 :

632 5216 919 5287 [funginun
944 5223 1148 5282 primum
1174 5228 1368 5285 tempus
1402 5232 1517 5273 tunc
1539 5225 1683 5274 ﬂuxit
1707 5226 1766 5273 ab
1786 5239 1908 5287 aevo,

628 5280 699 5329 Ex
725 5280 859 5331 motu
884 5280 1075 5332 ﬂuitans
1099 5280 1344 5346 nunquam
1369 5288 1610 5336 cessantis
1635 5287 1847 5351 Olympi.

509 5388 735 5445 Timmus
766 5391 903 5459 apud
935 5390 1212 5448 Platonem
1242 5412 1253 5445 :
1278 5392 1404 5448 Cum
1433 5396 1589 5467 igitur
1620 5396 1839 5467 (inquit)
1866 5398 1963 5450 hoc
1993 5415 2022 5451 a
2044 5414 2098 5451 se

503 5481 692 5549 factum
743 5483 1107 5553 sempiternum
1174 5484 1385 5538 deorum
1444 5486 1776 5540 simulacrum
1826 5490 2009 5541 moveri
2051 5498 2096 5543 et

501 5574 661 5626 vivere
690 5583 833 5642 pater
863 5577 949 5630 ille
971 5578 1058 5650 qui
1104 5578 1307 5649 genuit,
1342 5564 1786 5645 animadverteret,
1821 5583 2097 5638 delectatus

505 5674 578 5717 est
610 5681 780 5735 Opere,
801 5677 847 5722 et
878 5668 974 5723 hac
1003 5677 1183 5724 ductus
1205 5669 1408 5735 latitia,
1432 5688 1559 5743 opus
1588 5688 1738 5725 suum
1769 5673 1931 5725 multo
1948 5675 2097 5727 etiam

510 5756 671 5825 magis
710 5760 875 5827 primo
925 5760 1003 5815 illi
1050 5763 1331 5830 exemplari
1371 5763 1537 5817 simile
1588 5764 1799 5817 reddere
1841 5765 2099 5835 cogitavit.

513 5843 695 5912 Itaque
736 5851 1159 5915 quemadmodum
1191 5854 1325 5908 illud
1366 5856 1731 5921 sempiternum
1773 5855 1967 5909 animal
2004 5866 2098 5924 est,

2200 3336 2463 3405 AgrLcola.
2502 3336 2663 3387 Divus
2720 3330 2965 3386 Aurelius
2994 3329 3343 3402 Augustinus,
3374 3328 3617 3381 omnium
3652 3342 3793 3381 mor-

2199 3430 2380 3483 talium
2433 3429 2587 3497 longe
2633 3426 3011 3491 doctissimus,
3055 3426 3146 3479 lib.
3201 3422 3615 3478 Confessionum
3663 3437 3700 3475 ιι
3739 3436 3792 3476 se

2198 3521 2447 3590 ignorare
2476 3520 2599 3589 quid
2634 3521 2677 3575 si
2712 3531 2920 3589 tempus
2948 3519 3259 3581 conﬁtetur,
3286 3517 3498 3571 tametsi
3537 3515 3719 3570 videat
3744 3514 3793 3569 id

2195 3612 2481 3681 quamdam
2525 3626 2644 3667 esse
2692 3611 3091 3666 distentionem.
3143 3610 3199 3663 In
3245 3609 3437 3663 eodem
3485 3608 3625 3662 libro
3658 3609 3795 3660 inter

2197 3704 2301 3757 alia
2333 3705 2589 3773 temporis
2622 3704 2949 3757 Platonicam
2981 3702 3488 3771 Aristotelicamque
3526 3700 3796 3756 definitio-

2197 3812 2317 3854 nem
2351 3796 2661 3863 improbans
2689 3813 2703 3849 :
2732 3796 2899 3850 Nemo
2950 3813 3093 3867 ergo,
3126 3797 3314 3865 inquit,
3347 3795 3473 3847 mihi
3512 3795 3654 3847 dicat
3691 3809 3791 3847 cm-

2198 3892 2399 3945 lestium
2421 3906 2693 3957 corporum
2717 3899 2882 3943 motus
2908 3906 3015 3944 esse
3036 3898 3283 3957 tempora,
3300 3888 3425 3958 quia
3447 3898 3492 3941 et
3523 3888 3795 3959 cujusdam

2196 3993 2308 4036 voto
2339 4000 2451 4037 cum
2480 3985 2559 4037 sol
2584 3984 2823 4049 stetisset,
2850 3993 2902 4035 ut
2932 3984 3091 4036 victor
3118 3980 3280 4037 Iosue
3309 3984 3548 4039 urtelium
3586 3999 3794 4053 perage-

2195 4084 2291 4138 ret,
2320 4076 2397 4128 sol
2426 4074 2611 4139 stabat,
2640 4076 2728 4128 sed
2760 4090 2956 4140 tempus
2982 4076 3107 4129 ibat.

2278 4165 2515 4239 Stabilis]
2541 4167 2801 4221 Marsilitts
2833 4167 3049 4222 Ficinus
3075 4168 3164 4221 lib.
3199 4167 3508 4237 Theologia:
3533 4184 3589 4222 ιιι
3618 4186 3630 4221 :
3660 4168 3792 4222 Deus

2197 4278 2284 4330 per
2336 4277 2389 4314 se
2437 4270 2630 4325 movet,
2692 4262 2895 4331 agitque
2949 4262 3149 4331 omnia,
3200 4262 3309 4329 ipse
3350 4262 3559 4332 quidem
3598 4260 3796 4314 stabilis

2196 4371 2285 4423 per
2313 4355 2574 4424 seipsqu
2603 4353 2837 4423 Baptista
2868 4352 3185 4410 Mantuanus
3214 4354 3266 4407 in
3314 4369 3371 4408 ιιι
3412 4354 3790 4409 Calamitatnm

2199 4445 2335 4500 libro
2368 4460 2381 4497 :

2322 4577 2420 4627 Sed
2446 4578 2601 4625 solum
2624 4578 2785 4628 videat
2805 4583 2993 4640 patrem
3010 4618 3025 4640 ,
3053 4586 3105 4629 et
3126 4584 3422 4629 reverenter
3445 4580 3639 4630 adoret.

2324 4642 2415 4697 Qui
2443 4642 2589 4689 sedet
2616 4649 2667 4689 et
2689 4642 2887 4691 stabilis
2908 4642 3011 4691 solo
3033 4653 3196 4691 movet
3221 4647 3380 4691 omnia
3406 4649 3552 4693 nutu.

2204 4742 2366 4798 Divus
2391 4745 2714 4809 Augustinus
2747 4746 2840 4800 lib.
2865 4746 3269 4801 Confessionum
3302 4764 3347 4800 ιε
3381 4747 3457 4800 Tu
3481 4760 3677 4812 autem,
3704 4747 3799 4801 Do-

2202 4838 2362 4901 mine,
2388 4838 2476 4905 qui
2507 4849 2552 4890 et
2574 4854 2769 4907 semper
2802 4839 2943 4900 vivis,
2976 4847 3021 4890 et
3044 4838 3171 4891 nihil
3218 4840 3435 4891 moritur
3478 4840 3533 4891 in
3565 4851 3640 4903 te,
3675 4854 3793 4906 quo-

2201 4930 2344 4983 niam
2369 4930 2656 5000 primordia
2681 4929 3008 4995 sa'culorum,
3037 4942 3083 4985 et
3112 4942 3228 4985 ante
3248 4948 3393 4985 omne
3435 4935 3576 5001 quod
3600 4933 3679 4985 vel
3707 4950 3798 4985 an-

2203 5028 2250 5072 te
2280 5021 2383 5073 dici
2413 5030 2597 5089 potest,
2623 5020 2702 5073 Tu
2726 5038 2796 5086 es,
2836 5033 2882 5075 et
2914 5019 3052 5074 Deus
3081 5039 3131 5075 es
3161 5023 3505 5094 Dominusque
3569 5025 3796 5077 omnium

2202 5127 2316 5181 qua:
2358 5112 2565 5175 creasti,
2596 5122 2644 5165 et
2666 5113 2811 5183 apud
2842 5122 2889 5166 te
2907 5128 3077 5165 rerum
3104 5117 3328 5167 omnium
3358 5116 3686 5168 mutabilium
3706 5116 3799 5165 im-

2205 5203 2477 5258 mutabiles
2502 5214 2707 5259 manent
2732 5206 2957 5272 origines
2975 5248 2989 5270 ,
3035 5214 3081 5259 et
3112 5206 3337 5258 omnium
3364 5208 3795 5259 irrationabilium

2202 5304 2252 5348 et
2276 5295 2633 5366 temporalium
2658 5296 2976 5366 sempiterna:
2992 5297 3157 5349 vivunt
3185 5298 3427 5352 rationes.
3458 5297 3795 5363 Psalmngra-

2206 5390 2343 5457 phus
2376 5408 2387 5441 :
2416 5389 2640 5441 Mutabis
2686 5404 2768 5453 ea,
2822 5398 2869 5441 et
2918 5388 3247 5442 mutabuntur
3296 5406 3314 5443 :
3364 5400 3419 5442 tu
3458 5399 3631 5443 autem
3661 5388 3791 5441 idem

2204 5486 2311 5555 ipse
2339 5501 2411 5538 es.
2467 5484 2631 5538 Divus
2678 5483 2911 5537 Jacobus
2964 5486 3238 5553 apostolus
3269 5503 3281 5537 :
3310 5486 3463 5556 Apud
3506 5503 3657 5557 quem
3696 5502 3791 5535 non

2201 5584 2273 5629 est
2295 5576 2671 5639 transmutatio,
2698 5591 2789 5627 nec
2807 5576 3171 5629 vicissitudinis
3211 5576 3550 5630 obumbratio.
3588 5578 3648 5630 Et
3681 5580 3790 5639 ipse

2204 5672 2341 5739 apud
2372 5671 2684 5726 Malacbiam
2731 5671 3043 5740 propbetam
3074 5684 3089 5725 :
3119 5667 3232 5741 Ego
3268 5668 3553 5735 Dominus,
3585 5670 3783 5739 inquit,

2204 5773 2250 5816 et
2282 5779 2381 5815 non
2408 5776 2593 5819 mutor.

2279 5855 2521 5910 Externa:
2540 5856 2727 5929 causa]
2760 5856 2816 5912 Id
2851 5866 2955 5925 est,
2988 5870 3162 5913 causa
3187 5863 3339 5911 extra
3360 5855 3593 5911 divinam
3636 5866 3758 5909 mea
