4010 6372
270 274 406 334 1025

1429 262 1809 324 MURMELLII
1847 260 2370 318 COMMENTARIA.

3406 253 3553 319 1026

271 399 372 447 tem
398 395 540 451 sitm,
591 398 713 440 cum
745 382 904 441 nullae
942 381 1149 448 torent,
1181 394 1282 437 nec
1309 381 1449 436 Deus
1493 385 1561 433 ab
1607 381 1715 434 ullo
1741 380 1846 464 alio
1874 377 1929 437 Α
1952 391 2051 472 vim
2078 385 2224 456 extra
2250 381 2574 449 relinqueret.
2619 377 2786 449 quue
2815 393 2878 432 ea
2915 376 3116 430 ratione
3141 375 3296 445 fecit:
3325 375 3549 446 primum

271 483 464 540 moveri
512 479 701 550 possit.
755 470 1075 533 Aristoteles
1124 486 1351 546 quatuor
1405 455 1845 545 posuit'causas,

272 573 462 646 quibus
493 569 671 627 omnia
705 569 836 624 tium
865 585 879 622 :
913 569 1162 638 primam,
1191 583 1309 637 qtue
1357 567 1608 623 movendi
1658 566 1858 634 princi-

272 667 411 736 pium
442 675 553 729 est;
583 662 905 728 secundam,
940 677 1000 716 ex
1035 676 1138 730 qua
1172 660 1230 714 tit
1253 660 1477 730 aliquid,
1511 675 1670 729 quam
1691 667 1857 714 mate-

272 759 398 814 riam
425 769 608 820 vocat;
633 756 867 819 tertiam,
892 755 1152 809 rationem
1177 769 1240 810 ac
1256 755 1513 824 speciem,
1538 770 1640 822 qua
1667 767 1859 806 unum-

270 849 514 922 quodque
561 847 855 913 formatur;
895 857 1172 918 quartam,
1210 847 1402 914 linem,
1437 857 1658 916 propter
1694 860 1856 914 quem

273 940 682 1011 unumquodque
734 938 983 994 efficitur.
1030 938 1123 994 His
1163 940 1402 1009 quintam
1446 937 1601 992 Plato
1650 935 1854 1007 adjicit,

271 1036 562 1102 exemplar,
602 1049 761 1103 quam
791 1031 951 1088 ιίδέαν
980 1040 1163 1096 vocat,
1218 1032 1320 1086 hoc
1369 1039 1453 1086 est
1497 1031 1640 1085 enim
1691 1031 1741 1083 id
1791 1029 1858 1084 ad

273 1127 409 1200 quod
458 1125 752 1195 respiciens
807 1124 1020 1192 opilex,
1066 1122 1120 1178 id
1165 1122 1306 1192 quod
1357 1123 1622 1202 destinat,
1670 1121 1855 1204 efﬁcit.

274 1219 412 1276 Deus
437 1226 612 1272 autem
646 1216 784 1270 intra
813 1229 872 1269 se
910 1229 1091 1269 rerum
1121 1213 1359 1268 omnium
1399 1211 1733 1281 exemplaria
1758 1212 1856 1264 ha-

272 1313 380 1370 bet.
424 1313 521 1368 Hic
546 1321 722 1366 autem
771 1307 1027 1363 mundum
1077 1322 1142 1362 ex
1186 1306 1354 1361 nihilo
1403 1305 1638 1371 creavit,
1699 1303 1900 1360 nullis‘

273 1406 507 1464 externis
526 1403 702 1458 causis
725 1401 1016 1464 excitatus,
1041 1398 1135 1454 sed
1167 1399 1234 1453 ad
1263 1399 1529 1452 internum
1556 1395 1853 1466 exemplar,

273 1510 328 1558 et
375 1508 591 1570 propter
628 1509 898 1552 summam
943 1493 1264 1550 bonitatem.
1314 1493 1378 1548 Et
1431 1493 1534 1548 hoc
1584 1501 1667 1547 est
1707 1489 1859 1560 quod
1899 1497 1901 1500 ‘

273 1592 472 1649 subdit.

349 1681 563 1755 Verum]
599 1681 728 1740 Sed.

343 1772 559 1846 Forma]
590 1774 730 1838 lilea,
759 1771 1053 1841 exemplar.

342 1866 548 1924 Summi
571 1867 685 1920 boni
714 1864 891 1938 insita]
922 1865 1172 1934 lnterna,
1205 1864 1349 1918 intus
1377 1865 1496 1918 sita.

341 1957 526 2016 Livore
563 1957 762 2030 carens]
801 1959 1008 2028 Expers
1059 1957 1291 2013 invidire.
1331 1956 1486 2011 Philo
1527 1955 1747 2012 Judaeus
1795 1971 1861 2011 ex

271 2055 538 2110 sententia
567 2053 730 2108 Mosae
753 2053 820 2108 de
847 2050 1027 2106 mundi
1051 2050 1328 2106 creatione
1350 2049 1614 2113 scribens,
1640 2050 1718 2103 ait
1745 2047 1863 2118 opi-

271 2147 425 2203 ficem
455 2162 634 2203 rerum
673 2148 910 2202 omnium
953 2145 1122 2200 Deum
1178 2144 1380 2200 bonum
1435 2158 1587 2208 esse,
1639 2158 1739 2198 nec
1769 2141 1861 2196 ulli

270 2256 458 2296 eorum
488 2255 610 2310 quae
638 2249 762 2293 sunt
808 2238 1072 2304 invidere,
1117 2248 1398 2307 propterea
1435 2236 1689 2291 mundum
1733 2251 1859 2291 con-
1903 2257 1905 2260 ·

269 2333 494 2390 didisse.
521 2332 756 2387 Timaeus
787 2345 921 2389 vero
971 2331 1275 2386 Platonicus
1305 2348 1318 2383 :
1353 2329 1620 2395 Dicamus,
1667 2329 1862 2400 inquit,

268 2443 428 2496 quam
454 2427 515 2480 ob
547 2427 872 2492 causamille
897 2442 1068 2479 rerum
1097 2433 1280 2479 auctor
1301 2424 1680 2496 generationem
1701 2437 1751 2477 et
1769 2423 1865 2476 hoc

268 2519 564 2574 universum
606 2518 886 2573 constituit.
918 2518 1093 2572 Bonus
1122 2526 1252 2571 erat.
1290 2515 1464 2570 Bonus
1507 2528 1678 2569 autem
1718 2516 1864 2568 nulla

268 2627 496 2679 unquam
540 2611 716 2677 aliqua
745 2601 807 2664 de
837 2627 893 2665 re
922 2610 1118 2665 invidia
1161 2611 1408 2678 tangitur.
1439 2607 1579 2679 Ergo
1603 2623 1719 2661 cnm
1740 2607 1868 2664 livor

267 2702 335 2756 ab
360 2720 419 2757 eo
447 2703 794 2757 alienissimus
821 2711 982 2768 esset,
1005 2703 1177 2756 omnia
1207 2701 1300 2756 sibi
1330 2701 1600 2772 (quantum
1627 2700 1743 2770 fieri
1773 2717 1867 2771 ρο·
1903 2721 1906 2726 ’

269 2797 459 2863 terant)
487 2795 750 2850 simillima
780 2796 891 2864 ﬁeri
937 2794 1127 2848 voluit.
1152 2794 1217 2848 Et
1248 2801 1369 2863 post
1399 2807 1566 2862 pauca
1603 2809 1615 2845 :
1649 2791 1869 2847 Totum-

265 2903 366 2957 que
394 2888 471 2940 ita
512 2887 763 2941 mundum
808 2887 1090 2952 constituit,
1133 2894 1188 2940 ut
1230 2886 1631 2957 pulcherrimum
1679 2895 1867 2940 natura

267 2998 421 3052 opus,
454 2981 804 3052 optimumque
832 2986 984 3052 foret.

343 3074 524 3146 Ducis]
547 3076 822 3132 Producis.

347 3170 422 3225 Ab
450 3171 682 3242 exemplo
709 3169 960 3244 superno]
993 3171 1070 3226 Ex
1106 3181 1307 3227 mterna
1335 3171 1476 3228 idea.
1513 3171 1652 3227 Sunt
1680 3177 1858 3225 autem
1887 3150 1934 3216 (ἶ

269 3263 409 3318 idem
463 3263 785 3333 principales
815 3263 1062 3333 quaedam
1095 3263 1314 3330 ferulae,
1372 3271 1428 3320 et
1478 3273 1720 3329 ceterum,
1749 3277 1866 3332 quae

269 3354 475 3422 divina,
503 3355 851 3426 intelligentia
880 3357 1243 3422 continentur,
1276 3367 1333 3411 ut
1353 3357 1684 3426 Augustinus
1713 3357 1785 3410 ait
1812 3355 1866 3410 in

267 3450 414 3506 libro
444 3453 715 3522 octoginta
771 3453 929 3506 trium
973 3454 1373 3521 Quaestionum:
1405 3467 1526 3521 qua:
1567 3465 1690 3506 cum
1739 3451 1869 3518 ipsae

267 3559 378 3600 nec
405 3545 664 3610 oriantur,
699 3560 874 3616 neque
901 3545 1196 3608 intereant,
1242 3545 1533 3600 secundum
1565 3559 1657 3598 eas
1688 3553 1867 3598 tamen

269 3637 494 3693 formari
521 3637 716 3692 dicitur
743 3654 902 3692 omne
931 3638 1072 3708 quod
1103 3635 1233 3692 oriri
1265 3647 1314 3692 et
1347 3636 1569 3691 interire
1595 3643 1790 3704 potest,
1817 3643 1869 3686 et

268 3747 434 3788 omne
461 3731 602 3802 quod
623 3732 794 3786 oritur
820 3741 875 3785 et
900 3731 1107 3786 interit.
1130 3730 1267 3785 Sunt
1297 3741 1474 3784 autem
1498 3731 1580 3782 hac
1603 3729 1654 3781 in
1690 3739 1869 3780 mente

268 3825 456 3882 divina
485 3835 539 3881 et
567 3825 890 3896 exemplaria
934 3825 1038 3880 dici
1073 3835 1324 3892 possunt,
1379 3833 1596 3878 auctore
1628 3821 1830 3876 Thoma
1851 3865 1865 3889 ,

267 3934 376 3990 qua
404 3918 480 3989 (ut
512 3919 710 3988 inquit)
754 3911 936 3974 rerum
988 3919 1236 3973 factionis
1281 3917 1538 3988 principia
1579 3925 1748 3972 sunt:
1783 3931 1869 3971 ra-

269 4013 449 4068 tiones
468 4028 598 4067 vero
628 4013 910 4075 habentur,
943 4027 1046 4083 qua
1075 4012 1326 4066 dicuntur
1348 4009 1618 4082 principia
1662 4011 1864 4077 cog‘no-
1903 4011 1906 4014 ’

267 4103 482 4162 scendi.
538 4103 976 4174 Quandoquidem
1031 4107 1142 4172 ipse
1200 4102 1342 4158 Deus
1395 4104 1684 4157 essentiam
1716 4114 1868 4154 suam

269 4199 422 4254 omni
463 4212 568 4266 quo
591 4197 842 4267 cognosci
873 4205 1048 4266 potest
1090 4196 1270 4262 modo,
1299 4195 1532 4264 perfecte
1562 4193 1866 4262 cognoscit,

268 4299 329 4345 et
358 4304 467 4344 non
487 4287 659 4342 solum
689 4304 791 4357 qua
821 4289 872 4342 in
897 4304 955 4342 se
977 4297 1085 4352 est,
1121 4285 1213 4342 sed
1245 4303 1346 4357 qua
1379 4287 1688 4356 participari
1721 4285 1868 4340 simi-

271 4382 504 4438 litudine
531 4383 759 4452 quadam
789 4398 818 4436 a
862 4383 1026 4438 rebus
1048 4381 1244 4461 creatis
1276 4389 1452 4450 potest
1481 4398 1494 4436 :
1526 4380 1869 4450 Quaecunque

271 4488 412 4531 vero
442 4482 618 4529 creata
657 4483 806 4540 sunt,
835 4475 1101 4544 propriam
1133 4472 1332 4528 habent
1360 4472 1592 4541 speciem
1613 4513 1626 4537 ,
1661 4488 1764 4542 qua
1795 4474 1865 4528 si-

270 4567 637 4623 militudinem
661 4567 858 4622 divinae
887 4569 1135 4623 essentiae
1166 4568 1508 4637 participant.
1784 4577 1787 4580 '

351 4657 639 4713 Pulchrum
673 4656 1046 4722 pulcherrimus
1072 4657 1202 4730 ipse]
1234 4657 1468 4714 Titnmus
1511 4658 1816 4715 Platonicus
1851 4674 1866 4716 :

269 4751 411 4806 Cum
438 4767 554 4805 vero
576 4759 624 4804 et
655 4752 873 4806 mundus
902 4753 1130 4807 omnium
1168 4751 1458 4822 genitorum
1496 4752 1870 4822 pulcherrimus

266 4846 364 4910 sit,
398 4855 444 4898 et
467 4845 576 4915 ejus
607 4853 785 4900 auctor
813 4860 1084 4899 causarum
1107 4846 1337 4900 omnium
1381 4846 1623 4915 cptintus,
1657 4846 1870 4901 dubium

265 4955 382 4994 non
419 4947 490 4992 est
519 4940 642 5008 quin
686 4941 1044 5012 sempiternum
1087 4944 1150 4995 sit
1180 4952 1385 4996 secutus
1423 4941 1732 5014 etcentplum.
1779 4943 1870 4998 Sic

261 5031 436 5104 igitur
458 5039 758 5102 generatus,
809 5033 877 5085 ad
919 5032 975 5086 id
1017 5033 1247 5102 e/I‘ectus,
1299 5036 1437 5104 quod
1485 5035 1683 5089 ratione
1709 5046 1756 5089 et
1782 5052 1871 5090 sa-

259 5125 476 5199 pientia
501 5124 616 5181 sola
654 5125 1013 5197 comprehendi
1049 5137 1246 5198 potest,
1292 5138 1338 5182 et
1371 5129 1705 5184 immutabile
1750 5145 1869 5198 per-

261 5227 470 5275 manet.

346 5311 716 5386 Perfectasque
731 5311 936 5386 iubens]
967 5315 1109 5371 Urdo
1145 5322 1228 5370 est
1255 5331 1269 5368 :
1297 5315 1361 5370 Et
1388 5317 1544 5386 juhes
1571 5317 1867 5388 perlectum

260 5406 540 5463 mundum
576 5408 887 5474 absolvere,
945 5407 996 5462 id
1045 5415 1130 5464 est
1164 5408 1434 5464 absolutas
1466 5410 1666 5466 habere
1694 5421 1871 5482 partes

255 5499 566 5574 perfectas.
599 5500 741 5556 Idem
782 5501 1016 5556 Timaeus
1047 5518 1061 5554 :
1089 5503 1325 5568 Quatuor
1367 5505 1523 5572 igitur
1566 5522 1740 5561 earum
1789 5517 1893 5562 re-'

251 5610 393 5650 rant
444 5593 720 5664 quamlibet
761 5597 1008 5665 integram
1058 5595 1279 5648 mundus
1325 5598 1538 5666 accepit.
1601 5599 1683 5653 Ea:
1730 5602 1872 5654 omni

250 5686 470 5759 quippe
507 5685 638 5756 igni,
660 5701 799 5753 aere,
843 5701 998 5754 aqua,
1032 5694 1198 5751 terra,
1240 5685 1404 5754 ipsius
1434 5687 1575 5757 faber
1598 5689 1672 5742 ita
1701 5692 1870 5760 ipsum

248 5781 589 5854 composuit,
620 5790 675 5836 ut
722 5780 922 5837 nullam
945 5783 1251 5853 cujusquam
1282 5780 1498 5838 istorum
1549 5795 1742 5852 partem
1783 5796 1872 5841 aut

1893 4543 1949 4605 Ι)

1957 461 2162 539 quidem
2177 461 2202 536 ,’
2217 480 2272 523 ut
2303 481 2458 524 totum
2486 473 2581 526 hoc
2611 474 2809 527 animal
2836 488 2987 541 quam
3026 470 3246 524 maxime
3271 467 3552 540 perfectum

1959 576 2022 615 ea:
2045 563 2283 632 perfectis
2317 559 2556 632 partibus’
2575 571 2700 618 esset
2731 579 2750 618 :
2779 564 2969 618 deinde
2991 571 3045 616 ut
3072 573 3199 616 esset
3229 576 3410 628 unum,
3433 575 3550 614 cum
3589 571 3591 574 '

1961 655 2090 711 nihil
2113 667 2258 710 extra
2285 658 2522 711 relictum
2574 659 2754 727 fuerit,
2782 676 2844 713 ea:
2869 675 2968 728 quo
2993 659 3207 713 alterum
3246 666 3513 731 generetur
3531 673 3556 724 ;

1962 759 2234 818 postremo,
2279 767 2342 804 ne
2390 751 2505 820 quis
2539 751 2711 821 ipsum
2760 751 2986 817 morbus,
3014 760 3105 805 aut
3133 750 3555 824 senectus‘attin-

1959 852 2119 912 geret.
2301 861 2303 863 ί
3390 847 3393 852 ’

2032 931 2115 986 Tu
2142 932 2368 987 numeris
2387 932 2634 988 elementa
2654 933 2806 1006 ligas]
2835 934 3068 990 Timaeus
3084 935 3224 990 idem
3254 953 3271 991 :
3295 935 3571 1002 Quaniant'

1961 1038 2079 1078 vero
2120 1040 2411 1094 corporeus.
2463 1025 2849 1096 spectabilisque
2902 1036 2950 1080 et
2999 1027 3284 1082 tractabilis
3331 1027 3554 1082 mundus

1961 1124 2068 1170 erat
2115 1117 2344 1192 futurus,
2373 1133 2432 1170 ac
2466 1118 2578 1172 sine
2604 1117 2713 1190 igni
2736 1109 2906 1171 videri
2949 1110 3082 1172 nihil
3110 1129 3292 1189 potest,
3329 1119 3556 1188 nihilque

1960 1209 2072 1264 sine
2097 1209 2264 1264 solido
2293 1210 2454 1281 tangi,
2496 1219 2543 1264 et
2567 1203 2793 1263 solidum
2820 1210 3007 1280 absque
3035 1219 3172 1265 terra
3197 1211 3349 1277 nihil,
3366 1211 3480 1267 ideo
3500 1212 3555 1266 in
3590 1243 3596 1250 -

1964 1304 2132 1372 aperis
2188 1304 2342 1376 huius
2389 1304 2602 1358 exordio
2653 1295 2789 1356 Deus
2837 1303 3007 1374 ignem
3058 1306 3224 1375 primo
3269 1313 3555 1373 terramque

1961 1401 2171 1456 creavit.
2197 1400 2303 1455 Sed
2329 1401 2433 1454 duo
2458 1400 2571 1454 sola
2610 1400 2800 1469 absque
2848 1401 2994 1455 tertio
3035 1401 3254 1469 quodam
3295 1402 3556 1456 commode

1964 1489 2222 1545 cohcerere
2266 1507 2369 1545 non
2415 1503 2649 1562 possunt,
2702 1492 3022 1564 mediumque
3059 1492 3268 1563 aliquod
3296 1493 3556 1547 vinculum

1963 1592 2290 1654 utrorumque
2333 1585 2643 1640 desiderant.
2681 1584 2960 1640 Vinculum
2987 1602 3104 1640 vero
3143 1586 3198 1640 id
3234 1595 3310 1640 est
3343 1586 3556 1655 aptissi~

1963 1705 2106 1743 mum
2139 1698 2294 1760 atque
2341 1687 2740 1757 pulcherrimum
2771 1704 2835 1743 ea:
2873 1705 2928 1744 se
2956 1697 3004 1742 et
3045 1689 3109 1743 iis
3149 1705 3262 1760 quae
3301 1689 3561 1760 astringit,

1891 1762 1942 1824 Β
1972 1797 2132 1851 quam
2160 1782 2380 1836 maxime
2405 1797 2569 1835 unum
2591 1781 2757 1850 efficit.
2793 1779 2907 1834 Hoc
2933 1782 3152 1842 maxime
3181 1781 3442 1850 proportio
3475 1797 3563 1834 ra-

1966 1875 2137 1944 tioque
2165 1867 2380 1928 alterntc
2406 1873 2810 1944 comparationis
2850 1873 3157 1943 assequitur.
3190 1873 3409 1941 Quando
3427 1873 3562 1927 enim

1965 1967 2020 2018 in
2049 1966 2209 2019 tribus
2243 1968 2474 2019 numeris
2503 1975 2593 2018 aut
2634 1965 2871 2032 molibus,
2901 1975 2991 2019 aut
3018 1965 3206 2021 viribus
3240 1967 3465 2021 medium
3489 1967 3564 2023 ita

1965 2072 2019 2110 se
2049 2056 2197 2110 habet
2228 2058 2295 2109 ad
2327 2068 2660 2123 postremum,
2705 2066 2760 2110 ut
2789 2058 3013 2126 primum
3038 2059 3106 2112 ad
3128 2047 3378 2126 medium,
3416 2062 3565 2115 vicis-
3591 2073 3597 2092 '-

1965 2149 2160 2218 simque
2213 2157 2265 2202 ut
2305 2159 2617 2221 postremum
2661 2166 2778 2203 cum
2825 2149 3011 2217 medio,
3071 2151 3142 2204 ita
3179 2151 3404 2206 medium
3447 2163 3597 2206 cum'

1967 2241 2135 2311 primo
2162 2243 2422 2313 congruit,
2455 2253 2574 2295 tunc
2599 2242 2737 2314 quod
2765 2244 2987 2296 medium
3016 2254 3119 2308 est,
3168 2255 3216 2297 et
3260 2245 3478 2315 primum
3511 2244 3565 2305 lit

1967 2344 2016 2388 et
2044 2323 2388 2403 postremum,
2419 2326 2750 2404 postremum
2793 2326 3002 2406 quoque.
3041 2345 3088 2390 et
3132 2336 3565 2406 primunt'media

1968 2429 2122 2496 ﬁunt.
2155 2425 2240 2480 Ita
2270 2429 2550 2482 necessitas
2579 2428 2735 2498 cogit,
2777 2438 2833 2481 ut
2879 2430 3051 2482 omnia
3079 2442 3194 2498 qua:
3238 2429 3308 2480 sic
3336 2427 3569 2482 devincta

1971 2525 2182 2594 fuerint,
2215 2527 2392 2577 eadem
2445 2524 2579 2576 inter
2624 2539 2679 2576 se
2715 2523 2836 2577 sint.
2866 2521 3063 2577 Eadem
3107 2539 3224 2576 vero
3272 2537 3384 2576 cum
3432 2522 3568 2592 facta

1970 2617 2094 2682 sint,
2128 2615 2364 2685 eﬂicitur,
2399 2624 2453 2666 ut
2485 2615 2660 2668 omnia
2708 2614 2811 2667 sint
2841 2629 3020 2667 unum.
3075 2596 3226 2680 Quod
3262 2615 3304 2666 si
3347 2611 3568 2666 universi

1969 2727 2156 2778 corpus
2185 2709 2510 2763 latitudinem
2549 2709 2736 2762 habere
2764 2707 3036 2768 debuissr-t,
3080 2705 3283 2759 nullam
3309 2721 3426 2759 vero
3450 2718 3568 2776 pro-

1973 2803 2299 2874 funditatem,
2330 2816 2492 2854 unum
2524 2816 2648 2854 sane
2677 2809 2785 2854 tum
2833 2799 2904 2851 ad
2953 2799 3174 2865 seipsunt
3197 2838 3212 2863 ,
3241 2807 3346 2850 tum
3376 2798 3444 2852 ad
3473 2813 3566 2852 ea:-

1971 2906 2136 2951 trema
2176 2894 2444 2951 uincienda
2493 2893 2818 2962 interjectum
2863 2893 3092 2947 medium
3131 2889 3425 2959 stt/fecisset.
3462 2889 3569 2947 Sed

1903 2981 1905 2984 ’
1974 2979 2090 3044 cum
2123 2986 2437 3043 soliditatem
2485 2979 2709 3040 mundus
2763 2985 3067 3056 requireret,
3110 2984 3282 3038 solida
3310 2998 3426 3037 vero
3468 2997 3568 3036 non

1972 3099 2098 3149 uno,
2129 3083 2221 3138 sed
2248 3082 2446 3136 duobus
2475 3096 2674 3148 semper
2702 3080 2885 3135 mediis
2904 3069 3234 3147 copulentur,
3257 3073 3570 3147 interignem

1971 3186 2018 3232 et
2047 3184 2234 3232 terram
2262 3175 2400 3230 Deus
2429 3191 2596 3228 aerem
2617 3189 2903 3244 aquamque
2933 3171 3136 3235 locavit,
3167 3187 3322 3239 eaque
3340 3165 3414 3223 ita
3439 3171 3570 3223 inter

1971 3287 2026 3325 se
2064 3269 2278 3324 invicem
2308 3268 2502 3339 (quoad
2530 3267 2644 3337 ﬁeri
2677 3266 2893 3335 poterat)
2923 3263 3266 3335 comparavit,
3296 3269 3350 3314 ut
3389 3276 3569 3333 quem-

1972 3363 2255 3418 admodum
2295 3362 2428 3431 ignis
2472 3361 2540 3414 ad
2562 3355 2766 3425 aerem,
2798 3359 2872 3413 ita
2911 3375 3000 3412 aer
3034 3359 3099 3410 ad
3130 3373 3316 3426 aquam
3351 3373 3368 3410 :
3400 3366 3453 3408 ut
3481 3372 3571 3410 aer

1972 3455 2043 3510 ad
2065 3471 2266 3526 aquam,
2297 3454 2370 3506 sic
2395 3469 2526 3520 aqua
2554 3452 2622 3505 ad
2650 3461 2840 3504 terram
2866 3465 3094 3520 congrue
3115 3450 3429 3521 conferatur.
3457 3447 3573 3526 Qua

1973 3563 2038 3601 ea:
2077 3521 2434 3617 conjunctione
2474 3545 2546 3598 ita
2588 3539 2895 3596 constitutus
2926 3552 2997 3596 est
3037 3543 3286 3608 mundus,
3331 3551 3387 3594 ut
3407 3521 3577 3610 aspici

1974 3641 2221 3710 tongiqne
2251 3637 2430 3706 possit.
2467 3635 2752 3704 Propterea
2773 3651 2834 3690 ea:
2862 3633 3162 3703 hujnsmodi
3184 3634 3333 3688 rebus
3363 3647 3570 3687 numero

1974 3743 2196 3799 quatuor
2229 3729 2406 3781 mundi
2444 3744 2630 3794 corpus
2680 3729 2955 3798 con/latum
3005 3734 3109 3788 est,
3166 3743 3225 3777 ea
3283 3741 3574 3778 cannarum-

1974 3821 2381 3891 comparatione,
2415 3835 2518 3886 qna
2546 3819 2672 3872 dixi.
2709 3816 2790 3871 Ea:
2813 3833 2912 3886 quo
2941 3816 3162 3886 seipsunt
3202 3817 3427 3868 amicitia
3450 3831 3570 3868 con-

1976 3914 2122 3969 cordi
2147 3910 2528 3982 complectitur,
2562 3921 2717 3980 atque
2745 3910 2816 3963 ita
2853 3919 2972 3976 apte
3001 3908 3241 3973 coha’ret,
3273 3918 3326 3961 ut
3355 3908 3569 3978 nequeat

1975 4009 2188 4064 dissolvi
2216 4007 2326 4062 ullo
2351 4006 2523 4072 modo,
2557 4005 2653 4060 nisi
2680 4005 2744 4058 ab
2765 4005 2943 4059 eodem
2973 4019 3004 4054 a
3026 4018 3125 4072 quo
3147 4011 3220 4056 est
3249 4001 3566 4071 colligatum.
3598 4029 3604 4042 ο

1976 4105 2270 4162 Severinus
2295 4084 2505 4169 noster,
2529 4099 2622 4155 tib.
2653 4099 2722 4154 do
2755 4097 2952 4152 Musica
2984 4113 3020 4162 t,
3050 4110 3170 4164 cap.
3195 4095 3229 4148 2
3261 4110 3275 4150 :
3303 4093 3430 4147 Jam
3455 4108 3568 4146 vero
3595 4103 3601 4110 '

1974 4207 2193 4270 quatuor
2218 4197 2578 4252 elementorum
2608 4194 2922 4246 diversitates
2969 4189 3352 4258 contrariosque
3394 4197 3571 4256 poten-

1976 4292 2094 4359 tias,
2119 4290 2217 4345 nisi
2239 4291 2478 4360 quaedam
2505 4286 2774 4341 harmonia
2814 4286 3166 4355 conjungeret,
3186 4281 3274 4352 qui
3307 4281 3419 4351 ﬁeri
3453 4296 3571 4348 pos-

1973 4394 2047 4439 set
2073 4393 2127 4438 ut
2171 4384 2224 4438 in
2261 4399 2418 4437 unum
2441 4397 2628 4450 corpus
2657 4397 2717 4433 ac
2748 4379 3038 4432 machinam
3069 4377 3389 4431 convenirent
3415 4379 3438 4430 ξ)
3466 4375 3571 4432 Sed

1977 4477 2084 4534 lucc
2114 4477 2278 4532 omnis
2319 4475 2582 4530 diversitas
2617 4474 2692 4527 ita
2721 4480 2767 4526 et
2799 4482 3084 4540 temporum
3113 4469 3406 4523 varietatem
3435 4470 3571 4537 parit

1974 4581 2021 4626 et
2043 4575 2325 4643 fructuum,
2353 4578 2405 4624 ut
2429 4579 2596 4622 tamen
2619 4582 2776 4620 unum
2807 4566 2930 4619 anni
2951 4579 3136 4634 corpus
3178 4563 3382 4633 efﬁciat.
3421 4561 3573 4617 Unde
3602 4604 3609 4611 .

1975 4665 2019 4720 si
2046 4665 2172 4734 quid
2193 4665 2377 4718 horum
2398 4679 2512 4735 qua:
2538 4672 2736 4717 tantam
2759 4661 3059 4714 varietatem
3089 4659 3237 4713 rebus
3260 4658 3572 4722 ministrant,

1976 4757 2152 4811 animo
2176 4768 2222 4811 et
2249 4757 2555 4828 cogitatione
2578 4755 2865 4826 discerptis,
2896 4762 3077 4807 cuncta
3118 4760 3347 4822 pereant,
3377 4767 3470 4805 nec
3495 4749 3573 4822 (ut
3623 4803 3629 4814 ,

1977 4849 2051 4902 ita
2081 4847 2275 4920 dicam)
2312 4865 2592 4902 consonant
2615 4849 2895 4918 quidquam
2917 4857 3130 4902 servent.
3158 4844 3227 4899 Et
3245 4855 3296 4900 ut
3329 4847 3380 4898 in
3405 4846 3574 4917 gravi-
3627 4829 3633 4846 ⁵

1980 4935 2072 4995 bus
2099 4941 2307 4996 chordis
2345 4940 2427 4994 hic
2458 4942 2591 4995 vocis
2622 4941 2802 4994 modus
2831 4949 2931 5007 cst,
2977 4949 3031 4994 ut
3078 4956 3178 4992 non
3212 4938 3280 4992 ad
3308 4937 3574 4990 taciturni-

1982 5043 2131 5087 tatem
2190 5034 2413 5104 gravitas
2446 5049 2600 5104 nsque
2637 5034 2944 5100 descendat,
2997 5044 3149 5104 atque
3189 5032 3243 5086 in
3277 5030 3440 5084 acutis
3487 5029 3575 5084 ille

1980 5127 2264 5181 custoditur
2299 5113 2554 5180 acuminis
2591 5127 2793 5196 modus,
2830 5144 2888 5182 ne
2921 5127 3057 5181 nervi
3085 5125 3297 5180 nimium
3329 5123 3457 5177 (ensi
3489 5132 3577 5172 vo-
3613 5194 3615 5196 _

1916 5235 1918 5238 '
1978 5223 2050 5276 cis
2081 5223 2328 5276 tenuitate
2376 5234 2702 5294 rumpantur,
2742 5223 2831 5277 sed
2863 5233 3021 5276 totum
3061 5219 3154 5274 sibi
3197 5218 3261 5272 sit
3308 5228 3573 5272 consenta-

1983 5328 2132 5368 neum
2157 5323 2307 5386 atque
2326 5315 2646 5382 conveniens,
2672 5317 2743 5368 ita
2765 5317 2916 5369 etiam
2945 5317 2996 5367 in
3026 5311 3202 5367 mundi
3235 5311 3430 5366 musica
3460 5326 3576 5382 per-

1982 5412 2210 5466 videmus
2233 5411 2362 5464 nihil
2390 5412 2459 5463 ita
2489 5427 2597 5464 esse
2618 5410 2828 5462 nimium
2850 5425 3013 5481 posse.
3048 5417 3098 5461 ut
3128 5406 3343 5460 alterum
3369 5408 3576 5478 propria

1982 5507 2240 5561 nimietate
2290 5506 2557 5560 dissolvat.
2593 5503 2780 5558 Verum
2837 5502 3086 5574 quidquid
3145 5500 3278 5555 illud
3329 5511 3430 5569 est,
3488 5487 3618 5555 (titl-

1977 5616 2097 5654 suos
2121 5599 2269 5668 a/fert
2288 5603 2613 5669 fructus,ant
2641 5598 2758 5651 aliis
2783 5596 3067 5650 auxiliatur
3088 5607 3140 5650 ut
3172 5598 3414 5664 a/fernnt.
3442 5596 3575 5651 Nam

1979 5696 2120 5766 quod
2146 5697 2445 5765 constringit
2472 5695 2651 5758 hiems,
2685 5709 2767 5747 ver
2789 5694 2952 5760 laxat,
2980 5704 3135 5748 torret
3157 5703 3330 5760 aestas,
3352 5702 3572 5746 maturat
3618 5677 3622 5684 ’

1981 5799 2281 5858 autumnus,
2318 5797 2646 5859 temporaque
2693 5787 2912 5843 vicissim
2949 5789 3027 5846 vel
3064 5786 3178 5861 ipsa
3205 5804 3322 5844 suos
3351 5785 3573 5856 aﬂ'erttnl

2874 5924 2984 5935 ενι-’-
