4010 6372
451 345 588 437 tos‘t

1110 365 1454 426 APPENDIX
1492 364 1584 424 AD
1623 365 1866 424 LIBROS
1903 365 1993 424 DE
2031 363 2556 424 CONSOLATIONE
2587 364 3086 426 PHILOSOPHLE.

3593 374 3704 432 1028

447 466 678 535 fructus.
727 461 805 520 uel
826 461 975 528 aliis,
1015 469 1071 514 ut
1093 460 1346 530 aﬁ'erant,
1375 459 1785 517 subministrant.
1817 459 1895 517 De
1931 459 2042 516 ele-
2067 462 2120 526 Δ
2147 457 2246 512 bile
2275 459 2466 530 factum
2492 468 2589 525 est,
2617 460 2789 514 animo
2814 475 2930 513 vero
2961 459 3228 514 oculorum
3251 461 3430 534 effugit
3461 464 3703 534 obtuitum,

451 557 871 624 mentorum'per
899 568 1151 610 numeros
1171 552 1528 621 connexione,
1561 551 1710 621 plura
1743 553 1859 624 lege
1893 551 2036 624 apud

2141 554 2358 610 rationis
2386 563 2433 608 et
2483 553 2846 610 modulaminis
2877 569 3113 626 compos,
3155 556 3217 609 ab
3249 567 3456 612 auctore
3499 576 3589 612 suo
3620 577 3706 615 om-

449 648 776 704 Macrobium
803 661 936 702 sane
979 661 1140 717 quam
1167 644 1400 716 jucunda
1431 645 1483 701 in
1512 661 1530 700 ι
1560 645 1656 701 lib.
1689 643 2036 704 Commenta-
2139 646 2303 712 nium,
2330 663 2446 718 quae
2471 662 2669 716 semper
2689 655 2843 713 sunt,
2872 656 2920 701 et
2947 648 3014 700 ad
3037 649 3428 721 intelligentiam
3457 658 3708 724 pertinent,

449 743 672 810 riorum,
706 756 839 812 quos
871 741 922 796 in
953 740 1222 810 Scipionis
1253 739 1533 797 Somnium
1559 741 1884 811 composuit.

394 900 396 903 ι
518 825 791 904 Numerus]
845 833 1201 900 Quaternario
1251 832 1645 888 elementorum
1702 847 1926 888 numero
1985 841 2040 889 et

447 930 683 988 ternario
711 930 1147 990 iuterstitiorum.
1188 929 1382 987 Tribus
1403 930 1546 986 enim
1574 928 1878 986 iuterstitiis
1902 943 2036 986 con-

448 1025 854 1082 venientissima
891 1034 1120 1095 quatuor
1140 1040 1382 1082 connexa
1428 1032 1553 1080 sunt
1577 1025 1869 1093 elementa,
1902 1041 2040 1096 quo-

447 1133 568 1174 rum
597 1117 828 1188 primum
855 1126 937 1174 est
979 1132 1010 1172 a
1055 1120 1196 1176 terra
1253 1117 1320 1172 ad
1361 1132 1577 1186 aquam,
1624 1116 1927 1176 secundo
1969 1117 2038 1179 ab

447 1225 583 1282 aqa
613 1210 681 1270 ad
702 1225 907 1278 aerem,
937 1210 1152 1268 tertium
1179 1209 1248 1264 ab
1274 1223 1398 1269 aere
1423 1211 1491 1266 ad
1516 1209 1717 1280 ignem.

517 1303 743 1376 Frigora
767 1303 1011 1377 ﬂammis]
1044 1301 1256 1375 Frigida
1277 1303 1505 1376 calldis.,

521 1397 706 1471 Arida]
729 1396 904 1459 Sicca.

520 1489 782 1562 Liquidisl
809 1489 1073 1546 liumidis.

519 1581 736 1658 Purior]
761 1584 1056 1642 Sincerior.

522 1679 724 1753 Evolat]
755 1681 914 1736 Extra
943 1680 1120 1737 locum
1153 1677 1525 1751 praescriptum
1555 1676 1718 1734 nimia
1749 1676 2033 1748 gravitate.

519 1771 814 1845 Deducam]
844 1773 1178 1843 Deprimaut.

2143 739 2361 807 optimo,
2409 739 2526 809 ipsa
2561 754 2761 810 quoque
2789 737 2980 809 Optima
3019 743 3248 796 omnium
3275 758 3391 813 quo:
3412 747 3583 815 genita
3612 756 3713 804 sunt

2143 827 2328 896 effecta
2819 837 2836 848 '

2214 920 2364 994 ante]
2397 922 2578 978 Mundi
2608 924 2808 982 anima.

2213 1011 2388 1085 Secta]
2417 1015 2596 1072 Divisa
2625 1018 2679 1074 in
2710 1018 2816 1076 duo
2835 1035 2955 1090 qum
2985 1021 3214 1079 refertur
3234 1023 3301 1080 ad
3324 1035 3551 1084 motum.

2213 1105 2550 1182 Glomeravit]
2576 1112 2963 1170 ()rbiculariter
2981 1116 3107 1186 egit.

2212 1201 2279 1256 In
2309 1203 2454 1257 orbes
2494 1203 2645 1276 duos]
2674 1205 2726 1262 In
2753 1207 2998 1277 geminos
3023 1210 3282 1279 circulos,
3313 1225 3438 1281 puta
3471 1215 3524 1268 in
3554 1215 3712 1272 firma-

2144 1305 2382 1352 mentum
2416 1313 2520 1353 uoi
2553 1314 2761 1368 errans,
2790 1310 2845 1357 et
2885 1302 2938 1357 in
2985 1304 3144 1361 orbes
3188 1310 3592 1377 pervagantium
3617 1312 3714 1380 pla-

2157 1397 2425 1446 netarum.
2459 1390 2648 1446 Anima
2691 1393 2876 1448 mundi
2917 1396 3051 1452 adeo
3092 1401 3355 1466 processit
3385 1398 3638 1469 perlecta,
3667 1414 3715 1459 ut

2143 1497 2295 1539 suam
2343 1483 2514 1540 ferme
2556 1485 2732 1542 idenm
2771 1488 3094 1558 impleverit.
3139 1491 3342 1547 Divisio
3390 1494 3442 1547 in
3512 1495 3711 1566 longum

2149 1574 2386 1630 ostendit
2430 1579 2704 1647 proprium
2760 1579 2950 1634 anima:
2995 1591 3195 1636 motum
3241 1588 3556 1642 naturaliter
3605 1605 3710 1646 esse

2143 1676 2381 1735 rectum,
2425 1669 2634 1725 scilicet
2672 1671 2726 1724 in
2775 1686 3022 1740 sensum,
3072 1684 3126 1729 et
3153 1678 3437 1746 vegetandi
3476 1681 3589 1735 sive
3614 1699 3714 1740 mo-

2145 1761 2309 1816 vendi
2343 1773 2612 1817 naturam.
2646 1764 2776 1820 Item
2805 1766 2875 1822 ob
2910 1768 2961 1822 id
2983 1780 3127 1824 secat
3155 1771 3206 1825 in
3236 1771 3366 1838 duo,
3405 1782 3461 1828 ut
3487 1778 3719 1838 ostendat

521 1865 600 1922 Tu
629 1835 848 1937 “ipa-gi.
867 1835 1110 1939 mih-mn]
1135 1865 1281 1923 Ordo
1299 1875 1384 1922 es,
1415 1883 1427 1921 τ
1461 1866 1542 1923 τυ
1567 1873 1900 1922 comedens
1919 1863 2037 1922 ani.
2068 1835 2118 1898 Β
2145 1861 2255 1908 tum
2285 1853 2340 1908 in
2365 1855 2543 1910 anima
2573 1855 2844 1927 duplicem
2878 1874 3000 1916 esse
3034 1871 3236 1918 rectum
3269 1875 3497 1935 motum,
3531 1869 3719 1926 scilicet

449 1977 588 2018 mam
617 1961 848 2019 mediam
881 1961 1108 2032 triplicis
1126 1971 1334 2019 natura
1371 1970 1678 2020 moventem
1698 1970 1913 2031 cuncta,
1948 1976 2037 2018 re-

448 2055 633 2122 solvis,
666 2055 719 2110 id
748 2063 831 2112 est
851 2055 1130 2125 expandis,
1153 2055 1382 2112 subaudi
1413 2070 1532 2112 eam
1552 2095 1567 2123 ,
1597 2063 1654 2112 et
1694 2063 1882 2126 repete
1921 2068 2038 2112 me-

449 2149 594 2214 diam
623 2164 718 2219 per
740 2162 976 2206 consona
1009 2148 1245 2204 membra

491 2243 761 2315 ΔΤνεριίςὶο
806 2243 1024 2314 ’παίω-ω’)
1072 2242 1209 2310 Quia
1239 2242 1322 2313 (ut
1347 2240 1556 2300 Platoni
1604 2242 1781 2301 visum
1810 2240 1916 2311 est)
1968 2255 2038 2298 ex

451 2337 627 2395 tribus
665 2353 848 2396 rerum
874 2337 1184 2408 generibus,
1230 2334 1486 2401 essentia,
1537 2335 1730 2392 eodem
1760 2344 1815 2392 et
1839 2333 2034 2402 altero,

448 2433 588 2490 Deus
618 2447 777 2487 unam
833 2430 1028 2486 animm
1072 2430 1255 2488 mundi
1300 2429 1552 2488 conﬂavit
1594 2438 1870 2494 naturam,
1926 2436 2034 2486 tam

447 2533 632 2583 exacta
659 2524 1064 2592 commistione,
1094 2532 1152 2580 ut
1180 2524 1233 2580 in
1272 2524 1504 2580 essentia
1526 2523 1643 2593 eius
1669 2522 1864 2594 ubique
1895 2521 2036 2577 idem

431 2619 660 2676 inesset
685 2618 913 2676 alterum
931 2651 947 2684 ,
975 2629 1138 2688 atque
1164 2615 1402 2674 vicissim
1447 2615 1501 2672 in
1549 2617 1668 2685 ipso
1700 2617 1816 2685 ejus
1845 2614 2037 2671 eodem

449 2713 652 2770 inesset
675 2721 731 2768 et
765 2712 990 2768 alterum
1011 2753 1026 2778 ,
1079 2720 1134 2768 et
1163 2713 1396 2768 essentia
1429 2725 1444 2765 :
1474 2724 1665 2767 rursus
1693 2711 1746 2765 in
1773 2710 1890 2780 ipso
1919 2709 2038 2779 ejus

448 2805 617 2863 altero
643 2813 700 2862 et
734 2805 966 2864 essentia
995 2805 1220 2872 lateret,
1267 2814 1323 2860 et
1362 2804 1526 2860 ident.
1558 2802 1656 2860 Vel
1703 2813 1912 2859 natum
1942 2801 2038 2857 tri-

450 2897 602 2967 plicis
623 2897 764 2964 ideo,
809 2897 954 2970 quod
993 2898 1170 2954 anima
1200 2896 1386 2953 mundi
1418 2896 1676 2953 sublimes
1701 2911 1892 2952 causas
1914 2910 2036 2954 eum

450 2989 650 3047 inﬂmis
674 2999 1002 3054 connectens
1031 2989 1330 3056 eﬂ‘ectibus,
1351 2991 1404 3044 in
1427 2989 1602 3059 seipsa
1627 2997 1829 3055 manet,
1857 2998 1914 3046 et
1939 2989 2038 3046 de-

453 3082 616 3140 clinat
635 3083 703 3141 ad
728 3083 973 3150 allectus,
1002 3094 1060 3141 et
1088 3083 1152 3138 ad
1177 3098 1368 3140 causas
1388 3083 1653 3139 ascendit.

480 3211 482 3214 ν
523 3174 774 3248 Mediam]
799 3176 869 3234 Ut
914 3175 1124 3234 Platoni
1153 3177 1358 3247 placet.
1393 3176 1534 3234 Deus
1565 3175 1798 3231 animam
1829 3176 1882 3231 in
1916 3191 2031 3234 me-

449 3273 541 3329 dio
568 3287 750 3328 reru
774 3260 1074 3337 constituit,
1103 3271 1480 3340 protenditque
1509 3284 1631 3326 eam
1662 3271 1788 3328 inde
1833 3287 1930 3343 per
1957 3281 2038 3329 to-

453 3374 598 3430 tum,
627 3374 682 3419 et
710 3363 926 3420 interim
967 3362 1168 3433 aliquid
1196 3363 1312 3433 eius
1331 3364 1522 3421 eduxit
1550 3374 1703 3421 extra
1732 3367 1987 3422 mundum
2018 3382 2035 3422 :

452 3469 560 3526 quo
583 3455 836 3511 videlicet
864 3454 994 3511 dum
1032 3455 1342 3527 provideret
1369 3456 1593 3528 mundo,
1627 3466 2040 3518 converteretur

451 3547 518 3604 ad
548 3548 736 3604 Deum.
771 3547 846 3604 ita
866 3548 1044 3605 auia
1073 3559 1156 3605 est
1186 3549 1392 3606 medius
1417 3565 1599 3607 rerum
1626 3551 1848 3620 gradus,
1875 3563 2040 3623 atque

451 3653 640 3697 ones
667 3639 866 3710 gradus
899 3649 1007 3697 tam
1050 3644 1359 3712 superiores
1398 3658 1557 3712 quam
1606 3643 1888 3700 inferiores
1915 3659 2040 3700 con-

451 3732 618 3789 nectit
645 3734 696 3791 in
723 3749 916 3803 unum,
964 3735 1089 3792 dum
1123 3735 1236 3804 ipsa
1261 3744 1317 3792 et
1336 3735 1404 3790 ad
1435 3753 1662 3807 superos
1684 3737 1951 3805 escendit,
1984 3750 2039 3795 et

449 3826 726 3883 descendit
745 3828 812 3883 ad
829 3827 1058 3886 inferos.
1091 3829 1328 3885 Timaeus
1353 3831 1495 3902 apud
1519 3831 1795 3888 Platonem
1829 3848 1842 3886 :
1866 3832 1951 3887 Ea:
1975 3849 2037 3889 ea

449 3920 734 3976 substantia
765 3939 878 3991 qua:
906 3923 1172 3978 individua
1199 3931 1247 3979 et
1287 3940 1488 3996 semper
1532 3925 1709 3980 eadem
1755 3926 2040 3999 similisque

447 4023 556 4083 est,
583 4025 631 4070 et
674 4029 746 4072 ex
772 4031 836 4072 ea
866 4032 1052 4074 rursus
1078 4034 1198 4089 quae
1241 4020 1384 4076 circa
1431 4033 1661 4090 corpora
1696 4020 1918 4077 dividua
1944 4022 2034 4091 ﬂt,

447 4107 659 4162 tertiam
680 4108 994 4182 substantiae
1013 4110 1246 4180 speciem
1263 4112 1602 4174 commiscuit
1623 4113 1852 4169 mediam
1873 4130 1886 4170 :
1917 4131 2036 4186 qum

447 4209 639 4257 rursus
669 4211 815 4260 esset
841 4213 1050 4260 naturae
1078 4205 1246 4275 ipsius
1271 4207 1536 4280 ejusdem,
1561 4218 1618 4266 et
1637 4222 1840 4267 natura:
1867 4213 2034 4282 ipsius

445 4295 667 4354 alterius
709 4300 996 4370 particeps,
1027 4314 1254 4372 eamque
1295 4317 1388 4372 per
1419 4303 1534 4360 haec
1563 4305 1794 4360 mediam
1835 4309 2033 4363 consti-

446 4391 546 4447 tuit
571 4393 711 4449 inter
737 4395 1060 4452 individuam
1100 4397 1450 4455 substantiam
1469 4441 1482 4467 ,
1507 4413 1560 4457 et
1589 4416 1708 4457 eam
1742 4419 1858 4472 qua:
1887 4404 2030 4460 circa

444 4496 643 4553 corpus
662 4484 934 4544 dividitur.
969 4488 1044 4544 Ea
1088 4504 1209 4545 cum
1242 4491 1343 4547 tria
1387 4495 1740 4564 sumpsisset,
1785 4495 1840 4550 in
1870 4511 2028 4551 unam

444 4577 679 4647 speciem
700 4581 877 4635 omnia
907 4583 1247 4653 temperavit.

513 4667 708 4726 Cuncta
735 4672 1032 4748 moventem]
1058 4676 1310 4747 Virgilius
1336 4677 1597 4737 Eueidos
1620 4681 1714 4737 lib.
1750 4696 1799 4737 vt
1832 4699 1845 4734 :

1032 4805 1303 4875 Totamque
1325 4811 1478 4863 infusa
1504 4829 1592 4877 per
1615 4822 1749 4867 artus

564 4865 708 4921 ﬂens
727 4868 879 4933 agitat
898 4870 1096 4937 molem,
1119 4881 1172 4925 et
1196 4865 1372 4938 magno
1393 4889 1450 4927 se
1468 4865 1685 4940 corpore
1699 4865 1892 4932 miscet.

510 4983 616 5054 Per
637 5015 861 5056 consona
888 4997 1136 5075 membra]
1168 4999 1269 5058 Per
1309 5004 1489 5060 mundi
1536 5016 1715 5077 partes
1747 5009 2027 5068 harmonia

437 5091 666 5164 quadam
687 5095 1006 5167 conjunctas
1029 5105 1084 5152 et
1110 5108 1491 5169 congruentes.
1521 5101 1757 5162 Timaeus
1788 5105 2029 5164 Platoni-

435 5201 531 5244 cus
562 5205 576 5241 :
603 5185 885 5260 Postquam
929 5189 1090 5263 igitur
1132 5191 1415 5247 secundum
1444 5199 1686 5252 creatoris
1718 5199 1858 5256 illius
1886 5217 2030 5255 men-

435 5287 536 5333 tem
561 5289 667 5336 tota
696 5282 883 5338 animat
923 5282 1220 5339 constitutio
1249 5281 1485 5341 absoluta
1525 5286 1658 5360 fuit,
1714 5307 1832 5346 mox
1875 5309 2027 5349 omne

433 5391 731 5449 corporeum
754 5377 890 5433 intra
911 5379 1076 5448 ipsum
1116 5379 1336 5451 efﬂuxit,
1368 5383 1688 5456 mediumque
1732 5388 1912 5443 medice
1936 5404 2027 5444 ac-

432 5469 784 5540 commodans,
813 5478 935 5541 apto
962 5470 1312 5530 modulamine
1342 5475 1618 5549 copulavit.
1652 5481 1715 5535 At
1738 5481 1832 5537 illa
1861 5500 1892 5538 a
1918 5501 2025 5542 me-

431 5563 520 5618 dio
549 5581 639 5633 per
658 5582 808 5621 omne
838 5583 994 5637 usque
1012 5567 1081 5623 ad
1101 5571 1211 5625 caeli
1236 5581 1461 5627 extrema
1483 5589 1535 5628 se
1563 5576 1846 5650 porrigens,
1877 5581 2025 5651 eique

431 5657 742 5715 extrinsecus
768 5660 1112 5734 circumfusa,
1144 5682 1296 5739 seque
1333 5669 1386 5723 in
1413 5669 1581 5742 seipse
1610 5656 1918 5738 convertens,
1950 5673 2025 5728 ita

431 5749 750 5819 sernpiternte
784 5753 1129 5829 sapientisque
1155 5759 1270 5816 vita:
1298 5761 1351 5816 in
1379 5763 1669 5818 universum
1702 5774 1902 5836 tempus
1938 5767 2022 5821 di-

367 5831 370 5834 i
430 5836 605 5898 vinum
631 5841 773 5901 dedit
798 5847 1092 5908 amntium.
1122 5851 1189 5910 Et
1219 5869 1402 5928 corpus
1434 5855 1645 5929 quidem
1674 5860 1788 5917 cati
1806 5831 2024 5932 specta-

2052 4621 2106 4694 D

2139 1948 2208 2004 ad
2233 1950 2576 2006 sentiendum
2606 1961 2767 2023 atque
2810 1956 3154 2024 movendum,
3187 1966 3298 2014 tum
3337 1961 3408 2014 ab
3453 1963 3628 2017 anima
3672 1963 3719 2018 in

2139 2057 2363 2111 corpora
2415 2045 2664 2102 similiter
2718 2061 2839 2102 esse
2898 2050 3169 2118 geminum
3199 2093 3214 2116 ,
3269 2053 3721 2120 scilicetlunifor-

2141 2151 2282 2192 mem
2313 2147 2472 2209 atque
2495 2141 2900 2198 multiformem.
2926 2143 3221 2202 Intersecat
3248 2163 3384 2205 vero
3411 2149 3584 2206 lineas
3597 2151 3719 2210 duas

2139 2231 2206 2286 ad
2238 2232 2470 2287 animam
2507 2233 2839 2304 figurandam
2860 2277 2877 2304 ,
2922 2236 3119 2298 deinde
3159 2255 3251 2296 eas
3299 2243 3531 2298 reﬂectit
3563 2250 3615 2300 in
3638 2262 3722 2317 gy-

2140 2339 2255 2378 rum
2275 2364 2290 2391 ,
2321 2324 2564 2380 indicans
2596 2337 2842 2384 naturam
2871 2331 3070 2386 animae
3099 2349 3164 2388 ex
3194 2349 3254 2390 se
3283 2336 3348 2390 ad
3381 2348 3590 2393 rectum
3618 2354 3724 2395 mo-

2142 2425 2250 2472 tum
2281 2419 2684 2489 procliviorem,
2712 2423 2781 2477 ab
2805 2423 2922 2492 ipso
2953 2425 3064 2481 Deo
3088 2442 3178 2494 per
3207 2427 3582 2500 intelligentia:
3609 2451 3719 2489 mu-

2142 2524 2242 2564 nus
2275 2510 2526 2566 circulari
2573 2515 2742 2569 motui
2782 2530 2998 2583 prorsus
3024 2520 3440 2588 accommodari,
3483 2525 3720 2592 geminis,

2139 2599 2380 2671 inquam,
2410 2602 2629 2659 circulis
2651 2646 2666 2671 ,
2696 2605 3040 2662 firmamento
3078 2611 3288 2666 scilicet
3335 2629 3445 2668 non
3497 2620 3722 2684 erranti,

2139 2707 2207 2751 ac
2256 2704 2380 2764 post
2427 2697 2825 2754 ﬁrmamentum
2856 2700 3076 2759 orbibus
3116 2709 3520 2775 pervagantium
3556 2711 3727 2779 plane-

2142 2794 2339 2846 tarum.
2373 2787 2721 2846 Firmamenti
2743 2792 2960 2862 quidem
2987 2797 3239 2851 circuitus
3267 2797 3436 2866 ip~atu
3484 2801 3729 2874 illentita-

2141 2879 2211 2935 tis
2236 2880 2712 2953 intelligentiseque
2729 2895 2972 2944 naturam
2994 2889 3208 2958 proprie
3234 2889 3420 2946 refert.
3444 2893 3731 2950 Aufr-actus

2140 2983 2320 3028 autem
2361 2974 2682 3043 multiplices
2709 2977 3042 3046 planetarum
3075 2984 3294 3051 proprie
3321 2994 3572 3040 naturam
3603 2987 3731 3056 alta-

2141 3062 2315 3118 ritatis
2335 3110 2349 3134 ,
2383 3066 2802 3138 interiorumque
2839 3073 3032 3127 animm
3063 3074 3290 3144 partium
3320 3087 3724 3147 repraesentant.

2212 3155 2279 3212 In
2305 3157 2481 3233 semet]
2507 3160 2562 3216 ιη
2591 3161 2845 3234 seipsam.

2215 3249 2378 3323 ﬂeat]
2404 3252 2668 3311 Movctur.

2213 3343 2462 3418 Mentem]
2483 3347 2807 3405 Profundam
2831 3350 3256 3423 intelligentiam.
3281 3357 3570 3416 Revolutio
3592 3363 3734 3418 enim

2140 3439 2337 3495 animas
2365 3441 2553 3498 orbem
2582 3442 2945 3515 intelligentia:
2971 3451 3279 3508 comitatur.
3313 3453 3489 3510 Motus
3513 3457 3736 3526 quidem

2139 3532 2354 3602 animm,
2377 3534 2420 3590 si
2466 3535 2535 3590 ab
2577 3537 2927 3609 intelligentia
2970 3542 3185 3611 penitus
3209 3545 3517 3614 deseratur,
3553 3551 3734 3606 statim

2141 3635 2246 3682 tam
2289 3628 2342 3683 in
2379 3629 2727 3699 percipiendo
2758 3648 2916 3700 quam
2950 3635 3001 3690 in
3034 3639 3262 3707 agendo,
3288 3641 3464 3696 solum
3487 3647 3739 3702 transibit

2142 3720 2193 3774 in
2228 3731 2454 3778 rectum.
2491 3724 2642 3789 Quod
2675 3737 2852 3782 autem
2899 3739 3107 3799 repetat
3159 3737 3538 3804 semetipsum,
3592 3741 3741 3792 simi-

2139 3813 2327 3884 lesque
2356 3829 2451 3884 per
2478 3819 2580 3870 alia
2610 3833 2772 3888 gyros
2795 3821 3076 3890 glomeret,
3107 3827 3330 3881 sortitur
3357 3829 3424 3882 ab
3458 3830 3742 3887 intellectu

2138 3910 2369 3981 quodam
2397 3913 2701 3982 superiore,
2723 3915 2813 3984 qui
2841 3928 2895 3972 et
2917 3933 3139 3975 manens
3162 3920 3214 3975 in
3244 3939 3301 3978 se
3328 3932 3382 3978 et
3403 3925 3586 3981 subito
3608 3943 3740 3983 con-

2137 4019 2324 4061 versus
2345 4007 2399 4062 in
2429 4022 2669 4075 causam,
2699 4009 2923 4080 largitur
2953 4012 3355 4084 intelligentiam
3385 4019 3609 4090 animae,
3644 4037 3742 4091 per

2137 4113 2295 4170 quam
2325 4101 2476 4171 quasi
2509 4111 2811 4171 porrectam
2849 4120 3065 4160 manum
3108 4108 3249 4164 sistit
3276 4111 3514 4168 animam
3547 4123 3744 4170 natura

2138 4193 2354 4262 propria
2387 4195 2779 4265 vagabundam,
2829 4205 3141 4269 motumque
3189 4194 3305 4270 ejus
3355 4203 3740 4275 irrequietum,

2137 4293 2190 4340 ct
2216 4287 2281 4341 ad
2311 4299 2511 4345 rectam
2539 4299 2694 4345 extra
2726 4308 2783 4347 se
2808 4291 3007 4349 lineam
3045 4298 3358 4354 naturaliter
3391 4305 3737 4370 proniorem,

2135 4386 2414 4449 retorquet
2462 4382 2512 4435 in
2561 4382 2745 4439 orbem
2797 4385 3037 4443 medium
3087 4389 3224 4448 inter
3265 4402 3470 4450 motum
3525 4405 3741 4453 rectum

2134 4478 2293 4540 atque
2318 4472 2574 4542 quietem.
2602 4475 2736 4532 ilinc
2763 4479 2982 4537 anima:

2257 4583 2494 4665 ipsemet
2515 4589 2735 4665 reditura
2760 4601 2914 4654 meat,
2933 4604 3260 4665 mentemque
3287 4603 3579 4665 profundam

2256 4647 2454 4712 Circuit,
2482 4659 2534 4702 et
2555 4653 2702 4702 simili
2726 4647 2966 4710 convertit
2992 4647 3422 4725 iniig‘ih'éﬁm'linii

2204 4754 2284 4810 Tu
2304 4759 2473 4813 causis
2500 4761 2696 4818 animos
2725 4767 2953 4840 paribus]
2980 4769 3312 4830 Rationalem
3347 4776 3582 4834 hominis
3612 4781 3740 4835 ani-

2135 4864 2275 4905 mam
2303 4851 2377 4906 ait
2406 4851 2556 4908 Plato
2574 4870 2604 4910 a
2641 4855 2753 4914 Deo
2778 4874 2843 4914 ex
2866 4861 3069 4918 eisdem
3096 4880 3276 4921 rerum
3308 4872 3597 4936 generibus
3630 4891 3733 4929 eo-

2047 4949 2071 4968 ⁶
2131 4941 2252 5001 dem
2312 4944 2364 4998 in
2405 4955 2614 5003 cratere
2659 4953 2986 5020 commistis,
3039 4967 3200 5029 atque
3243 4964 3428 5018 mundi
3484 4968 3736 5022 animum

2132 5037 2295 5096 fuisse
2321 5041 2628 5098 conﬂatam.
2663 5044 2854 5101 Crater
2889 5049 3155 5119 significat
3183 5052 3353 5122 ipsum
3402 5059 3534 5113 vitae
3558 5063 3736 5115 ratio-

2130 5131 2267 5186 nalis
2327 5133 2536 5199 ideam',
2592 5138 2688 5192 sed
2737 5139 2980 5212 adjungit
3022 5159 3090 5200 ex
3137 5147 3376 5218 reliquiis
3422 5155 3736 5221 superioris

2128 5223 2521 5281 commistionis
2548 5224 2711 5282 fuisse
2740 5233 3063 5303 confectam,
3093 5237 3403 5307 significans
3429 5245 3738 5312 particula-

2126 5330 2216 5371 res
2256 5316 2393 5373 vitas
2432 5319 2718 5376 universali
2759 5323 2866 5379 vita
2904 5325 3183 5386 inferiores
3230 5345 3370 5388 esse.
3405 5336 3540 5391 Tum
3591 5353 3737 5392 vero

2129 5406 2270 5465 Deus
2295 5409 2522 5479 animas,
2557 5412 2609 5468 id
2641 5422 2725 5469 est
2773 5414 3013 5488 singulos
3031 5421 3249 5479 ordines
3271 5425 3573 5483 animarum
3612 5429 3736 5485 sin-

2125 5500 2263 5571 gulis
2298 5504 2464 5560 stellis
2507 5508 2896 5564 accommodat.
2955 5511 3183 5568 Adltibet
3233 5527 3284 5570 et
3334 5519 3621 5588 vehicula,
3667 5522 3738 5577 ‘id

2125 5602 2212 5648 est
2255 5595 2487 5684 mtherea
2520 5614 2763 5670 corpora.
2818 5602 2988 5659 Docet
3031 5615 3085 5661 et
3137 5606 3322 5666 fatales
3364 5614 3535 5685 leges.
3585 5616 3729 5672 dum

2130 5687 2408 5746 animabus
2439 5679 2668 5748 infundit
2704 5695 2960 5754 formulas
3009 5699 3271 5773 idearum,
3301 5719 3402 5775 per
3420 5679 3562 5778 quas
3593 5708 3734 5764 ani-

2129 5792 2229 5834 mte
2251 5779 2302 5834 in
2324 5795 2384 5836 se
2407 5782 2727 5853 quandoque
2751 5801 3047 5861 conversae,
3081 5795 3317 5853 rationes
3343 5813 3523 5857 rerum
3546 5813 3744 5874 agno-

2127 5884 2282 5930 scere
2313 5872 2537 5944 possint.
2575 5875 2764 5937 Timtei
2790 5878 3083 5956 Platonici,
3132 5887 3369 5948 Marsilio
3409 5872 3610 5954 Ficino
3637 5896 3736 5950 in-
