4010 6372
216 398 359 460 1029

1330 395 1739 457 .MURMELLII
1781 393 2295 455 ΩΟἊΜΕΝΤΑΗΙΔ.

3344 391 3491 460 ιοω

216 523 473 586 terprete,
514 513 629 571 haec
656 522 781 571 sunt
812 470 975 570 verba
1004 526 1021 565 :
1050 510 1191 567 .Hac
1210 514 1382 585 'fatus,
1412 512 1464 564 in
1487 510 1661 564 eodem
1689 525 1802 563 rur-
1831 509 1882 569 Δ
1908 504 2346 565 habere.’Paulus
2364 509 2635 568 Cortesius
2654 510 2795 569 libro
2808 509 3204 569 Sententiarum
3224 512 3483 569 secundo.

215 626 304 662 sus
337 615 550 671 cratere,
600 607 652 660 in
696 622 794 675 quo
837 604 1015 659 mundi
1046 604 1200 661 totius
1236 605 1460 658 animum
1499 604 1805 676 permiscens

217 711 604 772 temperaverat,
637 701 908 772 superioris
929 701 1307 769 temperationis
1330 700 1567 770 reliquias
1589 699 1805 773 miscen-

216 796 287 851 do
317 795 567 867 perfudit,
611 795 763 849 modo
798 795 1018 861 quodam
1046 795 1247 859 eodem,
1270 810 1373 849 non
1411 804 1577 848 tamen
1631 792 1800 864 perfe-

218 898 326 943 ctas
356 888 603 954 similiter,
638 889 727 943 sed
753 897 802 943 et
828 887 1052 944 secundo
1092 897 1140 942 et
1174 889 1318 944 tertio
1348 888 1515 959 gradu
1556 902 1587 939 a
1623 885 1802 957 primis

218 979 528 1048 deﬁcientes.
552 977 784 1047 Denique
805 996 920 1034 cum
945 980 1233 1036 universum
1268 978 1624 1044 constituisset,
1649 977 1802 1049 astris

218 1090 395 1147 parem
420 1088 687 1127 numerum
716 1071 973 1127 distribuit
994 1072 1311 1139 animarum,
1334 1072 1549 1141 singulis
1576 1070 1801 1142 singulas

218 1163 486 1233 adhibens,
524 1166 697 1236 eisque
728 1174 971 1235 tanquam
1015 1165 1243 1221 uehiculo
1269 1165 1520 1235 impositis
1548 1172 1802 1219 monstra.

219 1257 285 1309 rit
315 1257 533 1310 universi
563 1267 823 1324 naturam,
854 1273 916 1310 ac
937 1257 1069 1331 leges
1096 1257 1280 1328 fatales
1302 1257 1481 1312 edixit.

291 1351 522 1424 Animas]
547 1351 829 1407 Hominum
859 1352 1105 1409 subaudi.

294 1442 470 1498 Causis
500 1441 726 1514 paribus]
751 1440 1028 1499 Consimili
1058 1444 1263 1500 ratione
1286 1453 1342 1500 et
1364 1444 1565 1508 causis,
1594 1457 1802 1503 rerum-

218 1550 324 1605 que
344 1533 625 1604 generibus
660 1534 865 1589 eisdem
890 1534 1091 1605 quibus
1113 1535 1291 1597 anima
1319 1534 1507 1593 mundi
1529 1536 1664 1593 facta
1694 1543 1803 1601 est.

300 1626 545 1700 Vitasque
584 1625 823 1699 minores]
874 1628 1221 1698 lgnobiliores
1260 1631 1485 1703 animus,
1529 1640 1587 1689 ut
1620 1632 1803 1689 bruto-

215 1737 340 1775 rum
371 1720 678 1776 animalium
708 1732 758 1777 et
789 1721 1114 1793 plantarum.

290 1811 563 1885 Probe/iis]
585 1812 853 1871 Producis.

294 1901 529 1975 Levibus]
556 1901 812 1961 Celeriter
840 1903 1152 1962 mobilibus.

292 1993 572 2068 Subtimes]
595 1996 1003 2054 Przestantiores
1024 1998 1253 2055 animas.

288 2083 552 2155 Curribusl
585 2078 872 2143 Vehiculis.
914 2087 983 2144 Ut
1027 2090 1168 2145 enim
1220 2088 1425 2145 Platoni
1456 2090 1631 2147 visust
1683 2098 1798 2161 eat,

148 2190 151 2193 π
218 2174 360 2229 Deus
386 2176 578 2230 animis
601 2192 846 2248 corpora,
875 2176 1028 2251 quasi
1050 2179 1293 2235 vehicula
1316 2180 1574 2238 subdidit.

289 2264 455 2339 ~Seris]
477 2267 740 2333 Seminas,
778 2278 832 2325 et
862 2269 963 2327 hoc
989 2285 1053 2327 ex
1086 2268 1336 2340 opinione
1372 2273 1643 2329 Platonica
1680 2272 1797 2330 dic-

217 2365 353 2421 tum,
386 2358 469 2412 cui
517 2359 711 2427 placuit
759 2361 921 2415 Deum
976 2362 1261 2432 spirituum
1313 2364 1446 2419 alios
1491 2364 1543 2419 in
1576 2376 1798 2433 terram,

216 2446 354 2501 alios
404 2448 457 2502 in
506 2449 684 2504 lunam
704 2492 718 2516 ,
750 2450 887 2507 alios
937 2452 989 2506 in
1020 2452 1121 2508 alia
1153 2454 1409 2523 temporis
1441 2455 1797 2511 instrumenta

215 2550 557 2610 spargentem
595 2541 747 2611 quasi
774 2542 997 2601 sevisse.

291 2628 447 2699 Leges
468 2628 700 2703 benigna]
732 2632 800 2689 Ut
843 2632 1090 2690 homines
1133 2634 1397 2691 violentas
1424 2636 1702 2706 passiones
1730 2652 1801 2693 es

212 2720 457 2788 corporis
501 2721 878 2791 conjunctione
918 2724 981 2781 in
1006 2720 1185 2781 anima
1210 2726 1466 2783 excitatas
1494 2728 1799 2797 superent}

209 2812 461 2883 ju5teque
493 2814 689 2870 vivant.

291 2903 509 2977 Reduci]
541 2905 783 2963 Reduces
799 2905 1037 2974 facienti,
1070 2907 1369 2965 reducenti.
1400 2908 1644 2973 Reducas
1667 2923 1795 2981 pro—

210 2996 333 3067 prie
361 2997 611 3053 dicuntur
639 3000 727 3069 qui
752 3015 944 3072 magna
971 3001 1207 3072 pericula
1234 3013 1538 3060 evaserunt.

294 3087 439 3162 Igne]
492 3091 690 3147 Amore
718 3091 979 3149 Marsilius
1013 3092 1319 3149 Platonicus
1362 3094 1419 3150 in
1450 3092 1796 3153 Commenta-

1904 598 2246 657 distinctione
2283 612 2469 669 quarta
2508 620 2521 657 :
2559 602 2802 671 Plutone,
2842 604 3034 676 inquit,
3074 604 3299 675 principe
3334 602 3483 659 multi

1904 693 2072 748 sidera
2104 696 2386 750 animantia
2423 713 2530 751 esse
2559 700 2843 754 voluerunt.
2896 697 3084 755 Stoicis
3117 706 3285 753 autem
3320 697 3487 763 placet

1904 785 2054 838 astris
2083 786 2183 839 vim
2207 794 2256 841 et
2284 797 2496 841 mentem
2524 788 2683 844 inesse
2709 790 2952 845 divinam.
2984 789 3048 844 At
3070 788 3392 858 Anaxagora:
3418 784 3486 842 ab

1904 873 2289 932 Atheniensibus
2317 888 2390 932 est
2426 881 2680 951 negotium
2717 880 3024 949 exltibitum,
3056 880 3294 951 quoniam
3326 877 3487 946 solem

1907 969 2211 1040 flagrantem
2258 971 2504 1043 lapidem,
2547 989 2635 1027 nec
2661 971 2856 1040 Deum,
2898 988 2986 1030 nec
3028 975 3333 1029 animantem
3377 987 3489 1029 esse

1904 1062 2136 1119 dixisset.
2168 1063 2319 1135 Apud
2329 1075 2544 1136 .nostros
2571 1082 2685 1120 vero
2711 1067 2951 1137 Origenes
2978 1084 3009 1119 a
3033 1066 3250 1122 Platone
3276 1082 3378 1120 non
3398 1064 3485 1119 di-

1905 1155 2135 1224 scedens,
2169 1157 2449 1212 animantia
2477 1160 2647 1212 sidera
2687 1158 2900 1226 putavit,
2930 1175 3079 1227 quem
3106 1160 3409 1231 pedetentim
3436 1162 3488 1211 at

1905 1247 2191 1305 dubitanter
2223 1248 2457 1321 subsequi
2496 1252 2689 1305 videtur
2715 1250 3079 1323 Hieronymus.
3125 1248 3285 1305 Divus
3317 1260 3488 1307 autem

1903 1341 2217 1411 Augustinus
2255 1353 2499 1415 tanquam
2537 1345 2725 1398 arbiter
2763 1344 2817 1397 in
2851 1360 2908 1398 re
2935 1344 3196 1414 ambigua,
3229 1344 3351 1397 dum
3380 1358 3486 1396 me-

1904 1435 2047 1489 dium
2084 1436 2315 1508 persequi
2349 1453 2451 1491 non
2482 1444 2676 1506 potest,
2706 1437 2869 1491 neutri
2905 1435 3167 1489 sententia:
3194 1435 3485 1489 assentitur.

1904 1526 1969 1579 At
1988 1527 2172 1596 Apollo
2190 1525 2618 1596 Christianorum,
2640 1528 2783 1582 divus
2801 1525 3044 1592 Thomas,
3073 1525 3309 1579 scientius
3328 1538 3490 1594 genus

1906 1617 2001 1670 hoc
2026 1627 2185 1671 totum
2216 1619 2411 1672 ratione
2443 1620 2701 1691 astringit,
2722 1618 2901 1691 probat
2925 1619 3059 1673 enim
3084 1618 3329 1672 divisione
3372 1632 3490 1685 ape-

1902 1725 2019 1763 rum
2054 1711 2261 1778 animle,
2300 1712 2493 1765 nullam
2536 1729 2807 1782 corporum
2836 1712 3115 1767 caelestium
3139 1712 3324 1765 anima:
3364 1725 3490 1764 cen-

1902 1814 2199 1859 sentaneam
2219 1822 2329 1859 esse
2352 1824 2577 1878 operam,
2598 1816 2782 1876 prreter
2802 1808 3190 1877 intelligentiam
3212 1816 3258 1858 et
3276 1815 3487 1858 motum.

1829 1895 1882 1965 Β
1906 1895 2142 1969 Dicitque
2180 1898 2406 1953 animam
2434 1900 2745 1970 corporibus,
2777 1915 2882 1955 non
2922 1908 2977 1952 ut
3016 1900 3232 1966 formam
3267 1898 3488 1961 annecti,

1900 1990 1989 2043 sed
2032 1989 2230 2044 virtutis
2273 1991 2527 2060 appulsu,
2560 2000 2611 2044 ut
2652 1990 2829 2044 mobili
2868 1994 3169 2061 agitatorem
3216 1987 3492 2061 applicari,

1898 2082 2329 2150 quemadmodum
2373 2084 2418 2137 si
2448 2084 2628 2155 lagona
2671 2083 2728 2136 in
2770 2097 2932 2153 prono
2962 2082 3009 2135 vi
3036 2081 3221 2153 pedum
3266 2081 3488 2150 impulsa

1899 2182 2182 2228 moveatur.
2842 2173 2845 2177 ’

1970 2266 2055 2321 Da
2074 2265 2243 2340 pater]
2270 2266 2357 2323 Sic
2380 2265 2672 2323 Martianus
2691 2264 2907 2339 Capella
2933 2267 2999 2324 ad
3030 2267 3201 2325 solem
3226 2282 3240 2322 :

2020 2360 2114 2424 Da,
2141 2365 2300 2423 pater,
2323 2360 2570 2411 aethereos
2592 2362 2747 2410 menti
2772 2361 3108 2411 conscendere
3135 2364 3307 2409 enatus.

1970 2443 2253 2514 Augustam
2282 2442 2473 2516 sedem]
2520 2444 2771 2511 Sacram,
2820 2443 3054 2499 divinam
3099 2451 3152 2499 et
3196 2441 3491 2513 maiestatis

1900 2537 2263 2606 plenissimam
2292 2539 2485 2593 summi
2518 2538 2641 2594 boni
2669 2539 2875 2594 sedem.
2922 2538 3221 2609 Augustum
3255 2537 3489 2608 proprie,

1899 2634 2037 2682 teste
2066 2627 2276 2696 Servio,
2306 2636 2391 2685 est
2418 2636 2616 2683 tectum
2659 2628 2881 2698 augurio
2907 2640 3299 2685 consecratum.
3341 2626 3490 2683 Abu-

1897 2718 2015 2773 sive
2045 2728 2327 2789 augustum
2359 2719 2560 2798 nobile,
2592 2719 2744 2789 quasi
2773 2716 3066 2789 maiestatis
3096 2720 3333 2791 plenum.
3374 2710 3490 2773 Vir-

1896 2810 1988 2882 gil.
2024 2811 2119 2866 lib.
2144 2811 2446 2882 Georgicon
2473 2826 2561 2867 tv:

2022 2988 2073 3052 §i
2099 2987 2290 3050 quando
2314 2986 2483 3052 sedem
2508 2997 2781 3051 augustam,
2808 2990 3109 3052 servataque
3130 2987 3274 3039 mella

2018 3050 2285 3101 Thesauris
2306 3050 2506 3100 relines.

210 3181 314 3245 rio,
340 3181 581 3236 oratione
609 3193 793 3253 quarta
814 3226 830 3254 ,
872 3196 991 3253 cap.
1024 3183 1056 3239 6
1089 3202 1102 3237 :
1136 3183 1384 3243 Eternus
1425 3185 1581 3256 igitur
1623 3202 1795 3254 amor,

1910 3195 1983 3253 Sic
2008 3196 2149 3252 enim
2178 3196 2400 3254 Servius
2424 3197 2551 3266 legit
2576 3215 2587 3249 :
2629 3197 2734 3251 Alii
2762 3198 2971 3264 quidam
2998 3214 3088 3269 per
3112 3209 3398 3269 angustam,
3440 3208 3490 3255 et

210 3292 315 3345 quo
362 3290 558 3343 semper
602 3275 655 3328 in
698 3273 864 3331 Deum
905 3276 1118 3349 adicitur
1161 3277 1382 3344 animus,
1409 3279 1555 3347 elicit
1602 3287 1659 3333 ut
1685 3276 1796 3334 Dee
1822 3268 1874 3339 Ο
1898 3289 1972 3344 ita
2003 3290 2176 3361 legunt
2213 3290 2368 3343 etiam
2404 3288 2637 3343 nonnulli
2672 3288 2765 3342 hoc
2792 3290 2926 3356 loco,
2956 3298 3013 3343 ut
3050 3268 3193 3343 dicat
3221 3298 3489 3362 angustam

211 3384 414 3439 semper
445 3377 686 3438 tanquam
740 3384 867 3424 novo
918 3372 1210 3441 spectaculo
1269 3372 1512 3445 gaudeat.
1558 3371 1796 3428 Amorem
1899 3382 2091 3450 “dem,
2127 3382 2196 3436 ad
2218 3397 2374 3451 quam
2404 3397 2504 3436 non
2534 3382 2635 3437 nisi
2661 3390 2882 3453 angusta
2907 3390 2955 3436 οι
2983 3389 3128 3435 arcta
3158 3383 3237 3437 pia
3264 3382 3488 3450 perueni.

214 3460 354 3513 hunc
378 3461 555 3514 eadem
576 3456 671 3514 Dei
693 3458 892 3518 bonitas
917 3478 1113 3533 semper
1132 3465 1357 3520 accendit
1388 3467 1439 3520 in
1467 3466 1659 3545 animo,
1683 3483 1797 3537 quin
1898 3483 2001 3537 tur,
2023 3474 2111 3529 sed
2137 3490 2246 3528 meo
2264 3474 2467 3546 judicio
2489 3473 2756 3546 legendum
2782 3484 2855 3528 est
2885 3488 2975 3542 per
3014 3489 3046 3528 ιι
3085 3484 3381 3549 augustam.

210 3562 257 3608 et
283 3552 482 3609 beatum
509 3553 629 3625 facit
656 3566 930 3611 amantem.
960 3555 1084 3611 Tria
1110 3556 1265 3627 igitur
1288 3558 1379 3629 (ut
1408 3557 1540 3613 brevi
1572 3562 1792 3627 compte.
1970 3565 2209 3621 Terrena
2236 3561 2408 3636 molis]
2427 3563 2711 3639 Corporem
2739 3565 3090 3637 cominius.

210 3647 351 3714 ctar)
378 3645 567 3702 amoris
595 3642 836 3717 beneﬁcia
863 3648 1538 3723 coltaudabimus,qnodnos
1562 3649 1687 3707 olim
1716 3654 1793 3707 dt-
1973 3656 2208 3716 Nebulae
2250 3665 2299 3714 et
2337 3660 2585 3732 pondera]
2642 3661 3079 3719 Perturbationea
3123 3677 3187 3719 ex
3233 3663 3487 3733 gravitate

209 3737 346 3795 visos
401 3740 455 3795 in
501 3740 754 3814 integrum
808 3744 1158 3810 restituendo,
1214 3746 1407 3800 reducit
1463 3748 1519 3799 in
1565 3747 1793 3801 emtum:
1898 3754 2141 3821 corporis
2162 3752 2340 3806 animo
2362 3753 2692 3808 accidentes.

208 3829 351 3896 quod
377 3832 481 3885 suis
510 3849 754 3902 quemque
789 3833 1003 3889 collocat
1026 3836 1249 3899 sedibus,
1284 3839 1501 3906 facitque
1528 3854 1703 3892 omnes
1742 3840 1795 3892 in
1976 3845 2085 3897 'l'uo
2105 3842 2397 3914 splendore]
2427 3846 2537 3898 Tua
2564 3844 2659 3898 tibi
2688 3844 2893 3899 interna
2923 3854 2976 3899 et
3003 3844 3252 3901 ineﬂ‘abili
3278 3845 3485 3903 incon;-

210 3925 309 3978 illa
337 3924 685 3980 distributione
723 3927 943 3997 quietos,
971 3930 1106 3999 quod
1137 3930 1274 3983 omni
1317 3928 1529 3996 expulso
1560 3930 1793 4001 fastidio,
1902 3936 2355 4007 prehensibilique
2390 3937 2528 3993 luce.

209 4034 309 4074 suo
335 4020 555 4088 quodam
578 4019 763 4074 ardore
782 4014 1201 4076 oblectamentum
1228 4022 1375 4095 quasi
1397 4038 1580 4077 nouum
1599 4023 1799 4095 jugiter

211 4110 443 4166 accendit
473 4109 527 4165 in
551 4111 742 4180 animo,
767 4112 1035 4183 redditque
1059 4112 1206 4167 illum
1225 4113 1416 4170 blanda
1435 4124 1481 4169 et
1502 4114 1643 4170 dulci
1663 4115 1793 4186 frui.

212 4201 351 4257 tione
379 4202 596 4259 beatum.

285 4294 567 4352 Lectorem
599 4295 699 4352 hoc
730 4297 867 4366 loco,
900 4308 1183 4371 antequam
1229 4300 1297 4357 ad
1335 4301 1439 4357 alia
1486 4303 1798 4374 progrediar

1972 4023 2073 4097 Tu]
2107 4026 2341 4083 Subaudi
2384 4044 2458 4083 es.

1974 4116 2250 4190 Serenum]
2287 4120 2583 4187 Serenitas.

1973 4213 2046 4267 Te
2069 4212 2290 4287 cernere]
2320 4213 2706 4285 Contemplatio
2732 4217 2833 4285 tui,
2853 4218 3192 4287 subintellige
3211 4231 3304 4275 est.

1976 4304 2146 4378 Finis]
2173 4307 2452 4364 Summum
2484 4309 2702 4365 bonum.
2746 4310 2902 4381 Apud
2925 4313 3186 4369 Joannem
3215 4312 3485 4380 evangeli-

210 4387 535 4454 enarranda,
560 4388 717 4443 velim
748 4389 1100 4457 admonitum,
1128 4392 1431 4450 Boetianam
1468 4398 1518 4449 in
1551 4396 1653 4453 hoc
1680 4411 1801 4453 car-
1902 4412 2060 4470 stam,
2088 4408 2267 4475 capite
2311 4423 2400 4476 xv,
2434 4406 2591 4463 lesus
2618 4406 2863 4463 Christus
2895 4407 2963 4462 ad
2989 4408 3198 4462 Patrem
3222 4422 3239 4462 :
3260 4406 3390 4462 Hec
3415 4415 3487 4463 est

210 4483 361 4538 mine
391 4482 813 4555 Phi1050phiam,
845 4502 949 4542 non
981 4488 1155 4544 solum
1185 4490 1491 4561 diligenter,
1533 4509 1714 4549 verum
1744 4502 1803 4552 et
1902 4510 2073 4553 autem
2093 4501 2196 4553 vita
2217 4510 2428 4567 aeterna,
2451 4509 2508 4556 ut
2528 4510 2835 4571 cognoscant
2860 4511 2907 4557 te
2927 4504 3091 4570 solum
3110 4502 3273 4557 Deum
3293 4518 3485 4571 verum,

209 4584 372 4628 caute
398 4574 670 4632 Platonem
704 4577 903 4634 imitari
945 4596 958 4632 :
990 4582 1143 4650 cujus
1190 4581 1468 4652 opiniones
1506 4585 1576 4642 de
1619 4587 1798 4646 anima
1823 4649 1875 4666 __
1904 4602 1951 4647 et
1966 4609 2112 4663 quem
2136 4594 2317 4649 misisti
2331 4594 2507 4650 Iesum
2524 4595 2797 4653 Christum.
2824 4596 3059 4652 Thomas
3078 4598 3311 4666 Aquinas
3337 4598 3487 4653 theo-

208 4666 405 4759 mundi
445 4669 780 4739 caeterisque,
831 4649 1109 4730 hominum
1153 4684 1300 4745 puta,
1330 4686 1385 4732 et
1427 4680 1711 4749 pecudum,
1744 4693 1799 4741 et
1822 4649 1878 4713 Β
1904 4649 2347 4755 ιοέοηιωάεουο
2376 4686 2513 4743 libro
2541 4688 2797 4743 adversus
2827 4698 3011 4759 gentes
3046 4649 3240 4744 terlio:
3275 4689 3488 4746 Summa

207 4756 503 4828 arborum,
557 4777 665 4816 non
710 4778 1089 4841 usquequaque
1133 4768 1449 4828 Christianis
1493 4774 1799 4835 hominibus
1903 4786 1951 4832 et
1984 4778 2210 4848 perfecta
2238 4779 2455 4850 felicitas
2486 4756 2848 4836 intellectualis
2876 4790 3072 4837 natura:
3105 4782 3160 4837 in
3174 4781 3271 4839 Dei
3296 4784 3488 4840 visione

208 4852 531 4921 probantur,
578 4858 787 4914 tametsi
826 4874 925 4915 nos
954 4860 1157 4917 Latinis
1184 4860 1298 4919 fere
1340 4866 1549 4937 singula
1579 4864 1795 4927 ex’Pla-

208 4947 355 5001 tonis
379 4946 619 5005 doctrina
652 4966 758 5007 non
791 4952 1128 5026 indiligenter
1169 4960 1597 5028 exposuerimus.
1628 4965 1683 5020 Pi
1705 4980 1798 5022 rro

207 5038 464 5094 caelestes
500 5028 739 5111 sphteras
778 5044 977 5104 habere
1014 5048 1241 5123 animas,
1280 5066 1385 5108 non
1415 5055 1576 5112 modo
1614 5057 1796 5114 Plato-

206 5128 343 5197 nici,
372 5131 469 5187 sed
500 5148 685 5197 omnes
710 5140 871 5197 etiam
893 5141 1226 5215 Peripatetici
1254 5148 1595 5207 conﬁtentur.
1640 5153 1793 5217 Quod

202 5221 531 5285 Aristoteles
550 5230 708 5288 docet
739 5232 831 5289 lib.
860 5233 929 5291 de
953 5234 1102 5293 Caelo
1131 5254 1189 5307 tl,
1222 5255 1409 5297 rursus
1433 5257 1467 5297 ν
1491 5252 1546 5299 et
1571 5259 1664 5300 vm
1686 5245 1795 5301 Na-

204 5319 399 5387 tural.,
423 5338 455 5377 ιι
479 5326 545 5380 de
563 5325 777 5394 Anima,
799 5343 849 5383 si
869 5329 1196 5400 Divinarum,
1214 5332 1613 5405 Theophrastus
1635 5340 1797 5397 etiam

201 5412 501 5497 discipulus
529 5418 747 5476 Aristot.
782 5421 875 5477 lib.
906 5422 977 5479 de
1015 5421 1183 5481 C(elo.
1233 5428 1385 5495 Quod
1429 5432 1697 5489 Avieenna
1744 5442 1799 5491 et

118 5534 127 5581 ρ
201 5506 492 5583 Algazeles
551 5530 892 5587 summopere
971 5519 1374 5578 conﬁrmarunt.
1471 5524 1801 5594 Augustinus

196 5596 465 5657 Aurelius
512 5604 567 5660 in
610 5604 704 5661 lib.
733 5602 817 5663 cui
863 5608 1044 5671 titulus
1072 5610 1435 5679 Enchiridion,
1465 5624 1519 5669 et
1560 5592 1800 5673 Thomas

196 5692 453 5765 Aquinas
506 5698 568 5754 in
611 5700 747 5757 libro
788 5710 973 5767 contra
1015 5704 1241 5774 gentiles
1281 5706 1539 5773 secundo,
1584 5710 1802 5773 asilum

198 5782 347 5859 nihil
388 5787 667 5863 (quantum
712 5793 779 5849 ad
817 5793 1172 5853 Christianam
1222 5796 1520 5854 doctrinam
1569 5801 1799 5874 spectat)

199 5878 492 5969 interesse,
540 5885 776 5947 caelestis
821 5902 1045 5979 corpora
1086 5888 1291 5953 animus
1318 5888 1536 5963 habere,
1569 5894 1652 5951 vel
1691 5911 1799 5954 non

1903 4870 2152 4926 consistit.

1975 4964 2321 5041 Principium]
2350 4967 2583 5024 Joannes
2609 4969 2662 5024 in
2684 4968 3028 5043 Apocalypsi,
3058 4985 3211 5042 eap.t
3235 4969 3346 5041 Ego
3376 4986 3487 5026 sum

1900 5081 1935 5115 et
1949 5067 1999 5114 et
2016 5082 2076 5125 ω,
2096 5060 2405 5131 principium
2425 5071 2471 5117 et
2496 5062 2631 5133 ﬁnis,
2657 5064 2782 5118 dicit
2803 5062 3053 5119 Dominus
3072 5064 3233 5134 Deus,
3286 5064 3373 5133 qui
3393 5070 3485 5130 est,

1901 5160 1951 5210 et
1979 5153 2067 5223 qui
2092 5162 2235 5219 erat,
2268 5164 2315 5207 et
2341 5154 2425 5221 qui
2458 5165 2695 5209 venturus
2724 5164 2798 5209 est
2828 5156 3163 5226 omnipotens.

1904 5249 2243 5318 principium,
2283 5249 2516 5304 mdium
2563 5260 2620 5305 et
2657 5250 2779 5307 linis
2822 5254 3061 5307 omnium
3103 5268 3120 5306 :
3168 5249 3486 5320 principium

1904 5338 2139 5408 quidem,
2189 5345 2245 5393 ut
2286 5339 2556 5409 producit;
2601 5343 2837 5398 medium
2877 5351 3076 5412 autem,
3127 5350 3187 5397 ut
3231 5341 3488 5414 producta

1904 5431 2130 5491 retrahit
2152 5432 2217 5487 ad
2243 5432 2513 5501 seipsum;
2556 5433 2699 5503 linis,
2727 5443 2885 5504 prout
2914 5434 3196 5492 redeuntia
3225 5434 3479 5506 perlicit.‘

1986 5523 2188 5597 Yeetor]
2220 5525 2507 5587 Proveetor
2528 5525 2597 5580 ad
2623 5525 2950 5583 telieitatem.

1976 5616 2118 5689 Dux]
2166 5619 2366 5674 Ductor
2394 5634 2488 5688 per
2518 5619 2621 5674 iter
2648 5626 2959 5690 augustum.

1976 5708 2195 5781 Semita]
2241 5710 2380 5768 Sane
2406 5726 2564 5781 quam
2594 5720 2822 5783 angusta
2852 5712 2941 5769 vis
2965 5754 2981 5781 ,
3014 5722 3111 5786 per
3138 5728 3298 5787 quam
3327 5709 3488 5789 pauci

1908 5802 2107 5857 faciunt
2148 5804 2269 5859 iter.

1980 5894 2266 5969 Terminus]
2313 5895 2460 5955 Finis
2488 5896 2749 5957 omnium.

3237 5153 3379 5208 Deus
3407 5162 3488 5208 est
3553 5154 3557 5159 ’
