4010 6372
514 405 649 471 1051

1062 519 1125 574 IN
1168 517 1438 574 PBOSAM
1479 515 1547 571 Χ.

588 615 856 671 Hactenus
877 613 1061 667 Boetto
1084 608 1427 679 Philosophia
1452 609 1698 677 perfectae
1718 616 1876 677 atque
1902 605 2099 675 imper-

514 706 666 761 fectze
697 706 922 759 formam
955 703 1225 759 felicitatis
1255 702 1510 758 ostendit.
1548 702 1700 755 Nunc
1730 699 1816 754 ubi
1846 699 2104 755 consistat

514 795 737 852 felicitas
767 812 927 863 vera,
961 810 1053 851 seu
1086 796 1397 860 beatitudo,
1428 794 1539 849 sive
1571 782 1838 848 summum
1872 791 2102 854 bonum,

514 896 669 942 acute
697 886 1085 957 diligenterque
1123 885 1373 951 disserit,
1416 885 1707 941 ostendens
1740 883 1841 937 hoc
1884 896 2005 935 esse
2050 881 2107 935 in

517 977 649 1045 Deo,
682 983 896 1051 penitus
937 980 984 1035 ei
1028 981 1186 1046 idem,
1221 979 1554 1049 diversisque
1584 977 1803 1031 vocibus
1846 989 2003 1029 unam
2051 981 2108 1028 et

518 1073 759 1128 eamdem
789 1072 1077 1142 significari
1109 1071 1483 1126 substantiam.
1536 1070 1810 1123 Postremo
1840 1064 2106 1122 concludit

520 1163 611 1220 Dei
643 1181 853 1236 quoque
883 1168 935 1242 in
968 1167 1083 1234 ipso
1116 1165 1256 1219 bono
1285 1165 1439 1218 sitam
1471 1178 1591 1218 esse
1622 1162 1997 1216 substantiam.

592 1254 847 1327 Quonam]
912 1256 1028 1311 Ubi.
1063 1255 1216 1325 Apud
1249 1256 1489 1310 Boetinm
1521 1253 1848 1322 compluries
1877 1267 1981 1322 quo
2012 1263 2107 1320 pro

523 1348 631 1411 ubi,
658 1347 757 1402 hoc
783 1356 883 1411 est,
913 1348 963 1401 in
993 1362 1098 1416 quo
1119 1348 1239 1401 loco
1264 1348 1495 1416 positum
1526 1346 1792 1399 invenies.

595 1439 817 1507 Aliquod
844 1438 1140 1510 hujusmodi
1170 1436 1377 1509 bonum]
1432 1438 1712 1493 Summum
1754 1444 1810 1491 et
1846 1434 2106 1491 bonorum

525 1532 761 1587 omnium
796 1532 1205 1601 congregatione
1233 1530 1547 1600 perfectum.

595 1621 775 1693 Cassa]
807 1621 1003 1686 Inanis,
1036 1620 1209 1687 irrita,
1240 1636 1397 1676 vana.

597 1714 797 1787 Imago]
829 1715 1065 1783 Species.

596 1807 754 1879 Quin]
784 1808 934 1875 Quod
949 1847 961 1860 .

1163 356 1504 465 serenati
1543 401 1635 458 AD
1672 397 1916 457 uanos
1956 398 2044 455 ne
2079 392 2603 456 CONSOLATIONE
2638 394 3137 457 anuescente.

3640 391 3777 459 103%

2122 510 2494 582 Acomplere,
2535 524 2588 569 et
2625 514 2691 568 ad
2735 514 2865 569 illud
2903 513 3161 584 quidquid
3193 512 3468 570 beatitudo
3505 513 3776 574 continere

2205 606 2435 669 videtur,
2466 606 2627 660 veluti
2656 606 2722 661 ad
2751 608 3002 661 verticem
3030 607 3239 661 referri.

2279 698 2654 771 Substantiam]
2680 698 3000 765 Essentiam,
3034 699 3319 755 rationem.

2276 791 2625 865 Jucunditate]
2675 794 2975 864 Voluptate.
3034 793 3351 848 Franciscus
3393 794 3704 863 Pbilelpbus
3729 796 3776 850 in

2208 886 2448 941 oratione
2476 886 2541 941 ad
2567 887 2707 941 viros
2728 886 3015 955 Papieuses
3034 884 3380 955 voluptatein,
3404 886 3777 954 iucunditatem

2208 978 2445 1033 nominat
2474 978 2710 1046 :‘quippe
2737 993 2855 1047 qua:
2884 988 2936 1031 et
2963 987 3196 1033 mentem
3222 986 3276 1032 et
3300 992 3519 1031 sensum
3547 979 3713 1046 juvet.

2282 1069 2524 1122 Omnium
2563 1069 2729 1137 igitun
2760 1069 3162 1138 expetendorum
3202 1066 3423 1139 summa]
3472 1070 3779 1124 Aristoteles

2209 1158 2484 1213 Moralium
2523 1158 2616 1213 lib.
2649 1175 2663 1212 :
2693 1158 2869 1212 Omnis
2908 1174 3013 1224 ars,
3064 1159 3326 1229 omnisque
3366 1158 3603 1212 doctrina
3646 1170 3779 1227 atque

2208 1262 2370 1319 actus,
2396 1254 2574 1307 itidem
2601 1262 2649 1306 et
2676 1254 2872 1318 electio,
2897 1252 3083 1305 bonum
3104 1252 3365 1322 quoddam
3392 1262 3634 1323 appetere
3658 1255 3779 1306 ride-

2209 1357 2312 1401 tur.
2356 1347 2690 1418 Quapropter
2722 1347 2857 1403 bene
2884 1358 3092 1403 veteres
3121 1349 3316 1403 bonum
3352 1350 3528 1418 ipsum
3574 1350 3626 1403 id
3666 1364 3774 1405 esse

2208 1438 2460 1493 dixerunt
2479 1439 2617 1509 quod
2644 1436 2821 1494 omnia
2847 1448 3122 1508 appetunt.
3154 1440 3440 1511 Dionysius
3462 1452 3653 1510 quarto
3671 1456 3776 1511 cap.

2209 1532 2276 1587 de
2298 1532 2500 1588 Divinis
2526 1532 2839 1589 Nominibus
2863 1550 2876 1585 :
2909 1533 3113 1599 Omnia,
3144 1534 3337 1604 inquit,
3367 1536 3561 1589 bonum
3588 1546 3632 1589 et
3657 1538 3777 1605 opti-

2210 1638 2349 1679 mum
2370 1627 2753 1695 concupiscunt.

2751 1717 2817 1773 IN
2856 1716 3148 1774 METRUM
3192 1719 3259 1777 Χ.

2282 1807 2509 1863 Carmen
2532 1816 2615 1863 est
2633 1817 2887 1865 constans
2909 1809 3127 1863 alternis
3146 1811 3402 1879 phaleciis
3423 1822 3479 1867 et
3504 1814 3779 1882 sapphicis,

598 1899 758 1952 Omne
801 1898 957 1969 enim]
1013 1897 1342 1956 Firmissime
1392 1898 1781 1970 verissimeqtte
1835 1896 2107 1954 concludit
2135 1887 2436 1969 Bexcepto
2477 1901 2715 1956 secundo
2758 1916 2939 1967 versu,
2986 1903 3079 1971 qui
3123 1902 3395 1971 phalecius
3438 1917 3546 1972 est,
3590 1907 3676 1974 qui
3718 1907 3783 1962 sic

527 2006 793 2048 summum
824 1992 1019 2047 b0ttum
1051 2012 1185 2047 tum.

606 2083 800 2156 E/Ieta]
832 2084 1042 2138 Virilnw
1164 2106 1171 2116 ε
1214 2100 1323 2139 νει
1355 2094 1412 2140 et
1438 2084 1665 2141 defecta.

597 2175 733 2248 Quo]
768 2176 888 2233 Ubi.

600 2271 895 2327 Communis
922 2269 1205 2342 conceptio]
1239 2270 1454 2325 Boetius
1486 2270 1622 2325 libro
1651 2268 1717 2323 de
1746 2266 2106 2323 Hebdomadi-

2210 2003 2393 2063 posset
2441 1995 2491 2048 in
2534 1995 2848 2065 sapplticum
2908 1996 3123 2061 mutari.
3176 2012 3359 2053 verum
3405 2015 3505 2053 una
3557 1999 3776 2055 dictione

2210 2088 2587 2144 transformata
2614 2105 2628 2141 :
3156 2104 3159 2107 ·

2396 2179 2526 2237 Quos
2543 2178 2663 2240 ligat
2678 2178 2821 2229 fallax
2842 2181 3073 2243 gravibus
3094 2183 3297 2244 catenis,

2210 2262 2348 2318 sicut
2369 2276 2435 2317 ex
2458 2272 2648 2333 quarto
2670 2263 2855 2319 liceret
2876 2274 3081 2321 mutato
3101 2265 3391 2321 dictionum
3417 2266 3609 2323 ordine
3628 2266 3787 2324 facere

531 2362 648 2430 bus,
693 2363 869 2432 capite
908 2365 1101 2432 primo.
1152 2362 1467 2417 Communis
1510 2360 1674 2414 animi
1712 2359 1989 2426 conceptio
2030 2367 2113 2411 est
2211 2354 2555 2423 phalecium:

531 2454 849 2519 enuntiatio,
872 2469 1030 2524 quam
1061 2453 1289 2523 quisque
1318 2451 1510 2521 probat
1536 2451 1793 2507 auditam.

603 2546 687 2601 Ne
708 2546 840 2600 hunc
862 2562 1031 2599 rerum
1052 2541 1297 2614 omnium]
1330 2534 1827 2610 Evidenterprobat
1853 2541 1946 2595 Dei
1972 2554 2115 2594 sum-

536 2638 710 2708 mique
740 2636 863 2691 buni
895 2650 1052 2689 unam
1091 2643 1146 2689 et
1174 2632 1416 2688 eamdem
1449 2648 1567 2687 esse
1597 2632 1966 2687 substantiam.

606 2724 1161 2798 Praecellentissimum]
1196 2725 1720 2780 Praestantissimum.

514 2881 537 2901 κ
609 2822 797 2892 Fingat
818 2822 903 2890 qui
928 2819 1110 2893 potest]
1141 2820 1208 2887 ρ.
1242 2820 1295 2872 d.
1336 2833 1494 2873 nemo
1525 2819 1725 2887 fingere
1752 2825 1945 2887 potest.

609 2918 874 2973 Postremo
901 2919 1036 2989 quod
1064 2934 1096 2971 a
1119 2914 1364 2988 qualibet]
1416 2914 1557 2969 Idem
1586 2913 1726 2984 quod
1769 2912 1948 2977 modo,
1980 2926 2120 2966 nunc

543 3029 678 3068 nova
709 3013 916 3067 ratione
942 3011 1148 3081 probat.

612 3100 913 3174 Geometrie]
960 3102 1299 3157 Professores
1339 3098 1664 3169 geometriae,
1697 3112 1814 3168 qua:
1861 3105 1945 3151 est
1986 3096 2121 3151 bene

542 3192 887 3250 mensurandi
915 3192 1165 3247 scientia.

2358 2468 2367 2477 ο
2397 2445 2490 2495 Hic
2513 2448 2651 2496 vobis
2673 2450 2874 2509 requies
2898 2450 2992 2499 erit
3018 2448 3257 2497 laborum.

2292 2530 2486 2587 Verum
2521 2532 2735 2587 Boetius
2775 2539 2957 2587 noster
2988 2530 3136 2601 prius
3176 2544 3283 2588 tres
3315 2534 3588 2603 phalecius
3630 2538 3789 2593 conti-

2216 2639 2355 2681 auos
2389 2626 2602 2692 cecinit,
2641 2625 2837 2681 deinde
2866 2627 3175 2697 sapphicum
3217 2628 3439 2697 addidit,
3479 2632 3791 2701 syllabarum

2217 2702 2442 2774 numero
2491 2728 2546 2773 et
2600 2728 2899 2786 temporum
2961 2718 3305 2795 proportione
3355 2720 3795 2791 bendecasyllabo

2218 2809 2498 2878 atqualem.
2553 2808 2841 2877 Postquam
2876 2818 3053 2862 autem
3085 2808 3423 2880 Pliilompliia
3456 2815 3651 2865 summi
3684 2814 3795 2866 boni

2220 2900 2672 2970 beatitudinisque
2708 2898 2951 2953 eamdem
2988 2915 3107 2953 cum
3143 2900 3250 2955 Deo
3278 2902 3632 2957 substantiam
3667 2906 3796 2957 indi-

2220 2992 2380 3057 cavit,
2415 3006 2552 3045 nunc
2585 2992 2841 3045 mortales
2869 2992 3117 3046 alacriter
3159 2992 3344 3047 invitat
3388 3005 3441 3049 et
3473 2996 3795 3061 adhortatur,

2222 3092 2281 3137 ut
2306 3085 2369 3137 ad
2395 3084 2532 3138 hanc
2555 3097 2732 3138 veram
2761 3082 3068 3138 felicitatem
3098 3070 3295 3153 pariter
3314 3087 3663 3153 contendant,
3690 3087 3800 3141 reli-

2225 3178 2324 3233 ctis
2371 3180 2598 3233 terrenis
2642 3176 3028 3248 fallacibusque
3069 3178 3251 3233 vilium
3293 3180 3556 3235 bonorum
3600 3183 3797 3242 studiis.

622 3282 931 3354 Porismata]
962 3283 1275 3337 Corollaria.
1322 3280 1583 3351 Georgius
1608 3281 1755 3335 Valla
1788 3281 1925 3338 libro
1955 3282 2126 3351 Expe-

2233 3288 2349 3342 quae
2394 3280 2625 3325 mentem
2669 3277 2959 3333 excaecant,
2994 3285 3099 3325 non
3132 3271 3461 3338 illuminant;
3487 3273 3677 3342 ligant,
3709 3288 3803 3327 non

548 3381 826 3435 tendorum
854 3389 907 3433 et
934 3377 1324 3446 Fugiendorum
1354 3393 1389 3431 tt
1421 3393 1433 3430 :
1461 3376 1553 3430 Est
1578 3387 1624 3431 et
1654 3380 1900 3446 porisma,
1929 3394 2044 3431 cum
2069 3392 2133 3432 ea:

549 3473 908 3527 demonstratis
944 3472 1089 3525 aliud
1118 3471 1313 3539 aliquid
1353 3480 1582 3542 apparet,
1622 3471 1775 3525 simul
1802 3478 1851 3523 et
1880 3472 2134 3525 theorema

551 3566 693 3618 nobis
722 3581 821 3619 non
849 3564 1242 3636 proponentibus
1270 3580 1286 3617 :
1314 3563 1450 3618 unde
1474 3572 1520 3617 et
1551 3580 1734 3618 nomen
1758 3562 1957 3628 habuit,
1986 3563 2134 3633 quasi

552 3657 752 3709 lucrum
792 3656 1049 3725 quoddam
1091 3656 1307 3709 existens
1353 3656 1626 3709 scientialis
1663 3654 2133 3719 demonstrationis,

553 3750 606 3802 id
663 3749 1229 3805 Latine-corollarium
1292 3749 1608 3813 nominatur,
1669 3748 1844 3802 Greece
1899 3747 2135 3801 scribitur

554 3840 807 3918 πόρισμα.

626 3933 987 4004 Ccrollarium]
1026 3934 1376 3989 Cornllarium
1408 3940 1487 4004 (ut
1514 3946 1701 3989 auctor
1744 3944 1825 3989 est
1870 3935 1941 3989 Μ.
1969 3935 2136 3989 Varro

556 4026 693 4083 libro
716 4028 886 4095 primo
908 4026 973 4081 de
996 4027 1195 4098 Lingua
1219 4028 1425 4097 Latina)
1454 4028 1715 4097 significat
1743 4029 1792 4082 id
1816 4030 1956 4097 quod
1981 4029 2135 4083 addi-

559 4130 667 4174 tutn
699 4125 797 4185 est,
822 4129 1176 4191 prmterquam
1206 4121 1346 4191 quod
1376 4121 1632 4185 debitum,
1668 4132 1917 4191 tanquam
1949 4132 2135 4177 aucta-

558 4213 695 4267 rium
733 4212 1019 4282 quoddam.
1063 4211 1134 4265 lta
1177 4213 1319 4267 enim
1361 4212 1610 4267 dicebant
1653 4213 1852 4283 antiqui
1881 4230 1894 4266 :
1927 4222 1980 4267 et
2005 4213 2139 4267 dixit

558 4301 777 4358 Plautus
814 4304 863 4358 id
894 4304 1032 4374 quod
1065 4320 1223 4373 supra
1257 4319 1557 4359 mensuram
1594 4304 1674 4360 vel
1707 4304 1913 4374 pondus
1937 4304 2137 4373 justum

558 4394 924 4463 adficiebatur.
976 4395 1300 4451 Vocabulum
1350 4396 1622 4452 corollarii
1668 4406 1753 4451 est
1801 4413 1829 4451 a
1880 4396 2135 4451 corollis:

560 4485 701 4552 quod
731 4502 839 4551 eae,
881 4504 999 4541 cum
1031 4488 1337 4554 placuerant
1376 4498 1607 4552 actores,
1638 4487 1690 4541 in
1720 4501 1882 4542 scena
1908 4487 2023 4542 dari
2052 4503 2140 4542 so.

557 4574 666 4629 lita:
709 4577 833 4631 sint.
884 4576 1032 4630 Unde
1068 4586 1123 4631 et
1155 4577 1435 4632 corollaria
1470 4578 1719 4632 dicuntur
1764 4580 1891 4647 ipsa:
1927 4594 2139 4634 corona:

2236 3366 2546 3431 absolvunt;
2576 3366 2789 3420 irritant
2814 3367 3213 3435 cupiditatibus,
3246 3386 3355 3424 non
3384 3372 3605 3426 satiant.

2307 3459 2472 3531 Capti]
2506 3460 2665 3517 Divus
2711 3460 3063 3531 Hieronymus
3108 3461 3163 3515 in
3207 3462 3429 3531 epistola
3475 3466 3543 3518 ad
3591 3466 3808 3519 amicum

2238 3560 2494 3620 aegrotum
2527 3550 2884 3605 consolatorie
2921 3567 2933 3601 :
2964 3549 3169 3605 Liberos
3198 3561 3250 3603 tu
3273 3552 3501 3620 judicas,
3538 3564 3629 3606 aut
3660 3554 3811 3605 a‘mo-

2237 3644 2379 3696 rtbus
2427 3642 2646 3712 alienos,
2688 3660 2812 3715 quos
2860 3645 3139 3713 uoluptates
3187 3644 3415 3697 barbara:
3466 3646 3811 3699 deuinxerant.

2243 3736 2361 3789 Non
2379 3736 2561 3790 habent
2582 3746 2834 3801 catenam,
2857 3736 2944 3791 sed
2966 3752 3050 3791 eos
3079 3736 3287 3791 luxuria
3316 3728 3469 3806 ferali
3489 3740 3815 3790 mordacitate

2240 3830 2293 3881 in
2327 3828 2540 3882 vinculis
2586 3837 2737 3889 tenet.
2786 3827 2869 3882 Ita
2917 3830 3203 3883 inciderunt
3246 3833 3296 3883 in
3334 3831 3541 3899 laqueos
3588 3832 3816 3897 feralium

2240 3930 2575 3996 voluptatum,
2610 3926 2740 3977 sicut
2778 3940 2893 3977 aves
2931 3926 3173 3993 aucupali
3204 3927 3388 3995 fraude
3437 3926 3649 3994 (apltvt?
3673 3943 3693 3979 :
3719 3937 3819 3991 qud

2240 4035 2339 4086 quo
2385 4018 2548 4089 magis
2582 4029 2833 4072 conantur
2873 4020 3101 4087 evadere,
3130 4032 3189 4073 eo
3218 4018 3504 4071 innumeris
3534 4035 3588 4072 se
3618 4018 3821 4072 nexibus

2240 4111 2470 4181 illigant,
2510 4120 2558 4164 et
2604 4111 2657 4163 in
2704 4110 3060 4180 profundiores
3106 4111 3246 4164 sinus
3293 4115 3613 4180 demergunt.
3667 4110 3821 4164 Divus

2242 4202 2561 4258 Ambrosius
2590 4202 2683 4256 lib.
2715 4202 3069 4271 Epistolarum
3101 4216 3137 4257 tt
3163 4220 3175 4254 :
3211 4202 3412 4257 Renunt
3435 4216 3581 4256 emus
3612 4202 3821 4254 luxuriat

2243 4312 2302 4348 ac
2330 4295 2547 4360 deliciis,
2584 4310 2697 4364 qua:
2727 4311 2817 4348 nos
2840 4295 3142 4365 quibusdam
3172 4297 3462 4365 astringunt
3494 4296 3709 4349 nexibus
3736 4311 3819 4347 cu-

2245 4388 2538 4456 piditatum.
2571 4386 2721 4441 Nihil
2740 4388 2874 4442 enim
2896 4399 3109 4457 prosunt
3139 4388 3337 4443 deliciae
3354 4390 3533 4443 stulto.
3562 4390 3821 4443 Marsilius

2247 4482 2547 4537 Platonicus
2576 4497 2591 4535 :
2629 4480 2895 4537 Moderata
2915 4484 3157 4551 juventus
3186 4483 3388 4551 facilem
3419 4480 3569 4551 efficit
3595 4492 3822 4535 senectti.

2247 4584 2367 4641 tem,
2412 4575 2743 4630 immoderata
2786 4574 3056 4644 difﬁcilem.
3137 4574 3238 4641 Qui
3276 4576 3507 4645 corporis
3546 4575 3822 4644 obsequitur

560 4664 700 4733 apud
733 4666 981 4721 Plinium.
1036 4668 1322 4723 Suetonius
1356 4688 1367 4721 :
1402 4667 1583 4739 Itaque
1618 4670 1894 4724 corollaria
1926 4680 1975 4724 et
2003 4688 2137 4743 prw-
2166 4649 2219 4710 D
2248 4666 2560 4731 libidinibus,
2583 4666 2936 4737 proculdubio
2963 4667 3157 4721 insanis
3181 4668 3331 4721 servit
3360 4668 3616 4737 tyrannis.

562 4753 685 4821 mia,
727 4758 904 4811 alienis
944 4774 1141 4828 quoque
1182 4761 1475 4815 muneribus
1498 4776 1556 4813 ac
1597 4762 1755 4827 ludis,
1798 4772 1845 4816 et
1886 4765 2059 4817 crebra
2097 4776 2141 4818 et

560 4850 778 4922 grandia
807 4852 868 4903 de
897 4868 987 4905 suo
1018 4853 1279 4918 offerebat.
1356 4856 1558 4911 Seneca
1602 4856 1737 4910 libro
1768 4858 1835 4914 de
1863 4858 2140 4915 Beneficiis

558 4950 713 4994 sexto
747 4957 760 4994 :
794 4940 1276 4999 Sordidissimorum
1304 4964 1504 5017 quoque
1528 4948 1864 5015 artiﬁciorum
1894 4951 2143 5004 institori-

561 5033 652 5087 bus
681 5051 837 5103 supra
865 5037 1187 5091 constitutum
1210 5039 1405 5109 aliquid
1427 5041 1730 5111 adjecintus,
1757 5043 1802 5097 si
1824 5044 1965 5097 nobis
1988 5060 2141 5113 Opera

560 5130 769 5185 illorum
795 5132 991 5186 enixior
1019 5133 1145 5198 visa,
1169 5143 1216 5186 et
1238 5136 1585 5203 gubernatori,
1608 5144 1652 5189 et
1683 5135 1858 5206 opiﬁci
1884 5138 2145 5192 vilissima:

560 5221 760 5288 mercis,
783 5232 830 5275 et
858 5223 909 5275 in
930 5222 1066 5289 diem
1096 5239 1148 5277 se
1180 5223 1366 5276 locanti
1390 5224 1718 5279 corollarium
1738 5229 2067 5295 aspersimus.

632 5314 769 5371 Deos
797 5315 930 5388 ﬁeri]
962 5318 1124 5373 Divus
1144 5319 1489 5387 Augustinus
1538 5318 1673 5375 libro
1704 5320 1773 5376 de
1794 5320 2021 5377 Civitate
2051 5321 2142 5378 Dei

563 5423 726 5475 nono,
756 5410 928 5474 capite
960 5410 1215 5480 vigesimo
1246 5410 1403 5465 tertio
1434 5430 1447 5466 :
1474 5412 1579 5467 Sed
1610 5414 1838 5469 homines
1864 5433 2063 5487 quoque
2090 5418 2143 5472 in

561 5500 753 5573 popqu
783 5501 875 5555 Dei
910 5503 1087 5556 eadem
1116 5500 1387 5571 Scriptura
1424 5505 1545 5561 deos
1578 5508 1825 5579 appellat.
1875 5507 1986 5579 Ego
2011 5511 2138 5578 dixi,

562 5593 747 5663 inquit,
778 5595 851 5647 dii
890 5596 1039 5661 estis,
1084 5604 1133 5651 et
1175 5596 1272 5667 filii
1310 5595 1518 5653 Excelsi
1542 5616 1712 5655 omnes
1735 5600 1907 5672 (Psal.
1935 5605 2137 5673 ικιχι).

566 5682 919 5757 Hieronymus
978 5690 1031 5744 in
1081 5702 1332 5747 sermone
1397 5691 1465 5748 de
1510 5691 1796 5751 Nativitate
1844 5693 2139 5751 dominica:

568 5775 704 5831 Deus
736 5780 899 5847 factus
927 5790 995 5834 est
1024 5783 1198 5851 homo,
1230 5794 1282 5838 ut
1312 5788 1462 5840 homo
1486 5786 1623 5842 Deus
1648 5790 1807 5858 ﬁeret.

642 5868 770 5919 Cum
798 5867 979 5930 multa]
1018 5870 1175 5927 Docet
1202 5876 1397 5930 bonum
1427 5878 1767 5934 beatitudinis
1794 5880 2138 5938 substantiam

2246 4790 2254 4801 -
2318 4758 2589 4814 Terrenasi
2624 4759 2979 4814 Terrenarum
3022 4774 3200 4814 rerum
3243 4759 3626 4828 cupiditatibus
3667 4758 3821 4813 obm-

2248 4863 2350 4909 tas.

2248 4980 2253 4987 -
2321 4948 2595 5020 Hebetans]
2626 4947 2955 5017 Obtundens,
2993 4947 3211 5003 hebetes
3251 4956 3305 5003 et
3336 4948 3539 5003 inertes
3577 4945 3822 5003 reddens.

2248 5044 2562 5101 Aristoteles
2600 5045 2653 5099 in
2685 5047 2913 5114 septimo
2943 5042 3252 5099 Ethicorum
3294 5042 3419 5096 hinc
3459 5043 3655 5111 probat
3687 5039 3823 5095 volu~

2250 5147 2447 5206 ptatem
2473 5151 2578 5191 non
2608 5150 2728 5191 esse
2757 5150 3023 5191 summum
3053 5135 3261 5190 bonum
3280 5176 3293 5199 ,
3325 5138 3580 5204 quoniam
3612 5129 3823 5203 (inquit)

2250 5230 2550 5299 voluptates
2574 5228 2871 5299 impediunt
2893 5228 3227 5299 prudentiam
3260 5246 3273 5282 :
3303 5234 3358 5281 et
3379 5237 3581 5296 quanto
3604 5225 3825 5293 majores

2247 5331 2391 5387 sunt,
2420 5330 2568 5377 tanto
2595 5321 2765 5390 magis
2795 5319 3129 5382 obnubilant,
3155 5318 3293 5387 quod
3321 5319 3373 5372 in
3402 5310 3745 5387 aphrodisiis,
3777 5310 3825 5366 id

2247 5423 2330 5470 est
2357 5415 2409 5468 in
2437 5413 2594 5470 rebus
2618 5412 2891 5478 Venereis,
2917 5420 3080 5483 patet.
3118 5411 3286 5467 Nemo
3315 5411 3459 5465 enim
3484 5409 3613 5464 dum
3638 5403 3825 5464 Veneri

2249 5516 2517 5579 operatur,
2552 5508 2854 5576 perspicere
2883 5515 3063 5561 mente
3084 5504 3366 5574 quidquam
3393 5511 3591 5572 potest.

2254 5630 2257 5637 ι
2320 5600 2445 5672 Hic]
2480 5601 2533 5655 In
2564 5616 2774 5656 summo
2804 5600 2962 5654 bono.
2997 5599 3216 5670 Asylum
3246 5597 3433 5653 Grrece
3461 5595 3673 5659 ἄσυλον,
3700 5593 3825 5649 ἰηῑε·

2248 5705 2508 5752 meratum
2535 5694 2788 5764 templum
2810 5703 2893 5750 est
2914 5692 3327 5749 consecrationis
3350 5690 3468 5760 lege
3491 5701 3823 5755 concessum.

2247 5789 2316 5845 ab
2359 5812 2392 5843 α
2434 5788 2688 5857 privativa
2733 5784 3021 5855 particula,
3067 5793 3119 5839 et
3164 5784 3336 5839 συλάω
3379 5783 3563 5853 rapio,
3612 5780 3819 5852 spolio.

2249 5883 2457 5949 aufero,
2491 5880 2724 5943 violave;
2767 5886 2874 5945 aut,
2919 5876 3057 5934 sicut
3097 5875 3314 5948 exponit
3342 5875 3589 5945 Servius,
3631 5872 3830 5932 dicitur
