4010 6372
336 354 468 409 1035

1388 339 1769 398 MURMELLII
1811 335 2322 394 CUBIMENTANA.

3428 346 3429 349 “
3449 338 3588 393 103/.

336 471 530 541 ,sylum
560 467 711 538 quasi
741 461 952 540 ἄθυμον,
980 462 1119 531 quod
1154 461 1273 515 inde
1304 476 1397 530 per
1422 468 1527 515 vim
1557 458 1762 512 extrahi
1792 456 1905 509 nul-
1936 456 1983 511 Α
2087 456 2249 507 Omne
2268 456 2511 525 quodest,
2538 458 2929 509 tandiummtere
2944 462 3094 524 atque
3114 454 3405 519 subsistere,
3423 470 3588 522 quan-

334 568 411 620 lus
434 572 630 632 posset.
690 561 817 615 Nam
850 560 900 612 iu
934 559 983 612 id
1016 557 1295 625 fugientes,
1326 556 1422 608 tuti
1451 561 1622 619 erant,
1655 567 1751 606 nec
1782 552 1905 604 inde

333 654 534 710 extrahi
578 662 819 722 poterant
852 668 862 702 :
896 652 1033 718 quod
1079 650 1223 717 prius
1252 647 1625 705 Athenienses.
1661 652 1775 712 post
1803 642 1905 695 Ro.

333 748 502 800 nudus
533 743 851 799 construxit.
890 742 1048 794 Divus
1076 739 1396 802 Augustinus
1426 738 1563 791 libro
1592 736 1658 789 de
1684 734 1907 788 Civitate

333 839 422 891 Dei
475 837 642 903 primo
682 854 693 887 :
732 834 981 888 Romulus
1026 842 1073 885 et
1120 832 1305 884 flemus
1352 830 1551 899 asylum
1592 826 1910 880 constituisse

333 929 684 996 perhif‘entur,
736 942 835 994 qua
869 924 1094 992 quisquis
1131 923 1452 989 confugeret,
1494 918 1558 971 ab
1600 917 1735 968 omni
1774 931 1909 968 nam

334 1020 454 1073 liber
498 1028 657 1080 esset,
703 1032 891 1084 augere
931 1026 1206 1082 macerantes
1241 1010 1479 1065 creandte
1535 1007 1910 1061 multitudinem

335 1112 565 1165 civitatis.
617 1110 737 1161 Htcc
769 1109 876 1161 ille.
922 1107 1139 1159 l'ul-shra
1174 1106 1327 1174 igitur
1361 1102 1703 1157 translatione
1734 1101 1906 1153 locum

328 1201 674 1254 beatitudinis
696 1199 899 1268 asylum
924 1206 1092 1249 vncat.
1124 1198 1317 1249 Patens
1330 1204 1512 1247 autem
1532 1190 1747 1245 miseris
1773 1188 1907 1243 haud

324 1306 397 1345 eo
418 1291 567 1354 dicit,
591 1290 730 1359 quod
762 1290 811 1342 id
844 1288 1021 1343 miseri
1044 1288 1245 1355 possint
1272 1283 1505 1354 ingredi;
1534 1282 1627 1337 sed
1658 1280 1913 1347 subintel-

332 1382 600 1451 ligendum
640 1383 870 1450 alioqui,
912 1381 999 1448 qui
1052 1377 1231 1431 miseri
1279 1377 1454 1430 forent
1506 1386 1907 1441 manereutque,

334 1473 433 1526 nisi
466 1473 517 1526 in
549 1486 685 1526 verte
715 1471 978 1524 felicitatis
1023 1470 1229 1539 asylum
1280 1468 1348 1520 ad
1396 1466 1701 1521 evitandum
1751 1464 1909 1518 mise-

334 1564 467 1616 riam
494 1579 554 1619 se
579 1564 859 1632 reciperet.

406 1654 596 1726 Tagus]
629 1655 849 1709 Fluvius
878 1653 1075 1707 aurifer
1104 1651 1409 1707 Lusitania).

407 1744 653 1815 Hermus]
683 1745 901 1799 Flavius
932 1744 1110 1814 Lytlizc
1140 1741 1356 1797 aurifer.
1408 1740 1653 1808 Virgilius
1679 1754 1691 1789 :

640 1838 734 1885 Aut
758 1848 876 1884 auro
903 1836 1122 1884 turbidus
1148 1833 1375 1882 Hermus.

405 1918 683 1985 liutilante‘l
710 1919 904 1971 Aureis
932 1917 1107 1970 arenis
1141 1914 1531 1982 resplendente.

403 2008 588 2081 Indus]
612 2008 865 2063 Maximus
894 2008 1049 2062 ludio
1075 2007 1285 2071 fluvius,
1311 2005 1421 2057 vati
1445 2019 1470 2056 s
1490 2004 1713 2072 gemmis
1740 2002 1904 2055 abun-

318 2102 486 2155 dans.

399 2194 579 2249 Calida
614 2192 748 2264 orbe]
782 2190 1254 2262 Piagte'Orientali,
1275 2189 1362 2244 ubi
1392 2186 1469 2241 sol
1502 2185 1688 2238 oritur.

400 2284 692 2356 Illustrant]
726 2285 877 2338 Illum
906 2293 1051 2338 nant.

397 2376 590 2447 Aciem]
624 2377 802 2431 Visum
835 2376 1018 2430 animi.

398 2469 591 2540 Ctecos]
622 2471 793 2524 Prava
825 2470 1112 2537 cupiditate
1137 2479 1388 2522 ca-catos.

400 2560 464 2615 In
495 2578 614 2615 suas
644 2560 888 2631 tenebras]
938 2560 1052 2615 Sibi
1098 2560 1335 2629 proprias
1380 2573 1393 2609 :
1442 2571 1562 2608 nam
1607 2552 1819 2607 metalla
1848 2558 1903 2605 et

317 2653 493 2722 ‘lapilli
538 2654 848 2723 plerumque
879 2653 929 2704 iu
962 2652 1204 2706 obscuris
1236 2663 1390 2703 terra:
1421 2645 1669 2701 cavernis
1709 2643 1903 2697 delite-

312 2753 503 2797 scunt.

408 2832 568 2903 Viget]
605 2834 719 2889 Vim
744 2834 919 2888 habet.

407 2923 565 2995 Vitat]
597 2927 711 2981 Non
740 2926 991 2980 admitti'.

399 3019 651 3072 Obscuras
682 3015 875 3086 ruinas]
920 3015 1378 3079 Perturbaliones,
1409 3028 1641 3079 errores,
1686 3012 1739 3066 in
1783 3024 1898 3065 sce-

308 3111 434 3163 ili-ra
464 3125 557 3176 per
587 3108 935 3178 ignorantiam
970 3107 1049 3161 vel
1086 3106 1497 3175 imprudentiam
1528 3104 1826 3174 prolapsus.

398 3198 614 3269 Natare]
649 3199 861 3254 Videre.

392 3292 545 3344 Hanc
576 3292 755 3362 lucem]
788 3292 994 3346 Summi
1025 3291 1148 3345 boni
1178 3291 1496 3346 claritatem.

372 3382 645 3437 Candidas
668 3382 844 3436 Phoebi
868 3380 1276 3451 radiasnegabit]
1304 3381 1355 3434 ιιι
1382 3393 1481 3441 es'.
1512 3398 1614 3448 pra‘
1641 3395 1700 3433 ea
1729 3396 1753 3433 s
1779 3381 1893 3432 -|em

320 3475 449 3529 nihil
481 3474 613 3528 luc's
640 3474 741 3528 aiet
774 3473 992 3527 habere.

852 3563 913 3617 IN
957 3563 1225 3619 PllOSAM
1278 3564 1365 3617 XI.

391 3657 657 3709 llactcuus
688 3654 1029 3725 Philosophia
1080 3658 1337 3711 di-seruit
1375 3671 1643 3710 summum
1698 3658 1892 3709 bonunt

305 3763 462 3811 esse,
489 3758 541 3802 et
566 3749 615 3801 in
643 3764 745 3817 quo
772 3750 1054 3803 consistat:
1076 3750 1185 3818 jam
1209 3749 1420 3804 docebit
1440 3751 1564 3819 quid
1587 3752 1655 3803 sit
1673 3751 1891 3815 bonum,

316 3842 647 3895 concludens
671 3841 798 3895 nihil
817 3856 935 3895 esse
957 3842 1151 3895 bonum
1179 3842 1276 3894 nisi
1298 3842 1436 3895 idem
1456 3843 1523 3893 sit
1552 3857 1731 3894 unum.
1757 3842 1895 3896 Stib-

315 3934 422 3985 lata
455 3935 595 3987 enim
626 3934 843 3987 unitatis
874 3933 1101 3998 ratione,
1130 3932 1382 4002 quidquid
1412 3942 1515 3999 est,
1549 3933 1742 3987 bonum
1773 3948 1892 3988 esse

314 4025 535 4079 desinit.

389 4114 613 4187 lnﬁniti]
646 4116 1079 4171 Snbaudiendum
1108 4117 1406 4172 aestimabo.

376 4204 519 4257 .Bani
535 4204 956 4276 participatione]
980 4207 1229 4261 Socrates
1260 4206 1633 4262 l’latonicusin
1660 4205 1850 4274 Gorgia
1873 4224 1885 4260 :

309 4297 409 4350 'Est
453 4308 619 4350 autem
645 4302 896 4367 voluptas,
928 4314 1029 4367 qua
1058 4309 1300 4366 prasente
1345 4301 1659 4369 gaudemus:
1694 4302 1879 4353 bonum

309 4406 461 4453 vero,
496 4406 591 4457 qua
616 4401 858 4458 praesente
892 4392 1005 4442 boni
1034 4406 1227 4444 sumus.
1267 4390 1482 4445 Prorsus
1510 4393 1627 4445 boni
1656 4410 1771 4447 vero
1801 4411 1889 4447 su-

308 4496 447 4545 mus,
479 4490 526 4532 et
554 4496 660 4540 nos.
705 4490 751 4534 et
778 4482 1219 4551 quaecunque'alia
1246 4484 1374 4537 bona
1397 4492 1536 4545 sunt,
1566 4486 1626 4538 ob
1657 4487 1887 4539 virtutem

306 4574 587 4640 quamdam
614 4589 728 4641 qua?
748 4576 900 4625 adsit.

383 4663 555 4717 Simili
580 4663 798 4736 ratione]
827 4664 980 4732 Quia,
1014 4675 1073 4719 ttt
1094 4681 1405 4721 concussum
1435 4680 1536 4734 est,
1569 4684 1674 4725 tum
1710 4673 1883 4726 unita-

303 4753 378 4804 tis
406 4752 688 4821 adeptione
716 4756 855 4809 bona
889 4756 1040 4821 fiunt,
1071 4773 1401 4826 qutccunque
1432 4774 1553 4814 sunt
1586 4763 1742 4829 bona,
1774 4775 1885 4819 tum

300 4845 435 4897 boni
469 4846 893 4914 participatione.
923 4848 1373 4916 Quorumcunque
1400 4857 1711 4907 natutalitt'r
1743 4856 1792 4908 id
1831 4873 1881 4911 in

300 4945 391 4991 est
418 4935 656 5002 allectus,
686 4954 870 4992 eorum
915 4939 1100 4993 eadem
1123 4950 1204 4993 est
1232 4941 1549 4996 substantia.
1600 4944 1762 4999 Unius
1788 4961 1884 4999 au-

300 5036 416 5082 tem
438 5039 491 5081 et
522 5030 665 5093 boni,
700 5030 1011 5085 naturaliter
1038 5032 1175 5085 idem
1196 5034 1558 5089 est-allectus.
1585 5036 1755 5091 Unius
1787 5039 1884 5109 igi-

298 5129 392 5177 tur
418 5130 474 5174 ct
505 5121 628 5175 boni
660 5123 845 5175 eadem
870 5134 955 5178 est
984 5124 1299 5180 subsmntia.

381 5211 599 5266 Nostine
619 5213 792 5285 igitur]
810 5214 975 5269 Docet
990 5219 1402 5288 unumquodque
1418 5221 1729 5289 subsistere,
1755 5222 1882 5279 dum

296 5318 469 5357 unum
492 5314 573 5357 est
589 5323 602 5356 :
621 5319 740 5358 cum
757 5320 880 5359 vero
899 5321 1059 5358 unum
1085 5321 1204 5360 esse
1221 5308 1436 5375 desinit,
1468 5312 1706 5368 interire.
1724 5314 1882 5382 Quod

294 5403 511 5462 spectat
534 5409 767 5459 eorsum,
792 5396 1117 5449 ut-ostendat
1137 5398 1311 5451 omnia
1334 5401 1558 5454 naturali
1585 5403 1882 5461 intentione

291 5502 469 5542 unum
501 5485 831 5551 desiderare,
884 5497 939 5543 et
967 5504 1086 5542 cum
1122 5506 1279 5543 unum
1300 5491 1360 5543 id
1406 5493 1575 5559 ipsum
1618 5497 1685 5550 sit
1737 5500 1879 5566 quod

287 5580 523 5643 bomtm,
564 5579 757 5633 bonum
788 5580 857 5634 ab
886 5582 1131 5635 omnibus
1164 5584 1360 5649 appeti.
1397 5584 1460 5637 Et
1508 5586 1575 5639 ita
1610 5588 1794 5644 Boetio
1826 5592 1877 5645 in

284 5682 538 5724 mentem
572 5681 822 5737 revocat,
855 5673 993 5742 quod
1042 5688 1097 5727 se
1147 5675 1302 5742 paulo
1355 5688 1478 5730 ante
1522 5679 1879 5737 confitebatur

281 5775 567 5832 Ignorare,
596 5762 796 5817 bonum
831 5777 947 5816 esse
972 5779 1155 5816 rerum
1186 5765 1423 5819 omnium
1459 5766 1637 5823 linem.

699 5873 974 5935 Panas.
1012 5875 1233 5935 LXIII.

1912 4550 1968 4610 Ι)

2013 547 2101 598 diu
2128 548 2190 599 sit
2215 545 2389 618 unum]
2415 549 2593 602 Exstat
2624 548 3010 617 pulcherrimus
3033 556 3088 601 et
3108 545 3359 600 aureolus
3380 544 3447 598 de
3473 547 3590 598 uni-

2013 646 2118 687 tate
2144 646 2195 690 et
2220 652 2323 690 uno
2346 639 2511 691 Boctii
2533 640 2696 693 nostri
2718 640 2950 705 libellus,
2976 654 3132 707 quem
3158 636 3321 691 studi:
3340 650 3399 689 se
3418 636 3591 690 lector

2011 727 2077 793 (si
2111 728 2327 796 habeas)
2362 728 2427 781 ad
2457 729 2594 782 hunc
2626 730 2798 783 locum
2824 730 3032 797 penitus
3057 727 3484 795 intelligendum,
3518 726 3589 779 le-

2011 818 2133 870 ctita
2165 818 2480 885 diligenter:
2512 835 2575 873 ex
2609 836 2712 887 quo
2743 828 2796 874 et
2816 820 2929 874 lure
2959 819 3111 874 nobis
3140 819 3346 872 libitum
3379 827 3465 873 est
3495 832 3588 886 ap-

2014 921 2231 974 ponere,
2256 918 2309 961 ut
2335 911 2495 962 etiam
2530 909 2784 963 librorum
2809 911 3019 978 copiosa
3058 908 3388 977 supellectile
3409 922 3589 963 caren-

2015 1002 2152 1053 tibus
2185 1002 2459 1056 industrite
2508 1012 2703 1056 nostra:
2735 1003 2882 1057 labor
2926 1004 3091 1070 prosit
3121 1019 3134 1056 :
3170 1002 3351 1055 Unitas
3390 1011 3461 1054 est
3488 1017 3588 1071 qua

2011 1109 2321 1164 unaquaque
2348 1113 2425 1149 res
2455 1096 2645 1149 dicitur
2668 1112 2772 1149 esse
2796 1112 2930 1152 una:
2953 1097 3055 1149 sive
3074 1097 3203 1148 enim
3232 1096 3297 1148 sit
3337 1096 3576 1165 simplex,

2009 1183 2113 1235 sive
2140 1184 2439 1252 composita,
2472 1186 2574 1238 sive
2598 1186 2913 1250 spiritualis,
2945 1187 3047 1238 sive
3075 1202 3338 1255 corporea,
3368 1202 3446 1239 res
3475 1187 3591 1238 uni.

2012 1283 2114 1327 tate
2141 1294 2241 1329 una
2263 1288 2358 1341 est,
2389 1295 2477 1331 nec
2510 1289 2671 1345 potest
2701 1296 2807 1333 esse
2836 1296 2939 1331 una
2967 1279 3065 1331 nisi
3099 1280 3309 1342 unitate,
3334 1278 3469 1331 sicut
3500 1294 3587 1331 nec

2011 1367 2124 1418 alba
2148 1369 2245 1421 nisi
2273 1368 2523 1423 albedine.
2558 1386 2647 1422 nec
2673 1380 2863 1439 quanta
2894 1370 2989 1422 nisi
3016 1371 3312 1429 quantitate.
3343 1368 3463 1422 Non
3503 1384 3587 1422 sa-

2011 1459 2116 1511 lum
2145 1472 2312 1513 autem
2342 1463 2536 1515 unitate
2556 1480 2666 1515 una
2694 1474 2786 1527 e.-;t,
2811 1466 2897 1516 sed
2929 1464 3075 1515 etiam
3105 1463 3284 1514 tandiu
3314 1471 3408 1525 est,
3441 1461 3587 1522 quid.

2011 1552 2136 1622 quid
2163 1552 2218 1604 id
2239 1554 2498 1617 quodest,
2524 1558 2749 1625 quundiu
2794 1558 2843 1608 in
2870 1573 2923 1609 se
2947 1557 3113 1608 unitas
3139 1564 3233 1608 est.
3259 1554 3383 1609 Cum
3421 1562 3587 1606 autem

2012 1643 2194 1695 desinit
2238 1661 2344 1697 esse
2372 1662 2555 1709 unum,
2603 1647 2785 1700 desinit
2825 1664 2930 1700 esse
2967 1648 3019 1699 id
3048 1647 3181 1716 quod
3211 1657 3304 1701 est.
3341 1646 3492 1700 Unde
3517 1658 3587 1699 est

2015 1734 2109 1786 hac
2132 1750 2150 1788 :
2176 1736 2435 1803 Quidquid
2464 1750 2534 1791 est
2554 1782 2567 1801 ,
2590 1739 2711 1791 ideo
2750 1749 2841 1800 est,
2874 1740 3006 1806 quod
3034 1756 3186 1791 unum
3217 1747 3308 1793 est.
3335 1737 3493 1802 Quod
3517 1739 3587 1790 sic

1930 1810 1981 1868 Β
2010 1830 2329 1883 ostenditur:
2363 1830 2527 1883 Omne
2552 1834 2685 1884 en'm
2708 1850 2815 1886 esse
2844 1849 2904 1886 ex
2926 1835 3089 1899 [arma
3114 1842 3185 1885 est
3210 1834 3259 1885 in
3281 1832 3425 1886 rebus
3451 1849 3585 1886 crea-

2010 1919 2073 1971 tis
2093 1935 2111 1973 :
2132 1937 2155 1973 s
2186 1922 2219 1972 d
2250 1921 2446 1973 nullum
2473 1938 2577 1974 esse
2605 1940 2667 1975 ex
2704 1926 2870 1993 forma
2892 1934 2987 1985 est,
3021 1926 3117 1977 nisi
3144 1941 3257 1978 cum
3281 1928 3449 1993 forma
3479 1940 3584 1976 ma~

2008 2012 2150 2063 terice
2182 2014 2350 2065 unitas
2372 2024 2463 2067 est.
2489 2012 2613 2067 Esse
2630 2016 2761 2067 enim
2793 2033 2891 2068 non
2912 2027 3001 2075 est.
3030 2016 3127 2068 nisi
3148 2032 3210 2068 ex
3227 2015 3585 2083 conjunctione

2006 2102 2188 2171 fama:
2218 2120 2330 2155 eum
2358 2106 2592 2156 materia.
2630 2103 2776 2157 Unde
2806 2105 3094 2174 pltilasOphi
3131 2106 3305 2157 dicunt
3336 2105 3470 2157 illud
3500 2106 3585 2157 de-

2003 2194 2275 2246 seribentes
2302 2209 2318 2247 :
2350 2192 2473 2248 Esse
2501 2204 2571 2247 est
2595 2196 2863 2248 existetttia
2906 2200 3083 2265 fornice
3109 2197 3161 2248 in
3190 2197 3421 2248 materia.
3457 2195 3585 2248 Cum

2005 2290 2174 2334 autem
2204 2284 2367 2349 forma
2394 2285 2617 2337 materia:
2634 2287 2829 2349 nnitnr,
2857 2302 2918 2339 ex
2946 2287 3303 2355 conjunctione
3327 2287 3585 2354 utriusque

2006 2374 2286 2425 necessario
2316 2374 2514 2443 aliquid
2546 2392 2701 2428 unum
2730 2378 3093 2430 constituitur:
3131 2379 3181 2429 in
3211 2394 3311 2443 qua
3340 2379 3584 2430 constitu~

2004 2465 2135 2517 tione
2156 2466 2285 2518 illud
2315 2483 2468 2519 unum
2495 2485 2594 2521 non
2614 2482 2892 2535 permanet,
2909 2471 3008 2523 nisi
3030 2471 3263 2539 quandiu
3287 2473 3455 2525 unitas
3478 2476 3585 2540 far-

2005 2571 2141 2608 mam
2166 2573 2279 2609 cum
2307 2558 2515 2611 materia
2532 2569 2680 2612 tenet.
2703 2560 2807 2614 Sed
2830 2560 3105 2614 destructio
3134 2563 3207 2615 rei
3232 2574 3420 2616 nonest
3442 2564 3582 2615 aliud

2001 2661 2155 2713 quant
2186 2650 2440 2716 separatio
2459 2649 2639 2716 forma:
2664 2666 2696 2701 a
2723 2654 2955 2704 materia.
2986 2653 3091 2707 Sed
3116 2655 3373 2723 separatio
3397 2663 3440 2707 et
3471 2657 3583 2707 uni-

2003 2736 2071 2788 tia
2102 2739 2356 2790 contraria
2385 2750 2501 2792 sunt
2520 2755 2535 2791 :
2567 2742 2723 2810 igitur
2747 2743 3066 2811 separatione
3095 2745 3140 2796 si
3172 2761 3251 2798 res
3280 2746 3579 2812 destruitur,

1990 2829 2231 2893 pra/ecta
2262 2829 2313 2880 in
2345 2845 2438 2881 suo
2464 2846 2568 2882 esse
2594 2847 2694 2883 non
2724 2832 2819 2885 nisi
2850 2833 3045 2885 unitate
3079 2834 3339 2886 contraria
3368 2850 3581 2888 cansea

2003 2928 2167 2972 vatur.
2202 2918 2361 2973 Divus
2394 2921 2642 2975 Aurelius
2663 2924 2991 2991 Augustinus
3018 2923 3245 2978 libro-de
3268 2923 3467 2979 Ordine
3499 2940 3579 2980 re-

2002 3026 2117 3065 rum
2148 3011 2418 3065 secundo:
2453 3012 2607 3083 Lapis
2630 3027 2686 3067 ut
2711 3024 2839 3068 esset
2863 3016 3017 3085 lapis,
3050 3032 3222 3071 omnes
3247 3022 3357 3089 ejus
3383 3031 3578 3084 partes,

2002 3104 2271 3176 omnisque
2285 3116 2466 3160 natura
2486 3108 2537 3161 in
2570 3124 2727 3161 unum
2757 3110 3074 3162 consulidata
3098 3120 3189 3162 est.
3219 3110 3356 3176 Quid
3381 3113 3579 3167 arbor!

1914 3178 1973 3242 Ὀ
2005 3213 2173 3251 nonne
2200 3197 2351 3251 arbor
2394 3214 2491 3269 non
2520 3209 2676 3264 esset,
2705 3201 2749 3253 si
2781 3217 2880 3252 una
2912 3218 3013 3253 non
3054 3202 3222 3255 esset?
3254 3202 3388 3267 Quid
3421 3219 3579 3256 mento

2002 3288 2092 3341 bra
2121 3291 2389 3355 cujuslibet
2434 3293 2710 3344 animantis
2729 3333 2744 3357 ,
2778 3308 2837 3345 ac
2870 3294 3075 3345 uiscera
3096 3333 3110 3357 ,
3136 3304 3195 3345 et
3234 3295 3480 3362 quidquid
3505 3307 3579 3347 est

1992 3398 2176 3436 eorum
2203 3382 2384 3451 quibus
2409 3394 2603 3436 constat
2627 3384 2650 3435 ?
2673 3395 2805 3437 certe
2824 3385 2867 3436 si
2888 3384 3095 3437 unitatis
3126 3386 3382 3454 patiantur
3405 3388 3579 3439 divor-

2001 3475 2147 3542 tium,
2174 3492 2272 3529 non
2304 3477 2395 3529 erit
2423 3476 2637 3528 animal.
2676 3477 2862 3529 Umnia
2892 3478 3015 3544 quid
3043 3478 3206 3540 aliud,
3239 3495 3391 3546 quam
3424 3496 3578 3536 unum

1999 3583 2104 3621 esse
2144 3569 2443 3620 conantur?
2476 3567 2636 3621 Divus
2669 3568 2969 3621 Bernardus
3001 3569 3136 3622 libro
3173 3570 3238 3622 ad
3283 3571 3575 3640 Eugenium

1998 3657 2236 3712 secundo
2260 3674 2274 3710 :
2299 3657 2393 3711 Ubi
2420 3658 2609 3720 unitas,
2635 3658 2704 3710 ibi
2732 3659 2989 3727 perfectio.
3022 3658 3223 3726 Reliqui
3240 3663 3433 3713 numeri
3465 3678 3577 3726 per-

1999 3750 2267 3816 fectionem
2297 3763 2399 3800 non
2442 3750 2648 3813 habent,
2700 3749 2789 3801 sed
2835 3750 3153 3817 ditisionem,
3199 3753 3486 3805 recedentes
3517 3755 3577 3806 ab

1998 3842 2208 3894 unitate.

2067 3932 2221 4001 Atqui
2243 3947 2345 3984 non
2368 3941 2441 3984 est
2465 3933 2600 3998 quod
2625 3930 2820 4003 dehoc]
2849 3933 3395 3989 Boetiodubitationis
3426 3951 3574 3990 scru-

1998 4022 2180 4091 pulum
2225 4023 2438 4086 eximit,
2475 4022 2523 4076 id
2555 4024 2697 4092 qund
2724 4022 2791 4078 de
2815 4024 3136 4078 animalibus
3165 4027 3442 4081 confessus
3471 4038 3574 4094 est,

1994 4116 2043 4169 ei
2067 4116 2134 4169 de
2165 4115 2357 4183 p‘antis
2383 4130 2594 4184 quoque
2620 4125 2675 4171 et
2699 4116 3003 4171 inanimatis
3026 4116 3141 4172 luce
3171 4118 3365 4173 Clarius
3397 4130 3573 4175 osten-

1992 4209 2149 4263 deus.

2065 4299 2349 4355 Namalite
2373 4297 2577 4372 quidem
2597 4300 2807 4372 campis]
2828 4301 2976 4355 Maro
3001 4300 3136 4355 libro
3162 4302 3457 4373 Georgicon
3490 4317 3573 4357 se-

1991 4394 2167 4447 cundo
2200 4411 2213 4447 :

2116 4483 2217 4547 [Sec
2234 4497 2360 4532 vero
2383 4493 2446 4534 te.
2461 4499 2529 4534 rte
2553 4486 2683 4534 ferre
2704 4499 2878 4534 omnes
2897 4486 3072 4535 omnia:
3104 4496 3300 4547 possunt

2114 4544 2416 4610 fluminibus
2434 4548 2627 4610 saliens,
2654 4554 2929 4610 crassisque
2959 4544 3216 4608 paludibus
3232 4550 3311 4600 alu

2119 4607 2388 4657 Nascuntur
2414 4624 2427 4667 ;
2456 4608 2657 4657 steriles
2680 4607 2868 4657 saxosis
2893 4607 3137 4657 montibus
3159 4612 3282 4659 orni.

2118 4668 2299 4732 Littnra
2324 4675 2546 4730 myrtetis
2569 4672 2811 4719 laetissima
2842 4685 2852 4718 :
2886 4672 3103 4730 denique
3131 4679 3328 4732 apertos

2116 4731 2330 4778 Bacchus
2352 4742 2477 4780 amat
2494 4732 2661 4793 colles,
2687 4734 2964 4795 aquilonem
2994 4739 3046 4781 et
3071 4733 3251 4794 frigora
3274 4736 3395 4785 taxi.

1991 4814 2208 4866 Ovidius
2241 4814 2376 4867 libro
2406 4815 2472 4868 de
2504 4819 2631 4870 Arte
2659 4816 2871 4870 amandi
2901 4816 3103 4885 primo:

2114 4903 2217 4967 Nec
2242 4904 2389 4953 tellus
2412 4907 2584 4954 eadem
2612 4908 2737 4967 parit
2760 4909 2916 4955 omnia
2954 4923 2964 4956 :
2992 4909 3172 4958 vitibus
3199 4909 3277 4957 illa

2178 4966 2431 5026 Convenit,
2454 4969 2556 5016 haec
2572 4966 2713 5030 oleis,
2743 4969 2820 5017 hic
2848 4970 2974 5018 bene
2997 4970 3117 5017 farra
3147 4973 3325 5019 virent.

2067 5046 2239 5102 Veluti
2266 5050 2318 5102 in
2343 5060 2502 5103 terras
2529 5068 2614 5105 ore
2636 5054 2889 5115 demersa,
2924 5057 3132 5107 trahunt
3163 5054 3347 5106 alimen
3374 5071 3402 5106 a
3425 5059 3567 5108 radi-

1988 5135 2151 5207 cibus]
2183 5138 2498 5192 Aristoteles
2529 5142 2665 5193 liluo
2709 5142 2777 5196 de
2805 5143 2992 5195 Anima
3026 5142 3291 5195 secundo:
3326 5144 3475 5206 Quod
3499 5162 3526 5198 e
3554 5161 3569 5200 t

1991 5244 2045 5281 os
2076 5239 2122 5281 et
2141 5239 2296 5298 caput
2326 5232 2377 5283 in
2404 5234 2633 5295 animali,
2667 5235 2821 5287 radis:
2849 5244 2921 5287 est
2946 5236 2994 5286 in
3021 5235 3219 5287 arbore.

2067 5318 2460 5373 Nobilissimum
2517 5322 2777 5394 quidque]
2820 5324 3036 5393 Legitur
3087 5334 3141 5379 ct
3194 5325 3564 5380 mollissimum

1989 5410 2240 5481 quidque.

2058 5499 2285 5570 Tuetur]
2315 5501 2644 5557 Defenditur.
2680 5503 2900 5558 Passive
2932 5505 3145 5572 protulit
3197 5504 3416 5559 verbum
3463 5505 3564 5560 de-

1987 5607 2209 5661 ponens.

2055 5682 2173 5736 Jan:
2202 5700 2316 5737 vero
2346 5684 2556 5755 quanta]
2586 5685 2745 5740 Docet
2782 5700 2987 5739 summa
3017 5685 3286 5751 diligentia
3321 5698 3562 5745 naturam

1988 5790 2196 5843 curare,
2231 5784 2285 5829 ut
2314 5778 2692 5846 propagatione
2720 5792 2897 5832 rerum
2920 5779 3213 5833 seminibus
3243 5780 3561 5851 multiplica-

3043 5890 3117 5953 3'3
