4010 6372
457 358 478 410 1
490 354 593 409 035

1108 352 1452 408 APPENDIX
1489 353 1577 407 θεο
1619 350 1857 406 LIBROS
1901 349 1985 403 DF.
2023 346 2538 403 CONSOLATIONE
2580 342 3067 403 PIIILOSOPHIJE.

3584 348 3712 402 {036

458 478 511 523 ta
537 510 552 535 ,
579 484 697 523 cum
732 468 933 538 singula
968 469 1260 521 subsistere
1289 477 1577 536 nequeant,
1610 468 1795 521 saltem
1827 467 2030 533 species
2064 466 2107 521 A
2213 461 2361 531 Atra]
2394 464 2647 518 Obscura.

458 573 843 617 conserventur
876 572 1031 630 atque
1068 561 1363 615 incolumes
1392 561 1697 629 perdurent.
1726 560 2037 613 Dlﬁciorum

457 655 770 725 vegetabilis
798 654 990 707 anima:
1022 654 1101 721 (ut
1134 663 1321 706 auctor
1342 663 1427 706 est
1458 652 1775 705 Aristoteles
1806 650 1941 703 libro
1972 649 2040 703 de

458 746 649 799 Anima
692 742 967 809 secunlo)
998 742 1452 795 naturalissimum
1498 751 1552 794 et
1582 740 1904 808 prmeipuum
1933 749 2036 801 est,

461 839 561 891 sibi
607 837 781 889 simile
809 850 1065 904 generare
1101 834 1349 887 omnibus
1394 832 1692 886 viventibus
1722 832 1912 895 (modo
1940 830 2044 883 sint

460 926 716 996 petii-cta,
751 941 854 980 non
885 935 1039 994 capta
1072 925 1347 986 membris,
1384 938 1486 976 non
1517 923 1826 990 depravata,
1874 936 2044 989 neque

459 1029 808 1088 spontaneam
853 1019 1254 1085 generationem
1286 1018 1571 1082 habentia)
1600 1017 1953 1080 conveniens,
1988 1024 2045 1067 ut

460 1110 674 1163 animali
708 1108 907 1161 animal
952 1108 1125 1163 simile
1165 1123 1445 1176 generare,
1492 1121 1543 1161 et
1595 1108 1785 1174 plautio
1817 1106 2042 1157 similem

461 1204 717 1270 plantam.
764 1202 851 1255 Sic
899 1201 1041 1254 enim
1082 1217 1293 1268 semper
1337 1202 1629 1254 secundum
1669 1214 1822 1253 suum
1868 1198 2046 1251 simile

465 1294 607 1347 tcum
638 1298 698 1344 ea
731 1292 843 1359 ipsa
873 1292 1060 1345 eadem
1096 1291 1147 1344 in
1177 1306 1401 1344 nttmero
1432 1304 1646 1343 manere
1686 1305 1792 1343 non
1819 1289 2045 1356 possint)

466 1390 837 1448 perseverant,
887 1380 1328 1433 assimilationcm
1384 1380 1849 1447 conditioucmque
1900 1392 2047 1432 asse-

466 1482 699 1540 quuntur
726 1472 983 1535 divinam,
1015 1482 1270 1541 quantum
1300 1472 1378 1525 eis
1407 1472 1741 1533 conceditur,
1767 1486 1925 1541 quam
1956 1486 2044 1539 ap-

469 1573 653 1631 petunt
683 1564 884 1630 omnia,
914 1563 1173 1631 cujusque
1193 1564 1361 1633 gratia
1392 1573 1556 1634 agunt
1576 1564 1753 1619 omnia
1783 1579 1902 1633 qua:
1925 1572 2045 1617 sunt

472 1669 521 1706 In
554 1664 761 1707 natura.

542 1744 850 1816 Generatim]
884 1745 984 1799 Per
1013 1744 1216 1814 singula
1246 1760 1462 1815 genera.

2220 553 2387 622 Texit]
2418 554 2649 608 Obduxit

2220 644 2444 714 Lucebit]
2475 647 2762 699 Evidenter
2788 645 3082 713 apparebit,
3108 654 3159 699 et
3191 644 3422 699 dilucide
3448 646 3715 700 emicab't.

2224 737 2598 808 Perspicacius]
2618 739 2842 793 Clarius.

2217 831 2431 902 Phoebo]
2465 833 2609 886 Sole.

2220 923 2340 975 Non
2370 939 2517 976 omne
2532 938 2747 991 namque
2767 930 2929 976 mente
2951 922 3147 991 depulit
3176 922 3367 994 lumen]
3398 922 3719 978 PlatoniCum

2147 1014 2338 1083 dogma
2372 1023 2474 1080 cst,
2516 1015 2721 1067 animas
2751 1028 2782 1067 e
2812 1015 2951 1068 etelo
2981 1015 3402 1079 descendentes,
3438 1016 3722 1067 haurienda

2149 1108 2475 1161 oblivionem
2509 1123 2685 1161 rerum
2719 1108 3047 1170 divinarum,
3077 1123 3300 1173 quarum
3333 1108 3384 1161 in
3414 1108 3555 1161 cudo
3585 1119 3724 1163 erant

2147 1200 2397 1262 consciae,
2447 1199 2578 1252 alias
2616 1212 2744 1252 vero
2790 1199 2991 1267 magis,
3022 1199 3157 1253 alias
3188 1199 3383 1252 minus.
3429 1199 3496 1251 Et
3525 1200 3648 1251 ideo
3684 1200 3726 1255 iu

2151 1289 2309 1343 terris
2342 1306 2445 1342 non
2470 1289 2701 1353 discere,
2721 1289 2814 1343 sed
2845 1290 3137 1355 reminisci,
3175 1290 3313 1357 quod
3346 1290 3453 1342 illic
3482 1301 3612 1342 ante
3644 1305 3728 1339 rn-

2148 1382 2448 1449 gnoverint.
2484 1381 2617 1435 Hinc
2644 1389 2727 1436 est
2753 1380 2897 1449 quod
2926 1396 3046 1450 qua:
3087 1381 3227 1451 apud
3270 1380 3491 1434 Latinos
3537 1381 3731 1445 lectio,

2150 1472 2285 1540 apud
2312 1471 2528 1525 Graecos
2556 1479 2778 1525 vocatur
2796 1471 3022 1539 repetita
3040 1470 3302 1541 cognitio;
3325 1472 3447 1541 quia
3472 1486 3594 1525 eum
3620 1486 3729 1523 vera

2149 1563 2435 1626 discimus,
2482 1576 2543 1616 ea
2592 1562 3024 1629 recognoscimus
3063 1578 3182 1632 qua:
3225 1563 3543 1617 naturaliter
3580 1578 3729 1615 nove-

2146 1670 2365 1716 ramus,
2400 1666 2685 1722 antequam
2735 1656 3030 1710 materialis
3082 1656 3299 1709 influxio
3330 1656 3383 1709 in
3414 1671 3614 1725 corpus
3651 1671 3730 1709 ve-

2151 1748 2361 1799 nientes
2391 1746 2598 1798 animas
2630 1744 2884 1799 ebriaret.
2929 1746 2993 1799 Et
3037 1747 3106 1800 ita
3157 1746 3308 1799 Plato
3338 1746 3390 1799 in
3432 1747 3647 1814 dialogo
3676 1746 3730 1805 ita

543 1834 720 1903 Neque
751 1852 883 1888 nunc
918 1835 1043 1905 nos]
1078 1836 1165 1889 Ait
1192 1850 1251 1889 se
1285 1851 1387 1888 non
1418 1835 1485 1889 de
1516 1836 1825 1888 voluntariis
1854 1836 2048 1889 animte
2081 1821 2128 1880 Β
2154 1838 2373 1901 virtute,
2402 1837 2489 1905 qui
2525 1836 2832 1890 inscribitur
2851 1837 3045 1891 Menon
3069 1852 3097 1889 a
3122 1837 3345 1891 Menone
3374 1851 3495 1891 cum
3521 1839 3733 1893 Socrate

472 1924 844 1994 cognoscentis
884 1926 1141 1991 motibus,
1172 1940 1355 1979 verum
1388 1926 1454 1980 de
1498 1925 1724 1980 naturali
1756 1926 2051 1980 intentione

378 2040 381 2041 ν
474 2016 812 2069 disseruisse.

547 2107 653 2159 Sed
684 2123 843 2159 unum
863 2106 917 2159 id
940 2104 1128 2177 ipsum]
1157 2106 1455 2176 Descriptio
1482 2106 1602 2160 boni
1626 2122 1690 2161 ex
1715 2106 1850 2161 libro
1882 2106 2053 2160 Mora-

473 2198 599 2253 lium
626 2198 925 2253 Aristotelis
943 2199 1112 2266 primo
1127 2198 1428 2268 desumpta,
1454 2208 1512 2253 ut
1534 2213 1690 2271 supra
1706 2201 1930 2255 relatum
1949 2209 2049 2254 est.

550 2288 687 2359 Uno]
717 2289 951 2345 Unitate.

556 2380 769 2453 Venice]
791 2382 999 2450 Capite.

546 2474 723 2543 Ipsam
742 2476 875 2527 enim
904 2476 1083 2529 mediae
1108 2475 1334 2529 veritatis
1357 2484 1529 2529 notam
1554 2485 1716 2529 mente
1733 2475 1910 2546 ﬁxisti]
1938 2476 2055 2529 Ele—

479 2565 786 2636 gantissimu
835 2566 1027 2621 allusio
1056 2582 1150 2621 seu
1193 2568 1503 2635 metaphora
1531 2582 1559 2620 a
1591 2566 1878 2636 sagittariis
1914 2582 2058 2620 sum-

478 2668 601 2725 pta:
634 2657 722 2726 qui
755 2668 863 2711 tum
898 2658 1111 2712 demum
1148 2658 1260 2711 voti
1289 2668 1565 2727 compotes
1607 2658 1759 2722 fiunt,
1791 2672 1910 2712 cum
1942 2672 2060 2711 sco-

481 2762 602 2819 pum
627 2752 939 2819 attigerunt.

554 2839 769 2910 Notam]
800 2841 1055 2909 Scopum,
1088 2841 1190 2895 boc
1224 2851 1307 2896 est
1337 2841 1545 2911 signum
1578 2843 1628 2895 in
1662 2841 1839 2896 medio
1870 2854 2062 2913 ιιι-θρο-

485 2936 663 2997 situm,
695 2944 748 2987 ut
780 2934 831 2987 in
862 2934 912 2988 id
935 2935 1143 3003 sagitta:
1174 2935 1550 3002 conjiciantur.

557 3024 762 3096 Mente]
790 3024 902 3080 Non
931 3026 1154 3095 sagitta,
1191 3027 1285 3080 sed
1316 3026 1479 3079 animi
1509 3026 1811 3095 conjectura
1842 3035 1894 3081 et
1921 3028 2063 3096 cogi-

488 3118 703 3171 latone.

1012 3208 1074 3261 IN
1118 3209 1407 3266 METRUM
1451 3211 1540 3265 XI.

558 3301 823 3355 Carminis
875 3301 1085 3355 iambici
1128 3318 1294 3372 genus
1324 3314 1427 3368 est,
1477 3303 1616 3373 quod
1644 3319 1835 3358 scazon
1868 3302 1951 3375 (id
1985 3312 2066 3357 est

493 3390 827 3460 claudicans)
858 3391 1173 3459 appellatur.
1218 3393 1388 3448 Habet
1426 3395 1569 3449 enim
1594 3396 1645 3449 in
1676 3406 1824 3448 sexta
1854 3396 2068 3463 regione

495 3480 811 3549 spondeum.
845 3481 1031 3537 Simile
1056 3490 1139 3536 est
1170 3482 1246 3535 illi
1279 3484 1567 3538 Persiano:

675 3570 778 3619 Nec
803 3570 933 3619 fonte
958 3570 1089 3620 labra
1113 3574 1268 3635 prolui
1294 3575 1547 3624 caballino.

498 3656 798 3723 Antequam
851 3654 1195 3725 PliilOSOphia
1232 3673 1296 3711 eo
1341 3659 1648 3727 perveniret
1678 3668 1736 3713 ut
1765 3658 2073 3715 ostenderet

500 3747 684 3801 Boetio
707 3761 884 3801 rerum
914 3750 1152 3802 omnium
1179 3750 1336 3803 ﬁnem
1359 3764 1480 3805 esse
1508 3751 1727 3816 bonum,
1752 3751 1926 3820 longiu
1958 3753 2073 3804 cn'a

502 3839 859 3907 disputatione
895 3854 989 3892 usa
1025 3839 1225 3910 (veluti
1257 3844 1346 3909 qui
1393 3855 1584 3895 aurum
1628 3844 1679 3895 in
1722 3844 2077 3911 penitissimas

503 3941 658 3985 terra:
686 3944 849 3984 venas
875 3931 1179 3986 demersum
1216 3934 1427 3987 tandem
1462 3934 1547 3987 vix
1576 3949 1769 4003 magno
1787 3934 1967 3988 labore
1993 3950 2081 3988 as-

505 4022 772 4091 sequitur)
797 4036 910 4076 rem
947 4023 1213 4090 patefecit.
1249 4024 1416 4079 Docet
1444 4025 1605 4093 igitur
1634 4040 1773 4079 nunc
1802 4026 2079 4079 veritatem

509 4113 747 4167 obscuris
781 4113 1093 4193 ambagibus
1137 4114 1455 4180 involutam,
1490 4115 1705 4169 falsisve
1732 4117 1925 4184 sat-pius
1967 4117 2083 4179 opi-

509 4202 760 4257 nionibus
783 4198 1107 4270 demersam,
1136 4219 1241 4257 non
1268 4204 1367 4257 nisi
1399 4215 1587 4259 exacta
1625 4207 1817 4259 mentis
1847 4218 2084 4260 contem-

511 4293 744 4361 platione
764 4293 1163 4363 comprehendi.
1198 4294 1317 4348 Vult
1332 4297 1490 4349 etiam
1514 4311 1629 4349 eam
1653 4312 1755 4351 non
1783 4296 1832 4349 in
1851 4298 2089 4351 externis

512 4385 671 4439 rebus
693 4400 813 4439 esse
840 4386 1036 4453 frustra
1064 4386 1405 4456 quaerendam
1428 4431 1442 4455 ,
1475 4387 1568 4441 sed
1606 4388 1656 4441 in
1691 4389 1893 4442 intimis
1922 4388 2087 4442 animi

516 4477 781 4531 thesauris
810 4477 1092 4548 diligenter
1137 4480 1379 4548 (remotis
1421 4481 1836 4550 impedimentis)
1868 4484 2087 4535 investi-

519 4568 768 4637 gandam.
798 4570 931 4623 Sunt
960 4571 1101 4624 enim
1133 4571 1325 4625 animis
1349 4572 1547 4626 nostris
1578 4572 1755 4637 insita,
1790 4584 1893 4626 tam
1926 4575 2088 4627 virtu-
2116 4547 2169 4606 Ῑ)

524 4670 633 4713 ιιιιη
664 4675 820 4728 quam
852 4661 1195 4715 scientiarum
1220 4664 1446 4717 semina.

590 4751 865 4823 Profunda
898 4753 1084 4823 mente]
1118 4757 1452 4811 Penitissima
1483 4758 1947 4827 contemplatione.

595 4846 849 4919 Vestigat]
881 4849 1120 4919 lnquirit.

595 4941 802 5015 Verum]
831 4944 1141 4999 Veritatem.

591 5035 743 5107 Inde]
773 5039 860 5095 Sic
889 5039 1194 5108 legendum,
1228 5056 1332 5094 non
1363 5040 1471 5106 ille,
1506 5049 1562 5094 ut
1588 5041 1742 5111 vulgo
1778 5042 1988 5112 legitur.

591 5126 742 5199 Inde]
767 5131 808 5183 Α
833 5129 943 5184 veri
978 5132 1345 5199 vestigatione.

592 5218 770 5273 Intimi
796 5218 952 5291 visus]
979 5220 1305 5276 Intellectus.

588 5312 795 5383 Longos
833 5314 1024 5383 motus]
1052 5315 1217 5369 Actus
1246 5314 1438 5369 anima:
1464 5314 1516 5369 in
1548 5316 1759 5386 longum
1794 5317 2095 5370 tendentes.

597 5404 661 5458 In
692 5405 882 5477 orbem]
914 5407 967 5461 in
995 5408 1274 5461 circulum.

596 5501 869 5554 Inﬂectens
890 5498 909 5570 ]
940 5502 1245 5555 Incurvans.
1410 5566 1413 5569 ἰ

536 5640 546 5651 ,
599 5590 892 5662 Rctrusum]
925 5590 1003 5643 Ad
1027 5605 1084 5644 se
1114 5606 1457 5647 conversum.

595 5683 893 5737 Thesauris]
918 5684 1197 5748 Potentiis,
1225 5684 1480 5743 memoria
1503 5684 1702 5741 scilicet
1728 5692 1779 5737 et
1810 5684 2099 5737 intellectu.

602 5772 823 5835 Dudum]
858 5776 1019 5828 Paulo
1048 5786 1189 5835 ante.

2154 1931 2579 1985 sermocinante:
2610 1931 2865 1995 Quaerere,
2892 1930 3082 1999 inquit,
3108 1947 3168 1983 ac
3188 1931 3395 1995 discere,
3418 1930 3732 1983 reminiscen-

2156 2023 2229 2075 tia
2274 2032 2345 2076 est
2369 2038 2387 2075 :
2418 2030 2474 2077 et
2524 2023 2879 2092 llicronymus
2927 2030 3151 2077 testatur
3181 2037 3209 2075 a
3241 2021 3574 2090 philosophis
3599 2022 3699 2074 dici
3721 2065 3735 2087 ,

2153 2113 2447 2167 discentias
2472 2127 2593 2167 esse
2624 2113 3071 2167 reminiscentias.
3102 2112 3249 2166 lianc
3278 2112 3515 2165 Platonis
3538 2113 3735 2178 Opinio-

2154 2221 2277 2259 nem
2322 2206 2617 2273 improbat,
2662 2215 2715 2259 et
2756 2205 2998 2260 confutat
3035 2205 3192 2260 divus
3250 2205 3500 2259 Aurelius
3544 2205 3637 2258 lib.
3676 2206 3737 2259 de

2155 2298 2349 2352 Trinit.
2385 2314 2478 2361 xu,
2506 2312 2625 2366 cap.
2660 2296 2748 2351 15.

2232 2394 2541 2447 Obliviosam
2581 2390 2799 2462 molem]
2828 2391 3151 2446 Gravitatem
3191 2388 3655 2459 perturbationum
3687 2396 3737 2440 et

2158 2484 2486 2539 oblivionem
2510 2524 2523 2545 ,
2556 2498 2659 2535 non
2713 2496 2899 2536 eorum
2928 2497 3047 2549 quas
3090 2479 3207 2548 quis
3235 2481 3286 2532 in
3320 2479 3423 2531 alia
3456 2478 3565 2530 vita
3597 2477 3743 2528 novit

2160 2575 2304 2645 (nam
2331 2574 2532 2630 homini
2560 2585 2841 2644 antequam
2865 2582 3195 2639 nasceretur,
3219 2572 3375 2625 aliam
3400 2573 3562 2624 vitam
3586 2572 3742 2623 fuisse

2161 2667 2366 2721 sentire
2398 2666 2750 2719 vaniSsimum
2784 2664 2886 2735 est)
2910 2706 2922 2729 ,
2953 2665 3046 2719 sed
3078 2678 3263 2717 eorum
3292 2678 3412 2732 qua:
3442 2674 3563 2731 apta
3605 2671 3744 2715 esset

2163 2766 2351 2826 suapte
2374 2767 2560 2810 natura
2587 2757 2711 2825 (nisi
2738 2756 2949 2825 corpori
2974 2755 3366 2820 infunderetur,
3396 2754 3744 2821 conjungere-

2163 2848 2377 2919 turque)
2410 2850 2584 2901 anima
2618 2862 2961 2913 cognoscere.
2996 2846 3085 2913 Sa;
3108 2846 3284 2901 ientize
3316 2845 3410 2898 lib.
3447 2845 3485 2909 Ι,
3518 2860 3634 2913 cap.
3673 2862 3743 2911 ιγ,

2164 2942 2235 2997 ita
2266 2944 2520 3012 scriptum
2545 2951 2631 2996 est
2656 2959 2667 2993 :
2699 2940 2893 3007 Corpus
2920 2941 3053 2993 enim
3085 2940 3223 3007 quod
3258 2940 3629 3008 corrumpitur,
3659 2956 3746 3005 ag-

2166 3043 2342 3103 gravat
2373 3034 2619 3094 animum,
2652 3043 2699 3085 et
2732 3042 2927 3085 terrena
2954 3030 3254 3084 inhabitatt'o
3283 3031 3522 3099 deprimit
3546 3046 3747 3083 sensum

2168 3128 2327 3180 multa
2355 3126 2677 3195 cogitantem.

2241 3217 2293 3271 11
2300 3214 2440 3287 ceret]
2473 3216 2634 3270 Inest.

2241 3306 2505 3379 Profecto]
2535 3307 2712 3363 Certe.

2244 3395 2453 3468 Semen]
2498 3399 2820 3467 Principium
2852 3406 2905 3451 et
2946 3395 3211 3450 inchoatio
3249 3395 3493 3463 qutedam
3544 3409 3645 3462 qua
3677 3404 3752 3447 est

2173 3494 2336 3547 homo
2362 3492 2578 3546 veritati
2632 3491 2992 3561 percipienda:
3030 3499 3083 3544 et
3127 3489 3468 3559 acquirendas
3522 3490 3755 3544 scienti-.c

2176 3583 2487 3639 naturaliter
2518 3592 2693 3651 aptus.

2250 3673 2564 3744 lntrorsum]
2594 3672 2850 3727 Interiora
2876 3687 3086 3737 versus,
3118 3671 3462 3735 intrinsecus,
3495 3671 3657 3723 intus.

2254 3766 2424 3837 Quod]
2446 3766 2663 3821 Semen.

2253 3857 2545 3928 Excitatur]
2574 3856 2877 3924 Metaphora
2909 3856 2975 3909 ab
3005 3855 3112 3925 igni
3143 3864 3375 3923 sumpta,
3407 3852 3497 3922 qui
3538 3852 3760 3907 ventila-

2184 3950 2327 4005 tione
2356 3949 2408 4003 in
2440 3948 2689 4003 fomentis
2716 3947 2999 4001 excitatur.

2270 4040 2573 4109 Ventilante]
2606 4040 2850 4095 Movente
2870 4081 2884 4103 ,
2913 4038 3252 4093 discutiente.
3298 4037 3511 4089 Ventilo
3533 4078 3547 4100 ,
3584 4048 3767 4087 moveo

2187 4134 2253 4189 ad
2284 4144 2500 4187 ventum
2528 4129 2870 4199 captandum.
2899 4126 3170 4183 V'entilare
3195 4129 3454 4191 triticum,
3480 4139 3563 4181 εει
3585 4142 3770 4196 purga-

2189 4243 2269 4281 re.
2299 4225 2574 4280 Ventilare
2602 4225 2811 4285 faciem,
2841 4231 2923 4277 est
2954 4224 3169 4277 ventulo
3196 4222 3541 4289 relcigerare,
3572 4230 3624 4271 et
3654 4234 3772 4272 ven-

2193 4319 2349 4373 tilare
2380 4331 2568 4370 aurum
2597 4315 2772 4384 digitis
2804 4315 3139 4379 sudantibus,
3169 4313 3299 4367 dixit
3330 4312 3635 4367 Juteoalis.

2266 4408 2532 4479 Doctrina]
2564 4409 2805 4463 Doctoris
2835 4408 3065 4462 actione.

2268 4501 2391 4571 Cur]
2424 4502 2618 4566 Quare.

2272 4590 2479 4661 Rogati]
2504 4590 2838 4659 Interrogati.
2871 4589 2939 4642 Μ.
2965 4588 3166 4641 Tullius
3190 4587 3325 4639 libro
3346 4586 3679 4639 Tusculana:
3698 4600 3781 4637 um

2196 4685 2558 4748 Qumstionum
2588 4683 2791 4752 primo:
2823 4680 2986 4734 Habet
3012 4683 3226 4746 primum
3251 4680 3575 4743 memoriam,
3600 4690 3648 4730 et
3680 4694 3785 4728 eam

2197 4775 2452 4841 inﬁnitam
2493 4791 2656 4827 rerum
2683 4774 3156 4826 innumerabilium.
3184 4771 3351 4837 Quam
3383 4770 3601 4839 quidam
3641 4770 3786 4823 Pfato

2200 4866 2629 4920 recordationem
2650 4878 2769 4917 esse
2788 4866 2895 4917 vult
2921 4866 3041 4918 vita:
3069 4864 3381 4932 superioris.
3414 4863 3546 4915 Nam
3577 4862 3630 4915 in
3657 4864 3788 4913 libro

2200 4957 2288 5027 qui
2315 4957 2619 5010 inscribitur
2655 4955 2866 5021 Menon,
2903 4956 3180 5023 pusionem
3212 4954 3501 5022 quemdam
3538 4953 3788 5007 Socrates

2206 5048 2501 5113 interrogat
2547 5047 2789 5115 quaedam
2822 5046 3143 5113 geometrica
3171 5044 3239 5098 de
3283 5044 3623 5097 dimensione
3664 5060 3786 5109 qua-

2204 5138 2361 5191 drati.
2395 5138 2472 5191 Ad
2502 5155 2563 5193 ea
2592 5140 2669 5192 sic
2711 5138 2799 5191 ille
2831 5138 3115 5206 respondet
3145 5145 3201 5190 ut
3231 5151 3381 5204 puer,
3416 5146 3463 5189 et
3501 5146 3680 5189 tamen
3720 5135 3785 5185 ita

2206 5230 2390 5283 faciles
2413 5230 2861 5299 interrogationes,
2880 5238 3023 5287 sunt.
3047 5238 3120 5292 ut,
3148 5227 3409 5297 gradatim
3431 5227 3781 5296 respondens.

2206 5336 2271 5375 eo
2300 5318 2579 5389 perveniat
2608 5321 2757 5390 quasi
2781 5321 3098 5390 geometrica
3131 5320 3424 5374 didicisset.
3458 5320 3531 5373 Et
3565 5336 3675 5387 quo
3703 5316 3781 5369 ef—

2211 5414 2295 5465 fici
2326 5412 2436 5464 vult
2466 5411 2737 5479 Socrates,
2773 5421 2828 5465 ut
2854 5413 3061 5466 discere
3089 5411 3220 5464 nihil
3251 5410 3394 5463 aliud
3424 5411 3671 5478 sitquam
3700 5422 3782 5459 re-

2208 5502 2438 5557 cordari.
2462 5502 2629 5568 Quem
2663 5505 2833 5558 locum
2860 5502 3028 5557 multo
3055 5504 3211 5556 etiam
3232 5501 3535 5555 accuratius
3561 5517 3644 5563 ex;
3668 5501 3781 5551 lira!

2211 5594 2261 5645 in
2290 5607 2355 5647 eo
2376 5607 2644 5659 sermone,
2672 5609 2829 5661 quem
2864 5592 3045 5645 habuit
3075 5605 3140 5646 eo
3171 5593 3285 5659 ipso
3312 5592 3400 5646 die
3429 5608 3535 5659 quo
3560 5588 3785 5644 excessit

2209 5698 2239 5737 c
2271 5685 2396 5736 vita.
2425 5684 2587 5738 Docet
2613 5685 2752 5738 enim
2777 5684 3034 5753 quemvis,
3059 5684 3144 5752 qui
3174 5684 3410 5736 omniuut
3432 5698 3609 5738 rerum
3640 5681 3786 5735 rudis

2210 5792 2329 5831 esse
2359 5777 2616 5838 videatur,
2642 5779 2774 5833 bene
2799 5778 3143 5841 lnterroganti
3176 5776 3588 5841 respondentem
3615 5775 3787 5826 ιὶρπΙηο
