4010 6372
267 306 378 361 1057

1356 293 1737 356 MURMELIJI
1775 293 2287 349 COMMENTARIA.

3359 300 3492 353 1058

264 443 366 483 rare
389 441 445 481 se
470 440 578 480 non
617 433 726 479 tum
756 425 842 479 illa
867 425 1093 490 discere,
1123 426 1214 479 sed
1242 422 1630 477 reminiscendo
1663 434 1813 474 reco-
1848 420 1893 476 Δ
1926 414 1941 423 ’
1996 412 2243 487 Fortiter]
2275 416 2543 471 Potenter.

263 533 535 589 gnoscere:
569 531 666 570 nec
695 531 823 570 vero
856 517 967 569 lieri
996 516 1103 569 ulto
1131 517 1290 569 modo
1323 531 1477 583 posse
1508 524 1614 567 uta
1643 512 1818 581 pueris

262 618 328 661 tot
349 622 516 662 rerum
540 616 700 675 atque
729 615 992 660 tantarum
1024 607 1209 659 insitas
1235 617 1285 659 ct
1308 607 1458 675 quasi
1482 606 1819 672 consignatas

263 705 308 756 in
333 701 513 755 animis
543 700 791 754 notiones
818 707 969 769 (quas
998 703 1187 759 ἐννοίας
1216 699 1427 767 vocant)
1475 698 1817 759 haberemus.

260 792 349 845 nisi
390 792 594 846 animus
622 791 939 861 (antequam
986 805 1180 860 corpus
1230 791 1511 859 intrasset)
1545 790 1597 843 in
1641 805 1815 844 rerum

256 881 541 950 cognitione
568 881 843 950 viguisset.

321 974 488 1045 Recta]
518 975 676 1029 Vera.

320 1065 552 1137 Censetis]
574 1066 898 1135 Opinamiui,
934 1068 1289 1134 respondens.

320 1159 405 1231 Ni]
434 1159 560 1214 Nisi.

320 1250 534 1321 Mersus]
565 1251 776 1305 lnsitus.

320 1342 427 1396 Alta
450 1340 620 1412 corde]
648 1343 703 1396 lu
730 1340 986 1409 profunda
1022 1351 1218 1397 mente.

319 1430 519 1501 Fontes]
550 1432 744 1486 Semen
768 1440 821 1485 et
853 1432 1169 1500 principium
1198 1433 1456 1486 scientiae.

322 1525 375 1595 Si
398 1523 630 1578 Platonis
661 1540 803 1577 musa
830 1532 1063 1593 personat
1104 1524 1307 1595 verum]
1338 1523 1503 1579 Recte
1532 1522 1737 1578 dubitat
1765 1521 1836 1577 in'

254 1630 312 1671 re
352 1615 705 1684 ambiguitatis
751 1614 926 1681 plena,
972 1630 1233 1669 verumne
1274 1632 1339 1669 an
1388 1614 1578 1669 falsum
1624 1615 1816 1669 dixerit

254 1704 416 1761 Plato.
443 1705 585 1759 Musa
634 1715 810 1759 autem
844 1706 964 1759 ideo
1012 1706 1206 1761 dicitur
1231 1707 1370 1776 quod
1406 1708 1552 1761 Plato
1581 1722 1708 1760 usus
1734 1715 1817 1759 est

252 1814 449 1854 summa
475 1808 529 1853 et
559 1799 851 1853 incredibili
884 1800 1212 1865 eloquentia,
1252 1803 1321 1854 ob
1352 1817 1507 1871 quam
1546 1810 1600 1855 et
1634 1801 1811 1854 Xeno-
1847 1772 1891 1831 Β

255 1891 384 1959 plion
413 1891 583 1943 Attica
616 1893 761 1945 Musa
792 1892 1195 1959 cognominatus
1224 1902 1326 1945 est.
1366 1892 1454 1945 Vel
1487 1908 1579 1960 per
1608 1906 1813 1944 musam

255 1979 479 2037 Platonis
503 1984 686 2051 accipe
716 1998 931 2037 carmen
963 1998 1026 2036 ex
1057 1984 1295 2038 Platonis
1324 1984 1564 2039 doctrina
1598 1999 1817 2052 compo-

255 2076 421 2142 situm,
453 2087 502 2129 et
528 2076 643 2143 ejus
672 2077 921 2145 Opinione
944 2076 1226 2130 imbutum.

316 2166 610 2239 Immemor]
638 2169 864 2223 Oblitus.

765 2260 828 2314 IN
870 2258 1135 2314 PROSA“
1182 2259 1298 2313 XII.

319 2351 436 2404 [hcc
463 2350 648 2404 ultima
693 2350 850 2421 hujus
885 2352 1024 2406 tertii
1064 2350 1347 2404 voluminis
1392 2365 1545 2418 prosa
1574 2353 1821 2405 continet

253 2443 433 2512 quibus
463 2443 839 2512 gubernacitlis
868 2446 1096 2497 mundus
1118 2442 1469 2511 gubernetur,
1493 2443 1632 2511 quod
1662 2445 1819 2497 etiam

251 2542 370 2587 ante
400 2533 613 2586 Boetius
644 2534 938 2601 ignorabat.
976 2533 1123 2589 Unde
1150 2534 1466 2601 Opiuabatur
1498 2535 1667 2589 bonos
1700 2550 1825 2603 sup-

252 2627 417 2693 pliciis
442 2627 603 2692 allici,
640 2628 808 2681 malos
839 2644 965 2682 vero
995 2630 1229 2697 praemiis
1259 2628 1324 2682 ad
1359 2628 1551 2697 llagitza
1590 2628 1819 2681 invitari.

252 2719 394 2773 Nunc
421 2730 597 2775 autem
634 2721 977 2790 Philosophia
1007 2721 1162 2775 docet
1190 2721 1427 2775 bonitate
1457 2721 1633 2774 divina
1665 2736 1820 2773 utun-

250 2812 371 2863 tlum
406 2812 546 2879 regi,
580 2826 812 2880 eumque
857 2812 944 2881 qui
996 2827 1261 2866 sumntum
1313 2813 1508 2867 bonum
1556 2823 1670 2877 est,
1702 2812 1823 2880 quia

251 2901 433 2958 Deum.
456 2902 648 2955 nullius
668 2904 788 2956 mali
813 2918 1027 2958 causam
1053 2918 1193 2963 csse.
1211 2919 1309 2958 nec
1338 2905 1386 2957 id
1403 2904 1617 2973 quidem
1644 2920 1821 2974 posse.

250 2990 479 3047 Proinde
510 2994 706 3046 malum
749 2995 879 3047 nihil
908 3009 1024 3049 esse
1068 2996 1168 3049 nisi
1199 3010 1227 3047 a
1262 2996 1402 3049 bono
1430 2995 1783 3049 deiectionem
1810 3013 1822 3048 :

250 3084 399 3151 rujus
432 3084 475 3137 is
504 3085 592 3152 qui
627 3095 799 3153 potest
818 3090 1018 3151 omnia,
1048 3102 1151 3141 non
1184 3088 1347 3154 possit
1378 3089 1597 3141 malum.
1628 3089 1746 3154 Quo
1769 3089 1825 3142 lit

1997 506 2267 579 Suaviter]
2296 508 2571 575 Ordinate,
2606 510 2741 565 bona
2780 516 3267 586 contemperantla,
3300 532 3493 573 conve-

1921 599 2277 653 nientissime.

1993 689 2336 760 Lacessentes]
2372 693 2424 743 In
2452 691 2650 745 bellum
2683 704 3050 760 provocantes.

1992 780 2208 851 Catum]
2242 780 2381 835 Deos
2410 782 2681 838 caelestes.

1992 872 2255 944 Gigantes]
2280 873 2340 927 lli
2370 875 2787 931 vastissimorum
2812 893 3095 948 corporum
3126 882 3289 938 fuisse
3319 886 3500 939 dicun-

1922 973 2028 1030 tur,
2060 974 2216 1018 terrte
2246 964 2363 1031 lilii,
2384 964 2503 1020 sine
2525 976 2695 1034 patre,
2725 968 2814 1037 qui
2840 986 2959 1025 cum
2983 973 3114 1027 deos
3142 974 3278 1029 caelo
3302 960 3500 1044 pellere

1918 1068 2276 1122 conarentur,
2313 1057 2381 1112 ab
2420 1057 2552 1114 Jove
2588 1060 2901 1117 fulminibus
2941 1066 3123 1120 missis
3167 1080 3291 1121 sunt
3330 1069 3499 1122 intcr-
3530 1069 3557 1092 ‘

1919 1150 2111 1218 empti.
2144 1151 2450 1207 Macrobius
2484 1153 2575 1209 lib.
2626 1153 2985 1211 Saturnalium
3021 1161 3227 1226 primo:
3258 1163 3502 1232 Gigantes

1917 1252 2085 1296 autent
2115 1242 2352 1315 (inquit)
2380 1247 2505 1315 quid
2548 1248 2691 1301 aliud
2726 1250 2887 1316 fuisse
2914 1254 3221 1308 credendum
3248 1267 3317 1309 est
3342 1274 3502 1326 quam

1918 1335 2182 1389 hominum
2207 1339 2481 1405 quamdam
2502 1339 2715 1408 impiam
2745 1353 2964 1412 gentem,
2996 1346 3116 1399 deos
3144 1359 3433 1417 negantem,
3459 1360 3503 1402 et

1916 1425 2034 1478 ideo
2060 1427 2400 1482 existimatam
2429 1430 2550 1484 deos
2580 1431 2769 1499 pellere
2817 1435 2878 1486 de
2906 1434 3095 1490 cm’esti
3125 1439 3241 1491 sede
3264 1440 3500 1492 voluisse.

1920 1515 2127 1570 Horum
2158 1519 2309 1585 pedes
2338 1520 2390 1572 in
2413 1522 2694 1576 draconum
2724 1524 2983 1579 volumina
3010 1528 3304 1582 desinebant
3329 1546 3348 1584 :
3368 1534 3503 1599 quod

1920 1610 2174 1679 signiﬁcat
2201 1611 2330 1666 nihil
2355 1629 2439 1666 eos
2470 1624 2681 1676 rentum,
2708 1617 2840 1669 nihil
2868 1634 3105 1682 superum
3137 1624 3403 1691 cogitasse,
3436 1634 3503 1677 to-

1920 1703 2019 1755 tius
2030 1703 2145 1755 vita:
2156 1718 2329 1756 eorum
2345 1721 2515 1773 gressu
2527 1715 2677 1772 atque
2688 1724 2922 1771 processu
2944 1709 2995 1761 in
3012 1711 3213 1778 inferna
3233 1724 3499 1785 mergente.

1996 1792 2411 1863 Uticondignnm
2438 1794 2556 1865 fuit]
2581 1794 2941 1858 Parentliesis,
2964 1799 3012 1851 id
3038 1810 3119 1854 cst
3142 1803 3276 1856 sicut
3304 1804 3499 1860 decuit.

1988 1882 2444 1953 Benigna]Meritis
2460 1888 2715 1951 beneﬁca,
2729 1890 2865 1944 male
2881 1901 3055 1945 autem
3073 1894 3272 1948 merit‘s
3292 1895 3500 1952 infesta.

1994 1974 2291 2046 Fortitudo]
2318 1977 2559 2033 Potentia
2593 1981 2793 2036 divina.

1995 2064 2256 2135 Rationis]
2279 2070 2810 2136 Argumentationes.

1993 2158 2504 2233 Collidamus]Valde
2517 2168 3130 2231 committantus,acriter
3141 2188 3501 2234 conseramus.

1995 2250 2078 2305 Ex
2098 2253 2397 2322 hujusmodi
2426 2257 2824 2329 conﬂictatione]
2861 2260 2933 2313 Ex
2968 2266 3233 2329 e,‘usmodi
3267 2266 3502 2334 philoso-

1926 2341 2083 2409 phico
2112 2345 2426 2400 certamine.

1996 2432 2263 2506 Scintilla]
2293 2433 2599 2493 Translatio
2630 2438 2698 2493 ab
2726 2440 2792 2494 iis
2842 2443 2926 2509 qui
2952 2486 2966 2507 ,
2997 2445 3223 2516 chalybe
3267 2458 3319 2503 et
3350 2451 3505 2508 sitico

1924 2523 2147 2589 collisis,
2167 2525 2304 2595 ignis
2320 2527 2607 2582 scintillam
2641 2533 2939 2599 excutiunt,
2965 2550 3121 2602 quam
3152 2538 3503 2596 dissilienteni

1927 2617 1978 2669 in
2012 2615 2249 2671 fomitem
2282 2621 2564 2689 excipiunt
2598 2623 2662 2677 ad
2694 2625 2872 2678 lumen
2906 2628 3269 2687 excitandum.

1996 2703 2290 2780 Arbitratu]
2324 2712 2585 2768 Arbitrio.

2001 2797 2197 2852 Malum
2220 2800 2397 2872 igitur]
2424 2800 2705 2860 Concludit
2738 2808 2933 2862 malum
2970 2810 3099 2865 nihil
3152 2828 3271 2867 esse
3325 2814 3505 2883 hujus.

1929 2890 2073 2945 modi
2102 2892 2341 2948 ratione;
2365 2894 2629 2964 Quidquid
2658 2906 2741 2951 est
2762 2899 2982 2966 aliquid,
3004 2900 3140 2955 Deus
3166 2907 3506 2973 omnipotens

1931 2985 1980 3038 id
2017 2991 2210 3051 potest.
2236 2985 2428 3039 Malum
2458 2996 2633 3041 autem
2661 2990 2797 3043 heus
2822 2993 3162 3058 omnipotens
3192 3009 3294 3047 non
3312 3007 3507 3063 potest.

1933 3076 2124 3130 Malum
2158 3070 2323 3143 igitur
2353 3077 2484 3131 nihil
2533 3088 2634 3132 est.
2684 3080 2877 3134 Beatus
2904 3082 3232 3152 Augustinus
3270 3086 3413 3141 libro
3444 3089 3509 3141 de

249 3185 309 3227 ut
339 3176 461 3229 mali
487 3192 817 3245 nequaqttam
844 3178 1088 3243 ﬂoreant,
1124 3179 1213 3231 sed
1242 3181 1419 3234 miseri
1446 3181 1619 3245 potius
1644 3182 1747 3235 sint
1775 3192 1828 3235 et
1855 3140 1900 3204 Ο
1932 3168 2160 3221 Chium
2191 3168 2283 3224 D3i
2319 3186 2391 3235 Χιν
2423 3186 2541 3237 (Ἥβα
2576 3176 2607 3225 9
2641 3190 2653 3224 ε
2692 3169 2821 3225 tua“
2861 3176 2994 3227 εηίηι
3024 3176 3166 3230 "uua
3196 3192 3378 3232 "(Tum
3399 3192 3469 3233 88⁸
3496 3222 3509 3243 ς

249 3267 513 3330 infelices,
544 3278 594 3321 ut
628 3270 870 3337 proximo
900 3272 1170 3324 volumine
1210 3271 1365 3325 latius
1397 3273 1715 3326 disseretur.

328 3358 677 3431 Vehementer]
711 3359 894 3414 Valde.

320 3447 709 3518 Horum]Quod
734 3450 942 3505 discere
968 3460 1206 3507 nostrum
1220 3456 1286 3508 sit
1306 3458 1594 3521 reminisci,
1611 3469 1665 3512 et
1688 3459 1827 3525 quod

246 3544 433 3599 lumen
465 3546 626 3599 animi
659 3549 902 3615 corporis
938 3549 1171 3619 caligine
1200 3553 1267 3604 sit
1294 3554 1684 3608 obnubilatum.

321 3637 719 3710 Commemoras]
748 3640 1033 3698 Memorem
1066 3644 1213 3699 facis.
1249 3646 1312 3699 Et
1340 3646 1570 3701 notanda
1599 3658 1682 3702 est
1716 3648 1828 3701 lure

247 3727 470 3782 locutio.

319 3820 580 3887 Corporca
606 3824 925 3895 contagione]
966 3824 1216 3895 Corporis
1252 3840 1370 3880 cum
1402 3828 1579 3880 anima
1608 3826 1827 3903 conjun-

245 3916 450 3969 ttinnc.

322 4004 487 4075 Mole]
520 4004 808 4061 Gravitate.

322 4097 490 4168 Quin]
525 4097 609 4153 Ut.

324 4188 558 4263 Dudum]
588 4189 751 4244 Paulo
781 4202 920 4245 ante.

316 4278 616 4351 lnscitiam]
647 4284 1023 4353 lgnorantiam.

319 4372 601 4445 Accedam]
626 4378 916 4431 Assentiar.

323 4466 625 4538 Divelleret]
658 4471 1002 4526 Distraltcre'.

322 4558 544 4630 Sospes]
579 4560 879 4616 Incolumis.

316 4651 563 4724 Revisas]
598 4653 845 4722 Repetas.

321 4744 596 4816 Alioquin]
626 4746 734 4803 Nisi
760 4748 857 4802 ltoc
889 4749 958 4803 ita
984 4766 1042 4804 se
1066 4749 1277 4805 habeat.

330 4837 676 4910 Vigilantius]
711 4842 767 4895 Di
794 4842 1043 4913 igeutius.

323 4928 573 5001 Diducis]
598 4932 639 4985 A
649 4933 806 4999 peris.

1864 4513 1918 4575 1)

1860 4542 1918 4575 δ¹¹
1946 4548 2099 4601 minit
2139 4547 2313 4611 Plato,
2347 4548 2435 4617 qui
2467 4548 2582 4618 ejus
2608 4550 2823 4603 nomine
2858 4548 3126 4626 dialogum
3158 4554 3392 4621 seripsit,
3432 4572 3522 4606 vo-

1932 3260 2019 3314 srd
2044 3262 2255 3315 amissio
2287 3263 2404 3316 boni
2437 3265 2560 3316 mali
2593 3282 2771 3319 nomen
2796 3270 3007 3335 accepit.

2003 3350 2374 3421 Labyrintltum
2419 3355 2471 3406 in
2502 3356 2841 3427 a'tricabilem]
2874 3356 3239 3425 lnsolubilem,
3264 3362 3510 3431 indepre-

1926 3440 2277 3511 hensibiletn,
2306 3444 2443 3500 unde
2471 3462 2629 3499 nemo
2658 3464 2715 3503 se
2746 3448 2903 3503 facile
2931 3453 3092 3519 possit
3112 3455 3386 3521 expedire.
3415 3455 3511 3509 La-

1936 3533 2238 3601 byrinthus,
2256 3536 2401 3591 locus
2418 3548 2497 3593 est
2519 3540 2719 3593 viarum
2745 3542 3053 3611 ambagibus
3070 3546 3205 3599 adeo
3229 3548 3511 3616 imp'extts,

1936 3634 1993 3679 ut
2020 3641 2140 3681 eum
2175 3629 2419 3698 ingresso
2451 3647 2554 3684 non
2586 3644 2759 3699 pateat
2791 3635 2986 3688 exitus.
3034 3636 3141 3691 lloc
3172 3649 3347 3693 autem
3397 3640 3512 3701 loco

1935 3719 2329 3789 metaphoricos
2371 3724 2561 3789 posuit.

2009 3811 2225 3882 Orbem]
2256 3812 2524 3869 Circulunt
2539 3855 2550 3866 .

2009 3902 2395 3975 Munusculum]
2428 3906 2805 3961 Corollarium.

2002 3994 2239 4067 Dudum]
2269 3997 2433 4051 Paulo
2464 4008 2609 4053 ante.

2002 4089 2305 4161 Exegimus]
2339 4092 2703 4147 Al;30iVitntlS.
2729 4095 2947 4149 Ovidius
2974 4114 2985 4147 :

2060 4184 2269 4246 Jamque
2295 4198 2418 4246 opus
2442 4190 2610 4247 exegi.

2010 4266 2091 4321 De
2119 4266 2197 4338 ea]
2228 4267 2408 4322 Divina
2434 4271 2751 4324 substantia.

2013 4358 2371 4431 Parmenides]
2399 4362 2493 4417 llic
2520 4364 2731 4418 Eleates
2762 4366 3094 4435 Anaxagora:
3122 4360 3438 4437 discipulus.
3464 4383 3520 4426 ttt

1942 4455 2137 4509 Suidas
2161 4456 2262 4509 ait:
2289 4465 2348 4509 ut
2370 4470 2496 4510 vero
2520 4455 2808 4526 Diogenes,
2835 4457 3179 4526 chOphanis
3201 4478 3213 4514 :
3238 4463 3389 4530 cujus
3412 4480 3521 4519 mc.

1945 4640 2190 4708 cavitque
2243 4640 2648 4699 Parmenidem.
2680 4642 2792 4695 sive
2836 4642 2903 4696 de
2951 4643 3110 4698 ldeis.
3148 4645 3240 4699 llic
3290 4650 3523 4701 carmine

1947 4732 2335 4802 physiologiam
2367 4734 2654 4801 expressit,
2687 4734 2823 4787 sicut
2857 4731 3209 4803 Empedocles
3252 4748 3306 4793 et
3338 4740 3522 4793 llesin-

1946 4822 2070 4887 dus,
2102 4822 2475 4893 duplicemque
2505 4839 2622 4878 eam
2647 4839 2765 4880 esse
2790 4826 2946 4891 dixit,
2973 4844 3131 4883 unam
3156 4845 3272 4898 qum
3305 4834 3525 4885 veritate

1949 4926 2242 4978 constaret.
2272 4919 2493 4971 alteram
2520 4933 2636 4987 qua:
2660 4919 2932 4988 opinione.
2964 4920 3196 4976 Emicuit
3216 4924 3525 4991 Olympiade

1950 5023 2136 5062 vattt.
2172 5008 2339 5077 Ilujus
2366 5008 2583 5063 Graecus
2612 5026 2796 5064 versus
2823 5021 2901 5065 est
2920 5051 2934 5075 ,

2091 5101 2326 5155 Πάντοθεν
2352 5102 2399 5153 ἐν
2428 5102 2657 5156 κύκλοισι
2693 5104 2853 5177 φέρεις
2884 5103 3154 5175 ἐναλίγκιον
3177 5100 3343 5174 ὄγκον.

1944 5191 2004 5246 Id
2037 5202 2139 5253 est,
2170 5193 2404 5261 undique
2448 5193 2498 5246 in
2529 5194 2745 5248 circulis
2795 5194 2945 5248 ducis
2991 5196 3223 5247 similem
3257 5209 3526 5247 acervum.

1951 5285 2100 5352 Quod
2133 5294 2311 5339 autem
2345 5288 2395 5338 in
2443 5286 2667 5353 vu'gatis
2711 5285 3109 5353 exemplaribus
3142 5286 3377 5338 additum
3405 5296 3526 5351 est,

1952 5381 2003 5435 id
2029 5390 2130 5443 est,
2154 5398 2331 5434 rerum
2366 5381 2547 5434 urbem
2577 5380 2827 5434 mobilem
2863 5389 3024 5445 rotat,
3053 5379 3175 5432 dum
3200 5394 3257 5432 se
3288 5380 3526 5431 immobi~

1953 5473 2056 5528 lem
2088 5482 2388 5534 conservat,
2427 5488 2529 5525 non
2561 5481 2642 5527 est
2683 5470 2849 5525 Boetii
2871 5511 2887 5535 ,
2920 5471 3011 5523 sed
3047 5471 3310 5549 glossema
3344 5471 3527 5525 nescio

1954 5568 2126 5635 cujus,
2156 5568 2305 5638 prius
2334 5567 2386 5620 in
2412 5569 2648 5635 margine
2678 5566 2965 5633 adjectum,
2991 5564 3184 5618 deinde
3211 5563 3381 5619 Boetii
3414 5580 3527 5617 ver-

1953 5662 2038 5717 bis
2062 5660 2339 5715 insertutn.
2376 5658 2709 5713 Parmenidis
2740 5658 2942 5710 dictum
2984 5656 3267 5710 lamblicus
3297 5657 3527 5710 Platoni-

1953 5767 2050 5807 cus
2078 5753 2218 5805 hunc
2242 5754 2291 5807 iu
2320 5751 2531 5805 modum
2558 5752 2777 5818 exponit
2802 5765 2814 5802 ξ
2848 5749 3033 5802 Omnia
3066 5767 3126 5801 cx
3156 5749 3260 5801 Dea
3291 5750 3362 5801 ita
3392 5762 3528 5823 sunt,

318 5019 467 5073 Cum
500 5021 635 5076 Deus
676 5024 870 5097 inquit]
899 5025 1063 5081 Docet
1088 5043 1115 5081 a
1148 5028 1257 5081 Deo
1285 5029 1517 5082 suaviter
1557 5036 1609 5083 et
1643 5044 1843 5084 conveo

233 5115 605 5170 nicntissitne
652 5119 826 5172 omnia
859 5120 1090 5188 disponi,
1139 5137 1259 5176 cum
1301 5124 1601 5179 voluntarie
1650 5126 1844 5183 divina:

233 5205 494 5260 bonitati
526 5207 896 5276 obtemperent
918 5226 1080 5280 seque
1109 5215 1420 5281 subjiciunt.

324 5292 741 5351 Detrectantium
760 5302 975 5373 jngum]
1008 5302 1315 5373 Metaphora
1341 5322 1370 5360 a
1412 5308 1578 5377 bobus
1614 5317 1839 5377 sumpta.

228 5386 421 5444 Unde
454 5400 635 5455 poeta:
1511 5376 1518 5383 ’

391 5478 497 5527 Non
517 5482 637 5542 juga
660 5488 824 5532 taurus
843 5493 992 5548 amat,
1013 5500 1121 5547 quae
1142 5495 1305 5537 tamen
1330 5489 1450 5549 odit,
1478 5491 1646 5539 habet.

319 5561 451 5614 Deo
476 5565 751 5636 contraire]
780 5567 974 5622 Contra
1017 5570 1108 5626 Dei
1140 5572 1489 5626 voluntatem.

313 5652 469 5708 Jure
495 5654 849 5727 beatitudinis]
874 5661 1004 5728 Qum
1039 5672 1092 5715 ut
1124 5673 1347 5727 extera,
1381 5664 1457 5718 sic
1487 5675 1541 5717 ct
1577 5675 1843 5719 summam

215 5749 566 5812 potentiam
594 5752 980 5814 complectitur.
