4010 6372
221 396 339 450 που

214 527 304 581 pro
334 506 533 563 foribus
557 498 681 560 Orci
705 504 885 560 custos
912 498 1161 558 excubat.
1191 494 1429 557 Tibullus
1460 518 1476 557 :

328 609 462 659 Nunc
486 609 627 667 niger
650 607 699 655 in
717 610 855 666 porta
879 611 1163 667 serpentum
1190 603 1436 667 Cerberus
1454 617 1539 651 ore.

385 665 597 730 Stridet,
623 674 677 718 et
694 665 870 718 aimtas
892 665 1103 715 excubat
1126 674 1239 714 ante
1268 666 1412 713 fores.

213 762 525 815 Claudianus
558 778 572 812 ε

276 854 508 962 “iratum
532 850 780 913 triplicem
803 851 1107 911 compescuit
1136 852 1313 908 ingens

357 923 533 962 amtor.
780 936 788 941 ε

357 923 533 965 auitor.
780 936 788 941 ί

283 996 478 1069 Sontes]
503 996 791 1064 Nocentes,
816 994 905 1064 qui
935 996 1104 1064 tttrpia
1132 994 1365 1047 facinora
1394 1000 1785 1061 perpeti-urunt.

285 1089 504 1163 Agitant]
538 1090 767 1154 Vexant,
796 1098 1203 1158 persequuntur.

287 1182 417 1255 Dete]
467 1182 642 1237 Furia:
694 1180 1004 1235 infernales.
1053 1179 1241 1235 Furias
1289 1187 1399 1233 tres
1440 1176 1699 1231 llesiodus
1735 1185 1793 1228 et

216 1274 566 1345 Epimenides,
597 1288 795 1340 easque
824 1288 856 1327 e
886 1271 1143 1339 sanguine
1175 1271 1541 1340 pudendorum
1572 1268 1790 1323 Saturni

214 1373 348 1437 (qua:
378 1367 510 1438 patri
541 1365 748 1432 Jupiter
772 1363 1088 1431 amputavit)
1116 1362 1287 1416 editas
1310 1362 1479 1414 aiunt.
1512 1359 1679 1414 Nocte
1703 1374 1792 1427 ge-

216 1470 346 1513 nitas
366 1468 603 1513 autumat
631 1455 921 1526 {Escltylus
948 1462 1004 1510 et
1029 1455 1175 1509 Maro
1205 1471 1219 1507 :

332 1549 467 1598 Hunc
489 1548 609 1597 mihi
631 1547 690 1595 da
715 1549 965 1608 proprium
988 1547 1128 1605 virgo
1152 1551 1256 1613 sata
1280 1553 1423 1593 nocte
1446 1544 1682 1593 laborem.

214 1634 406 1701 Statius
435 1633 790 1687 Acherontem
826 1641 1029 1697 patrem
1063 1628 1250 1683 tribuit
1278 1644 1295 1683 :

272 1721 594 1781 Totidemque
617 1722 736 1769 satis
757 1720 1040 1769 Acheron'e
1067 1718 1255 1769 nefasto

331 1783 642 1843 Virginibus.

286 1863 401 1917 Non
434 1861 675 1917 Ixionum
704 1863 878 1934 caput]
910 1862 1076 1928 Ixion,
1108 1870 1163 1915 ut
1196 1862 1474 1931 Euripides
1503 1860 1594 1925 ait,
1632 1860 1706 1914 Ph

212 1973 308 2028 gja
332 1967 477 2027 patre
502 1967 688 2014 natus:
711 1968 767 2012 ut
792 1958 1149 2029 Pherecydes,
1174 1957 1427 2022 XEthone,
1446 1972 1564 2010 cum
1597 1955 1662 2008 de
1686 1970 1793 2006 me-

214 2051 301 2104 dio
329 2049 631 2105 sustulisset
674 2050 960 2115 Eioneum,
999 2049 1151 2119 cujus
1196 2049 1357 2103 tiliam
1404 2049 1620 2103 nomine
1666 2047 1792 2100 Diau

215 2154 427 2193 uxorem
450 2139 713 2195 duxerat:
734 2140 875 2211 quod
902 2141 945 2193 is
967 2155 995 2193 a
1015 2154 1215 2209 genero
1233 2138 1411 2194 debita
1430 2138 1797 2207 promissaque

215 2248 429 2287 munera
460 2232 630 2287 veteri
663 2246 814 2289 more
842 2232 1122 2301 ﬂagitaret,
1152 2241 1309 2302 atque
1348 2232 1624 2303 supposito
1652 2230 1797 2300 tigno

216 2323 265 2374 in
312 2334 586 2376 accensam
633 2323 841 2377 foveam
889 2321 1211 2390 excepisset,
1254 2323 1321 2376 ab
1367 2336 1429 2376 ea
1478 2321 1626 2376 caede
1674 2337 1794 2375 cum

216 2413 420 2468 ceteris
446 2429 543 2469 nec
567 2428 719 2484 aquai
744 2416 1073 2482 aspersione,
1099 2429 1270 2484 neque
1297 2413 1683 2479 sufﬁcionibus,
1706 2421 1798 2467 aut

216 2503 417 2558 dierum
448 2518 672 2558 numero
704 2504 813 2557 tolli
845 2519 1003 2574 posse
1033 2504 1333 2572 videretur,‘
1363 2504 1430 2558 ab
1459 2505 1591 2560 Jove
1619 2505 1800 2572 expia-

217 2604 298 2649 tus
324 2604 423 2649 eSI.
454 2594 561 2650 Sed
590 2595 635 2649 is
660 2609 778 2649 eam
810 2610 923 2649 rem
955 2610 1139 2665 parum
1169 2607 1372 2665 gratam
1406 2595 1613 2661 habuit,
1639 2610 1799 2650 ausus

216 2685 280 2740 ad
310 2695 550 2752 stuprum
593 2684 859 2740 Junonem
905 2700 1216 2755 provocare.
1266 2686 1369 2741 Dea
1409 2687 1799 2741 communicato

214 2791 331 2831 cum
355 2774 485 2832 Jove
510 2776 757 2841 consilio,
789 2777 1012 2831 immisit
1040 2777 1256 2842 nubem,
1288 2792 1446 2847 quam
1476 2794 1569 2847 pro
1592 2777 1801 2832 Junonc

215 2868 542 2938 complexus,
569 2867 867 2924 Centauros
906 2869 1110 2937 genuit,
1144 2878 1196 2922 et
1226 2869 1508 2923 damnatus
1546 2870 1683 2937 apud
1722 2871 1801 2922 iu-

216 2959 354 3016 leros
379 2959 595 3014 assidua
628 2968 762 3014 rotae
797 2960 1061 3029 vertigine
1089 2961 1311 3026 rapitur.
1348 2960 1588 3013 Tdmllus
1622 2975 1636 3014 :

332 3049 437 3098 lllic
452 3048 694 3098 lunonem
716 3055 912 3099 tentare
940 3050 1125 3099 ixionis
1149 3052 1274 3107 ausi,

395 3110 668 3160 Versantur
692 3111 850 3160 celeri
871 3113 1015 3161 noxia
1037 3114 1255 3160 membra
1285 3122 1389 3160 rota

294 3190 477 3263 Velox]
503 3190 679 3247 Celeri
708 3193 971 3262 vertigine
1000 3194 1282 3248 versatilis.

291 3279 609 3352 Prtzct'pitat]
643 3282 855 3352 Dejicit.

283 3371 419 3444 Sile]
457 3373 579 3429 Siii.
628 3371 911 3441 Perperam
956 3374 1157 3429 indocti
1191 3377 1375 3445 legunt
1415 3378 1514 3431 huc
1546 3378 1663 3430 loco
1692 3378 1800 3440 siti,

216 3476 399 3521 natura
430 3465 584 3519 metri
618 3466 904 3530 rationem,
936 3480 1054 3520 cum
1102 3468 1312 3522 licentia
1348 3485 1380 3537 p
1404 3470 1552 3522 retica
1586 3469 1805 3524 Boetius

217 3556 322 3613 site
344 3556 743 3624 conscripserit,
776 3567 832 3611 ut
858 3556 995 3610 libro
1023 3556 1285 3615 IEneidos
1308 3574 1357 3613 γι
1393 3558 1576 3629 Virgil.
1611 3577 1622 3610 :

463 3647 630 3698 Gaude
654 3653 947 3710 cognomine
972 3658 1119 3699 terra.

219 3744 314 3799 pro
341 3731 664 3798 cognomini,
697 3740 833 3787 teste
861 3732 1070 3795 Servio,
1102 3740 1157 3785 et
1184 3730 1340 3785 Ovid.
1373 3732 1424 3785 in
1460 3730 1671 3786 Fastis:

346 3819 563 3882 Extaque
588 3821 649 3869 de
676 3835 817 3882 porca
842 3822 988 3891 cruda
1011 3823 1253 3872 bimestre
1282 3827 1424 3872 tenet
1450 3838 1461 3871 :

218 3914 316 3971 pro
341 3902 601 3957 bimestri.
626 3904 769 3958 ldem
797 3905 933 3961 libro
957 3905 1020 3961 de
1044 3906 1305 3960 Tristibus
1330 3909 1515 3977 quinto
1540 3930 1554 3967 :

342 3991 587 4053 Exiguum
616 3993 757 4055 pleno
780 3995 840 4043 de
869 4008 1002 4045 mare
1026 3995 1189 4044 demat
1214 4009 1371 4058 aqum.

220 4087 315 4143 pro
344 4076 501 4132 mari.

288 4163 493 4236 Longa]
531 4166 807 4223 Diuturna.

292 4254 563 4327 Perditus]
592 4257 961 4314 Excruciatus.

291 4347 527 4419 Spernit]
555 4349 879 4405 Contentnit.
914 4353 1081 4406 (iantu
1120 4353 1260 4408 enim
1302 4356 1508 4410 musico
1535 4355 1807 4419 delinitus,

215 4438 307 4491 siti
343 4453 448 4492 non
475 4438 699 4494 laborat.

291 4526 567 4599 Tantalus]
612 4529 709 4583 Hic
751 4530 1033 4601 Smyrnam
1083 4533 1328 4604 Phrygia:
1358 4536 1442 4590 vel
1471 4536 1551 4606 (ut
1575 4537 1665 4591 alii
1699 4546 1808 4592 tra-

218 4616 378 4686 dunt)
418 4618 659 4689 Sypilum
702 4620 895 4675 tenuit.
941 4622 989 4676 Is
1029 4624 1166 4691 apud
1198 4624 1399 4680 inferos
1428 4605 1505 4696 (ut
1536 4629 1680 4681 canit
1709 4628 1808 4681 llo-
1842 4605 1888 4663 ί)

216 4712 430 4782 merus)
463 4714 612 4781 aquis
645 4714 721 4768 ori
759 4713 1113 4771 allabentibus
1155 4728 1406 4786 perpetua
1450 4720 1537 4774 siti
1584 4720 1809 4775 laborat.

215 4802 486 4871 Supplicii
513 4817 727 4858 causam
760 4810 867 4860 non
900 4821 1086 4862 omnes
1119 4808 1361 4863 eamdem
1400 4810 1635 4865 tradunt.
1680 4811 1811 4866 Nam

214 4892 442 4961 quidam
463 4892 645 4947 dicunt
668 4909 789 4948 eum
816 4911 999 4963 pmnas
1026 4898 1192 4960 luere,
1214 4899 1354 4969 quod
1376 4900 1623 4968 Pel0pem
1648 4902 1814 4958 tilium

212 4982 329 5035 diis
360 4982 662 5051 hospitibus
686 4986 1009 5054 epulandum
1040 4991 1369 5058 apposuerit.
1397 4991 1642 5047 Nonnulli
1674 4994 1815 5049 refe-

211 5078 355 5124 runt
379 5084 569 5125 canem
606 5074 787 5143 templi
816 5074 960 5131 Jovis
982 5076 1035 5131 in
1064 5078 1219 5133 Creta
1250 5080 1521 5136 custodem
1549 5097 1577 5135 a
1607 5083 1814 5138 Panda-

208 5175 320 5215 reo
343 5159 554 5216 Milesio
571 5174 895 5231 surreptum,
919 5167 984 5221 ad
1008 5168 1286 5223 Tantalum
1310 5174 1639 5239 pervenisse,
1657 5189 1814 5243 quem

208 5264 351 5303 cum
380 5252 642 5317 repetenti
669 5253 929 5309 Mercurio
957 5256 1276 5324 abjurasset,
1307 5260 1404 5313 hac
1431 5260 1676 5316 atl‘ectmn
1708 5278 1820 5332 pte-

207 5356 315 5394 na.
352 5340 520 5395 Canis
559 5357 753 5398 aureus
781 5354 979 5401 eratet
1011 5346 1241 5415 spirans.
1275 5348 1343 5403 Ut
1380 5353 1719 5421 Asclepiades
1747 5371 1812 5408 cx

205 5433 438 5488 Fabula
483 5433 674 5499 refert,
721 5437 969 5507 quoniam
1006 5440 1225 5495 deorum
1267 5453 1470 5498 secreta
1504 5448 1818 5503 mortalibus

202 5525 507 5581 revelarit.
541 5528 763 5583 Ovidius
792 5549 804 5583 :

356 5637 552 5711 Quaerit
577 5650 725 5711 aquas
753 5642 799 5689 in
826 5645 983 5711 aquis,
1012 5650 1226 5711 etprima
1250 5645 1434 5711 fugacia
1465 5657 1620 5711 captat

416 5696 680 5762 Tantalus,
711 5702 799 5751 hoc
826 5696 895 5752 illi
918 5696 1111 5765 garrula
1138 5696 1476 5768 linguaudcdit.

191 5801 527 5872 Euripides
565 5804 639 5859 ait
687 5804 738 5859 in
782 5824 905 5868 aere
948 5823 1263 5880 suspensum
1295 5815 1656 5885 impedimenti
1688 5832 1818 5875 saxo

1470 380 1847 447 MURMELLII
1892 377 2407 438 COMMENTAle

1818 508 1866 561 Α
1897 499 2154 564 torqueri.
2201 495 2341 547 Sunt
2379 493 2468 562 qui
2513 492 2811 562 subjectum
2854 488 3041 562 Sypilo
3072 488 3236 544 monti
3269 488 3482 543 tradant

2119 314 2146 337 Ο
2873 332 2933 370 δι’

3346 370 3480 426 1042

1896 590 1945 639 in
1981 586 2164 657 Lydia.
2211 584 2494 641 Petronius
2535 585 2586 639 in
2628 584 2855 639 Tantalo
2893 582 3263 653 reprresentari
3293 596 3482 635 avaros

1896 685 2155 740 autumat,
2183 676 2374 742 quibus
2403 690 2534 744 opes
2573 676 2688 729 usui
2729 689 2835 729 non
2880 683 3023 738 sunt,
3055 684 3107 728 et
3135 674 3291 728 siccis
3320 674 3483 727 fauci—

1898 769 1995 822 bus
2043 766 2273 823 conditis
2329 766 2569 835 pecuniis
2621 765 2894 819 incubant.
2948 763 3147 819 Versus
3188 763 3303 833 ejus
3343 762 3483 831 apud

1899 863 2232 933 Fulgentium
2264 861 2315 915 bl
2348 868 2474 914 sunt
2499 878 2511 912 :

2020 942 2123 992 Nec
2145 942 2274 1002 bibit
2301 943 2430 990 inter
2455 952 2631 1002 aquas,
2658 953 2750 987 nec
2772 953 2907 1000 poma
2934 942 3153 1000 patentia
3173 943 3331 1000 carpit

2080 1001 2314 1053 Tantalus
2334 1001 2523 1059 inftﬂix,
2547 1015 2696 1063 quem
2722 1015 2806 1047 sua
2833 1010 2939 1048 tota
2965 1008 3212 1063 ρηξῐῐιυιιε,

2021 1066 2205 1115 Divitis
2229 1064 2333 1111 haec
2356 1066 2519 1124 magni
2546 1062 2697 1111 facies
2723 1064 2837 1120 erit,
2864 1062 3143 1124 omnialate

2083 1126 2180 1184 Qui
2208 1130 2371 1185 tenet,
2399 1123 2451 1175 et
2475 1127 2603 1174 sicco
2626 1126 2881 1185 conchuit
2904 1137 2992 1174 ore
3012 1123 3204 1172 famem.

1979 1194 2173 1265 Medis]
2200 1194 2369 1251 Cantu
2396 1194 2615 1265 Orphei.

1967 1286 2124 1358 Tityi]
2155 1288 2251 1343 Hic
2280 1288 2360 1359 (ut
2387 1287 2461 1341 ait
2494 1284 2855 1355 Pherecydes)
2886 1284 3033 1339 Jovis
3061 1296 3116 1339 et
3149 1285 3315 1340 Elaras
3347 1285 3482 1337 (ilius

1897 1379 2014 1443 fuit,
2041 1379 2157 1448 ejus
2187 1394 2343 1447 quam
2377 1377 2557 1445 genuit
2600 1375 2990 1429 Orchomenus.
3043 1376 3271 1429 Telluris
3309 1384 3483 1426 tamen

1896 1468 2070 1523 diCIUs
2112 1476 2217 1533 est,
2258 1467 2399 1535 quod
2448 1482 2514 1521 eo
2565 1465 2783 1534 gravida
2830 1475 3000 1520 mater
3042 1465 3220 1531 Elara,
3263 1465 3485 1519 Junonis

1898 1570 2041 1614 metti
2083 1569 2244 1613 terra:
2274 1574 2559 1613 cavernam
2593 1557 2831 1623 subiens,
2867 1558 2976 1611 illic
3008 1573 3226 1624 puerum
3262 1556 3483 1625 peperit.

1898 1653 2098 1707 Iudicat
2130 1652 2181 1706 in
2217 1652 2397 1706 Beotia
2427 1651 2621 1706 Strabo
2663 1665 2881 1719 specum
2916 1650 3127 1704 Elaratn
3170 1666 3197 1701 a
3245 1666 3301 1703 re
3338 1660 3485 1718 gesta

1900 1743 2250 1795 nominatam.
2281 1740 2383 1794 Alii
2413 1741 2651 1795 sentiunt
2677 1740 2796 1795 ideo
2820 1750 2978 1795 terrae
3008 1740 3172 1792 lilium
3196 1740 3321 1804 dici,
3347 1738 3485 1808 quod

1716 1862 1790 1913 ιο,
1827 1826 1961 1926 Ε’θκ
1997 1831 2277 1886 hominum
2319 1846 2516 1900 genere
2551 1845 2723 1886 srvos
2764 1840 2818 1885 ct
2864 1830 3124 1884 immanes
3164 1829 3485 1899 (Cllj'tSlliOdl

1900 1923 2087 1991 Tityus
2116 1921 2234 1989 fuit)
2266 1920 2455 1977 fabulte
2499 1937 2566 1976 ex
2610 1932 2749 1976 terra
2796 1932 2949 1976 natos
2994 1920 3216 1991 lingunt,
3245 1932 3296 1975 et
3327 1920 3485 1973 Calli~

1901 2012 2122 2067 machus
2167 2012 2532 2066 atrocissimas
2584 2026 2820 2080 quasque
2873 2011 3072 2066 bestias
3120 2021 3274 2065 teme
3320 2024 3486 2079 genus

1899 2104 2150 2173 appellat.
2188 2103 2244 2156 ln
2278 2118 2466 2157 novem
2496 2103 2682 2172 jugera
2715 2104 2977 2158 distentus
3002 2104 3140 2172 apud
3169 2103 3365 2156 inferos
3399 2116 3487 2168 pa-

1899 2196 1999 2250 scit
2037 2195 2297 2263 vultures,
2340 2204 2397 2248 ut
2436 2204 2621 2249 auctor
2660 2204 2742 2248 est
2779 2195 3061 2261 llomerns,
3100 2194 3349 2261 quoniam
3380 2194 3490 2248 vim

1903 2287 2116 2341 Latona:
2144 2285 2339 2340 inferre
2364 2286 2603 2350 tentavit,
2632 2286 2710 2341 vel
2738 2286 2817 2354 (ut
2843 2286 2985 2340 canit
3015 2284 3346 2353 Euphorion)
3374 2285 3489 2338 Dia-

1903 2394 1984 2429 nze
2027 2376 2216 2431 vitium
2278 2376 2454 2431 intulit
2485 2394 2497 2429 :
2528 2386 2855 2445 quapropter
2904 2376 3167 2446 Apollinis
3219 2386 3269 2430 et
3317 2375 3492 2429 Dianai

1904 2468 2022 2522 te'i~
2051 2468 2372 2523 exstinctum
2396 2467 2555 2522 refert
2586 2467 2868 2523 Pindarus.

1982 2556 2194 2627 γαιςυν]
2228 2558 2489 2613 Homerus
2518 2559 2762 2627 geminos
2795 2560 3032 2613 vultures
3061 2558 3306 2613 admotos
3334 2559 3493 2628 Tityo

1902 2649 2067 2714 canit,
2098 2648 2320 2703 Ovidius
2352 2658 2405 2703 et
2432 2647 2754 2703 Claudianus
2794 2665 2978 2703 unum.
3011 2648 3099 2703 Sic
3130 2660 3181 2704 et
3208 2650 3328 2703 Sea.
3349 2664 3406 2703 CJ
3441 2650 3492 2704 in

1908 2738 2133 2794 llrrcule
2162 2739 2357 2794 furenti
2391 2754 2405 2791 :

2026 2832 2224 2881 Prtebet
2248 2832 2438 2881 volucri
2461 2832 2633 2895 Tityus
2657 2841 2867 2882 aeternas
2886 2835 3051 2895 dapes.

1906 2915 2125 2971 Veteres
2158 2915 2390 2986 theologi
2424 2904 2509 2982 ‘(ut
2554 2919 2713 2971 refert
2769 2918 3068 2973 Macrobius
3115 2920 3165 2971 in
3216 2917 3493 2972 Somnium

1904 3007 2196 3077 Scipionis)
2233 3007 2500 3062 vulturem
2539 3008 2694 3077 jecur
2725 3010 3023 3064 immortale
3053 3010 3385 3075 tundentem,
3414 3008 3495 3061 ni-

1907 3100 1978 3152 hil
2008 3097 2148 3153 aliud
2176 3098 2397 3169 intelligi
2424 3099 2709 3155 volucrttnt
2736 3118 2892 3171 quam
2928 3111 3187 3157 tormenta
3220 3102 3495 3156 conscien-

1854 3230 1870 3250 ,
1907 3195 1991 3242 the
2038 3189 2273 3244 obnoxia
2313 3190 2533 3260 ﬂagitio,
2583 3192 2789 3247 viscera
2839 3192 3089 3246 interiora
3140 3191 3401 3254 rimantis,
3445 3202 3496 3251 et
3585 3198 3594 3207 ’

1909 3284 2020 3348 ipsa
2067 3282 2247 3337 vitalia
2296 3282 2562 3337 indefessa
2612 3283 2828 3339 admissi
2874 3284 3095 3340 sceleris
3134 3285 3497 3340 admonitione

1911 3372 2179 3435 laniantis,
2207 3386 2527 3443 semperque
2557 3390 2736 3438 curas,
2766 3377 2811 3430 si
2843 3377 3181 3445 requiescere
3218 3378 3351 3431 lor‘e
3380 3389 3498 3432 teu-

1910 3466 2158 3532 taverint,
2188 3466 2495 3531 excitantis,
2527 3476 2777 3539 tanquam
2811 3470 2958 3527 ﬁbris
2988 3474 3391 3528 renascentibus
3422 3476 3500 3526 ‘n-

1911 3554 2187 3623 haerendo,
2236 3570 2333 3611 nec
2372 3556 2482 3611 ulla
2528 3558 2629 3613 sibi
2673 3560 3018 3618 miseratione
3054 3565 3344 3633 parcentis,
3387 3566 3501 3634 lege

1912 3648 2009 3701 hac
2038 3663 2139 3717 qua
2167 3662 2225 3703 se
2248 3648 2429 3717 judice
2458 3666 2617 3706 nemo
2646 3668 2848 3708 nocens
2881 3655 3195 3721 absolvitur,
3226 3673 3322 3712 nec
3349 3658 3415 3713 de
3444 3675 3502 3713 se

1912 3750 2063 3790 suam
2111 3746 2286 3805 potest
2334 3738 2503 3793 vitare
2549 3743 2893 3797 sententiam.
2945 3743 3068 3798 lllos
3116 3756 3293 3800 autem
3330 3750 3501 3815 epulis

1913 3834 2035 3880 ante
2065 3840 2158 3881 ora
2191 3827 2376 3894 positis
2402 3831 2697 3884 excruciari
2740 3829 2879 3886 fame
2909 3844 2958 3886 et
2998 3832 3169 3887 inedia
3202 3835 3499 3898 tabescere,

1911 3932 2043 3987 quos
2092 3917 2261 3986 magis
2309 3919 2582 3989 magisque
2628 3924 2936 3992 acquirendi
2984 3925 3308 3982 desiderium
3358 3932 3503 3998 cog't

1914 4019 2231 4076 pr;csentem
2262 4010 2469 4081 copiam
2500 4027 2605 4067 non
2636 4014 2835 4084 videre,
2861 4026 2913 4071 et
2940 4018 2993 4071 in
3018 4020 3288 4074 altluentia
3312 4020 3502 4087 inepes

1914 4100 2165 4169 egestatis
2186 4102 2323 4156 mala
2352 4102 2403 4156 in
2429 4102 2672 4160 ubertate
2704 4106 2994 4176 patiuntur,
3025 4110 3325 4166 nescientes
3351 4123 3499 4181 patta

1917 4192 2184 4259 tespiccre
2214 4192 2338 4246 dum
2387 4202 2546 4264 egent
2588 4196 2865 4253 habendis.
2906 4199 3031 4254 lllos
3072 4202 3233 4254 radiis
3264 4212 3498 4257 rotarum

1918 4280 2151 4348 pendere
2197 4282 2488 4351 diSIrictos,
2532 4288 2621 4357 qui
2674 4290 2803 4343 nihil
2850 4292 3079 4345 consilio
3126 4294 3500 4361 ptmvideittes,

1916 4373 2049 4428 nihil
2081 4374 2287 4429 ratione
2331 4375 2693 4447 moderantes,
2738 4381 2868 4435 nihil
2916 4382 3194 4438 virtutibus
3225 4386 3503 4454 explican-

1918 4476 2017 4527 tes,
2043 4480 2205 4535 seque
2227 4478 2277 4520 et
2304 4478 2454 4522 actus
2485 4486 2612 4525 suos
2638 4488 2822 4528 omnes
2855 4473 3079 4530 fortunae
3112 4479 3504 4550 permittentes,

1916 4576 1943 4613 e
1981 4562 2129 4616 sibus
2160 4570 2215 4615 et
2246 4562 2477 4618 fortuitis
2514 4582 2726 4635 semper
2768 4579 3028 4626 rutantnr.
3076 4570 3273 4626 Saxum
3317 4574 3504 4644 ingens

1924 4651 2164 4718 volvere,
2204 4654 2570 4712 inefficacibus
2612 4660 3000 4731 lahoriosisque
3032 4667 3311 4721 conatibus
3342 4670 3502 4723 vitam

1923 4751 2178 4797 terentes.
2209 4746 2393 4800 Atram
2422 4748 2625 4803 silicem
2657 4751 2922 4819 lapsuram
2955 4769 3187 4822 semper,
3218 4766 3271 4811 et
3297 4760 3507 4814 cadenti

1921 4832 2175 4898 similem,
2208 4834 2418 4892 illorum
2447 4841 2711 4909 capitibus
2754 4843 3031 4900 imminere
3060 4847 3151 4917 qui
3191 4848 3385 4902 arduas
3417 4865 3509 4918 pn-

1923 4932 2141 4979 testates
2172 4933 2227 4980 et
2256 4925 2540 4985 infaustam
2570 4932 2809 4987 ambiunt
2840 4938 3198 5006 tyrannidem,
3236 4955 3505 5008 nunquam

1922 5017 2037 5070 sine
2082 5016 2276 5072 timore
2313 5019 2527 5087 victuri,
2569 5034 2623 5079 et
2668 5036 2920 5095 cogentes
2971 5028 3269 5097 subjectum
3322 5033 3508 5100 v-lgtts

1921 5107 2121 5173 odisse,
2153 5107 2279 5161 dum
2313 5120 2573 5177 metuant,
2620 5128 2834 5186 semper
2873 5117 2971 5171 sibi
3016 5120 3261 5173 videntur
3286 5123 3506 5177 exitium

1922 5196 2088 5266 (quod
2119 5201 2417 5271 merentur)
2447 5205 2715 5275 excipere.
2748 5208 2843 5262 Hic
2873 5207 3189 5264 Macrobius.

2000 5284 2218 5356 Arbiter]
2242 5287 2515 5356 Dominus,
2536 5293 2723 5361 judex.

2002 5375 2323 5449 Umbrarum]
2353 5382 2684 5440 Animarum.

2008 5465 2151 5538 l’iro]
2183 5468 2417 5538 Orpheo.
2488 5532 2497 5549 ‘

2000 5557 2259 5632 Emptum]
2288 5562 2654 5635 liedemptam.

1997 5650 2303 5725 Conjugem]
2335 5656 2652 5727 Eurydicen.

2002 5741 2135 5793 Dum
2160 5753 2349 5800 tartara
2374 5749 2595 5820 liquerit]
2623 5753 2749 5806 Dum
2774 5752 3061 5811 inferurttttt
3086 5756 3269 5815 sedem
3296 5764 3505 5820 exierit.

2000 5830 2212 5889 Lumina
2238 5838 2460 5907 ﬂectere]
2492 5840 2628 5917 κίκι)
2651 5858 2795 5901 cere.
