4010 6372
513 424 650 478 illi?)

509 732 592 783 lex
638 740 717 782 est
757 730 854 783 sibi
895 744 1050 797 quant
1095 728 1197 781 ulla
1241 728 1320 779 lex
1368 724 1696 791 t'rtescripta,
1736 733 1796 775 ac
1835 721 1878 773 si
1921 719 2085 785 dicat,

509 822 677 875 Tanta
711 822 789 873 vis
818 820 1014 873 amoris
1039 827 1121 872 est
1148 828 1201 871 ut
1231 818 1398 886 legem
1431 815 1587 867 aliam
1617 829 1721 865 non
1754 811 2014 864 admittat.

590 912 700 964 lleu
729 912 885 964 noetis
916 927 1074 981 prope
1104 907 1364 977 terminos]
1394 906 1447 960 ld
1474 915 1576 972 est,
1610 902 1709 959 sub
1754 902 1919 972 ipsius
1960 900 2090 953 !uc's

510 1018 800 1057 accessum.
828 1001 916 1055 Sic
947 1002 1091 1054 Maro
1116 1019 1130 1052 ε

818 1092 1191 1153 Eurydicenque
1222 1101 1354 1137 suam
1373 1088 1467 1149 jam
1490 1086 1599 1135 luce
1625 1086 1716 1133 sub
1739 1085 1840 1145 ipsa

1158 418 1498 477 APPENDIX
1542 420 1633 473 AD
1675 416 1912 473 LIBROS
1953 416 2040 471 DE
2080 415 2599 472 CONSOLATIONE
2641 412 3126 470 PHILOSOPH‘UE.

585 546 709 611 Quis
730 546 884 615 legem
908 545 987 597 det
1015 540 1318 613 amantibus]
1340 539 1470 607 Quis
1492 538 1709 609 (inquit)
1735 548 1838 590 tam
1862 533 2092 589 crudelis
2122 535 2172 592 A

512 649 613 703 est,
645 648 699 690 ttt
722 636 1019 689 atuantilus
1047 635 1216 703 legem
1250 632 1522 701 imponat?
1552 631 1717 685 Amor
1744 629 1884 683 enim
1920 626 2089 695 major
2131 690 2135 694 ,

3646 413 3768 465 l0“

2324 530 2580 579 Iunuemor
2603 530 2722 589 heu,
2753 527 3197 589 victaeque'auimi,
3231 524 3467 585 respexit.

2268 611 2523 681 Perdidit]
2554 612 2763 665 Amisit.

2270 704 2490 773 Occidi]
2538 704 2702 757 Media
2752 711 3025 755 contracta
3074 698 3379 769 lege:.dum.
3428 697 3631 751 Sensus
3671 706 3767 761 est,

2196 797 2440 864 Orpbeus
2470 800 2582 863 ipse
2610 795 2904 863 Eurydices
2934 793 3219 845 amissione
3242 805 3342 844 una
3368 806 3491 844 cum
3513 805 3574 844 ea
3605 790 3768 858 periit.

2198 890 2450 958 Virgilius
2486 907 2496 938 :

2266 981 2345 1032 Illa
2370 1019 2380 1029 .
2400 984 2519 1040 Quis
2544 990 2594 1030 et
2618 993 2716 1041 me,
2734 982 2909 1042 inquit,
2922 980 3149 1028 miseram
3171 986 3284 1027 ette
3306 976 3538 1038 perdidit,
3564 973 3770 1035 Orpheu.

2274 1065 2337 1118 In
2367 1080 2607 1132 superum
2636 1061 2789 1133 diem]
2819 1062 2873 1116 ln
2901 1064 3091 1117 summi
3122 1061 3244 1115 boni
3278 1062 3473 1115 lucem.

1742 1241 2030 1322 LIBER
2078 1234 2578 1330 QUARTUS.

954 1410 1014 1463 ΙΝ
1057 1406 1327 1466 ΡιςοεΑδι
1370 1404 1649 1460 PRIMAM.

588 1505 804 1559 Dixerat
829 1506 1000 1572 primo
1032 1501 1298 1555 volumine
1328 1498 1563 1562 Binetius,
1599 1494 1787 1547 Videre
1816 1500 1992 1543 autem
2015 1488 2093 1542 vi-

517 1593 648 1651 deor
671 1596 899 1652 nefarias
921 1596 1297 1650 sceleratorum
1326 1590 1568 1645 officinas
1591 1586 1779 1656 gaudio
1810 1583 2095 1647 laetitiaque

521 1693 808 1753 ﬂuitantes,
842 1688 1257 1758 perditissimam
1289 1696 1553 1753 quemque
1589 1680 1738 1733 novis
1770 1674 2094 1729 delationum

519 1783 792 1836 fraudibus
832 1781 1216 1841 imminentem,
1254 1778 1438 1847 jacere
1481 1774 1651 1827 bouis
1696 1769 1861 1824 nostri
1892 1763 2097 1819 discri-

517 1876 673 1928 minis
721 1883 921 1928 terrore
980 1878 1300 1939 prostratos,
1358 1865 1675 1933 ll-gitiosum
1721 1870 1985 1929 quemque
2032 1852 2097 1906 ad

515 1966 818 2021 audendum
846 1964 1054 2032 quidem
1080 1962 1285 2015 facinus
1312 1958 1646 2027 impunitate,
1672 1952 1738 2005 ad
1760 1945 2099 2003 efficiendum

520 2076 647 2115 vero
682 2058 910 2127 ιτωιειὶἰδ
943 2056 1171 2122 incitari,
1207 2057 1444 2109 insontes
1480 2059 1657 2104 autem
1692 2062 1795 2101 non
1828 2042 1987 2098 modo
2017 2054 2102 2094 se-

518 2155 759 2217 curitate,
794 2168 975 2207 verum
1007 2153 1115 2218 ipsa
1149 2148 1311 2203 etiam
1351 2144 1663 2200 defensione
1710 2140 1967 2210 privatos.
2001 2135 2102 2188 Ita-

520 2262 621 2313 que
648 2248 774 2301 libet
801 2245 1101 2299 exclamare
1135 2261 1145 2295 :

771 2338 809 2385 O
836 2334 1058 2385 stell.feri
1082 2332 1300 2382 conditor
1320 2330 1468 2379 orbis.

523 2422 573 2474 lu
608 2437 712 2491 quo
742 2420 951 2489 quidem
982 2418 1237 2483 carmine,
1273 2424 1330 2468 ut
1371 2412 1532 2466 animi
1579 2410 1797 2462 nimium
1832 2402 2103 2474 periuria-

524 2521 628 2578 tus,
663 2512 799 2563 inter
829 2519 1022 2564 caatera
1054 2516 1105 2561 et
1134 2507 1247 2559 lucc
1275 2503 1455 2558 subdit
1490 2518 1501 2553 :

892 2601 1079 2649 Premit
1105 2601 1324 2648 insontes

768 2664 942 2711 Debita
968 2660 1148 2710 sceleri
1167 2662 1309 2708 noxia
1330 2670 1489 2719 pruna.

770 2726 827 2771 At
853 2724 1069 2784 perversi
1096 2718 1475 2784 resident’celso

772 2779 930 2833 Mores
953 2784 1089 2842 solio,
1115 2788 1375 2842 sanctaque
1408 2779 1595 2828 ualcant

770 2847 951 2907 lnjusta
974 2848 1078 2895 vice
1098 2842 1221 2893 colla
1246 2849 1500 2892 nocentes.

528 2938 593 2991 Et
623 2934 821 3003 reliqua
857 2932 907 2984 in
941 2929 1183 2985 eamdem
1228 2923 1571 2980 sententiam.
1622 2919 1732 2974 Hoc
1773 2919 1932 2987 igitur
1976 2916 2109 2969 libro

527 3024 864 3093 Philosophia
890 3022 968 3091 (ut
994 3018 1161 3073 morbi
1194 3017 1426 3070 radicem
1460 3014 1668 3082 penitus
1693 3007 1969 3078 exstirpet)
1992 3022 2107 3061 eam

529 3114 693 3170 Boetii
722 3116 1026 3184 Opinionem
1060 3108 1290 3179 graviter
1335 3105 1605 3173 redarguit
1651 3112 1807 3170 atque
1848 3098 2108 3160 confutat,
2194 3100 2197 3105 ’

2284 1386 2549 1458 Verticem]
2575 1386 2969 1443 Sumtnitatem.

2272 1484 2336 1537 In
2360 1483 2623 1551 astriferas
2652 1477 2849 1549 domos]
2878 1478 2933 1533 In
2958 1478 3117 1531 orbes
3146 1475 3502 1544 planetarum.

2274 1570 2488 1641 Plabo]
2525 1571 2655 1634 Soli.

2276 1666 2563 1735 Conjungat
2586 1658 2712 1729 vias]
2744 1656 3147 1726 Apptopinquet
3173 1664 3227 1709 et
3252 1668 3372 1709 sese
3393 1654 3647 1722 applicet.

2278 1756 2377 1807 Aut
2406 1748 2691 1819 comitetur]
2720 1746 2863 1801 Ordo
2893 1756 2975 1801 est
3002 1764 3015 1800 :
3040 1743 3145 1797 Aut
3172 1742 3342 1797 donec
3371 1758 3526 1797 mens
3554 1743 3663 1813 ipsa
3691 1745 3779 1797 mi-

2204 1846 2299 1911 les,
2333 1845 2382 1898 id
2408 1852 2491 1897 est
2510 1841 2753 1895 ministra
2779 1847 2834 1893 et
2860 1851 3059 1890 comes.
3082 1834 3385 1889 Translatio
3409 1834 3536 1889 inde
3557 1844 3779 1902 sumpta,

2206 1934 2345 2002 quod
2384 1934 2520 1986 sicut
2560 1930 2715 1984 miles
2754 1928 2942 1982 ducem
2989 1940 3142 1979 suum
3186 1925 3496 1987 comitatur,
3532 1925 3606 1977 ita
3642 1940 3781 1979 mens

2206 2024 2502 2077 divinarum
2532 2035 2710 2075 rerum
2742 2015 3182 2084 contemplationi
3217 2013 3571 2083 philosophia:
3605 2016 3782 2071 studiis

2206 2112 2407 2174 dedita,
2437 2126 2527 2166 eas
2553 2107 2823 2163 indefesso
2855 2106 3038 2159 labore
3078 2104 3438 2173 prosequitur.
3472 2102 3692 2159 Corusci
3720 2105 3781 2157 si-

2207 2202 2369 2267 deris,
2404 2201 2455 2255 id
2485 2208 2569 2254 est
2592 2198 2761 2263 .lovis,
2789 2198 2938 2264 cujus
2969 2195 3140 2264 fulgor
3169 2193 3259 2264 (Μ.
3294 2193 3471 2248 Tullio
3508 2194 3669 2262 teste)
3697 2194 3785 2246 ho-

2210 2296 2412 2349 minum
2454 2290 2637 2361 generi
2681 2302 2967 2359 prosperus
2996 2296 3076 2340 est
3106 2297 3161 2339 et.
3195 2285 3474 2350 salutaris;
3514 2285 3787 2339 comitetur

2208 2392 2308 2444 iter
2339 2388 2500 2459 gelidi
2534 2384 2696 2447 senis,
2723 2382 2773 2436 id
2803 2389 2884 2435 est
2911 2380 3145 2435 Saturno
3179 2394 3238 2434 se
3277 2378 3532 2448 adjuugat
3564 2377 3785 2445 planeta-

2210 2496 2329 2535 rum
2364 2492 2597 2540 sumtno,
2627 2474 2715 2544 qui
2759 2472 2897 2542 apud
2936 2472 3139 2540 priscos
3176 2470 3493 2539 pingebatur
3526 2469 3688 2524 homo
3712 2483 3787 2522 se~

2210 2587 2334 2635 nex,
2366 2583 2553 2635 cauus,
2591 2567 2796 2637 prolixa
2836 2564 3019 2631 barba,
3050 2578 3266 2631 curvus,
3306 2562 3497 2629 tristis,
3545 2560 3786 2631 pallidus,

2213 2670 2351 2716 tecto
2381 2660 2553 2730 capite
2586 2678 2597 2711 :
2627 2668 2681 2713 et
2708 2658 2797 2727 qui
2826 2656 3013 2710 dextra
3052 2655 3262 2719 falcem,
3295 2662 3349 2709 et
3378 2654 3429 2708 iu
3461 2654 3651 2708 eadem
3680 2667 3788 2706 ser-

2214 2752 2381 2819 pentis
2406 2751 2689 2819 imag‘nem
2709 2748 2931 2803 caudam
2955 2763 3105 2801 suam
3127 2761 3217 2800 ore
3236 2745 3559 2811 tnordentis,
3585 2746 3789 2799 sinistra

2212 2841 2464 2896 infantem
2494 2839 2658 2893 lilium
2683 2840 2759 2893 ori
2790 2837 3139 2892 devoraturus
3169 2834 3510 2892 admovebat.
3551 2835 3791 2905 Virgilius

2212 2935 2265 2989 in
2294 2934 2491 3003 Georg.
2520 2952 2531 2985 :

2368 3033 2563 3094 Frigida
2585 3032 2777 3080 Saturni
2805 3042 2916 3078 sese
2940 3043 3036 3091 quo
3052 3028 3194 3078 stella
3219 3033 3459 3088 receptat.

2290 3126 2385 3179 Vel
2422 3122 2743 3195 quocunque]
2784 3120 2926 3175 Ordo
2966 3128 3051 3173 est
3086 3135 3099 3173 :
3140 3118 3231 3171 Vel
3274 3125 3515 3178 recurrat
3545 3116 3791 3171 circulum

529 3207 725 3259 docens
754 3216 966 3270 semper
1002 3199 1215 3269 quidem
1262 3204 1503 3263 potentes
1545 3193 1713 3247 bonos
1759 3206 1899 3255 esse,
1941 3188 2109 3241 malos
2137 3218 2183 3281 Ο
2214 3219 2363 3283 astri,
2393 3188 2710 3286 qhocunq‘uc
2734 3188 2943 3267 "micans
2976 3222 3080 3265 nox
3113 3209 3364 3279 pingiu".

532 3310 655 3352 vero
684 3294 921 3363 abiectos
951 3304 1164 3356 semper
1194 3297 1351 3355 atque
1388 3283 1702 3346 imbecilles,
1734 3296 1830 3334 nec
1859 3279 1973 3333 sine
2004 3292 2111 3344 poe-

533 3401 597 3443 na
627 3398 856 3452 unquam
888 3394 1006 3435 esse
1037 3378 1181 3440 vitia,
1214 3391 1311 3429 nec
1344 3376 1459 3428 sine
1492 3372 1709 3441 prtemio
1739 3370 1986 3430 virtutes;
2013 3365 2109 3418 bo-

534 3479 617 3531 nis
670 3474 870 3535 felicia,
931 3469 1082 3523 malis
1139 3480 1349 3533 semper
1407 3461 1731 3516 inl‘ortunala
1783 3458 2109 3526 contingere.

533 3571 701 3637 Super
745 3565 935 3635 quibus
976 3562 1091 3631 lege
1128 3557 1373 3627 Gorgiam
1422 3552 1677 3619 Platonis,
1721 3551 1827 3604 d'vi
1872 3548 2113 3616 Gregorii

535 3658 773 3720 Moralia,
807 3662 966 3723 caput
995 3653 1233 3722 quintum
1273 3648 1444 3703 oc'avi
1481 3646 1599 3701 libri
1633 3643 1977 3697 Ctesariensis
2011 3640 2115 3693 Eu-

535 3749 667 3805 sebii
699 3748 763 3802 de
792 3745 1185 3814 Prieparatione
1215 3737 1539 3807 evangelica,
1575 3732 1833 3789 Lactantii
1868 3730 2115 3784 Firmiani

538 3845 604 3898 de
642 3841 850 3897 Iustitia
893 3846 1050 3906 caput
1094 3836 1185 3895 23,
1228 3832 1506 3902 epistolam
1546 3827 1653 3882 divi
1703 3825 2004 3891 Hieronimi
2052 3823 2115 3875 ad

539 3933 792 4002 virginem
816 3929 1054 3984 exsulem
1083 3921 1518 3983 consolatoriam,
1546 3928 1598 3973 et
1628 3916 1867 3987 eju:.dem
1897 3916 2117 3967 alteram

541 4028 604 4080 ad
634 4025 862 4079 amicum
894 4028 1175 4090 aegrotum,
1200 4025 1253 4068 t-t
1279 4026 1464 4068 rursus
1494 4012 1647 4064 aliam
1671 4026 1789 4078 qua:
1818 4005 2120 4060 inscribitur

544 4119 606 4173 ad
637 4117 924 4177 Oceanum,
960 4111 1210 4181 Baptistae
1242 4104 1509 4162 Mantuani
1542 4103 1630 4157 lib.
1671 4118 1698 4153 v
1734 4100 1799 4152 de
1842 4096 2120 4158 Patientia,

546 4219 600 4264 et
622 4208 671 4263 id
695 4222 860 4277 genus
883 4206 1004 4259 ala.

981 4295 1042 4349 IN
1086 4289 1377 4347 ME'IIlUM
1420 4284 1698 4341 PRIMUM.

617 4397 840 4451 Carmen
890 4400 972 4444 est
1021 4387 1232 4442 dicolon
1277 4380 1621 4448 distrophon,
1667 4384 1918 4429 constans
1959 4372 2126 4423 altero

551 4498 709 4543 versu
742 4482 1021 4538 Alcmanio
1061 4476 1321 4547 dactylico
1362 4478 1673 4527 tetrametio
1714 4463 2023 4522 acatalecto,
2053 4460 2127 4511 al-

552 4592 667 4633 tero
697 4570 1040 4630 Archilochio
1068 4567 1295 4622 iambico
1322 4564 1550 4617 dimetro
1585 4557 1893 4610 acatalecm.
1930 4550 2130 4605 Pendet
2162 4580 2207 4635 ο

553 4682 729 4727 autem
772 4682 855 4734 eo,
893 4665 1033 4737 quod
1079 4660 1318 4731 proxima
1356 4671 1506 4725 prosa
1540 4653 1669 4705 dixit
1702 4670 1710 4700 :
1748 4647 1952 4725 Pennas
1981 4644 2130 4696 etiam

554 4776 652 4816 tua:
693 4759 867 4822 menti,
898 4736 1076 4825 quibus
1117 4768 1169 4805 se
1208 4752 1259 4803 in
1294 4748 1455 4801 altum
1488 4743 1660 4797 tollere
1701 4744 1874 4809 possit,
1907 4736 2126 4805 offigunt.

554 4858 702 4910 Nunc
741 4851 897 4920 igitur
944 4847 1015 4899 ait
1063 4840 1401 4908 Philosophia
1434 4836 1497 4889 ad
1532 4846 1706 4888 veram
1756 4825 2132 4881 beatitudinem

557 4943 835 5013 pervenire
878 4936 1141 4992 neminem
1188 4943 1361 4999 posse,
1397 4925 1495 4979 nisi
1527 4922 1704 4975 animo
1744 4920 1993 4972 vittuluut
2037 4914 2134 4965 alis

556 5008 785 5097 sublato,
831 5027 1161 5091 terrenisque
1191 5017 1438 5073 omnibus
1467 5008 1925 5081 despectiscmlos
1957 5014 2132 5059 trans-

558 5126 772 5188 ceudat,
796 5131 847 5176 et
870 5128 1079 5174 summo
1110 5115 1250 5167 bono
1276 5104 1722 5172 contemplatione
1746 5115 1802 5153 se
1824 5099 2132 5165 coniungat.

634 5216 824 5269 Pennaz
849 5203 1101 5278 volucres]
1128 5203 1281 5257 Vires
1303 5195 1495 5252 mentis
1520 5207 1610 5263 per
1632 5189 1868 5247 veritatis
1896 5185 2135 5256 specula.

562 5314 759 5366 tionem
790 5299 1145 5361 sublevandm.

632 5396 801 5469 Celso]
831 5394 978 5450 Altas
1010 5398 1206 5460 partes.

638 5488 776 5560 Poli]
800 5486 955 5542 Coeli.

640 5577 803 5649 Quas]
830 5578 1056 5632 Pennas.

642 5669 763 5740 Qui]
798 5668 953 5739 Ignis.

643 5762 775 5828 Agiti
798 5756 959 5825 motu]
991 5756 1069 5811 Oh
1098 5750 1479 5808 velocissimam
1508 5742 1933 5802 conversionem.

647 5846 898 5915 Etltcrfs]
921 5846 1074 5900 C(eli.

2286 3304 2557 3375 Rccurrat]
2596 3306 2838 3372 Repetat,
2887 3302 3103 3357 revisat.
3148 3300 3407 3355 Recurrat
3444 3307 3626 3354 autem
3659 3299 3791 3361 ideo,

2216 3400 2352 3471 quod
2382 3398 2573 3453 animae
2597 3396 2831 3451 cmlestis
2858 3394 3006 3463 origo
3028 3394 3097 3447 sit
3121 3409 3133 3444 :
3154 3391 3332 3461 itaque
3354 3390 3794 3458 contemplatione

2217 3496 2270 3550 in
2321 3492 2546 3564 patriam
2591 3505 2742 3545 suam
2792 3494 3050 3551 recurrat,
3098 3486 3308 3538 tametsi
3358 3481 3577 3550 quidam
3628 3481 3795 3550 legant

2216 3594 2500 3657 percurrat.
2531 3581 2635 3635 Per
2661 3578 2789 3632 a~tri
2820 3576 3075 3632 circulum
3105 3573 3297 3628 malum
3330 3567 3599 3643 signiﬁcat
3632 3570 3794 3626 stelli-

2220 3679 2411 3740 ferum,
2446 3672 2586 3742 quod
2625 3682 2680 3725 et
2713 3670 3102 3724 (irritamentum
3136 3666 3348 3719 dicitur.

2298 3766 2416 3835 Ubi]
2444 3767 2750 3833 Postquam.

2292 3853 2573 3925 Exltausti]
2598 3851 2991 3915 Exhaustionis,
3025 3848 3297 3912 linitionis,
3331 3854 3539 3900 exacta:
3568 3844 3800 3914 specula-

2222 3950 2402 4004 tionis.
2431 3945 2659 4001 lmitatio
2686 3953 2767 3997 est
2794 3940 3069 4009 Virgiliaui
3102 3939 3242 3992 illius
3270 3938 3321 3990 in
3351 3934 3489 3991 libro
3518 3934 3714 4004 Georg.
3738 3947 3799 3985 n:

2386 4046 2473 4096 Cui
2497 4057 2742 4106 nunquam
2769 4041 2994 4091 exhausti
3016 4040 3132 4087 satis
3157 4044 3250 4086 est.

2226 4134 2510 4200 l’erperam
2541 4128 2698 4197 igitur
2736 4123 2962 4178 indoctis
2992 4122 3180 4189 legitur
3205 4118 3555 4173 exhaustum.

2302 4221 2487 4275 Polum
2517 4220 2776 4287 extimum]
2808 4217 3126 4284 Supremum
3159 4212 3376 4266 malum.
3412 4210 3695 4265 Lucretius
3720 4206 3802 4261 lib.

2226 4316 2294 4370 de
2324 4313 2524 4368 Rerum
2554 4311 2755 4364 Natura
2787 4324 2799 4360 ι
2829 4326 2840 4360 :

2352 4413 2483 4473 Ergo
2506 4410 2659 4473 vivida
2684 4410 2754 4456 vis
2772 4409 2919 4473 animi
2951 4405 3172 4473 pervicit,
3200 4408 3262 4473 et.
3280 4406 3423 4449 extra

2358 4462 2606 4522 Processit
2633 4469 2779 4529 longe
2805 4462 3296 4529 ﬂamuiantia‘mteiiia
3321 4462 3511 4520 mundi,

2357 4536 2518 4596 Atque
2536 4545 2679 4581 omne
2700 4524 2985 4577 immensum
3006 4527 3281 4587 peragravit
3299 4530 3469 4572 mente
3489 4524 3769 4582 animoque.

2238 4628 2400 4682 Divus
2444 4625 2798 4691 Hieronymus
2826 4626 3009 4671 contra
3047 4614 3389 4669 Joviuianum
3420 4627 3486 4667 ex
3515 4612 3815 4680 Theophra~

2239 4728 2322 4773 sto
2349 4736 2360 4770 ε
2388 4716 2607 4785 Sapiens
2646 4722 2813 4765 autem
2845 4724 3101 4777 nunquam
3143 4708 3284 4761 solus
3317 4720 3427 4759 esse
3460 4713 3650 4774 potest,
3682 4703 3819 4754 habet

2240 4825 2407 4863 secum
2440 4821 2607 4859 omnes
2632 4803 2720 4873 qui
2747 4810 2881 4866 sunt,
2914 4800 3098 4869 quique
3125 4811 3346 4865 unquam
3372 4798 3583 4864 fuerunt
3611 4793 3749 4861 boni,
3778 4804 3821 4846 ct

2241 4901 2465 4952 animum
2487 4895 2698 4948 liberum
2720 4905 3013 4961 quocunque
3034 4891 3135 4942 vult
3160 4887 3420 4956 transfert.
3448 4886 3598 4952 Quod
3621 4900 3825 4951 corpore

2242 5008 2344 5046 non
2389 4998 2577 5060 potest,
2620 4984 2920 5055 cogitatione
2961 4982 3356 5051 complectitur:
3387 4990 3435 5033 et
3473 4981 3521 5033 si
3565 4980 3823 5032 hominum

2240 5085 2409 5154 inopia
2440 5081 2612 5150 fuerit,
2642 5079 2865 5145 loquitur
2889 5092 3002 5129 cum
3029 5074 3155 5129 Deo.
3189 5072 3469 5141 Nunquam
3498 5072 3667 5124 minus
3690 5072 3826 5121 solus

2242 5179 2335 5232 erit
2376 5190 2525 5243 quam
2575 5188 2689 5224 cum
2732 5171 2872 5224 solus
2920 5169 3091 5238 fuerit.
3140 5164 3454 5233 Rodolphus
3494 5162 3739 5232 Agricola
3776 5160 3825 5209 in

2244 5268 2577 5337 Protreptico
2602 5284 2614 5318 :
2644 5264 2770 5328 Qua:
2798 5270 2956 5333 potest
2978 5274 3141 5314 autem
3162 5260 3327 5328 major
3351 5272 3478 5322 esse,
3507 5271 3623 5325 quae
3648 5254 3828 5307 certior

2248 5364 2584 5434 philosOphite
2597 5360 2857 5421 divinitas,
2873 5372 3022 5427 quant
3049 5355 3203 5408 nullis
3220 5352 3393 5406 claudi
3411 5350 3659 5413 terminis,
3682 5344 3827 5398 nullo

2247 5457 2415 5525 spatio
2444 5452 2731 5506 contineri?
2772 5448 2925 5502 Vadit
2966 5447 3098 5500 enim
3139 5460 3277 5498 sacer
3313 5442 3408 5496 viri
3444 5440 3647 5493 animus
3680 5437 3827 5494 liber,

2249 5545 2470 5607 solutus,
2496 5540 2748 5608 nullisque
2785 5537 3027 5591 coercitus
3060 5535 3203 5587 metis
3226 5550 3243 5585 :
3266 5540 3311 5586 et
3338 5544 3639 5601 quacunque
3660 5540 3829 5578 rerum

2251 5647 2433 5692 natura
2463 5643 2646 5705 potest,
2678 5643 2887 5703 vagatur
2915 5648 2932 5685 :
2964 5648 3052 5685 nec
3076 5640 3233 5682 terras
3262 5636 3307 5680 et
3336 5625 3498 5679 maria
3527 5623 3711 5680 solum,
3742 5616 3831 5669 sed

2252 5729 2421 5781 sidera
2452 5727 2561 5797 ipsa
2588 5734 2927 5793 cognatosque
2950 5722 3099 5775 cwlos
3123 5726 3366 5787 pererrat.
3398 5715 3518 5767 Non
3541 5710 3833 5766 tenuissima

2254 5812 2489 5873 resistunt
2506 5834 2522 5870 .'
2550 5813 2941 5883 comprehcndit.
2979 5817 3262 5867 exsuperat,
3289 5814 3612 5875 penetratque
3634 5806 3833 5853 cuncta.
