4010 6372
313 368 447 421 1045

385 480 606 533 Vereudi
628 476 852 548 luminis]
884 478 1080 530 Ditiute
1112 479 1263 531 lucis.

383 569 504 641 llic]
535 570 680 625 Ultra
707 585 1012 639 supremum
1040 570 1253 624 cmltnn.

384 661 603 732 [legum]
640 663 886 717 Omnium
921 663 1236 730 principunt.

386 755 674 827 Sceptrum]
706 756 1033 821 Dominium,
1059 757 1356 825 imperium.

388 848 434 901 11
442 848 649 919 abenas]
674 849 1051 903 Moderatnina.

390 941 675 1012 Temperat]
698 942 904 1011 Dirigit.

401 1032 663 1086 Volucrem
689 1031 920 1103 currum]
950 1032 1153 1087 Cadunt
1186 1031 1325 1102 quod
1355 1033 1649 1085 certisﬂma
1673 1047 1895 1085 Conver-

317 1127 467 1177 sione
496 1123 897 1193 circumagitur.

394 1214 581 1267 Rerum
622 1231 861 1268 coruscus
895 1212 1102 1284 arbiter]
1145 1214 1285 1268 Deus
1320 1214 1596 1274 Dominus,
1631 1214 1898 1280 inspector

319 1319 372 1361 et
398 1309 557 1376 judex
586 1307 820 1361 omnium
850 1308 1004 1377 longe
1035 1306 1449 1361 illustrissimus.

397 1401 532 1472 Huc]
568 1402 711 1465 Illuc,
746 1411 867 1468 puta
899 1401 963 1454 ad
992 1401 1171 1454 sedent
1209 1415 1349 1454 verm
1391 1399 1753 1454 beatitudinis.

395 1492 670 1561 Reducem]
695 1493 1039 1557 Incolumem,
1070 1493 1275 1547 salvum

398 1584 625 1653 lleferat]
652 1584 905 1638 “educat.

400 1676 586 1747 Quam]
616 1678 865 1731 Patriam.

402 1769 695 1843 Immemor]
715 1770 984 1836 Corporea
1014 1770 1328 1838 contagione
1358 1766 1574 1821 oblitus.

396 1860 613 1929 Sistaml
644 1861 792 1915 Stare
819 1860 1027 1925 faciam,
1058 1875 1157 1915 nec
1188 1861 1325 1915 ultra
1355 1861 1587 1914 tendam.

395 1953 608 2024 Tarvos]
638 1952 946 2007 Terribiles.

394 2046 578 2099 Cerues
621 2054 867 2114 tyrannos
900 2042 1118 2114 exsules]
1153 2047 1188 2097 Α
1218 2059 1344 2098 vera
1383 2043 1550 2111 patria
1590 2043 1772 2111 procul
1802 2042 1900 2094 ab-

321 2146 588 2192 errantes.
633 2137 836 2191 Seneca
876 2136 927 2189 itt
965 2133 1235 2189 Thebaide
1273 2152 1288 2187 :
1323 2133 1497 2206 Regna
1538 2150 1651 2186 cum
1696 2134 1899 2195 scelere,

323 2227 556 2279 omnibus
586 2235 702 2279 sunt
727 2224 921 2280 exsiliis
950 2226 1203 2295 graviora.

876 2317 939 2371 IN
980 2316 1243 2373 PROSAM
1287 2317 1349 2371 ll.

396 2409 565 2462 All'ert
595 2409 826 2463 rationes
852 2409 1233 2476 pulcherrimae
1261 2406 1698 2472 iirmiss'nuasque
1728 2404 1904 2457 Philo-

322 2500 534 2567 sophia,
568 2501 757 2566 quibus
785 2501 957 2567 arguit
988 2500 1155 2553 bonos
1184 2507 1238 2552 et
1262 2500 1456 2551 virtute
1489 2498 1737 2564 pra-duos
1765 2512 1905 2549 seut-

323 2611 422 2662 per
452 2603 693 2661 potentes
733 2609 854 2649 esse
884 2612 895 2646 :
929 2602 1113 2648 contra
1152 2609 1281 2647 vero
1326 2592 1494 2645 malos
1530 2591 1637 2643 imb
1672 2590 1822 2643 cilles
1852 2598 1901 2641 et

319 2687 576 2741 omnibus
600 2702 739 2741 verte
767 2688 1017 2755 potentia:
1046 2686 1245 2741 viribus
1277 2686 1583 2739 destitutos.

400 2775 535 2829 Nam
583 2793 699 2829 cum
738 2777 924 2830 bonum
974 2778 1261 2846 malumque
1302 2778 1562 2829 contraria
1599 2776 1719 2847 sint]
1748 2776 1907 2830 Teste

322 2865 591 2919 Cicerone
631 2868 766 2919 libro
805 2866 1221 2920 Tusculanarum
1263 2866 1625 2931 Qumst‘omnn
1673 2866 1857 2934 quinto
1891 2883 1902 2916 :

316 2954 603 3009 Contraria
638 2971 721 3008 ntn
748 2956 1017 3009 contraria
1036 2964 1159 3009 sunt
1184 2970 1417 3023 consequ
1456 2956 1587 3009 ntia.

407 3048 683 3115 Verumque
718 3048 861 3100 illam
901 3045 1154 3117 Platonis]
1192 3048 1313 3101 Haec
1343 3050 1605 3101 sententia
1646 3058 1727 3102 cst
1768 3048 1907 3115 apud

322 3142 598 3195 Platonem
632 3142 681 3194 in
705 3140 919 3209 Gorgia,
945 3139 1032 3193 ubi
1059 3139 1306 3193 Socrates
1330 3140 1395 3193 ad
1434 3140 1616 3192 Polum
1644 3140 1757 3194 haec
1783 3142 1858 3194 ait
1890 3157 1903 3194 :

324 3236 507 3285 Assero
543 3231 797 3300 equidem,
841 3247 870 3283 o
913 3230 1055 3295 l’ole,
1089 3241 1189 3283 tam
1230 3231 1452 3284 rhetores
1481 3248 1631 3299 quam
1661 3244 1905 3301 tyrannos

323 3324 584 3375 minimam
620 3325 671 3375 in
711 3323 991 3377 civitatibus
1030 3324 1210 3377 habere
1248 3326 1543 3393 potentiam,
1578 3328 1905 3393 quemadmo-

319 3416 445 3464 dum
485 3412 636 3482 paulo
668 3422 783 3467 ante
812 3413 1055 3467 dicebant.
1096 3412 1244 3466 Nihil
1284 3416 1416 3467 enim
1446 3416 1460 3481 (
1471 3426 1520 3467 ut
1561 3416 1631 3466 ia
1670 3414 1905 3482 dixerim)

324 3507 495 3571 facere
526 3519 589 3557 ex
620 3504 697 3556 his
725 3519 838 3573 qua:
872 3504 1066 3567 volunt,
1103 3504 1267 3574 facere
1296 3513 1481 3571 tamen,
1511 3505 1648 3574 quod
1676 3504 1769 3558 sibi
1794 3504 1901 3573 opi-

323 3593 559 3647 nantibus
582 3594 823 3663 Optimum
846 3586 1092 3648 videatur.
1602 3576 1609 3585 i
1692 3584 1709 3601 ’

871 3684 937 3739 ΙΝ
978 3686 1262 3742 ΜΕἸἪΗΜ
1302 3686 1366 3741 ll.

394 3771 622 3827 Carmen
654 3784 733 3827 est
761 3774 992 3839 (licolon,
1023 3776 1360 3843 distrOphon,
1396 3777 1563 3830 altero
1593 3794 1746 3830 versu
1777 3793 1807 3831 c
1832 3795 1905 3831 in-

322 3879 475 3920 stans
508 3867 781 3920 Alcmauio
812 3868 1085 3921 trochaico
1122 3867 1349 3921 dimetro
1382 3871 1696 3931 acataheto,
1736 3869 1905 3921 altero

330 3959 691 4013 Pherecratio.
722 3958 885 4013 Docet
918 3969 1190 4029 tyrannos,
1222 3960 1425 4012 tametsi
1455 3958 1607 4027 vulgo
1631 3959 1906 4012 videantur

324 4050 763 4119 judiceuturque,
812 4050 1029 4104 minime
1075 4058 1252 4104 tamen
1300 4060 1539 4119 potentes
1582 4065 1701 4105 esse
1735 4070 1746 4105 :
1785 4067 1901 4103 cum

324 4142 640 4208 gravissima
681 4141 1026 4209 cup'ditatum
1060 4157 1273 4196 suarum
1310 4143 1507 4210 jugiter
1540 4144 1907 4211 opprimantur

324 4232 607 4287 servitute.
636 4229 898 4301 Diogenes
926 4233 1155 4302 Cynicus
1182 4242 1325 4287 recte
1352 4247 1539 4287 servos
1570 4234 1782 4301 quidem
1812 4235 1907 4287 dn-

326 4323 507 4386 minis,
540 4323 705 4377 malos
732 4332 906 4377 autem
937 4324 1311 4391 cupiditatibus
1333 4325 1533 4378 servire
1565 4323 1717 4377 dixit.
1750 4324 1907 4379 Teste

324 4416 534 4469 Joanne
565 4431 753 4484 evang.
783 4434 794 4469 :
828 4416 869 4465 0
893 4417 1005 4468 tznis
1042 4417 1127 4484 qui
1158 4417 1278 4483 facit
1308 4423 1587 4483 peccatum,
1630 4432 1799 4468 servus
1835 4425 1905 4469 est

325 4508 518 4574 peccati
549 4506 726 4574 (Joan.
777 4510 909 4576 vui).
954 4508 1111 4561 liii-us
1144 4510 1366 4577 August.
1404 4508 1539 4561 libro
1579 4508 1646 4563 de
1682 4508 1906 4563 Civitate

328 4598 421 4649 Dei
447 4606 655 4664 quarto,
678 4599 848 4666 capite
878 4599 1031 4651 tertio
1058 4618 1067 4649 :
1096 4597 1351 4651 Malorum
1374 4614 1486 4652 vero
1514 4616 1725 4666 regnum
1748 4603 1907 4669 magis

324 4690 654 4756 regnantibus
681 4700 844 4754 uocet,
861 4691 945 4758 qui
967 4706 1083 4743 suos
1100 4691 1294 4744 animos
1315 4700 1507 4743 vastant
1532 4693 1775 4744 scelerum
1802 4708 1909 4743 nta-

325 4781 439 4847 io;e
471 4778 692 4833 licentia.
728 4781 789 4833 Et
821 4798 922 4833 non
964 4782 1129 4833 multo
1171 4790 1285 4847 post
1314 4780 1490 4834 subdit
1523 4800 1533 4833 :
1564 4781 1788 4835 Proinde
1818 4785 1906 4835 bo-

324 4885 445 4931 nus,
490 4870 684 4921 etiamsi
721 4871 926 4933 serviat,
972 4871 1093 4922 liber
1140 4882 1240 4933 est;
1284 4871 1451 4925 malus
1488 4883 1675 4933 autent,
1708 4874 1909 4927 etiamsi

324 4970 523 5028 regnet,
565 4976 734 5014 servus
777 4972 871 5015 est.
918 4961 1026 5015 Nec
1064 4964 1210 5015 unius
1251 4963 1490 5025 hontinis,
1524 4965 1610 5017 sed
1653 4967 1905 5034 (quodest

324 5049 554 5116 grav'us)
581 5059 649 5101 tot
677 5048 993 5104 domincrum
1015 5062 1134 5121 quot
1161 5055 1414 5106 vitiorum.

401 5139 606 5210 Septos]
636 5140 1023 5206 Circumdatos,
1049 5146 1390 5213 constipatos.

399 5229 669 5301 Tristibus]
700 5232 986 5287 Tristitiam
1011 5236 1375 5290 inferentibus.

399 5320 582 5389 Torva]
615 5323 888 5377 'l'crrilico.

401 5412 581 5483 liabie]
613 5413 861 5469 Fcritate.

398 5502 571 5573 Intus]
603 5504 654 5557 In
680 5520 861 5558 eorum
893 5509 1235 5562 conscientia.

399 5594 558 5664 Iliae]
594 5594 666 5649 lix
694 5614 792 5649 una
826 5607 994 5663 parte.

407 5688 609 5758 Versat]
643 5691 904 5757 Exagitztt.

399 5783 570 5833 Αςὲιιὶε
604 5780 821 5834 venenis]
856 5781 1181 5835 lilcct-brosis
1214 5782 1313 5834 ulle
1352 5782 1602 5835 tieutbus.

1369 1655 1393 1677 ο

1511 364 1880 421 ΜΗΗΙΕΙᾸᾸΙ
1923 364 2429 424 (ΣΟΜΜΕΝΤΑΒΙᾹ.

3428 362 3560 418 1046

2066 478 2218 547 ΙΙζηε]
2252 482 2322 532 Ex
2352 482 2452 533 alia
2482 492 2649 548 patir.

2064 568 2343 638 Flagellat]
2398 572 2669 634 Verberat,
2713 568 2962 623 concutit.
2996 567 3141 622 Ordo
3176 577 3255 621 est
3288 583 3298 616 :
3338 564 3413 618 ira
3456 574 3564 617 tur-

1992 661 2109 715 bid:
2140 661 2328 714 tollens
2358 664 2565 729 ﬂuctus,
2592 664 2818 731 ﬂagellat
2843 672 3096 715 mentem.

2068 751 2303 823 Fluctus]
2338 755 2506 808 Motus
2536 767 2588 809 et
2614 757 2774 809 animi
2803 764 2980 809 .rstus.

2072 845 2321 917 Turbida]
2347 848 2689 901 anlutlenta.

2069 936 2293 1008 Tol/ens]
2324 939 2614 992 Snscitans.

2070 1028 2279 1098 Captos]
2306 1028 2363 1080 Vi
2398 1029 2623 1081 tristitiae
2655 1030 2841 1082 victos.

2070 1118 2310 1189 Lubrica]
2348 1120 2628 1185 instabilis,
2663 1120 2988 1186 inconstans,
3019 1120 3179 1173 metui
3209 1118 3421 1173 cedens.

2074 1209 2232 1279 Ergo]
2256 1209 2399 1262 Ordo
2420 1222 2497 1263 εει
2527 1228 2537 1262 ;
2567 1209 2705 1277 Ergo
2731 1210 2841 1277 ipse
2868 1225 3082 1277 pressus
3112 1211 3303 1278 iniquis
3324 1208 3571 1270 dominis,

2001 1316 2105 1352 non
2140 1300 2260 1351 facit
2299 1300 2438 1367 quod
2469 1308 2636 1369 Optat,
2662 1315 2779 1353 cum
2808 1314 2996 1354 cernas
3026 1315 3185 1353 unum
3219 1298 3356 1353 ferre
3386 1309 3461 1351 tot
3493 1306 3571 1365 ty~

2001 1407 2218 1446 ranuns.

2078 1482 2247 1536 Unum
2284 1482 2458 1553 caput]
2489 1483 2661 1539 Unum
2694 1482 3011 1553 ﬂagitiosum
3041 1481 3330 1537 hominem.

2075 1575 2168 1628 Tot
2199 1575 2462 1647 tyrannos]
2494 1578 2595 1630 Tot
2626 1576 2750 1629 vitia
2777 1575 2825 1630 ei
2857 1575 3203 1631 dominantia.

2076 1666 2253 1737 Ferre]
2288 1667 2420 1721 Pati.

2076 1754 2193 1809 Non
2230 1760 2352 1826 facit
2380 1758 2514 1824 quod
2542 1758 2704 1828 optat]
2737 1755 2850 1810 Non
2882 1756 3046 1811 eflicit
3084 1756 3223 1825 quod
3256 1756 3385 1821 vult,
3413 1768 3574 1825 coquit

1933 1834 1978 1891 Β
2002 1861 2099 1899 nec
2130 1846 2265 1900 liber
2293 1861 2388 1899 nec
2422 1856 2608 1914 potens
2637 1861 2695 1899 es
2726 1862 2756 1899 e
2787 1846 3137 1899 conviu-itur.

2552 1956 2616 2010 IN
2648 1958 2914 2013 PROSAM
2947 1960 3030 2013 Ill.

2075 2054 2241 2105 Acute
2270 2059 2323 2105 et
2351 2050 2581 2104 dilucide
2604 2052 2841 2117 disst-rit,
2876 2067 3142 2120 nunquam
3169 2053 3318 2104 bouis
3343 2053 3579 2118 pra'mia,

2006 2157 2272 2210 nunquam
2319 2156 2414 2195 sua
2444 2142 2735 2196 sceleribus
2778 2141 2967 2195 deesse
2998 2142 3289 2209 supplicia:
3324 2142 3580 2209 docetque

2006 2237 2259 2289 virtutum
2275 2232 2565 2304 splendore
2584 2231 2835 2286 mortales
2858 2246 2924 2285 eo
2949 2231 3265 2298 przl‘stautitl‘
3288 2232 3583 2299 pervcnitc,

2007 2338 2061 2378 ut
2091 2325 2157 2377 ab
2181 2322 2437 2392 improbis
2464 2321 2593 2375 nihil
2618 2335 2789 2389 neque
2810 2319 3142 2385 detrimenti,
3167 2335 3339 2388 neque
3362 2320 3584 2373 etrusca.

2008 2418 2166 2471 tionis
2198 2418 2302 2485 pati
2335 2424 2550 2485 queant,
2582 2424 2633 2468 et
2662 2414 2827 2484 (quod
2855 2416 3007 2483 longe
3041 2416 3154 2481 p'us
3182 2416 3287 2475 est)
3314 2418 3442 2467 deos
3465 2430 3586 2467 eva-

2006 2514 2154 2567 dere.
2186 2512 2381 2566 Contra
2424 2526 2552 2564 vero
2595 2510 2857 2563 scelerum
2908 2509 3195 2562 infecuone
3232 2507 3366 2560 adeo
3396 2509 3460 2559 ab
3488 2506 3586 2558 litt-

2009 2618 2179 2655 manre
2236 2610 2437 2654 natura:
2485 2600 2743 2668 dignitate
2787 2599 3130 2667 degenerare,
3188 2606 3243 2649 ut
3294 2598 3341 2648 in
3394 2595 3587 2649 bestias

2010 2689 2480 2744 transformamur.

2083 2780 2145 2833 In
2174 2780 2363 2849 stadio]
2391 2780 2445 2834 In
2478 2780 2767 2833 curriculo.
2790 2777 3030 2831 Stadium
3064 2775 3247 2830 Grmce
3275 2775 3481 2830 στάδιον
3495 2788 3587 2828 seu

2010 2873 2242 2937 στάδιος,
2288 2871 2472 2927 Latine
2520 2868 2865 2930 curriculum,
2914 2869 3061 2921 locus
3092 2876 3173 2920 est
3220 2866 3269 2917 in
3320 2880 3426 2933 quo
3470 2863 3587 2931 equi

2011 2963 2320 3017 hominesve
2358 2968 2599 3024 currunt,
2653 2967 2705 3012 et
2736 2966 2943 3012 certant
2970 2956 3206 3015 athletai,
3240 2955 3440 3007 dictum
3492 2956 3587 3009 ὀιπῆ

2009 3067 2098 3117 τῆς
2151 3056 2379 3124 στάδιος,
2434 3055 2535 3107 hoc
2564 3061 2662 3118 est,
2691 3067 2720 3106 a
2766 3052 3017 3113 statione,
3072 3051 3212 3119 quod
3246 3050 3499 3104 llercules
3526 3066 3587 3102 ea

2012 3148 2183 3216 spatio
2208 3162 2314 3199 uno
2339 3144 2526 3215 spiritu
2552 3142 2798 3197 confecto
2823 3140 3171 3195 constitisset.
3198 3140 3437 3195 Stadium
3463 3156 3588 3193 con-

2015 3240 2146 3291 tinet
2192 3247 2438 3291 octavam
2480 3236 2629 3290 mille
2677 3248 2927 3305 passuum
2964 3244 3184 3301 partem.
3221 3232 3379 3287 Divus
3409 3233 3588 3287 lliero-

2012 3344 2202 3396 nymus
2229 3346 2239 3380 :
2274 3326 2513 3381 Stadium
2540 3336 2609 3379 est
2631 3326 2737 3378 ha'c
2766 3326 2864 3377 vita
2894 3325 3208 3377 mortalibus.
3249 3323 3344 3375 llic
3383 3336 3589 3376 conter-

2009 3420 2198 3485 dimus,
2249 3426 2301 3470 ut
2348 3418 2466 3470 alibi
2515 3433 2830 3469 coronemur.
2866 3415 3025 3468 Divus
3069 3414 3401 3479 Ambrosius,
3458 3416 3593 3467 libro

2009 3511 2078 3564 Ol
2113 3511 2318 3565 ciorum
2366 3510 2570 3579 primo,
2602 3510 2775 3577 capite
2817 3508 3026 3562 decimo
3068 3518 3221 3562 sexto
3256 3526 3267 3560 :
3306 3509 3439 3573 Quid
3469 3508 3593 3561 aliut

2012 3605 2194 3669 poscis,
2225 3603 2361 3673 quod
2402 3603 2523 3656 alibi
2553 3602 2801 3655 debetur?
2826 3600 2964 3665 Quid
3005 3616 3326 3669 pra’propere
3355 3617 3593 3654 coronam

2009 3696 2192 3766 exigis,
2220 3703 2484 3762 antequam
2512 3692 2719 3745 vincas?
2738 3691 2874 3753 Quid
2892 3690 3146 3759 detergere
3171 3691 3449 3759 pulverem,
3473 3691 3593 3755 quid

2009 3785 2318 3849 requiescere
2356 3784 2538 3852 cupis?
2582 3783 2716 3845 Quid
2761 3784 2960 3846 epulari
2992 3784 3145 3851 gestis
3180 3794 3449 3849 antequam
3488 3793 3594 3837 sta-

2011 3873 2152 3924 dium
2186 3870 2450 3924 solvatur?
2480 3871 2660 3923 Adhue
2700 3872 2918 3940 populus
2949 3880 3161 3934 spectat,
3196 3872 3361 3923 adhuc
3390 3873 3595 3927 athleta

2010 3965 2062 4015 in
2086 3972 2343 4016 stemmate
2372 3973 2513 4024 sunt,
2541 3972 2584 4015 et
2609 3971 2659 4013 tu
2673 3965 2788 4032 jam
2821 3961 2981 4013 otium
3012 3962 3138 4029 petis
3162 3962 3184 4013 ?
3212 3960 3315 4015 Sed
3343 3962 3473 4029 forte
3510 3962 3594 4015 di-

2010 4068 2119 4116 cas,
2152 4067 2241 4103 cur
2267 4052 2409 4119 impii
2451 4051 2733 4104 (celantur?
2777 4067 2867 4103 cur
2918 4050 3285 4103 luxuriantur?
3314 4066 3404 4102 cur
3442 4051 3595 4105 etiam

2013 4157 2206 4195 mecum
2228 4156 2328 4194 nou
2360 4142 2456 4210 ipsi
2486 4141 2760 4193 laborant?
2785 4142 3022 4208 quoniam
3054 4141 3137 4208 qui
3160 4156 3259 4193 non
3287 4142 3595 4208 subscripsev

2011 4232 2112 4284 rint
2149 4233 2217 4283 ad
2248 4247 2506 4293 coronam,
2539 4246 2638 4282 non
2682 4240 2910 4283 tenentur
2933 4230 2998 4282 ad
3032 4230 3254 4282 laborem
3284 4232 3593 4285 certaminis.

2016 4322 2115 4386 Qui
2159 4322 2209 4373 in
2236 4322 2458 4373 stadium
2504 4337 2602 4372 non
2650 4320 3021 4382 descenderint,
3072 4336 3172 4372 non
3196 4337 3249 4374 se
3278 4323 3597 4389 perfundunt

2011 4413 2144 4476 oleo,
2171 4428 2270 4463 non
2299 4410 2525 4463 oblinunt
2547 4409 2645 4475 pul.
2666 4425 2766 4464 ere.
2795 4408 2931 4473 Quos
2961 4418 3124 4461 ntanet
3144 4410 3597 4479 gloria,e:rspectet

2011 4504 2201 4573 injuria
2226 4518 2242 4554 :
2269 4502 2565 4573 unguentati
2594 4510 2824 4569 spectare
2844 4502 3027 4561 solent,
3052 4514 3153 4551 non
3183 4499 3440 4553 decertare
3461 4517 3478 4565 ;
3496 4516 3597 4554 non

2013 4595 2174 4648 solent
2204 4604 2373 4657 trstus,
2406 4595 2680 4661 pulverem,
2714 4594 2993 4662 imbresque
3022 4593 3233 4663 perpeti.
3262 4592 3448 4645 Dicant
3478 4609 3598 4663 ergo

2013 4695 2058 4737 et
2104 4686 2202 4752 ipsi
2246 4684 2450 4739 athlette
2482 4702 2497 4738 :
2533 4705 2549 4736 ι
2605 4684 2801 4750 Venite,
2851 4686 3109 4739 nobiscum
3154 4687 3398 4739 laborate.
3442 4705 3460 4737 ι
3497 4685 3599 4741 Sed

2014 4779 2387 4849 respondebunt
2418 4787 2722 4846 spectatores
2755 4795 2766 4830 :
2809 4796 2825 4828 ι
2869 4776 2980 4831 Nos
3010 4778 3091 4830 hic
3130 4778 3334 4830 interim
3373 4778 3435 4831 de
3464 4777 3599 4833 vobis

2003 4872 2323 4941 judicamus,
2356 4886 2442 4923 vos
2492 4882 2660 4923 autem
2703 4871 2811 4923 sine
2849 4870 2994 4922 nobis
3025 4886 3223 4922 corona:
3255 4870 3322 4940 (si
3360 4866 3598 4935 viceritis)

2012 4962 2229 5031 g’oriam
2255 4961 2594 5015 vindicabitis.
2638 4980 2655 5011 ι
2694 4959 2789 5012 Isti
2823 4960 2978 5030 igitur
3003 4962 3088 5030 qui
3116 4961 3166 5012 in
3191 4958 3408 5023 deliciis,
3438 4958 3527 5027 qui
3549 4959 3598 5010 in

2014 5058 2237 5117 luxuria,
2269 5055 2481 5123 rapinis,
2507 5054 2800 5121 questibus,
2829 5054 3102 5107 honoribus
3124 5052 3294 5106 studia
3321 5056 3601 5121 posuerunt

2011 5165 2126 5211 sua,
2163 5156 2466 5216 spectatores
2506 5148 2669 5213 magis
2700 5158 2815 5199 sunt
2842 5163 2989 5215 quam
3025 5146 3364 5213 pra’liatores.
3396 5142 3599 5196 Habent

2014 5240 2209 5288 lucrum
2253 5237 2475 5299 laboris,
2525 5237 2745 5304 fructum
2779 5236 2976 5288 virtutis
3018 5251 3116 5285 non
3158 5234 3359 5285 habent.
3402 5228 3597 5285 Ferent

2015 5327 2171 5378 otium
2198 5329 2406 5390 astutia,
2436 5337 2481 5379 et
2514 5328 2833 5397 improbitate
2860 5334 3100 5395 oggerunt
3134 5324 3425 5377 divitiarum
3454 5339 3609 5385 περ,

2016 5432 2121 5478 vos,
2152 5416 2241 5468 sed
2269 5417 2520 5469 exsolvent
2547 5416 2730 5485 (seram
2762 5417 2895 5485 licet)
2922 5415 3158 5483 nequitia;
3183 5431 3289 5468 sua:
3318 5431 3537 5480 paruam.

2093 5507 2271 5574 Neque
2298 5508 2639 5591 enim‘bouus
2667 5507 2801 5559 ultra
2818 5508 2939 5576 jure
2968 5507 3243 5571 vocabitur,
3293 5510 3378 5575 qui
3426 5516 3597 5560 careat

2015 5599 2165 5668 bona]
2196 5600 2467 5653 Sententia
2492 5608 2572 5652 est
2594 5598 2833 5652 Socratis
2868 5598 3117 5650 Platonici
3149 5597 3199 5649 in
3231 5598 3446 5666 Gorgia,
3472 5597 3593 5667 quia

2015 5692 2198 5742 bouuttt
2230 5692 2443 5760 (inquil)
2467 5703 2560 5753 est,
2586 5707 2683 5758 quo
2719 5702 2961 5757 prasente
3000 5690 3114 5740 boni
3145 5708 3338 5743 stultus.
3373 5692 3592 5745 Prorsus

2013 5787 2127 5835 batti
2162 5802 2269 5837 rero
2301 5800 2471 5837 sumus
2504 5794 2546 5837 ct
2584 5800 2693 5848 uas,
2728 5794 2769 5835 et
2812 5798 3119 5850 qtarcunque
3148 5785 3247 5835 alia
3276 5786 3403 5839 bona
3450 5796 3584 5850 sunt,
