4022 6366
398 370 531 423 1047

1046 377 1383 433 ΛΡΡΙΞΝΟΙΧ
1425 381 1514 433 ΑΙ)
1554 377 1804 437 LIBllOS-
1833 384 1918 436 DE
1955 385 1973 437 (

2077 385 2473 444 ίδυιιΑττιυΝΕ
2513 391 3005 452 ΡΙΙΙιΟδΟΡΗΙᾹί.

3529 403 3671 454 ιεεε

396 486 456 538 ob
488 486 720 541 virtutem
756 491 1025 558 quamdam
1056 510 1171 564 qua:
1213 497 1367 550 adsit.
1413 497 1700 552 Soeratica:
1747 497 1978 553 Platoni-
2005 503 2051 560 Α
2083 501 2249 569 seipse
2290 506 2520 564 solvitur.
2557 511 2721 564 Silius
2752 511 2960 568 Italicus
2992 513 3127 569 libro
3156 514 3364 570 decimo
3395 518 3552 572 tertio
3576 536 3610 572 :-

393 592 578 649 cteque
599 583 878 638 sententia:
904 585 971 639 Μ.
1006 584 1213 644 Tullius
1242 590 1530 646 subscribit
1554 591 1691 647 libro
1720 593 1976 649 Tuscula-

393 683 581 724 narum
613 671 974 737 Quaestionum
1005 677 1194 750 quinto
1234 679 1316 736 his
1359 682 1534 737 verbis
1562 697 1576 740 :
1605 685 1787 740 Umttes
1818 687 1974 742 bonos

390 775 587 830 semper
617 764 787 819 beatos
810 768 1041 824 volumus
1065 788 1191 826 esse.
1219 773 1357 839 Quos
1379 773 1546 827 dicam
1573 775 1750 841 bonos,
1781 778 1976 845 perspi-

389 872 540 910 ett-um
569 870 664 913 est.
712 860 958 918 Omnibus
997 866 1128 919 enim
1157 869 1424 922 virtutibus
1454 870 1726 923 instructos
1749 880 1794 925 et
1821 887 1976 924 orna-

390 959 489 1013 tos,
541 960 648 1005 tum
691 954 824 1009 viros
853 956 1008 1012 bonos
1050 959 1289 1016 dicimus.
1340 962 1618 1017 Videamus
1656 963 1744 1034 qui
1775 963 1976 1017 dicendi

387 1041 488 1092 sint
518 1042 668 1097 beati.
718 1043 968 1115 Equidem
1015 1051 1106 1103 hos
1150 1053 1404 1117 existimo,
1436 1054 1522 1123 qui
1566 1063 1682 1107 sunt
1720 1055 1771 1106 in
1809 1053 1970 1119 bonis,

387 1131 534 1183 nullo
583 1133 829 1202 adjuncto
871 1141 1028 1193 malo.
1080 1139 1190 1194 Nec
1220 1142 1327 1196 ulla
1357 1142 1462 1197 alia
1492 1143 1610 1197 huic
1639 1144 1786 1197 verbo
1835 1150 1973 1215 (cum

386 1219 589 1273 beatum
624 1223 863 1294 dicimus)
890 1230 1116 1298 subjecta
1157 1232 1296 1285 notio
1332 1243 1426 1297 est,
1457 1234 1554 1288 nisi
1581 1236 1784 1288 secretis
1824 1234 1972 1288 malis

385 1321 506 1362 omn
530 1308 642 1376 bus,
672 1315 943 1368 cumulata
970 1317 1218 1372 bonorum
1251 1323 1563 1390 complexio-
1593 1323 1858 1379 "actenus
1886 1323 1982 1379 Ci-

385 1415 532 1455 cero.
565 1403 635 1457 At
665 1403 981 1463 Laurentius
1017 1410 1187 1476 Valla,
1218 1413 1298 1466 vir
1324 1414 1522 1483 alioqui
1550 1414 1892 1469 dot-tissimus
1917 1426 1973 1470 et

387 1493 526 1548 acris
556 1503 666 1549 tum
702 1498 732 1550 i:
755 1499 898 1567 genii
929 1509 1034 1554 tum
1053 1501 1263 1571 judicii,
1289 1505 1425 1559 libro
1451 1507 1517 1561 de
1543 1505 1683 1562 Vero
1709 1507 1972 1579 Falsoque

388 1585 538 1640 llotto
569 1597 650 1643 ter
676 1589 749 1654 io,
780 1593 939 1646 n'ntia
971 1595 1255 1650 cavillandi
1281 1598 1495 1654 libidine
1527 1601 1778 1667 percitus,
1814 1601 1970 1656 nimis

386 1695 542 1747 quam
570 1682 881 1753 insipienter
899 1687 948 1740 in
983 1687 1222 1743 Boetium
1250 1704 1487 1745 nosnum
1515 1691 1703 1758 fertur,
1735 1692 1819 1747 ubi
1842 1707 1970 1748 con-

386 1774 563 1828 tendit
585 1791 706 1830 eum
733 1779 784 1832 in
811 1779 932 1833 boni
961 1781 1220 1838 vocabulo
1240 1799 1474 1851 errasse,
1503 1787 1641 1853 quod
1674 1796 1780 1841 tum
1805 1788 1969 1842 virtu-

386 1873 492 1920 tem
524 1874 633 1921 tum
669 1867 975 1925 felicitatem
1005 1873 1288 1942 significet,
1327 1891 1715 1947 perperamque
1761 1878 1831 1931 ita
1858 1879 1971 1933 col-
1999 1859 2046 1922 Β

384 1955 577 2025 legisse
609 1974 624 2014 :
657 1959 958 2032 Quicunque
987 1973 1056 2017 est
1088 1963 1269 2032 bonus,
1301 1967 1341 2020 is
1366 1966 1511 2020 habet
1545 1970 1746 2020 bonum.
1781 1967 1972 2023 Verum

384 2047 552 2115 (quod
568 2049 699 2104 bona
726 2055 871 2108 venia
897 2058 1091 2113 dictum
1116 2061 1206 2131 sit)
1239 2051 1391 2116 Valla
1413 2064 1520 2134 ipse
1542 2063 1780 2129 pudendo
1803 2080 1974 2120 errore

384 2139 606 2207 labitur,
653 2159 768 2197 cum
817 2145 1052 2203 Boetium
1095 2154 1372 2221 insectans,
1426 2154 1600 2210 scribit
1643 2156 1873 2208 virtutem
1913 2173 1976 2208 ac

384 2229 561 2284 vitium
590 2235 817 2289 actiones
845 2253 972 2303 esse,
996 2239 1290 2308 felicitatem
1314 2260 1425 2297 vero
1450 2253 1598 2314 atque
1624 2244 1973 2314 infelicitatem

384 2320 677 2389 qualitates,
703 2339 785 2377 res
803 2328 954 2379 etiam
980 2328 1164 2395 effectu
1191 2333 1243 2402 ip
1273 2349 1301 2386 ο
1330 2334 1460 2388 inter
1489 2351 1543 2388 se
1569 2336 1866 2405 longissime
1893 2337 1975 2390 di-

385 2418 593 2464 stantes.
627 2411 747 2466 Νοη
771 2417 911 2469 enim
927 2417 1002 2487 (ut
1033 2419 1120 2474 ille
1147 2425 1389 2495 somnia!)
1421 2427 1581 2481 virtus
1607 2438 1652 2482 et
1673 2428 1851 2482 vitium
1887 2445 1975 2481 ac-

384 2499 546 2555 tiones
591 2514 731 2572 sunt,
763 2507 853 2561 sed
881 2510 1150 2576 qualitates
1177 2524 1222 2565 et
1252 2513 1409 2584 (quod
1437 2516 1551 2584 plus
1582 2515 1677 2587 est)
1714 2518 1766 2571 in
1794 2519 1971 2572 eodem

385 2592 648 2660 qualitatis
668 2613 850 2666 genere
877 2615 988 2652 cum
1017 2601 1262 2669 felicitate
1283 2615 1329 2658 et
1352 2605 1679 2674 infelicitate,
1711 2608 1763 2661 iu
1784 2625 1842 2662 eo
1874 2611 1973 2663 sci-

383 2683 520 2746 licet,
544 2687 682 2754 quod
703 2689 961 2744 Aristoteli
991 2692 1189 2748 habitus
1230 2704 1275 2749 et
1304 2695 1572 2766 dispositio
1603 2708 1827 2755 vocatur.
1862 2701 1973 2756 Sed

383 2791 443 2827 ne
466 2778 576 2844 quis
604 2789 754 2844 erret,
790 2781 1292 2840 animadvertendum
1330 2798 1400 2842 est
1432 2788 1690 2856 duplicem
1721 2809 1825 2846 esse
1853 2793 1970 2863 feli-

383 2864 605 2934 citatem,
631 2868 845 2925 alterum
875 2874 1078 2943 quidem
1126 2877 1438 2944 inchoa'am,
1486 2897 1640 2952 quam
1672 2883 1765 2937 Dei
1804 2886 1970 2953 gratia

384 2957 530 3010 homo
556 2957 609 3011 in
636 2961 730 3013 hac
760 2962 860 3016 vita
889 2965 1131 3021 virtutum
1170 2971 1353 3024 studiis
1383 2976 1731 3043 consequitur,
1763 2988 1808 3030 et
1839 2979 1972 3033 hanc

383 3046 598 3100 dicimus
627 3052 808 3104 essein
847 3055 1014 3123 prima
1052 3059 1219 3124 specie
1260 3061 1522 3129 qualitatis
1553 3079 1570 3117 :
1598 3064 1810 3120 alteram
1853 3085 1970 3123 vero

383 3138 657 3202 perfectam
698 3150 743 3192 et
782 3143 1013 3198 omnibus
1042 3149 1262 3202 numeris
1308 3151 1612 3219 absolutam,
1649 3160 1797 3224 cuius
1827 3176 1971 3215 nemo

384 3237 499 3281 ante
522 3237 739 3284 tnortem
761 3250 967 3306 compos
988 3237 1067 3305 fit,
1093 3256 1204 3309 qute
1233 3252 1278 3295 et
1307 3259 1420 3296 cum
1452 3261 1648 3299 summa
1676 3249 1806 3303 bono
1839 3251 1970 3306 Deo-

384 3333 479 3379 que
514 3319 740 3387 ejusdem
771 3335 843 3376 est
892 3327 1208 3395 substantiae,
1259 3343 1318 3384 ut
1353 3350 1508 3404 supra
1545 3337 1814 3400 probatura
1855 3353 1928 3398 est
1954 3361 1973 3399 :

385 3422 592 3475 eamque
629 3411 690 3462 ob
722 3413 1025 3480 infinitatem
1075 3419 1182 3472 sub
1218 3420 1362 3475 nullo
1392 3425 1788 3492 pra'dicamento
1814 3432 1972 3487 collo-

383 3498 600 3552 randum
631 3515 909 3555 censemus.
942 3501 1166 3559 Proinde
1199 3517 1331 3562 recte
1356 3509 1486 3563 dixit
1522 3510 1732 3570 Boetius
1753 3533 1853 3572 non
1881 3520 1970 3574 bo-

383 3604 505 3640 num
532 3589 669 3642 ultra
689 3592 812 3660 jure
837 3593 1025 3656 vocari,
1055 3595 1144 3664 qui
1159 3607 1327 3651 careat
1351 3600 1500 3666 bono,
1533 3603 1628 3656 hoc
1651 3620 1676 3657 e
1705 3615 1743 3670 t,
1764 3609 1973 3674 quicun-

383 3698 478 3750 que
518 3682 677 3737 bonus
724 3694 816 3751 est,
847 3702 959 3740 eum
1003 3687 1185 3744 habere
1212 3692 1418 3759 bonum,
1451 3697 1553 3750 sive
1580 3697 1829 3764 virtutem,
1869 3703 1975 3758 sive

383 3771 533 3826 anatis
559 3774 851 3842 felicitatem
878 3779 1127 3849 accipere,
1153 3797 1252 3834 non
1281 3789 1559 3854 perfectam
1577 3789 1778 3854 quidem
1801 3789 1965 3859 illam,

383 3867 468 3918 sed
495 3865 806 3932 inchoatam,
838 3885 950 3938 qua:
981 3886 1079 3924 non
1105 3871 1284 3940 di/f.-rt-
1307 3891 1338 3926 a
1362 3877 1563 3943 virtute,
1597 3879 1687 3932 sed
1710 3881 1752 3932 ti
1781 3890 1855 3954 est
1884 3898 1970 3936 ea-

383 3958 496 4010 dem
527 3973 552 4012 :
575 3960 718 4029 quod
738 3970 786 4012 et
809 3961 1056 4031 prOphet'a
1088 3963 1362 4032 testiﬁcans
1391 3980 1409 4018 :
1439 3965 1627 4020 Beatus
1653 3968 1748 4034 vir,
1782 3971 1967 4040 inquit,

382 4049 462 4100 cui
487 4065 590 4102 non
623 4051 885 4119 imputavit
918 4051 1169 4108 Dominus
1198 4067 1477 4126 peccatum,
1509 4076 1603 4113 nec
1627 4062 1779 4115 estin
1812 4065 1969 4134 spiri-

382 4151 434 4190 tu
464 4141 575 4210 cjus
599 4141 746 4195 dolus
770 4142 941 4213 (Psal.
973 4145 1143 4215 xxxi).
1181 4147 1245 4200 Et
1269 4148 1452 4202 beatus
1485 4151 1797 4208 Ambrosius
1831 4154 1968 4212 libro

382 4228 449 4280 dc
487 4229 690 4286 Officiis
737 4246 864 4286 secu
890 4233 973 4288 udo
1005 4250 1018 4289 :
1049 4233 1251 4288 Certum
1300 4249 1380 4290 et
1412 4239 1574 4292 solum
1618 4249 1666 4295 et
1712 4259 1969 4299 summum

382 4320 566 4372 bonum
597 4337 704 4374 esse
743 4323 999 4391 virtutem,
1033 4341 1243 4396 eamque
1269 4328 1530 4382 abundare
1559 4333 1717 4384 solam
1753 4335 1822 4386 ad
1855 4337 1972 4390 vita:

381 4409 612 4472 fructum-
666 4413 842 4478 beatae,
887 4433 978 4470 nec
1027 4420 1247 4474 externis
1283 4429 1372 4474 aut
1411 4425 1639 4493 corporis
1679 4425 1842 4492 bonis,
1881 4431 1970 4483 sed

382 4500 560 4554 rirtnte
585 4502 695 4554 sola
719 4504 872 4557 vitam
896 4509 1132 4575 praestari
1163 4510 1254 4562 bra
1279 4526 1384 4574 am,
1411 4529 1500 4582 per
1519 4529 1670 4582 quam
1693 4517 1792 4568 vita
1814 4527 1968 4571 atter-

381 4605 446 4640 na
477 4591 778 4658 acquiritur.
811 4594 877 4648 Et
905 4597 1088 4653 subdit
1114 4600 1251 4654 idem
1285 4602 1473 4658 eodem
1508 4605 1558 4658 in
1587 4608 1754 4661 libro:
1783 4607 1846 4663 In
1868 4627 1968 4680 quo
2002 4591 2052 4651 Β

380 4694 480 4730 una
509 4679 667 4733 virtus
697 4691 788 4748 est,
819 4687 1126 4742 concurrunt
1148 4699 1361 4744 cttterce.
1398 4693 1547 4756 Quod
1584 4695 1697 4749 ideo
1728 4700 1965 4770 apposui,

378 4785 436 4819 re
459 4770 572 4834 quis
599 4771 776 4837 forsan
812 4775 997 4830 stultus
1022 4787 1070 4832 et
1096 4779 1285 4850 impius
1329 4783 1564 4849 opinetur
1610 4786 1781 4840 virtuti
1824 4789 1966 4852 vitia,

377 4874 487 4925 ιίτιω
512 4859 721 4914 miseros
750 4861 817 4915 ho
837 4881 849 4914 l
871 4866 979 4919 ines
996 4868 1235 4935 reddunt,
1259 4869 1531 4926 conterere.
1557 4873 1805 4930 Socrates
1826 4879 1965 4946 apud

377 4954 652 5007 Platonem
676 4971 688 5006 :
713 4954 1051 5020 Quamobrem
1069 4960 1276 5012 omnino
1295 4963 1636 5016 necessarium
1659 4975 1753 5030 est,
1778 4967 1966 5036 inquit,

377 5063 402 5093 n
430 5043 692 5111 Callicles,
726 5056 1064 5118 temperatum
1084 5050 1266 5112 virum,
1299 5066 1413 5104 cum
1442 5053 1520 5123 (ut
1538 5054 1782 5124 diximus)
1795 5060 1979 5128 justus

375 5145 421 5185 et
456 5133 605 5198 fortis
626 5136 698 5189 sit
733 5144 782 5189 et
802 5137 941 5207 pius,
985 5154 1094 5191 esse
1114 5141 1334 5206 perfecte
1369 5141 1576 5198 bonum.
1621 5141 1822 5198 Bonum
1857 5165 1981 5202 vero

377 5225 497 5279 bene
525 5225 840 5298 honesteque
865 5244 1036 5300 agere,
1068 5230 1314 5300 quidquid
1348 5242 1487 5300 agat.
1524 5233 1659 5287 Eum
1687 5249 1856 5290 autem
1887 5242 1980 5306 qui-

377 5317 494 5369 bene
532 5318 660 5388 agit,
698 5319 906 5388 felicem
934 5333 1224 5390 essentque
1265 5321 1486 5376 beatum.
1534 5322 1829 5394 Improbum
1857 5343 1980 5383 vero:

377 5424 430 5458 uc
458 5408 589 5461 male
615 5419 864 5479 agentem,
894 5427 1002 5465 esse
1023 5412 1278 5465 miserum.

455 5524 626 5587 Quare
656 5527 838 5595 probos
864 5543 1028 5582 mores
1055 5544 1149 5582 sua
1171 5529 1387 5599 prtvmia
1415 5544 1516 5581 non
1539 5531 1853 5602 relinquunt}
1888 5533 1975 5587 Di-

383 5627 474 5668 vus
507 5616 826 5672 Ambrosius
858 5619 1170 5674 Officiorum
1206 5617 1345 5672 libro
1373 5620 1543 5686 primo
1578 5637 1590 5670 :
1629 5619 1766 5688 Ergo
1789 5622 1980 5687 impius

387 5709 494 5774 ipse
529 5707 615 5759 sibt
666 5724 812 5776 poena
849 5719 944 5774 est,
981 5713 1155 5780 justus
1197 5719 1364 5763 autem
1404 5709 1510 5776 ipse
1539 5710 1632 5762 sibi
1675 5711 1863 5778 grn:ia.
1911 5712 1977 5766 Et

386 5796 579 5859 Itriqne
610 5807 696 5847 aut
729 5799 972 5851 bonorum
1018 5811 1105 5850 aut
1156 5799 1403 5849 malorum
1453 5814 1659 5866 operum
1701 5817 1884 5856 merces
1916 5820 1975 5856 et

2203 589 2307 656 ipsa
2333 597 2530 658 quidem
2554 601 2704 649 virtus
2727 601 2926 651 sibimet
2951 603 3270 664 pulcherrima
3297 619 3508 656 merces.

2150 668 2327 729 Evenit
2357 677 2536 750 igitur]
2586 682 2821 737 Joannes
2876 685 3047 741 Franc
3071 703 3192 742 scus
3240 689 3396 743 Picus
3427 691 3478 744 in
3510 706 3667 745 com-

2075 766 2356 821 mentariis
2386 771 2606 825 secundi
2641 773 2825 844 hymni
2855 775 3055 832 heroici
3081 797 3093 830 :
3127 777 3448 834 Dicuntur-in
3480 800 3539 835 ea
3567 784 3664 836 ho-

2076 856 2236 908 mines
2265 859 2413 912 bruta
2444 865 2682 930 converti,
2711 884 2929 936 quorum
2953 868 3168 937 affectus
3201 872 3358 925 nimia
3388 874 3666 929 roluntatis

2078 950 2435 1016 propenss'one,
2467 969 2663 1024 usuque
2691 959 2905 1012 rationis
2929 961 3230 1028 posthabito,
3263 973 3663 1028 consequuntur.

2077 1035 2168 1088 Sic
2211 1039 2262 1092 in
2303 1041 2502 1096 leonem
2531 1045 2831 1115 iracundus,
2865 1051 2918 1104 in
2949 1053 3148 1123 vulpem
3187 1063 3403 1120 astutus,
3443 1057 3496 1109 in
3524 1073 3663 1109 suem

2090 1123 2336 1216 l'enereus
2362 1136 2586 1188 converti
2619 1139 2827 1191 dicitur.
2871 1141 3008 1194 Hinc
3044 1145 3185 1212 apud
3222 1145 3591 1216 Pythagorwos
3618 1158 3664 1200 et

2079 1207 2373 1272 Platonicos
2415 1223 2678 1277 hominum
2718 1207 3192 1297 transfoi'mationes
3231 1235 3284 1287 in
3323 1235 3493 1299 bruta,
3533 1253 3662 1307 quas

2074 1303 2241 1374 lepide
2267 1324 2466 1380 quoque
2506 1311 2777 1369 Severinus
2807 1319 3058 1373 adnotans
3096 1323 3456 1378 subindicavit.
3491 1303 3662 1378 Anto-

2075 1393 2194 1448 nius
2225 1395 2430 1453 Codrus
2461 1416 2709 1459 sermone
2749 1409 2919 1474 primo
2951 1426 2962 1461 :
2994 1409 3141 1463 Sicut
3187 1414 3358 1465 anima
3393 1415 3662 1468 rationalis

2073 1495 2119 1536 et
2146 1486 2304 1555 prtba
2335 1489 2556 1558 formam
2598 1504 2806 1563 prastat
2854 1498 3069 1565 hontini,
3115 1510 3162 1553 et
3204 1501 3348 1554 illum
3377 1502 3662 1555 divinitatis

2072 1575 2369 1645 participem
2412 1581 2536 1649 facit
2575 1596 2593 1634 :
2627 1585 2706 1660 sic
2744 1586 3076 1654 irrationalis,
3133 1601 3188 1643 et
3222 1593 3457 1660 improba
3492 1597 3661 1661 pecori

2073 1665 2291 1730 formam
2311 1669 2504 1734 tribuit,
2534 1685 2581 1725 et
2613 1674 2867 1730 hominem
2893 1696 2923 1730 a
2952 1693 3089 1734 recto
3119 1682 3457 1738 discedentem
3491 1695 3659 1739 trans-

2072 1753 2258 1820 format
2286 1757 2338 1809 in
2365 1758 2606 1817 belluam.
2646 1764 2845 1837 Corpus
2872 1785 2992 1842 ergo
3011 1765 3098 1836 '(ut
3129 1776 3263 1826 vobis
3294 1786 3370 1828 ost
3401 1777 3526 1846 mh)
3562 1791 3658 1833 non

2074 1845 2197 1914 facit
2225 1851 2499 1918 hominem,
2533 1857 2620 1908 sed
2644 1860 2839 1914 anima.
2883 1861 3032 1915 Unde
3068 1875 3200 1917 recte
3237 1865 3279 1918 P
3303 1884 3333 1918 a
3359 1884 3388 1919 o
3417 1845 3657 1940 (utrecr)

2075 1942 2243 1997 dicere
2270 1945 2481 2010 solebat,
2515 1950 2604 2001 οὐκ
2647 1947 2784 2005 ἔστιν
2825 1948 3082 2027 ἅνθρωπος
3108 1958 3166 2008 τὸ
3205 1955 3476 2031 ὁρώμενον,
3511 1961 3564 2011 id
3589 1973 3658 2014 est

2072 2046 2176 2084 non
2198 2043 2275 2086 est
2295 2034 2446 2089 homo
2487 2038 2540 2090 id
2569 2041 2706 2107 quod
2731 2040 2946 2093 videtur.
2981 2042 3150 2107 Quare
3188 2062 3271 2098 vos
3298 2046 3527 2100 Codrum
3557 2067 3658 2103 non

2073 2118 2272 2186 videtis,
2300 2123 2397 2176 sed-
2421 2125 2623 2194 faciem,
2658 2133 2746 2181 sed
2777 2146 2958 2184 ntanus
2991 2139 3035 2183 et
3064 2134 3287 2189 membra
3313 2136 3487 2192 Codri.
3523 2137 3659 2211 Ergo

2073 2215 2211 2267 alien
2247 2233 2361 2269 rum
2391 2236 2542 2289 opum
2565 2220 2812 2275 tiolxntus
2846 2237 3068 2294 ereptor,
3110 2229 3282 2294 lupum
3309 2246 3362 2282 se
3388 2231 3532 2299 facit.
3565 2235 3658 2296 Qui

2073 2307 2346 2362 insidiator
2391 2319 2462 2365 est
2501 2323 2549 2367 et
2587 2316 2970 2383 fraudulentus,
3013 2330 3232 2373 astutam
3277 2323 3462 2391 vapido
3491 2331 3658 2389 portat

2071 2401 2163 2453 sub
2196 2413 2394 2470 pectore
2434 2403 2654 2473 vulpem.
2685 2406 2787 2472 Qui
2828 2409 3132 2465 libidinosus
3156 2422 3228 2465 est
3262 2423 3310 2466 et
3348 2417 3546 2479 spurcis
3577 2431 3658 2466 ro-

2073 2493 2348 2562 luplalibus
2377 2496 2664 2564 immersus,
2699 2497 2751 2551 iu
2780 2500 2976 2552 hircum
2997 2517 3051 2554 se
3076 2503 3151 2554 rel
3173 2503 3224 2555 in
3251 2519 3396 2556 suem
3413 2505 3666 2572 transfero

2073 2583 2249 2635 mavit.
2287 2584 2388 2646 Qui
2428 2585 2656 2654 linguam
2697 2588 2830 2641 hunc
2862 2599 2908 2642 et
2943 2591 3089 2643 illum
3127 2595 3403 2647 mordenda
3438 2606 3661 2661 exercet,

2073 2673 2215 2725 canis
2245 2681 2338 2726 est.
2366 2672 2449 2728 Ita
2471 2687 2517 2728 et
2548 2676 2600 2728 in
2625 2676 2754 2730 alias
2791 2678 2996 2732 belluas
3027 2680 3278 2733 hominem
3312 2685 3501 2735 mutari
3530 2685 3662 2735 dici-

2074 2777 2206 2823 ntus,
2249 2778 2362 2814 cum
2412 2763 2614 2818 deterta
2653 2767 2852 2820 ratione
2893 2768 3237 2823 irrationalem
3268 2773 3420 2824 sumit
3459 2774 3661 2840 ορριιὶ-

2075 2861 2202 2904 tum.

2613 2925 2677 2981 IN
2712 2928 3000 2986 METBUM
3037 2931 3120 2985 Ill.

2145 3008 2368 3066 Carmen
2394 3025 2471 3066 est
2499 3013 2841 3085 Glycouium,
2870 3020 3046 3074 simile
3067 3031 3216 3074 sexto
3243 3022 3406 3089 primi
3425 3023 3664 3077 volumi-

2076 3100 2183 3165 nis,
2214 3117 2393 3154 verum
2424 3102 2477 3157 in
2506 3103 2608 3160 hoc
2637 3105 2748 3162 fere
2785 3109 2987 3176 primus
3020 3125 3112 3178 pes
3145 3112 3410 3166 trochqu
3435 3124 3540 3178 est,
3576 3115 3664 3167 ul-

1999 3223 2054 3287 c
2079 3192 2209 3246 timo
2249 3202 2452 3248 tantum
2498 3212 2655 3251 versu
2700 3207 2945 3268 exCepto,
2997 3203 3083 3254 ubi
3123 3201 3393 3271 spondeus
3434 3205 3661 3271 primam

2028 3284 2046 3330 ῖ
2076 3284 2344 3352 regionem
2380 3295 2528 3341 tenet.
2556 3306 2568 3340 :
2600 3304 2759 3358 quem
2788 3291 2832 3344 si
2866 3291 2984 3359 quis
3026 3293 3092 3343 ita
3123 3291 3328 3360 legerit,
3363 3292 3558 3346 Mentis
3583 3294 3663 3346 ul-

2075 3389 2194 3429 ccre
2219 3380 2462 3444 saeviunt,
2497 3378 2692 3448 ubique
2722 3379 2910 3448 prima:
2940 3381 3140 3449 regioni
3173 3381 3470 3435 trochaeum
3497 3381 3662 3436 dedc-

2075 3474 2164 3528 rtt,
2197 3475 2251 3518 at
2281 3481 2339 3519 ea
2370 3468 2675 3522 communis
2705 3477 2785 3524 est
2807 3472 3065 3538 spondeo,
3096 3470 3352 3537 troclnro,
3381 3481 3435 3525 ct
3460 3473 3658 3537 iambo,

2077 3567 2130 3610 ut
2159 3569 2210 3610 et
2250 3562 2408 3628 supra
2456 3561 2758 3627 docuimus,
2792 3570 2845 3616 et
2876 3562 3029 3617 facile
3077 3563 3230 3617 nobis
3259 3564 3656 3633 astipulabitur,

2072 3647 2373 3716 quicunque
2415 3649 2698 3720 diligenter
2727 3650 3014 3719 Catullum,
3049 3655 3345 3721 Horatium,
3397 3655 3657 3710 Senecam

2075 3740 2353 3809 tragicum,
2375 3740 2776 3810 Terentianum,
2801 3752 2854 3798 et
2881 3760 2942 3797 ex
2967 3743 3354 3799 recentioribus
3374 3745 3656 3799 Marullum

2074 3830 2281 3900 legerit.
2329 3833 2416 3886 Ait
2453 3843 2629 3888 autem
2677 3835 3036 3907 Philosophia,
3086 3839 3253 3892 multo
3293 3840 3658 3907 pestilentior:

2073 3933 2196 3974 esse
2245 3924 2407 3976 animi
2449 3924 2574 3978 vitia
2626 3927 2810 3982 Circes
2849 3929 3068 3999 magicis
3109 3929 3565 3986 incantationibus
3607 3943 3660 3986 et

2071 4013 2368 4078 veneficii-,
2400 4031 2514 4084 qua:
2545 4018 2862 4085 corporibus
2893 4029 3117 4086 tantum,
3141 4037 3244 4075 non
3273 4022 3432 4075 etiam
3467 4027 3660 4076 menti-

2075 4105 2174 4157 bus
2207 4107 2450 4162 not-uisse
2471 4110 2776 4165 traduntur.
2797 4110 2934 4167 Vitia
2959 4127 3085 4167 vero
3113 4114 3446 4168 teterrima!"
3469 4117 3658 4170 animis

2075 4195 2361 4262 perniciem
2395 4197 2650 4254 inferunt.

2148 4287 2336 4342 Neritii
2363 4290 2528 4361 ducis]
2559 4292 2778 4362 Ulyssis.
2814 4293 3028 4349 Neritus
3043 4293 3124 4365 (ut
3153 4295 3244 4350 lib.
3278 4313 3307 4349 Χ
3335 4295 3494 4350 docet
3517 4299 3657 4352 Stra-

2077 4380 2166 4449 bo)
2199 4397 2352 4435 mons
2380 4392 2462 4436 est
2491 4383 2774 4438 frondosus
2805 4386 2854 4437 in
2881 4386 3048 4440 insula
3080 4385 3280 4450 Ithaca,
3303 4401 3463 4455 quam
3497 4391 3656 4442 tenuit

2077 4469 2316 4540 Ulysses,
2346 4472 2433 4541 qui
2474 4471 2667 4527 dicitur
2693 4473 2814 4527 inde
2843 4474 2946 4527 dux
2981 4474 3233 4529 Neritius.
3265 4477 3517 4531 Ovidius:

2202 4561 2296 4626 Pro
2313 4563 2437 4626 duce
2463 4563 2654 4626 Neritio
2676 4565 2804 4612 dot-ti
2827 4563 2949 4611 mala
2976 4572 3136 4626 nostra
3162 4573 3318 4626 poeta:

2262 4623 2492 4682 Scribite,
2518 4624 2708 4673 Neritio
2733 4637 2842 4673 nam
2865 4627 2984 4674 niaila
3011 4624 3147 4688 plura
3164 4623 3282 4674 tuli.

2152 4704 2362 4777 Pelago]
2394 4706 2546 4775 Mari,
2577 4723 2671 4776 per
2691 4724 2856 4762 mare.

2150 4800 2324 4870 Ratesj
2356 4799 2545 4855 Naves.

2149 4888 2286 4960 Qua]
2319 4890 2372 4944 In
2403 4907 2505 4960 qua
2537 4891 2730 4946 insula.

2152 4978 2280 5051 Dea]
2314 4981 2488 5036 Circe.
2517 4981 2642 5036 lltcc
2669 4981 2750 5052 (ut
2781 4983 3043 5037 Homerus
3065 4982 3271 5051 scribit)
3309 4981 3416 5036 filia
3448 4982 3545 5036 fuit
3565 4982 3657 5037 So-

2076 5069 2142 5123 lts
2173 5085 2237 5122 ex
2270 5070 2430 5124 Perse
2462 5071 2653 5125 Oceani
2687 5071 2814 5137 filia,
2841 5087 2998 5127 soror
3027 5071 3178 5126 (Eun
3221 5072 3545 5126 Colchorum
3576 5087 3655 5124 re-

2078 5162 2180 5228 gis,
2226 5163 2447 5230 magica:
2491 5164 2768 5231 sapientiae
2805 5164 3151 5232 penitissima.
3186 5164 3455 5218 Habitavit
3485 5173 3654 5217 autem

2077 5253 2128 5305 in
2166 5257 2287 5306 Area
2314 5253 2484 5307 insula
2513 5253 2725 5308 editiori
2757 5255 2805 5307 in
2841 5255 2980 5318 loco,
3010 5269 3166 5323 quem
3189 5256 3393 5309 circum
3417 5253 3654 5309 errabant

2075 5354 2129 5398 et
2169 5346 2274 5398 ursi
2305 5356 2357 5399 et
2399 5346 2604 5408 leones,
2656 5360 2792 5414 quos
2833 5345 2920 5398 illa
2960 5345 3237 5399 veneﬁciis
3275 5344 3398 5398 cibo
3425 5353 3475 5398 et
3518 5343 3651 5411 potui

2079 5439 2324 5492 iunnistis
2354 5455 2416 5491 ex
2449 5439 2752 5492 hominibus
2784 5438 2923 5492 feras
2954 5440 3172 5503 fecerat,
3206 5451 3382 5491 tamen
3414 5437 3465 5490 in
3495 5435 3657 5488 homi-

2081 5549 2181 5587 nes
2208 5550 2312 5586 non
2336 5533 2652 5597 saeviebant,
2677 5532 2782 5587 sed'
2801 5533 2959 5586 veluti
2988 5546 3146 5586 canes
3171 5531 3539 5584 adulabantur.
3571 5527 3657 5578 Illa

2079 5629 2256 5682 socios
2297 5625 2506 5695 Ulyssis
2536 5630 2695 5679 vertit
2723 5627 2773 5678 in
2807 5641 3020 5694 porcos,
3053 5637 3244 5692 praeter
3277 5621 3654 5691 Eurylochum,

2078 5719 2166 5788 qui
2200 5718 2438 5772 fraudem
2471 5718 2521 5771 iu
2549 5718 2777 5772 tedilicio
2803 5733 2924 5772 esse
2953 5717 3273 5786 suspicatus,
3297 5732 3402 5768 non
3427 5712 3658 5766 intravit.

2084 5809 2311 5878 Legatur
2364 5809 2623 5864 llomcrus
2656 5811 2793 5864 labro
2822 5808 3074 5879 (‘d'yssetc
3107 5824 3158 5872 χ,
3193 5807 3441 5878 \‘irgillus
3470 5800 3661 5860 Ensi-
