4022 6366
250 378 271 430 l
282 378 375 431 049

246 583 387 637 culus
412 582 506 638 lib.
538 599 588 635 ν.

315 671 452 726 Solis
482 672 617 724 edita
646 670 855 742 semine]
888 672 980 726 Vel
1008 670 1114 725 ﬁlia
1140 672 1299 733 Solis.
1339 681 1396 725 ut
1424 674 1495 726 ait
1531 670 1812 739 Homerus,

247 763 326 817 cui
354 762 497 817 Maro
526 762 813 816 subscribit
842 778 855 813 :

424 856 575 905 Dives
602 857 871 903 inaccessos
892 854 973 903 ubi
995 853 1124 904 Solis
1147 854 1239 902 ﬁlia
1261 855 1394 904 lucos

423 918 629 965 Assiduo
650 922 848 965 resonat
870 924 1011 965 cantu
1031 931 1041 962 :

246 1009 297 1053 et
322 999 537 1053 Ovidius
570 1015 585 1052 :

424 1087 645 1137 Venerat
666 1089 714 1137 in
740 1087 887 1137 silvas
905 1094 956 1136 et
978 1087 1070 1136 ﬁlia
1094 1088 1222 1137 Solis
1245 1088 1437 1136 easdem

250 1169 336 1221 Vel
377 1170 459 1232 (ut
504 1170 737 1224 Diodoro
776 1168 968 1238 placet)
1017 1185 1080 1223 ex
1134 1180 1281 1235 patre
1320 1169 1460 1223 Solis
1499 1170 1694 1236 neptis.
1749 1184 1815 1221 ex

248 1268 411 1312 matre
442 1259 636 1312 Hecate
666 1258 938 1327 proneptis
973 1261 1108 1327 ejus.

314 1352 565 1425 Carmine]
595 1353 974 1408 lncantatione.
1015 1353 1261 1421 Virgilius
1286 1370 1299 1404 :

422 1443 724 1493 Carminibus
746 1444 881 1495 Circe
901 1445 1056 1493 socios
1077 1444 1279 1492 mutavit
1304 1442 1453 1504 L'lyss:
1474 1443 1505 1490 t.

318 1524 475 1596 Quos]
510 1527 774 1594 Hospites.

318 1614 406 1687 Ut]
447 1615 753 1685 Postquam.

317 1704 381 1759 In
410 1708 574 1759 varios
604 1702 796 1774 modos]
826 1704 881 1758 In
903 1704 1141 1759 diversas
1168 1704 1458 1759 belluarum
1491 1703 1705 1755 formas.

323 1795 505 1866 Vertit]
533 1796 767 1849 Mutavit.
1539 1777 1551 1793 ’

314 1882 675 1952 Herbipotens]
710 1883 895 1937 llerbis
923 1892 1129 1951 potens.

317 1972 677 2041 Marmaricus]
710 1973 791 2027 Ab
819 1972 1011 2027 Africa:
1050 1972 1287 2042 regione,
1320 1970 1406 2024 ubi
1454 1970 1664 2039 plurimi
1696 1977 1816 2023 sunt

242 2063 443 2116 leones.

314 2150 473 2205 Dente
493 2151 667 2204 crescit
694 2162 741 2204 et
771 2150 1047 2221 unguibus]
1079 2149 1304 2218 Majores
1330 2150 1430 2203 sibi
1467 2159 1521 2202 et
1547 2149 1731 2202 dentes
1761 2158 1815 2201 et

240 2257 442 2311 ungues
466 2242 876 2295 translormatus
909 2242 958 2295 in
996 2243 1200 2295 leonem
1226 2241 1451 2308 accepit.

312 2330 707 2401 Superadditus]
741 2332 1020 2400 Pcrperam
1052 2332 1232 2401 legunt
1261 2332 1482 2395 inducti,
1527 2348 1693 2399 nuper
1720 2331 1816 2381 ad-

239 2421 293 2474 di
321 2435 400 2475 us.
619 2476 636 2492 ,

313 2511 509 2585 Ululut]
542 2515 713 2569 Prima
736 2525 952 2570 extenta
998 2518 1247 2585 positum,
1295 2533 1449 2585 quam
1496 2517 1636 2569 Maro
1682 2533 1815 2569 con-

240 2608 444 2661 traxit:

423 2695 494 2742 Ac
514 2692 679 2743 forma:
700 2708 985 2757 magnorum
1008 2695 1195 2744 ululare
1219 2695 1433 2745 leonum.

315 2773 479 2841 Tigris
510 2774 712 2848 Indica]
743 2776 833 2831 Sic
856 2776 1125 2832 iuvenalis
1156 2789 1332 2847 satyra
1367 2778 1432 2833 15
1462 2817 1474 2828 .

362 2862 525 2912 Indica
548 2865 709 2925 Tigris
727 2868 829 2926 agit
850 2866 1015 2914 rabida
1039 2880 1146 2915 cum
1179 2867 1357 2928 tigride
1381 2879 1568 2927 pacem.

240 2946 566 3016 Pomponius
597 2947 727 3002 Mela
762 2948 897 3002 libro
928 2952 1081 3003 tertio
1109 2967 1119 3000 :
1150 2949 1306 3003 Silva:
1332 2949 1436 3001 alia
1474 2964 1673 3017 quoque
1702 2948 1818 2998 dira

197 3034 211 3047 '
239 3038 503 3102 animalia,
538 3053 707 3090 verum
736 3048 781 3091 et
812 3037 987 3108 Tigres
1012 3043 1177 3105 feruut
1210 3040 1381 3107 utique
1413 3036 1692 3106 Hyrcania:
1718 3051 1817 3088 sa:-

240 3142 355 3179 vum
401 3127 629 3195 ferorum
654 3143 829 3196 genus,
863 3139 910 3180 et
948 3143 1105 3197 usque
1142 3144 1201 3181 eo
1229 3129 1429 3196 pernix,
1463 3137 1515 3180 ut
1541 3126 1646 3180 illis
1673 3128 1821 3196 longe

938 1802 945 1809 π
968 1806 971 1810 μ

842 1826 983 1839 ’Μ

239 3235 439 3287 quoque
481 3236 751 3289 progressu
774 3238 801 3269 ιι
833 3220 1047 3286 equitem
1080 3220 1341 3287 consequi,
1376 3236 1463 3272 nec
1508 3228 1703 3271 tantum
1741 3235 1820 3271 se-
1844 3200 1893 3262 C

239 3309 361 3372 mvl,
393 3311 481 3363 sed
512 3310 775 3377 aliquoties
803 3309 954 3361 etiam
990 3325 1141 3361 cursu
1170 3310 1306 3361 unde
1334 3310 1559 3376 coeperit,
1607 3308 1821 3361 subinde

239 3401 471 3467 repetito,
498 3399 702 3451 solitum
727 3407 773 3451 et
802 3399 951 3466 facile
977 3402 1061 3452 s't.
1104 3396 1270 3451 Causa
1292 3414 1353 3450 ex
1385 3414 1441 3450 eo
1472 3408 1542 3451 est
1561 3399 1699 3468 quod
1739 3399 1823 3451 ubi

238 3487 331 3540 ille
368 3488 666 3557 interceptos
707 3505 882 3542 earum
914 3488 1110 3542 catulos
1152 3489 1281 3542 citus
1312 3490 1460 3559 carpit
1505 3488 1737 3557 ave/ure,
1778 3500 1823 3542 et

240 3582 430 3632 rabiem
471 3581 985 3649 appropinquantium
1028 3585 1391 3653 frustraturus,
1426 3594 1538 3637 astu
1576 3602 1736 3638 unum
1762 3588 1823 3637 de

240 3668 476 3735 pluribus
510 3671 719 3734 omittit,
760 3670 838 3723 lue
864 3673 1141 3741 projectum
1169 3674 1443 3741 accipiunt,
1470 3682 1519 3725 et
1542 3673 1611 3725 ad
1635 3675 1823 3728 cubilia

239 3779 335 3815 sua
363 3763 609 3831 referunt,
631 3778 933 3831 rursumque
954 3775 999 3815 et
1030 3780 1085 3816 sa
1104 3765 1215 3830 pius
1237 3774 1479 3829 remeant,
1514 3775 1662 3833 atque
1690 3765 1825 3818 idem

242 3856 494 3924 efﬁciunt,
527 3855 685 3906 donec
713 3854 781 3907 ad
821 3855 1191 3925 frequentiora,
1220 3872 1371 3923 quam
1402 3856 1547 3908 adire
1572 3857 1822 3921 audeant,

241 3948 501 4015 profusus‘
526 3957 703 4014 raptor
747 3950 944 4001 evadat.
986 3948 1159 4017 Tigris
1212 3953 1291 4015 (ut
1318 3948 1472 4003 divus
1512 3948 1827 4004 Ambrosius

242 4043 384 4094 lilno
417 4038 780 4093 Hexaemeron
809 4049 963 4093 sexto
992 4039 1179 4107 refert)
1212 4041 1293 4093 ubi
1318 4057 1531 4092 vacuum
1553 4049 1716 4107 rapta:
1742 4057 1823 4092 so-

238 4130 373 4182 bolis
404 4130 565 4182 cubile
595 4130 799 4199 reperit,
830 4130 969 4183 illico
1006 4146 1089 4184 ves
1116 4131 1233 4201 iqiis
1280 4134 1497 4201 raptaris
1524 4132 1727 4184 insistit.
1761 4134 1826 4183 At

238 4221 331 4271 i.'le
350 4220 580 4286 quamvis
608 4235 737 4286 equo
756 4230 919 4273 vectus
941 4220 1135 4292 fugaci,
1162 4220 1333 4273 videns
1362 4228 1532 4273 tamen
1566 4222 1828 4275 velocitate

236 4313 369 4378 ferte
400 4323 455 4361 se
490 4324 636 4377 posse
663 4310 912 4378 prwverti,
945 4326 1034 4363 nec
1075 4311 1320 4364 evadendi
1363 4312 1523 4364 ullum
1564 4322 1830 4380 suppetere

234 4400 337 4451 sibi
363 4414 510 4469 posse
536 4400 838 4466 subsidium,
870 4402 1100 4455 teclmam
1136 4396 1427 4473 huiusmodi
1455 4405 1637 4473 fraude
1680 4405 1828 4457 ntali-

236 4500 324 4541 tur
357 4506 376 4541 :
403 4489 487 4542 ubi
505 4506 559 4543 se
580 4492 873 4561 contiguum
900 4494 1099 4557 viderit,
1127 4496 1379 4564 sphwram
1410 4494 1476 4548 de
1504 4497 1550 4548 vi
1576 4513 1632 4549 ro
1665 4498 1830 4567 proji-

236 4581 329 4633 cit.
364 4577 431 4631 At
459 4578 550 4631 illa
579 4580 798 4652 imagine
827 4582 903 4634 sui
922 4584 1136 4647 luditur,
1164 4592 1210 4637 et
1231 4584 1448 4638 sobolem
1483 4594 1647 4649 puta',
1683 4603 1827 4640 revo-

232 4681 323 4722 cat
358 4671 624 4740 impetum,
667 4674 905 4744 colligrre
928 4677 1085 4743 fetum
1111 4678 1423 4730 desiderans.
1455 4679 1653 4733 Rursus
1685 4682 1825 4733 inani

231 4760 409 4827 specie
437 4768 652 4825 retenta,
700 4765 818 4816 totis
864 4781 915 4817 se
944 4766 1011 4818 ad
1052 4767 1580 4834 comprehendendum
1607 4770 1825 4837 equitem

231 4850 432 4904 viribus
457 4854 645 4922 fundit,
688 4864 732 4908 et
762 4856 1039 4911 iracunda:
1083 4861 1291 4912 stimulo
1334 4860 1567 4926 velocior,
1610 4863 1827 4932 fugienti

228 4942 489 4996 imminet.
519 4943 543 4995 Ι
553 4942 621 4996 lle
646 4945 826 4998 iterum
853 4947 1067 5017 splta'ra:
1102 4948 1297 5020 objecta
1343 4961 1628 5016 sequentem
1661 4961 1825 5004 retar-

226 5033 347 5087 dat.
393 5032 506 5088 Nec
548 5044 713 5089 tamen
756 5038 1072 5092 sedulitatem
1121 5042 1295 5095 matris
1327 5042 1569 5095 memoria
1615 5045 1821 5110 fraudis

224 5123 483 5177 excludit.
522 5125 728 5179 Cassam
768 5138 930 5181 versat
966 5129 1267 5200 imaginem,
1301 5141 1346 5183 et
1383 5133 1531 5202 quasi
1568 5134 1820 5187 laetatura

221 5217 371 5283 fetus
399 5215 606 5272 residet.
641 5216 730 5271 Sic
760 5220 960 5285 pietatis
997 5236 1100 5272 sua:
1136 5223 1306 5275 studio
1345 5224 1583 5294 decepta,
1624 5236 1670 5279 et
1709 5227 1822 5279 vin-

217 5304 427 5356 dictam
456 5307 642 5358 amittit
664 5317 709 5360 et
747 5308 965 5377 prolem.

305 5392 475 5464 Mitis]
508 5394 714 5449 Nemini
765 5398 869 5450 vim
904 5397 1155 5453 inferens.
1193 5400 1279 5455 Sic
1311 5418 1373 5456 es
1426 5404 1640 5460 llotueri
1692 5422 1815 5462 sen-

213 5487 403 5539 tentia
432 5486 649 5541 Ovidius
684 5506 698 5542 :

357 5597 495 5669 ιιιίιιε
524 5600 643 5669 lupi,
667 5603 895 5663 mistique
921 5604 1045 5652 Iunis
1066 5607 1263 5669 ursique
1289 5607 1479 5669 lemque.

355 5659 767 5724 Qccursulecere
795 5659 998 5724 metum,
1017 5667 1103 5715 sed
1131 5659 1255 5714 nulla
1280 5659 1508 5720 timenda.

349 5720 599 5793 Nullaque
626 5732 733 5793 erat
756 5734 925 5793 nostro
944 5720 1129 5786 jactura
1157 5730 1203 5775 in
1224 5744 1428 5789 corpore
1453 5736 1647 5793 vulnus,

357 5786 493 5841 Quin
522 5786 667 5834 etiam
685 5786 882 5836 blandas
906 5801 1103 5838 movere
1128 5804 1216 5848 per
1244 5786 1355 5841 ma
1381 5796 1572 5845 caudas.

1399 368 1781 433 M‘UMIELLII
1816 373 2329 435 COMMENTAIHA.

246 492 335 545 dos
361 506 453 556 vn,
486 490 704 545 Ovidius
734 506 823 544 xiv
856 490 1228 560 Metamorpr
1274 489 1531 546 Diodorus
1573 503 1697 545 vero
1723 488 1806 543 Si-
1833 490 1882 546 Ᾱ

3355 383 3373 435 l
3383 380 3488 438 050

2034 488 2304 552 Nostraque
2330 492 2583 542 adulantes
2604 496 2831 543 comitant
2856 494 3078 555 vestigia.

1994 570 2148 642 Licet]
2180 574 2451 638 Quamvis.

1991 663 2217 736 Numen]
2246 666 2503 720 Potentia.

1990 756 2202 810 Arcadis
2233 755 2393 827 alitis]
2428 757 2670 812 Mercurii
2701 760 2753 812 iu
2787 760 3023 815 Arcadia:
3056 769 3235 814 monte
3264 757 3485 827 Cyllene

1916 857 1948 913 κ
1985 846 2101 909 niti,
2134 847 2220 915 qui
2247 848 2460 915 ﬁngitur
2488 863 2517 901 a
2550 850 2718 917 poetis
2743 850 2934 904 alatus.

1990 934 2199 1007 Ducem]
2235 937 2496 1008 Ulyssem.

1990 1026 2229 1098 Solverit]
2255 1027 2578 1083 liberaverit.

1990 1118 2162 1191 Peste]
2196 1119 2456 1186 Pernicie,
2491 1122 2542 1175 in
2574 1137 2723 1176 suem
2750 1123 3232 1177 translormatione.

1992 1207 2245 1280 Hospitis]
2277 1210 2476 1265 Circes.
2508 1212 2754 1266 Mercurii
2784 1214 2923 1266 enim
2956 1224 3065 1267 tum
3096 1214 3339 1279 consilio,
3376 1222 3485 1267 tum

1919 1296 2177 1351 beneﬁcio
2204 1300 2283 1368 (ut
2323 1300 2482 1355 refert
2510 1300 2794 1371 Homerus)
2826 1302 3040 1373 Ulysses
3072 1319 3136 1358 ne
3172 1305 3221 1356 in
3260 1304 3487 1360 belluarn

1920 1387 2413 1455 transformaretur,
2448 1401 2690 1447 servatus
2718 1404 2817 1447 est.
2862 1393 3011 1448 Unde
3041 1394 3259 1448 Ovidius
3291 1395 3487 1451 llome-

1920 1491 2033 1529 rum
2058 1476 2292 1530 imitatus
2310 1519 2324 1542 ,

2041 1566 2229 1634 Paci'er
2246 1568 2356 1617 huic
2374 1570 2580 1634 dederat
2603 1572 2770 1620 ﬂorem
2796 1572 3040 1634 Cyllenius
3062 1574 3243 1634 album,

2040 1628 2162 1690 bloly
2184 1638 2355 1679 vocant
2380 1633 2564 1690 superi,
2593 1634 2725 1689 nigra
2748 1628 2908 1682 radice
2938 1642 3136 1683 tenetur

2037 1688 2192 1753 '_i_‘utus
2209 1704 2286 1749 eo,
2314 1688 2605 1753 moni'lique
2622 1697 2759 1742 simul
2787 1696 3065 1744 cmleslibus
3085 1702 3227 1744 intrat

2040 1749 2127 1798 Ille
2151 1752 2342 1799 domum
2367 1749 2547 1803 Circes.

1997 1832 2249 1905 llemiqes]
2286 1836 2487 1905 Ulyssis
2517 1839 2667 1892 socii.

1994 1923 2157 1996 Mala]
2187 1925 2370 1990 Noxia,
2404 1930 2658 1992 veneﬁca,
2692 1930 2888 1996 pernici
2929 1946 3004 1981 sn.

1992 2013 2295 2085 Traxerunt]
2324 2017 2590 2071 Biberant.

1991 2104 2219 2159 Cerealia
2242 2106 2445 2177 pabula]
2473 2108 2663 2163 Panes.

1991 2194 2213 2265 Glande]
2244 2195 2532 2251 Porcorum
2564 2199 2775 2265 paliulo.

2002 2285 2288 2357 Verterant]
2316 2287 2638 2342 Mutamrnnt
2652 2329 2664 2341 .

2004 2375 2151 2446 Voce]
2180 2377 2432 2447 Loquela.

1989 2468 2232 2541 Corpore]
2266 2472 2421 2526 Deest
2452 2484 2518 2525 et.

1997 2560 2167 2631 Nihil]
2199 2561 2434 2616 Subaudi
2461 2574 2643 2634 prreter
2671 2578 2901 2617 mentem.

1995 2650 2185 2721 Super]
2214 2652 2453 2721 Insuper.

1998 2742 2254 2814 Monstra]
2285 2744 2827 2799 Trunslormationes.
2867 2746 3114 2813 Virgilius
3148 2762 3161 2798 :

2046 2832 2166 2891 Quae
2190 2846 2254 2883 ne
2279 2841 2489 2884 monstra
2518 2836 2581 2895 pii
2609 2842 2893 2896 paterentur
2936 2835 3046 2899 talia
3069 2849 3251 2883 manes.

1996 2916 2196 2988 Lerem]
2228 2918 2416 2971 Parum
2440 2917 2734 2973 efﬁcacem.

1998 3009 2232 3079 Manum]
2263 3010 2579 3064 Potentiam.

2000 3100 2159 3172 Licet]
2190 3103 2464 3169 Quamvis.

1998 3192 2183 3264 Corda]
2224 3193 2465 3248 Animos.

1998 3281 2127 3337 Hcce
2154 3282 2361 3355 venena]
2390 3283 2521 3337 Vitia

2000 3372 2286 3445 Potentius]
2314 3374 2597 3427 Elﬁcacius
2618 3390 2773 3442 quam
2805 3374 2986 3428 Circes
3016 3388 3236 3427 venena.

1998 3463 2130 3535 Sibi]
2162 3464 2220 3518 Ei
2252 3465 2372 3533 ipsi.
2400 3464 2715 3534 Atyrologia
2745 3476 2823 3519 est
2856 3465 3010 3520 metri
3040 3468 3226 3535 gratia.

2000 3557 2148 3628 Dira]
2180 3558 2457 3613 Pestifera.

2003 3648 2239 3719 Penitus]
2271 3648 2411 3703 Intra
2441 3648 2676 3702 animum

2002 3739 2191 3793 Mentis
2220 3740 2445 3811 vulnere]
2476 3740 2625 3804 Quod
2652 3741 2888 3807 profecto
2910 3742 3138 3793 max'me
3170 3737 3314 3792 laedit
3336 3736 3496 3789 homi-

1930 3846 2073 3882 nent.
2118 3830 2277 3883 Divus
2330 3829 2643 3884 Ambrosius
2686 3829 2822 3882 l.bro
2868 3827 3224 3897 Epistolarum
3271 3824 3497 3894 quinto:

1930 3918 2124 3972 Nullus
2151 3919 2283 3971 enim
2314 3920 2482 3987 major
2510 3928 2584 3970 est
2622 3919 2769 3970 dolor
2793 3933 2947 3985 quant
2976 3917 3019 3969 is
3049 3916 3133 3983 qui
3163 3914 3353 3983 percuti
3397 3929 3500 3963 mu-

1930 4027 2080 4064 crone
2111 4010 2338 4063 vulnerat
2383 4009 2791 4062 conscirntiam’:
2821 4022 2980 4077 neque
3006 4006 3169 4059 ullum
3204 4002 3405 4073 gravius
3434 4013 3503 4054 est

1931 4116 2059 4153 onus
2082 4116 2233 4168 quam
2262 4112 2582 4169 peccatorum
2624 4100 2825 4153 sarcina
2860 4107 2906 4152 et
2932 4098 3129 4168 pondus
3168 4093 3503 4165 flagitiorum.

1932 4188 2185 4258 Deprimit
2210 4190 2456 4255 animam,
2480 4197 2652 4243 currat
2673 4205 2831 4257 usque
2847 4188 2914 4241 ad
2931 4199 3138 4249 .‘erram,
3168 4202 3228 4238 ne
3246 4200 3299 4237 se
3317 4182 3505 4249 eripere

1932 4282 2110 4347 possit.
2166 4279 2353 4334 Gravia
2383 4279 2489 4347 fili,
2521 4274 2695 4350 gravia
2732 4279 2883 4333 nimis
2922 4278 3222 4331 delictorum
3261 4270 3505 4342 pondera.

1932 4368 2074 4424 Idem
2108 4370 2242 4424 libro
2268 4370 2334 4423 de
2363 4369 2567 4425 Ofﬁciis
2598 4370 2768 4439 primo
2796 4387 2808 4423 :
2846 4368 3000 4422 Vides
3021 4364 3301 4419 convivium
3335 4375 3505 4425 pecca-

1934 4461 2079 4524 toris,
2106 4460 2362 4528 interroga
2390 4461 2751 4514 conscientiam
2790 4463 2919 4531 ejus.
2960 4456 3143 4510 Nonne
3167 4452 3367 4522 gravius
3398 4454 3506 4501 om-

1860 4567 1907 4628 ι)
1934 4549 2079 4603 nibus
2109 4551 2226 4617 fetet
2256 4551 2548 4618 sepulcris?
2584 4549 2805 4603 Intueris
2846 4549 3074 4602 la’titiam
3118 4548 3247 4617 ejus,
3288 4550 3335 4596 et
3366 4541 3478 4595 salu

1933 4640 2163 4693 britatem
2206 4642 2405 4693 miraris
2444 4642 2692 4711 corporis,
2734 4641 2957 4708 ﬁliorum
2984 4650 3133 4707 atque
3172 4653 3324 4708 opum
3350 4636 3483 4688 abun

1931 4731 2181 4784 dantiam.
2229 4731 2515 4799 lntrospice
2559 4731 2760 4793 ulcera,
2811 4739 2857 4783 et
2900 4729 3083 4782 vivacis
3130 4729 3313 4781 anima:
3356 4730 3465 4797 ejus
3494 4771 3506 4789 ,

1930 4827 2196 4895 cordisque
2242 4826 2646 4880 moestitudinem.
2697 4824 2899 4877 Rursus
2927 4821 3236 4876 Olﬁciorum
3266 4835 3320 4873 ιιι
3347 4837 3359 4871 :
3386 4819 3506 4883 Qua

1931 4919 2063 4972 enim
2089 4933 2236 4987 poena
2262 4918 2464 4986 gravior
2485 4933 2637 4986 quam
2663 4914 2921 4970 interioris
2944 4911 3125 4965 vulnus
3150 4911 3467 4965 conscientia:
3495 4912 3505 4939 '

1934 5011 2236 5066 Lodovicus
2262 5010 2420 5079 Bigns
2450 5027 2463 5063 :

2433 5101 2579 5149 Brevi
2603 5100 2827 5147 damnosa
2852 5098 3073 5159 voluptas

2055 5163 2299 5225 Neqnilize
2323 5164 2511 5220 transit,
2536 5162 2623 5210 sed
2651 5161 2873 5225 vulnerat
2898 5155 3024 5217 ossa,
3049 5155 3305 5212 medullas,

2057 5222 2292 5284 Mentem,
2321 5226 2635 5284 animumque
2659 5222 2820 5270 simul.

1932 5310 2071 5363 ΙιΙιίιι
2110 5328 2124 5363 :

2058 5399 2285 5448 Fallimur
2309 5399 2405 5445 heu
2433 5396 2616 5451 miseri,
2654 5409 2746 5443 non
2773 5402 2845 5442 est
2872 5408 2932 5441 ex
2960 5396 3183 5440 rtnsei-us
3207 5387 3355 5437 ullum

2120 5461 2378 5520 Flagitium
2406 5472 2417 5506 :
2450 5459 2495 5505 in
2520 5459 2679 5505 niedio
2705 5464 3080 5520 pectorehl‘egtttt
3108 5459 3265 5499 tenet.

2058 5517 2243 5569 annns
2264 5523 2357 5569 bial
2384 5519 2585 5568 lettiale.
2615 5528 2775 5565 tamen
2804 5517 3038 5562 medicina
3066 5521 3260 5571 paratur

2116 5580 2271 5631 Nulla.
2302 5594 2392 5628 nec
2418 5595 2441 5626 a
2468 5581 2608 5627 nobis
2628 5580 2839 5624 curritur
2863 5576 2919 5622 ad
2947 5577 3202 5622 medicum.

2059 5645 2144 5693 llia
2169 5647 2207 5691 si
2233 5642 2448 5700 doleant,
2470 5644 2617 5689 terris
2641 5649 2954 5700 peragramus
2979 5643 3031 5683 et
3055 5648 3241 5695 aequm,

2117 5708 2285 5755 Curam
2309 5706 2455 5753 animi
2478 5702 2637 5750 nullus
2651 5700 2922 5748 deﬁcientis
2946 5699 3111 5745 habet.

1934 5790 2039 5844 Nos
2065 5804 2274 5854 quiaque
2302 5789 2425 5842 ofim
2455 5786 2673 5841 iuvenes
2710 5784 3020 5849 admoium,
3052 5782 3101 5836 in
3128 5780 3311 5852 elegiis
3336 5792 3519 5850 mora,
