4022 6366
542 338 669 394 1051

542 450 673 505 libus
705 450 779 502 sic
810 441 1031 499 lus'imus
1062 457 1221 509 super
1249 455 1303 493 re
1336 438 1553 491 minime
1583 435 1781 489 ludicra
1813 450 1823 484 ε

659 538 918 602 Splendida
940 536 1173 595 magnifici
1201 532 1362 580 cernis
1387 531 1602 602 convivia
1625 527 1772 589 regis,

722 602 951 649 Astantes
974 590 1173 657 pueros,
1201 606 1354 657 aurea
1379 590 1665 657 tasa__vides.

662 664 791 710 ll‘ius
817 652 1033 708 mentem
1060 659 1100 704 si
1130 654 1255 703 forte
1278 653 1449 702 videre
1486 652 1681 708 liceret,

727 722 898 768 l'lcera
926 720 1231 777 perspiceres
1251 714 1515 762 sordidiora
1538 712 1660 770 luto,

660 767 945 832 Innumeras
971 767 1151 838 pestes,
1181 776 1451 838 et‘p‘urima
1480 767 1690 820 monstra
1712 767 1928 825 videres,

720 842 916 891 Inferno
935 835 1081 901 longe
1106 839 1209 899 plus
1234 835 1459 897 fugienda
1481 845 1620 882 cane.

1084 921 1145 974 IN
1189 919 1361 973 PBUS
1376 917 1459 969 \M
1500 915 1590 969 IV.

609 1016 719 1069 Hac
746 1027 899 1082 prosa
927 998 1155 1080 primum
1181 1008 1395 1075 quidem
1429 1005 1619 1057 fatetur
1649 1000 1934 1057 Severinus
1963 996 2120 1051 vitio-

534 1124 647 1168 sos,
675 1104 882 1157 tametsi
915 1103 1147 1168 speciem
1175 1098 1391 1151 humani
1423 1095 1667 1163 corporis
1692 1092 1971 1154 retineant,
2005 1090 2120 1143 ani-

537 1192 747 1246 morum
779 1200 956 1245 tamen
992 1190 1244 1255 qualitate
1275 1187 1325 1239 in
1353 1185 1557 1238 belluas
1597 1177 1987 1235 transformari.
2012 1177 2115 1232 Ve-

545 1300 664 1336 rum
691 1283 743 1335 id
766 1283 867 1335 sibi
900 1280 1143 1334 mirabile
1172 1293 1291 1333 cum
1320 1274 1526 1345 primis,
1557 1272 1934 1341 indignumque
1950 1268 2123 1323 videri

538 1376 637 1439 ait,
659 1374 713 1427 in
740 1380 939 1426 tantam
957 1374 1213 1425 vilitatem
1228 1370 1463 1436 abjectos
1476 1367 1529 1421 in
1547 1367 1807 1420 bonorum
1829 1363 2119 1433 perniciem

540 1467 773 1535 grassari
799 1482 974 1533 posse,
988 1474 1041 1518 et
1063 1465 1198 1516 male
1213 1462 1494 1529 concupita
1514 1468 1842 1529 perpetrare:
1861 1460 1943 1512 cui
1958 1458 2122 1513 veris-

544 1558 694 1609 simis
724 1556 1015 1609 rationibus
1045 1566 1329 1608 occurrens
1357 1549 1833 1618 PliilOSOphia,duo
1856 1548 2068 1602 disserit
2092 1563 2121 1599 a

553 1650 754 1717 vu'gari
782 1648 992 1717 quidem
1015 1646 1265 1713 opinione
1300 1645 1455 1712 longe
1475 1642 1669 1708 aliena,
1708 1655 1806 1696 nec
1833 1651 2007 1693 tamen
2026 1640 2124 1692 mi-

547 1755 647 1792 nus
672 1732 815 1792 vera.
840 1739 1074 1804 Quorum
1107 1738 1332 1790 alterum
1362 1744 1463 1799 est,
1497 1735 1663 1787 multo
1692 1733 1999 1787 miseriores
2020 1730 2122 1782 im-

545 1831 740 1896 probos
770 1830 900 1891 ﬁeri,
918 1843 1035 1882 cum
1053 1826 1259 1880 libidini
1275 1841 1386 1878 sua:
1405 1825 1644 1878 fecerunt
1659 1823 1808 1887 satis,
1825 1837 1981 1891 quam
2004 1836 2123 1875 cum

548 1935 820 1987 perperam
844 1919 1073 1984 appetita
1092 1916 1310 1985 exsequi
1343 1916 1697 1984 nequiverint.
1725 1916 1963 1967 Alterum
1980 1928 2126 1976 vero,

544 2014 721 2064 minus
753 2011 975 2062 miseros
1002 2025 1121 2063 esse
1156 2010 1343 2070 malos,
1369 2006 1658 2061 facinorum
1689 2020 1907 2060 suorum
1939 2019 2123 2073 poenas

546 2099 905 2167 expendentes
936 2115 948 2149 :
980 2098 1186 2150 tametsi
1217 2097 1357 2149 nulla
1383 2096 1733 2149 cornetionis
1770 2092 1924 2159 ratio,
1953 2095 2130 2147 nullus

544 2189 776 2255 exetnpfi
816 2198 1089 2257 tespectus
1132 2187 1409 2253 habeatur,
1439 2203 1593 2252 quam
1627 2186 1671 2239 si
1699 2201 1762 2240 eo
1803 2186 2016 2253 itnpune
2062 2184 2127 2238 ad

548 2287 759 2344 tempus
788 2278 1057 2331 elabentes
1096 2277 1238 2329 nulla
1261 2275 1477 2344 justitia:
1511 2291 1664 2344 poma
1695 2283 1959 2329 coerceat.
2054 2260 2064 2272 ’

618 2368 942 2422 Convenienti
973 2368 1119 2437 loco]
1155 2369 1207 2420 lu
1248 2368 1405 2435 hujus
1434 2367 1553 2421 libri
1589 2381 1742 2435 prosa
1772 2376 1949 2420 sexta.

622 2460 676 2513 Μ
684 2464 791 2515 ulto
814 2462 970 2531 igitur
989 2459 1322 2530 infeliciores]
1349 2460 1597 2515 Socrates
1618 2460 1755 2528 apud
1778 2458 2047 2513 Platonem
2079 2459 2129 2511 in

554 2552 746 2620 Gorgia
772 2568 787 2609 :
822 2553 1114 2607 Secundum
1139 2568 1254 2605 vero
1269 2554 1571 2605 sententiam
1600 2567 1781 2615 meam,
1810 2567 1840 2604 ο
1869 2550 2015 2617 Pole,
2045 2556 2130 2619 qui

549 2646 842 2714 injuriatur,
874 2645 1189 2711 injustusque
1217 2654 1319 2706 est,
1344 2645 1632 2696 omninoest
1657 2652 1775 2694 ante
1798 2642 1929 2695 alios
1956 2646 2130 2697 miser:

549 2734 777 2787 miserior
799 2736 1045 2800 autem,si
1071 2734 1374 2803 injuriarum
1397 2750 1567 2799 plenas
1584 2750 1839 2801 nunquam
1872 2735 2009 2797 luat;
2036 2736 2130 2788 mi-

549 2840 643 2877 nus
661 2840 771 2876 vero
794 2825 962 2889 miser,
984 2826 1025 2875 si
1048 2824 1177 2889 luat,
1204 2824 1607 2893 suppliciumque
1621 2826 1825 2891 jussum
1851 2826 1990 2893 apud
2012 2827 2130 2879 deos

549 2915 867 2983 hominesque
899 2926 1138 2982 reportet.
1178 2916 1334 2968 Divus
1375 2917 1700 2984 Augustinus
1732 2915 1867 2968 libro
1893 2915 1957 2968 de
1986 2916 2129 2969 Civi-

548 3019 653 3063 tate
670 3010 759 3063 Dei
791 3025 886 3072 xu,
918 3011 1090 3077 capite
1109 3010 1142 3062 ‘5
1171 3027 1182 3061 :
1211 3009 1273 3061 Et
1296 3026 1407 3061 cum
1433 3010 1483 3061 in
1508 3010 1668 3078 panis
1689 3018 1760 3063 est
1784 3017 1967 3061 natura
1984 3010 2131 3061 vitio-

549 3116 620 3161 sa,
650 3108 854 3169 excepto
881 3116 937 3151 co
959 3102 1094 3169 quod
1120 3110 1304 3151 natura
1332 3108 1423 3163 est,
1452 3098 1603 3152 etiam
1622 3099 1718 3151 hoc
1739 3099 1807 3151 ibi
1829 3099 2010 3151 bonum
2034 3107 2124 3161 est,

549 3191 680 3256 quod
704 3191 951 3259 impunita
991 3206 1093 3242 non
1119 3199 1189 3242 est
1217 3206 1235 3243 :
1263 3190 1358 3243 hoc
1385 3191 1518 3243 enim
1560 3199 1633 3244 est
1656 3183 1876 3260 justum,
1907 3198 1952 3242 et
1982 3207 2127 3243 omne

548 3283 761 3347 justum,
788 3281 966 3348 procul
998 3281 1151 3333 dubio
1184 3282 1388 3333 bonum.
1444 3298 1461 3314 ·

1081 3371 1144 3423 ΙΝ
1187 3371 1473 3426 METBUM
1518 3371 1602 3426 IV.

617 3461 842 3513 Carmen
874 3468 956 3514 est
976 3461 1185 3515 dicolnn
1202 3462 1538 3532 distrophon,
1557 3464 1724 3517 altero
1742 3478 1895 3517 versu
1927 3464 2123 3519 hende-

551 3550 815 3618 casyllabo
837 3562 1105 3618 constans,
1128 3554 1295 3608 altero
1318 3556 1553 3624 elegiaco
1578 3565 1925 3622 pentametro.
1956 3557 2124 3611 Exse-

550 3652 725 3693 cratur
756 3657 819 3694 eo
847 3642 1183 3712 PItilOSOphia
1218 3660 1394 3700 mores
1433 3648 1705 3700 hominum
1736 3647 2006 3714 efferatos,
2031 3649 2121 3717 qui

550 3747 667 3785 cum
720 3734 961 3802 plurimis
1010 3734 1259 3805 periculis
1308 3737 1416 3791 sint
1460 3737 1696 3801 obnoxii,
1728 3738 1895 3794 nihilo
1948 3741 2122 3798 secius

549 3825 773 3881 invicem
802 3827 959 3881 bellis
990 3829 1236 3896 gerendis
1264 3840 1488 3885 mortem
1522 3840 1832 3901 properant,
1861 3843 1915 3886 et
1939 3842 2119 3887 mutua

548 3927 721 3986 Strage
748 3917 1073 3973 deszeviunt:
1104 3936 1223 3974 cum
1255 3921 1379 3975 boni
1401 3918 1670 3991 jure’sunt
1692 3923 1968 3994 diligendi,
1997 3925 2121 3978 mali

549 4021 674 4061 vero
706 4011 874 4078 magis
906 4011 1215 4080 miserandi,
1248 3996 1406 4082 quam
1436 4014 1774 4084 insequendi.

620 4096 845 4169 Fatum]
880 4101 1123 4155 Mortem.

618 4189 783 4262 Ense]
814 4192 1024 4247 Gladio.
1058 4193 1290 4266 Legatur
1318 4196 1490 4267 elegia
1534 4196 1770 4263 Tibulli,
1822 4195 1975 4267 cujus
2018 4197 2123 4253 irai-

548 4282 672 4333 lium
707 4299 719 4334 :

667 4377 783 4430 Quis
807 4376 895 4426 fuit
913 4378 1182 4428 horrendos
1206 4383 1388 4442 primus
1406 4385 1486 4444 qui
1516 4382 1713 4455 protulit
1738 4382 1916 4432 enses?

1187 322 1529 383 APPENDIX
1568 322 1656 375 AD
1697 318 1938 373 LIBROS
1979 315 2063 369 DE
2101 304 2619 367 CONSOLATIONE
2660 310 3152 367 PIIILOSOPII‘IE.

2141 424 2193 484 Α
2221 434 2381 491 tatur,
2420 435 2475 478 ut
2506 427 2735 489 vincula,
2766 436 2816 477 ut
2844 441 3110 487 carceres,
3144 425 3440 493 squalorcs,
3468 435 3520 476 ut
3552 426 3797 489 verbera,

2217 532 2334 583 qua:
2361 532 2425 569 ex
2459 517 2630 584 legum
2660 540 2669 578 ι
2694 518 2970 585 rmscripto
3000 515 3311 585 perniciosis
3334 518 3564 568 constitu
3591 533 3618 567 a
3654 530 3795 572 sunt.

2217 606 2287 659 At
2315 607 2365 658 lii
2394 608 2606 675 impune
2654 608 2913 670 evadunt,
2960 605 3201 659 insontes
3242 614 3419 658 autem
3469 610 3795 672 p'ectnntur.

2218 696 2379 762 Cujus
2410 713 2622 751 causam
2653 696 2982 751 confusionis
3012 696 3431 749 admirabundus
3454 712 3517 748 ex
3553 696 3796 750 Philosm

3664 320 3796 369 {033

2221 788 2339 855 phia
2367 789 2580 843 Boetius
2603 790 2925 843 sciscitatur.

2756 882 2819 933 IN
2864 879 3149 933 METRUM
3194 879 3255 932 ν.

2292 971 2565 1039 Exemplis
2595 971 2792 1040 colligit
2826 986 2857 1024 e
2882 986 3165 1024 causarum
3209 970 3539 1037 ignoratione
3566 970 3799 1023 admira-

2221 1064 2418 1117 tionem
2444 1062 2596 1125 oriri,
2630 1062 2821 1131 quibus
2845 1063 3079 1129 acceptis
3105 1072 3159 1115 et
3176 1061 3383 1128 penitus
3403 1063 3658 1130 cognitis,
3689 1064 3797 1114 lucc

2221 1168 2251 1207 e
2282 1152 2456 1206 medio
2486 1152 2711 1214 tollitur,
2742 1152 3086 1219 succeditque
3128 1150 3372 1204 scientia.
3397 1150 3624 1204 Carmen
3660 1152 3797 1203 dico-

2222 1247 2309 1299 Iou
2359 1256 2438 1298 est
2489 1244 2831 1311 distrophon,
2864 1244 3071 1297 tametsi
3133 1242 3377 1295 bicolaus
3432 1242 3691 1295 Perottus
3731 1245 3800 1295 vir

2223 1336 2416 1403 alioqui
2464 1334 2841 1398 doctissimus,
2884 1349 3067 1402 patum
3116 1346 3372 1401 perpensa
3422 1346 3679 1385 versuum
3731 1347 3802 1383 ης

2224 1427 2391 1490 tione,
2419 1423 2699 1478 tradiderit
2729 1424 2830 1477 lroc
2855 1438 3067 1477 carmen
3095 1438 3214 1476 esse
3243 1422 3585 1492 dactylicum,
3608 1422 3801 1474 alcma-

2226 1522 2371 1569 nium
2421 1523 2785 1567 tetrametrum
2834 1515 3341 1585 hypercatalectum,
3391 1512 3699 1580 cuiusmodi
3732 1520 3801 1566 est

2227 1608 2356 1659 illud
2388 1604 2542 1672 primi
2573 1604 2715 1657 libri.

2410 1696 2517 1770 Iiep
2544 1709 2689 1758 quam
2712 1696 2946 1758 prazcipiti
2968 1706 3128 1744 mersa
3154 1694 3406 1757 profundo.

2153 1787 2201 1847 Β
2233 1780 2308 1833 Ah
2364 1796 2428 1832 eo
2476 1794 2701 1847 namque
2741 1779 2910 1831 differt
2965 1778 3066 1833 hoc
3120 1780 3409 1847 (quantum
3458 1777 3524 1830 ad
3572 1776 3802 1846 primum

2237 1887 2445 1923 versum
2482 1870 2740 1936 pertinet)
2776 1870 2917 1937 quod
2947 1869 3032 1922 hic
3055 1869 3107 1922 in
3136 1870 3305 1937 prima
3337 1867 3555 1936 regione
3590 1881 3801 1934 semper

2236 1964 2520 2023 trochaeus,
2552 1962 2619 2015 ibi
2653 1977 2754 2015 non
2799 1961 3087 2026 trochteus,
3121 1961 3212 2014 sed
3254 1960 3523 2028 spondeus
3550 1960 3638 2014 vel
3686 1959 3803 2012 dac-

2236 2053 2377 2121 tylus
2407 2065 2506 2105 εει.
2534 2052 2742 2105 Primus
2761 2052 2917 2119 igitur
2950 2051 3105 2118 hujus
3128 2050 3379 2103 carminis
3403 2063 3588 2102 versus
3620 2050 3803 2105 mistus

2234 2144 2451 2198 videtur
2494 2160 2556 2197 ex
2606 2144 2872 2212 Sapphico
2914 2151 2969 2196 et
3014 2142 3307 2205 Alcmanio,
3336 2152 3587 2195 constans
3638 2142 3803 2208 primo

2221 2235 2487 2297 'trocha‘o,
2518 2234 2753 2288 secundo
2792 2233 3031 2301 Spondeo
3076 2233 3161 2285 vel
3194 2232 3426 2302 dactylo,
3475 2246 3538 2283 ac
3573 2232 3803 2298 spondeo

2235 2340 2331 2379 seu
2383 2328 2640 2380 trochaeo.
2668 2325 2942 2379 Secundus
2995 2334 3171 2376 autem
3225 2336 3412 2376 versus
3449 2322 3697 2375 Alcaicus
3733 2330 3804 2374 est

2235 2427 2562 2477 tetrameter,
2591 2417 2870 2480 iainbicus,
2896 2425 3146 2468 constans
3171 2413 3534 2482 penlemimeri
3562 2413 3804 2475 iambica,

2235 2507 2446 2578 dactylo
2478 2517 2531 2560 et
2556 2507 2816 2575 spondeo,
2848 2504 3102 2560 diﬂ'erens
3132 2505 3199 2559 ab
3239 2505 3328 2557 illo
3360 2502 3563 2557 Iloratii
3603 2514 3803 2557 tantum

2236 2604 2505 2650 uostremo
2536 2596 2669 2664 pede
2698 2613 2712 2650 :

2421 2686 2566 2734 Vides
2583 2693 2634 2734 ut
2657 2685 2751 2734 alta
2776 2692 2875 2734 stet
2899 2687 3010 2733 nive
3036 2685 3308 2734 candidum.

2234 2769 2363 2820 Nam
2409 2767 2516 2822 illic
2561 2769 2807 2837 dactylus
2838 2778 2941 2834 est,
2973 2768 3058 2822 hic
3107 2769 3376 2837 spondeus
3406 2768 3738 2837 temporibus
3764 2770 3805 2821 ei

2235 2856 2584 2926 respondens.
2617 2857 2753 2924 Quid
2796 2859 2838 2911 si
2865 2858 3161 2911 dixerimus
3184 2868 3236 2911 et
3266 2858 3558 2911 secundum
3600 2873 3804 2912 versum

2233 2945 2584 3011 compositum
2613 2954 2679 2999 ex
2708 2945 2922 2999 Alcaico
2950 2946 3226 2999 dimidiato
3240 2947 3551 3000 Alcmanio?
3571 2947 3674 3001 Sed
3698 2949 3833 3020 hazc.

2235 3035 2432 3087 nemini
2479 3036 2722 3089 miranda
2756 3036 3059 3103 videantur,
3090 3037 3133 3091 si
3164 3038 3453 3092 Severinus
3480 3048 3665 3092 noster
3689 3042 3803 3094 artis

2237 3128 2450 3179 musicae
2480 3128 2640 3196 longe
2682 3128 3048 3195 doctissimus,
3095 3146 3192 3185 suo
3240 3130 3355 3195 iure
3384 3134 3629 3187 versibus
3666 3136 3803 3190 novis

2232 3225 2425 3279 utatur,
2462 3219 2548 3285 qni
2580 3219 2719 3286 apud
2766 3218 2899 3273 alios
2924 3218 3143 3273 Latinos
3172 3231 3357 3289 poetas
3398 3222 3619 3276 minime
3670 3223 3803 3276 inve«

2229 3308 2470 3371 niamur;
2504 3321 2626 3360 cum
2675 3323 2799 3362 eum
2848 3317 3062 3363 constet
3105 3317 3405 3379 temporum
3440 3312 3803 3379 pr0portiones

2227 3399 2513 3468 diligenter
2562 3402 2911 3468 observasse,
2944 3416 2995 3457 et
3026 3421 3091 3459 ex
3117 3415 3231 3459 arte
3264 3407 3467 3460 musica
3518 3409 3804 3463 modulato:

2227 3492 2324 3545 hos
2358 3508 2543 3547 versus
2573 3509 2702 3548 sane
2733 3510 2888 3563 quam
2917 3496 3143 3550 dulciter
3172 3498 3460 3551 cecinisse.

2296 3582 2545 3655 Cardine]
2572 3584 2807 3640 Cardini.
2842 3587 3137 3656 Amiptosis
3166 3597 3247 3641 est
3278 3606 3289 3640 :
3315 3602 3479 3642 casus
3514 3590 3657 3643 enim
3700 3602 3789 3659 pro

2224 3689 2349 3729 casu
2377 3677 2609 3744 ponitur.
2641 3677 2730 3731 Sic
2760 3679 3003 3748 Virgilius
3033 3698 3045 3732 :

2476 3769 2533 3817 Et
2553 3783 2731 3832 magno
2755 3784 2811 3819 se
2836 3784 3041 3833 corpore
3068 3773 3269 3821 miscet:

2227 3870 2321 3923 pro
2351 3857 2585 3924 corpori.

2297 3944 2484 4015 Legat]
2518 3946 2825 3999 Prtetereat.

2297 4035 2505 4107 Bootes]
2540 4037 2921 4108 Arctophylax.
2956 4039 3151 4093 Bootes
3181 4040 3351 4093 oritur
3383 4040 3541 4095 tertio
3570 4041 3685 4096 idus
3714 4041 3801 4097 Fe~

2225 4127 2484 4191 bruarias,
2522 4138 2580 4181 ut
2632 4129 2788 4182 docet
2834 4128 3055 4183 Ovidius
3104 4130 3156 4182 in
3209 4130 3401 4184 Fastis.
3453 4133 3801 4203 Arctophylax

2225 4230 2399 4273 autem
2434 4220 2818 4289 interpretatur
2849 4222 2970 4275 Ursi
3000 4232 3203 4276 custos.
3234 4222 3375 4276 Idem
3426 4223 3586 4277 etiam
3630 4224 3799 4294 appel-

2224 4310 2361 4364 latur
2391 4312 2605 4365 Bootes.
2638 4310 2860 4364 Manlius
2892 4327 2906 4363 :

2348 4403 2389 4450 A
2415 4410 2559 4463 tergo
2582 4404 2709 4451 nitet
2735 4402 3078 4465 Arctophylax,
3114 4402 3344 4464 idemque
3369 4404 3570 4452 Bedes.

614 4455 912 4529 Miseresce]
938 4461 1207 4516 Miserere.
1232 4463 1517 4518 Miseresco
1545 4465 1828 4519 deductum
1862 4475 1937 4519 est
1962 4480 1989 4517 a
2022 4465 2119 4519 mi-

2232 4489 2295 4541 Et
2326 4488 2512 4541 Cicero
2544 4489 2609 4541 de
2636 4488 2832 4541 Natura
2855 4487 3078 4541 deorum
3099 4487 3246 4541 Arati
3276 4502 3490 4541 versum
3522 4488 3589 4540 ita
3613 4486 3796 4541 refert:

548 4553 716 4604 sereo.
742 4548 878 4615 quod
906 4550 1045 4617 apud
1070 4562 1279 4606 veteres
1308 4553 1405 4606 fuit
1429 4557 1709 4623 personale
1737 4556 1977 4609 verbum.
2016 4558 2122 4610 En-

550 4636 661 4687 nius
692 4636 827 4689 libro
852 4640 1139 4695 Annalium
1176 4644 1363 4712 quinto
1396 4662 1407 4696 :

663 4723 914 4785 Cogebaut
936 4728 1119 4779 hosteis
1144 4729 1488 4795 lacrymantes,
1513 4741 1564 4783 ut
1588 4735 1905 4784 misererent.

1112 4813 1177 4865 IN
1219 4813 1489 4869 PROSAM
1536 4815 1596 4868 V.

616 4897 880 4952 llactenus
897 4899 1145 4956 disseruit
1169 4906 1337 4959 malos
1354 4921 1540 4961 omnes
1564 4907 1789 4961 miseros
1806 4921 1926 4961 esse
1940 4917 1991 4961 et
2008 4910 2123 4958 ani-

550 5002 747 5040 morum
793 4990 1046 5057 qualitate
1068 4992 1394 5062 degenerare
1417 4997 1467 5050 in
1500 4997 1725 5055 belluas.
1754 4998 1923 5052 bonos
1946 5008 2121 5052 autem

550 5080 727 5135 lieatos
756 5091 809 5138 et
838 5084 967 5137 deos
1010 5086 1256 5141 evadere.
1292 5088 1486 5142 Verum
1534 5089 1615 5142 his
1656 5089 1951 5145 Severinus
1989 5106 2122 5142 non-

548 5176 667 5227 dum
700 5177 842 5229 omni
874 5191 936 5229 ex
988 5189 1136 5245 parte
1185 5181 1512 5244 consolatus,
1540 5181 1777 5249 pristina:
1809 5195 1919 5234 sua:
1949 5181 2123 5249 digni-

548 5264 665 5316 tatis
696 5280 923 5333 memor,
957 5276 1009 5321 et
1043 5267 1283 5321 exsilium
1328 5279 1705 5338 acccptamque
1745 5272 2121 5325 contumeliam

548 5355 837 5409 etiamnum
889 5373 1029 5427 (egre
1083 5358 1628 5429 ferens(quanquam
1662 5370 1786 5416 ante
1838 5363 2117 5431 probatum

549 5455 624 5500 [δι
668 5449 893 5504 fortuna:
950 5452 1086 5504 bona
1141 5468 1244 5505 non
1285 5466 1407 5506 esse
1457 5453 1619 5522 vera)
1653 5454 1919 5507 neminem
1951 5464 2126 5506 tamen

549 5537 632 5589 vel
682 5540 979 5607 sapientum
1031 5545 1212 5597 vivere
1258 5543 1406 5610 dicit,
1442 5544 1528 5611 qui
1581 5559 1684 5597 non
1734 5541 1959 5596 fortuna:
1992 5544 2128 5596 bona

552 5628 936 5685 calamitatibus
966 5643 1019 5687 et
1062 5634 1331 5705 Suppliciis
1355 5643 1663 5703 anteponat,
1691 5650 1807 5701 qua:
1837 5634 2028 5699 passim
2062 5635 2129 5685 ab

554 5722 937 5787 improbissimo
970 5740 1177 5794 quoque
1216 5728 1407 5780 virtute
1444 5726 1680 5795 praeditis
1725 5724 1888 5793 infligi
1925 5723 2124 5777 lamen-

2355 4580 2680 4642 ArctOpltylax
2710 4579 2857 4639 vulgo
2882 4580 2961 4639 qui
2985 4579 3162 4627 dicitur
3186 4591 3298 4627 esse
3320 4579 3505 4626 Bootes
3528 4594 3540 4627 :

2354 4643 2488 4699 Quod
2508 4638 2643 4703 Quasi
2672 4638 2870 4690 temone
2894 4638 3165 4701 adjunctam
3188 4651 3286 4701 pm
3302 4653 3358 4688 se
3374 4641 3531 4701 quatit
3556 4638 3751 4687 Arcton.

2236 4728 2435 4780 Dicitur
2482 4726 2641 4779 etiam
2688 4724 2968 4787 Arctur’us,
3005 4735 3063 4777 ut
3108 4725 3267 4778 docet
3304 4722 3615 4777 Laetantius
3645 4738 3804 4789 gram-

2234 4820 2478 4871 maticus.
2530 4818 2746 4871 Servius
2804 4825 2981 4870 tamen
3026 4815 3213 4869 scribit
3265 4813 3553 4867 Areturum
3608 4810 3804 4877 proprie

2233 4927 2355 4967 esse
2395 4912 2603 4965 stellam
2648 4911 2699 4963 in
2732 4909 2885 4978 signo
2916 4909 3101 4971 Boote,
3133 4906 3286 4975 cujus
3311 4919 3461 4959 ortus
3497 4915 3551 4958 et
3598 4915 3805 4956 occasus

2232 5011 2576 5071 tempestates
2632 4999 2976 5069 gravissimas
3029 4997 3176 5051 facit.
3228 4996 3424 5051 Bootes
3471 5004 3652 5047 autem
3703 5006 3798 5043 non

2227 5092 2416 5152 oritur.
2447 5100 2538 5144 aut
2578 5089 2796 5153 occidit,
2830 5099 2887 5142 ut
2915 5089 3017 5141 alia
3062 5089 3233 5156 signa.
3264 5085 3372 5140 Sed
3416 5099 3537 5138 cum
3578 5085 3803 5153 plaustro

2231 5187 2502 5253 proximus
2521 5182 2611 5247 sit,
2631 5180 2773 5250 quod
2788 5181 3011 5234 vertitur
3024 5178 3165 5233 circa
3178 5178 3476 5241 cardinem,
3494 5177 3545 5229 in
3566 5178 3675 5244 ipsa
3688 5188 3803 5227 ver-

2236 5276 2619 5345 tiginevidetur
2641 5274 2886 5328 occidere
2903 5284 2978 5337 et,
3010 5288 3130 5327 cmn
3161 5288 3220 5327 se
3250 5273 3442 5332 elevat,
3468 5269 3617 5323 oriri.
3647 5267 3803 5332 Hujus

2234 5380 2447 5419 manum
2480 5364 2753 5417 sinistram
2783 5362 3033 5432 (auctore
3063 5360 3292 5431 Higino)
3324 5360 3558 5413 circulus
3583 5357 3802 5409 areticus

2232 5456 2488 5521 includit,
2524 5464 2581 5507 ut
2630 5469 2803 5524 neque
2840 5453 3121 5521 occidere,
3156 5466 3329 5520 neque
3373 5450 3503 5503 oriri
3552 5448 3799 5500 videatur.

2235 5548 2351 5614 Ipse
2379 5546 2521 5599 enim
2554 5546 2756 5613 positus
2786 5545 2852 5598 ab
2881 5544 3085 5598 arctico
3116 5544 3315 5596 circulo
3356 5540 3423 5593 ad
3455 5541 3688 5594 aestivum
3709 5536 3801 5586 de-

2238 5636 2414 5688 linitur
2434 5676 2447 5698 ,
2478 5636 2763 5689 inclinatus
2792 5635 2843 5688 in
2885 5633 3267 5703 longitudinem
3298 5632 3489 5685 dextro
3522 5631 3668 5698 pede,
3697 5640 3799 5678 sese

2236 5727 2340 5779 tivo
2371 5726 2571 5780 circulo
2601 5726 2779 5779 nims.
2817 5725 2983 5793 llujus
3028 5724 3280 5776 humeros
3311 5732 3361 5776 et
3397 5730 3580 5790 pectus
3620 5734 3647 5772 a
3677 5715 3796 5770 reli-
