4022 6366
342 414 480 469 1055

1531 392 1907 457 MURMELLEI
1940 394 2450 465 CQMMENTARIA.

3458 372 3594 430 £054

325 520 447 596 ‘quo
467 537 693 593 corpore
723 520 910 575 dividit
936 519 1193 579 circulus,
1223 518 1310 585 qui
1358 530 1452 583 per
1490 500 1741 581 utrosque
1766 510 1914 580 polos
1941 509 1993 568 Α
2022 508 2308 575 nonaginta
2348 504 2523 571 capita
2575 500 2824 555 habuisse
2866 496 3027 560 canit,
3078 494 3289 549 Aloeus
3331 488 3592 559 quinqua-

340 617 613 670 transiens
643 612 813 677 tangit
845 611 1077 664 Arictem
1108 617 1162 662 et
1190 606 1403 661 Chelas.
1440 605 1538 659 llic
1559 604 1770 672 quidem
1796 616 1914 651 eum

2018 596 2181 660 ginta,
2215 609 2282 647 ex
2313 592 2504 660 quibus
2543 591 2585 643 si
2616 588 2757 657 quod
2783 595 3173 656 amputaretur,
3205 582 3311 636 duo
3346 592 3592 633 renasce-

340 705 541 768 Tauro,
573 702 845 765 Geminis,
888 711 940 754 et
979 702 1215 762 Cancro,
1246 708 1299 752 et
1332 697 1508 750 Leone
1551 667 1765 749 occidit.
1797 691 1918 745 Ideo
2010 685 2232 738 bantur.
2283 684 2430 735 Ilanc
2463 682 2716 734 Hercules
2759 679 2975 746 adjutus
3004 676 3072 729 ab
3115 674 3258 728 Iolao
3301 667 3593 735 superavit,

340 812 465 851 sero
493 818 501 843 ε
526 795 738 848 ecidere
771 794 995 859 dzcitur,
1026 791 1165 860 quod
1202 791 1367 859 magis
1394 797 1605 842 erectus
1636 802 1663 839 a
1697 784 1917 852 pedibus

341 887 585 957 pervenit
614 886 680 937 ad
713 895 936 937 terram.
964 886 1027 936 At
1064 898 1142 935 θκι
1167 882 1313 936 riens
1339 880 1519 942 citius,
1552 894 1708 947 quam
1740 877 1918 931 Cltela:

340 978 569 1030 videtur.
605 974 755 1029 Unde
796 988 826 1027 a
872 972 1044 1041 poetis
1096 972 1254 1025 modo
1309 971 1513 1031 tardus,
1571 968 1731 1020 modo
1770 965 1921 1033 piger

342 1070 665 1139 appellatur.
700 1067 868 1135 Hujus
918 1066 1061 1119 enim
1119 1077 1346 1117 occasus
1387 1068 1615 1129 quatuor
1643 1063 1915 1127 signorum

248 1189 253 1193 -
342 1158 545 1213 zodiaci
576 1167 787 1225 tempus
815 1156 1075 1217 absumit,
1105 1164 1161 1207 ut
1184 1153 1437 1207 diximus.

416 1244 685 1315 Pulleant]
723 1248 877 1300 Deest
902 1248 945 1299 si
976 1246 1057 1299 vel
1088 1260 1193 1297 cur.

419 1333 689 1404 Palleant]
717 1335 1084 1390 Obscttreutur
1114 1331 1372 1402 deliquio.

416 1427 649 1497 Infecta]
676 1428 991 1481 Obscurata.

418 1518 472 1572 Μ
479 1519 570 1571 etis
586 1518 601 1589 ]
633 1517 817 1585 Object
830 1535 880 1570 u.
1024 1572 1029 1573 ,

423 1609 603 1662 Noctis
631 1604 831 1678 apacte]
867 1618 1020 1662 terra:
1063 1602 1416 1671 obscurantis.
1445 1597 1743 1667 Deliquium
1774 1593 1916 1648 enim

349 1698 491 1751 lunae
511 1699 566 1751 lit
592 1713 652 1751 ex
686 1696 1089 1765 interpositione
1111 1704 1265 1749 terra:
1290 1695 1426 1746 inter
1449 1691 1613 1744 solem
1635 1698 1685 1741 et
1713 1686 1915 1739 lunam.

425 1784 673 1857 Qutrque]
703 1787 765 1839 Et
795 1801 931 1854 quae.

426 1875 669 1948 Fulgcnti
690 1875 808 1947 ore]
837 1877 989 1929 Clara
1022 1875 1177 1929 facie.

421 1965 667 2036 Texerat]
694 1967 1030 2029 Occuluerat,
1063 1962 1394 2026 condiderat,
1420 1960 1791 2013 nli'uscuverat.
1818 1956 1920 2011 Na-

348 2062 465 2110 tura
489 2056 629 2109 enim
659 2056 779 2118 fert,
812 2066 866 2109 ut
898 2055 1067 2124 majus
1091 2054 1267 2107 lumen
1301 2052 1522 2105 oll‘uscet
1552 2053 1777 2103 minora.

421 2146 681 2217 Confusa]
715 2148 1021 2201 Defectione
1052 2145 1323 2198 laborans.

425 2237 666 2309 Detegat]
700 2237 996 2300 Splendere
1025 2236 1321 2305 permittat.

429 2328 741 2395 Lassantque
790 2328 975 2380 crebris
1008 2325 1235 2393 pulsibus
1279 2322 1411 2396 αντα]
1452 2321 1605 2389 Nam,
1640 2330 1695 2375 ttt
1742 2318 1927 2375 scribit

356 2419 561 2473 Plinius
589 2420 723 2473 libro
748 2420 1003 2481 secundo,
1027 2420 1201 2487 capite
1228 2417 1542 2489 duodecij
1565 2431 1578 2468 :
1618 2412 1725 2466 Vili
1750 2413 1928 2479 ingen-

356 2520 451 2573 tes,
477 2510 607 2561 inter
627 2524 752 2577 quos
795 2509 891 2577 fuit
925 2507 1270 2573 Stesichorus,
1303 2516 1345 2559 et
1392 2504 1668 2568 Pindarus,
1701 2502 1933 2555 credide-

356 2608 477 2650 runt
509 2599 682 2649 lunam
711 2598 939 2666 eclipsim
961 2607 1009 2652 et
1031 2598 1177 2667 quasi
1218 2605 1426 2650 mortem
1454 2596 1559 2663 pati
1588 2610 1649 2647 ea:
1677 2593 1927 2645 cantatio-

361 2690 509 2743 nibus
538 2705 556 2742 :
598 2693 730 2741 unde
772 2705 835 2741 ne
884 2689 936 2741 id
987 2690 1109 2742 luna
1161 2695 1438 2755 pateretur,
1487 2688 1690 2736 dissono
1738 2682 1930 2749 crepitu

357 2779 734 2832 succurrebant.
782 2778 912 2833 Hinc
939 2779 1007 2833 de
1048 2779 1279 2831 clamosa
1312 2774 1535 2828 muliere
1575 2786 1750 2841 satyra
1784 2780 1931 2825 sexta

358 2869 675 2926 luveuahs:

732 2983 834 3031 Jam
863 2997 1005 3032 nemo
1025 2985 1163 3033 tubas
1186 2991 1330 3045 atque
1355 2996 1449 3033 tera
1474 2983 1646 3043 fatiget
1672 2996 1683 3032 :

551 3046 651 3094 Una
675 3046 907 3094 laboranti
936 3048 1115 3106 poterit
1138 3060 1427 3095 succurrere
1447 3046 1594 3095 luuze.

361 3134 513 3181 Auct.
540 3144 597 3181 re
642 3129 943 3193 Plutarcho,
975 3130 1209 3198 AganiCe
1240 3131 1485 3199 Agetoris
1517 3128 1757 3184 Thessali
1804 3129 1932 3195 tilia,

362 3221 505 3288 quod
541 3221 946 3287 pleniluniorutn
977 3221 1284 3275 defectuum
1318 3230 1460 3275 esset
1488 3237 1673 3291 gnara,
1705 3232 1938 3288 tempus-
1964 3222 2010 3284 C
2042 3199 2074 3251 ρ

368 3326 477 3381 que
524 3322 904 3380 pramosccret,
936 3327 1041 3381 quo
1066 3313 1242 3365 lunam
1274 3312 1340 3365 ab
1370 3312 1555 3365 umbra
1586 3323 1739 3366 terra:
1773 3313 1941 3365 inter-

365 3405 475 3472 cipi
538 3404 903 3470 contingeret,
959 3413 1194 3456 mentem
1252 3403 1531 3456 mulierum
1589 3404 1939 3472 exturbabat,

368 3497 382 3548 i
414 3497 591 3560 lisque
616 3511 671 3548 se
707 3495 883 3547 lunam
919 3493 1183 3549 deduCcre
1210 3497 1586 3564 persuadebat.

440 3582 560 3636 Cori
584 3583 596 3654 ]
624 3583 731 3636 Ven
761 3584 796 3636 i.
1498 3592 1501 3595 “

442 3672 741 3746 Frementi]
775 3674 1017 3729 Graviter
1051 3678 1321 3731 res::nanti

444 3766 714 3839 Tundere]
750 3768 1060 3822 Percutere.

444 3860 672 3929 Solvier]
706 3860 872 3925 Solvi,
907 3858 1188 3929 liquefieri.

445 3949 716 4020 Latentes]
743 3948 1176 4003 Subaudicndmu
1208 3964 1403 4001 e-nsm.

453 4041 711 4111 Inscitiw]
744 4043 1067 4113 lgnorantize
1098 4043 1162 4095 Et
1187 4041 1714 4096 :mimadvertendnm
1750 4042 1799 4096 in
1832 4057 1947 4095 ver-

372 4149 469 4188 sus
498 4135 777 4188 scansione
818 4150 912 4203 per
950 4134 1246 4206 syncresim
1277 4149 1339 4186 ex
1392 4133 1732 4202 tetrasyllaba
1767 4133 1947 4203 ttisyl-

374 4229 553 4281 labatn
592 4226 781 4280 factam
810 4225 1120 4287 dictionem,
1151 4225 1219 4276 ita
1253 4226 1343 4277 uti
1374 4224 1634 4292 posterior
1660 4224 1730 4278 sit
1759 4240 1951 4279 conso-

370 4332 534 4381 nans,
564 4326 620 4369 ut
646 4316 781 4384 apud
816 4316 1073 4370 Senecam
1107 4316 1362 4384 tragicum
1398 4316 1451 4369 in
1484 4315 1754 4385 Sapphico
1789 4332 1803 4368 ε

565 4406 743 4456 Cuncta
768 4408 969 4455 divitias
986 4409 1262 4467 metuitque
1284 4418 1439 4454 casus.

913 4507 975 4561 IN
1015 4507 1290 4562 PRUSAM
1334 4507 1417 4561 Vl.

448 4621 561 4675 llac
600 4634 757 4688 prosa
790 4618 1126 4688 Philosophia
1166 4633 1354 4673 causas
1380 4633 1565 4673 eorum
1613 4620 1785 4675 reddit
1838 4637 1954 4689 quae

374 4726 543 4779 supia
570 4711 781 4765 Boetius
815 4710 1005 4779 attigit,
1043 4710 1249 4777 sibique
1279 4724 1435 4777 supra
1476 4710 1689 4765 modum
1720 4711 1956 4764 miranda

379 4802 551 4856 videri
579 4802 730 4867 dixit,
762 4802 863 4856 nisi
895 4802 1031 4855 ratio
1053 4801 1500 4869 deprehendatur.
1528 4803 1615 4853 Ait
1644 4811 1817 4854 antem
1848 4801 1961 4855 hac

379 4894 563 4948 omnia
595 4910 623 4946 a
655 4894 846 4947 divinae
890 4892 1255 4961 intelligentia:
1310 4892 1660 4961 providentia,
1709 4907 1802 4945 seu
1854 4891 1960 4945 lato

382 4996 702 5051 progressus
737 4997 861 5037 suos
882 4982 1081 5048 sortiti,
1114 4992 1168 5037 et
1196 4982 1321 5051 quid
1364 4983 1502 5037 inter
1541 4983 1631 5037 Dei
1678 4984 1960 5051 providen-

381 5075 537 5136 tiam,
569 5089 630 5127 ac
663 5074 825 5128 fatum
858 5075 1090 5142 intersit,
1125 5075 1303 5131 docet.

459 5163 558 5216 Tui
588 5164 846 5237 muneris]
869 5164 1040 5219 Ofﬁcii
1082 5167 1175 5219 tui.

456 5253 731 5326 Evolverej
758 5257 1038 5313 Excutere.

468 5349 704 5420 Velatas]
733 5352 1023 5407 Obduclas.

457 5441 721 5514 Culigine]
742 5445 1001 5499 Tenebris
1030 5445 1361 5514 ignorautim.

461 5532 676 5605 Quwso]
718 5549 868 5604 rogo.
899 5534 1038 5589 Petit
1081 5535 1181 5587 sibi
1230 5550 1418 5590 causas
1467 5536 1723 5604 explicari
1774 5551 1960 5593 eorum

392 5640 614 5694 quorum
646 5626 1000 5680 admiratione
1024 5636 1257 5679 tenetur.

466 5715 745 5785 lix/musti]
764 5717 1146 5771 exhaustionis.

466 5805 688 5876 Ilydrcc]
722 5807 906 5863 Latine
955 5806 1148 5862 dicitur
1192 5815 1423 5870 excetra,
1460 5822 1612 5875 quam
1661 5808 1962 5865 Simonides

1982 4579 2031 4638 Ι)

2018 777 2106 844 qui
2138 775 2368 827 recisum
2400 771 2656 825 continuo
2684 779 2841 838 caput
2873 767 3131 837 subjectis
3162 765 3389 819 ﬂammis
3416 761 3593 813 inure-

2020 867 2111 919 bat
2152 865 2397 919 Herculis
2441 863 2617 930 jussu,
2649 871 2705 915 ut
2743 870 2825 914 est
2853 860 2991 928 apud
3034 855 3348 912 Hesiodum.
3384 852 3457 905 De
3498 848 3593 902 hac

2019 958 2264 1012 meminit
2290 954 2546 1009 Ovidiana
2592 951 2833 1019 Dejanira
2864 969 2874 1001 :

2144 1090 2263 1149 Qua
2282 1100 2364 1148 lue
2388 1084 2689 1149 redundabat
2714 1078 3141 1149 fecundovulnere
3167 1088 3374 1149 serpens

2206 1142 2423 1210 Fertilis,
2450 1156 2499 1197 et
2522 1147 2709 1194 damnis
2729 1144 2871 1192 dives
2896 1145 2956 1189 ab
2984 1144 3082 1202 ip>a
3104 1142 3220 1189 suis.

2020 1279 2223 1335 Seneca
2251 1276 2509 1344 Tragicus
2534 1291 2547 1325 :

2144 1389 2271 1449 Quid
2294 1400 2417 1435 saeva
2445 1385 2617 1449 Lerna
2642 1388 2852 1449 monstra
2878 1387 3189 1449 numerosum
3217 1370 3413 1449 malum,

2208 1433 2451 1509 Noniigne
2474 1448 2669 1494 demum
2695 1445 2831 1499 vicit,
2858 1447 2909 1489 et
2930 1439 3097 1487 dovuit
3128 1433 3287 1483 mori?

2022 1529 2247 1621 Quidam
2274 1547 2515 1605 scribunt
2539 1546 2761 1617 hydram
2790 1546 2840 1597 in
2867 1543 3035 1596 Lerna
3066 1538 3380 1607 Argivorum
3405 1529 3596 1600 palude

2023 1644 2312 1706 exstitisse,
2342 1654 2505 1709 aquas
2546 1646 2907 1700 evomentem,
2936 1646 3054 1701 quae
3083 1628 3360 1683 vastabant
3397 1622 3598 1676 vicinas

2024 1736 2284 1795 civitates,
2331 1732 2382 1785 in
2410 1744 2510 1797 qua
2565 1743 2669 1781 uno
2717 1734 2892 1779 meatu
2923 1724 3124 1783 clauso,
3160 1716 3309 1772 multi
3351 1726 3598 1781 erumpe-

2027 1826 2171 1879 bant.
2205 1822 2353 1889 Quod
2388 1820 2646 1874 Hercules
2695 1818 2914 1877 videns,
2948 1814 3061 1867 loca
3107 1811 3220 1879 ipsa
3269 1805 3505 1871 exussit,
3546 1812 3599 1857 et

2024 1916 2102 1971 sic
2154 1929 2304 1979 aquae
2356 1920 2560 1965 meatus
2604 1908 2811 1961 clausit.
2865 1904 3113 1959 Socrates
3160 1901 3212 1953 in
3262 1895 3596 1965 Euthydemo

2025 2005 2339 2060 Platonico:
2375 2000 2604 2055 Hercule
2643 1998 2856 2067 quidem
2901 1996 3070 2049 multo
3094 2007 3209 2046 sum
3253 1986 3594 2050 imbecillior,

2026 2100 2113 2168 qui
2144 2110 2378 2166 pugnare
2404 2093 2563 2147 simul
2608 2107 2712 2145 non
2741 2090 2907 2143 valuit
2942 2088 3201 2141 adversus
3247 2082 3466 2153 hydram
3512 2093 3599 2131 so-

2026 2188 2329 2258 phisticam,
2354 2184 2437 2238 cui
2469 2191 2685 2251 propter
2712 2178 3023 2246 sapientiam
3064 2190 3157 2244 pro
3199 2187 3304 2225 uno
3334 2168 3599 2225 sermonis

2036 2256 2212 2348 capite
2244 2282 2541 2344 amputato,
2576 2272 2736 2327 multa
2778 2268 3170 2337 repullulabaut
3193 2279 3205 2315 :
3232 2276 3293 2315 ac
3324 2261 3480 2313 etiam
3512 2256 3600 2309 ad-

2031 2346 2215 2423 versus
2239 2364 2505 2420 Cancrum
2533 2362 2825 2431 sophistam
2854 2355 3133 2426 quemdam
3158 2368 3227 2406 ex
3253 2349 3382 2404 mari
3406 2346 3601 2401 adven-

2030 2468 2253 2518 tantem,
2277 2467 2330 2510 et
2362 2454 2641 2523 nuper(ut
2672 2450 2933 2517 arbitror)
2954 2447 3237 2501 advectum
3264 2441 3411 2503 navi,
3446 2452 3471 2488 a
3498 2450 3602 2504 quo

2031 2564 2151 2604 cum
2182 2546 2437 2600 Hercules
2461 2544 2524 2597 ad
2548 2542 2816 2597 sinistram
2842 2542 3146 2606 angeretur,
3162 2530 3445 2597 verbisque
3471 2524 3604 2578 acri~

2032 2652 2115 2697 ter
2142 2639 2498 2702 morderetur,
2527 2633 2738 2701 nepotis
2776 2631 2857 2684 sui
2903 2627 3031 2682 Iolai
3061 2623 3316 2680 auxilium
3359 2618 3606 2687 impiora~

2033 2732 2129 2797 vit,
2160 2731 2248 2800 qui
2273 2739 2611 2793 summopere
2641 2722 2711 2775 illi
2744 2718 3035 2773 succurrit.

2106 2821 2292 2874 Mentis
2340 2815 2487 2886 igne]
2512 2813 2812 2868 Intellectus
2834 2812 3036 2879 vigore.

2106 2909 2171 2963 In
2200 2908 2324 2979 hac]
2354 2908 2506 2961 Mater
2525 2905 2595 2958 ia.

2112 3001 2187 3055 De
2208 2998 2536 3071 providentia:
2558 2991 2913 3061 simplicitate]
2930 2988 3172 3056 Quinque
3193 2980 3510 3050 qtttestiones
3529 2988 3608 3028 re-

2038 3102 2241 3157 censet,
2272 3103 2471 3159 easque
2507 3084 2935 3147 obscurissimas,
2967 3090 3018 3134 et
3051 3090 3317 3142 nunquam
3352 3071 3479 3123 satis
3517 3083 3608 3122 ex-

2080 3183 2262 3235 lica'as
2284 3222 2298 3245 ,
2323 3180 2386 3233 ad
2417 3176 2747 3247 propositam
2778 3171 3052 3226 materiam
3083 3165 3433 3237 pertinentes.

2115 3271 2219 3326 Sed
2246 3270 2483 3340 quoniam
2512 3268 2616 3319 haec
2640 3261 2867 3334 quoque]
2891 3258 3157 3314 Promittit
3182 3248 3516 3327 Philosophia
3554 3258 3611 3297 se

2044 3361 2423 3430 explicaturum
2452 3357 2525 3409 rei
2557 3354 2736 3424 petitae
2768 3363 2977 3405 causas.

2119 3446 2297 3517 Septi]
2325 3442 2651 3500 Circumdati
2683 3450 2739 3494 tu
2768 3451 2817 3494 et
2850 3452 2971 3507 ego.

2120 3516 2359 3594 Unmium
2401 3536 2661 3608 generatio
2713 3529 2912 3600 rerum]
2956 3525 3272 3581 Acutissima
3325 3516 3615 3588 pariter‘ct

2042 3630 2428 3702 iucundissima
2484 3626 2790 3681 dissertatio
2838 3621 2906 3675 de
2960 3618 3139 3672 divina
3191 3607 3521 3683 providentia
3569 3612 3616 3658 cl

2044 3725 2179 3778 fato.

2118 3809 2442 3880 Stabilitate]
2471 3805 2807 3869 Constantia,
2836 3797 3291 3856 immutabilitate.

2120 3898 2377 3970 Sortitur]
2403 3895 2754 3952 Nanciscitur.

2125 3988 2281 4059 ch]
2313 3990 2497 4044 Divina
2532 3998 2705 4039 mens.

2133 4081 2197 4135 In
2227 4079 2378 4151 arce]
2404 4076 2741 4133 Summitate.

2124 4166 2404 4241 Gerendis]
2438 4161 2903 4228 Administrandis,
2938 4155 3252 4215 efﬁciendis.

2125 4260 2349 4331 Statuit]
2381 4259 2705 4315 Prwscribit.

2127 4350 2389 4421 Puritate]
2421 4350 2793 4418 Simplicitate.

2125 4440 2477 4510 Conspiritur]
2507 4439 2909 4493 Cunsideratur.

2129 4532 2289 4604 Qum]
2321 4531 2713 4587 Providentiam
2745 4536 2801 4583 et
2830 4526 3013 4579 fatum.

2137 4603 2655 4697 Nantprovidentia]
2703 4618 2966 4676 Describit
3020 4613 3166 4685 prius
3210 4603 3631 4679 providentiam,

2064 4722 2255 4777 deinde
2283 4728 2336 4774 et
2367 4719 2549 4773 fatum.

2138 4815 2325 4868 Fatum
2366 4829 2476 4865 vero
2530 4803 2816 4876 inhwrens]
2854 4805 2933 4859 Ex
2975 4796 3259 4872 Chrysippi
3298 4790 3462 4849 St'oici
3513 4802 3635 4842 seu.

2066 4906 2228 4961 tentia
2254 4948 2267 4971 ,
2316 4904 2478 4957 latum
2522 4911 2605 4956 est
2633 4899 2957 4967 sempiterna
2990 4891 3231 4963 quaedam
3264 4895 3317 4941 et
3348 4878 3636 4937 indeclina.

2065 5000 2186 5053 bilis
2212 4998 2379 5051 series
2406 5010 2610 5059 rerum,
2641 5002 2695 5048 et
2722 5001 2906 5045 catena
2929 4988 3150 5041 volvens
3181 4978 3467 5043 semetipsa
3496 4984 3638 5031 sese.

2065 5098 2119 5143 et
2150 5086 2425 5156 implicans
2460 5099 2556 5155 per
2585 5093 2818 5137 aeternos
2860 5073 3256 5144 consequentiae
3288 5068 3526 5128 ordines,
3572 5074 3640 5111 ex

2066 5180 2256 5248 quibus
2293 5187 2414 5246 apta
2446 5188 2792 5243 connexaque
2823 5180 2923 5224 est.
2951 5169 3024 5222 De
3047 5166 3153 5219 lato
3179 5162 3267 5232 qui
3302 5159 3451 5226 plura
3485 5163 3641 5248 nosse

2067 5241 2233 5339 cupit,
2266 5241 2404 5338 legat
2449 5267 2521 5321 Μ.
2564 5241 2797 5319 Tullium
2830 5270 2883 5317 et
2912 5256 3206 5313 Marcilium
3242 5248 3486 5304 Ftciuum
3522 5241 3643 5294 Pla-

2066 5361 2331 5420 tonicum,
2378 5356 2673 5411 Landinum
2715 5356 2767 5408 in
2804 5360 2955 5408 sexto
3002 5345 3261 5403 {Eneidos
3301 5340 3643 5394 Commenta-

2068 5452 2170 5516 rio,
2200 5449 2431 5504 Gellium
2472 5448 2606 5501 libro
2633 5455 2810 5507 sexto,
2835 5454 2887 5497 et
2919 5438 3201 5494 Eusebium
3230 5434 3366 5487 libro
3394 5437 3548 5481 sexto
3579 5422 3646 5478 de

2066 5540 2460 5608 Prasparatione
2490 5536 2815 5606 evangelica.

2140 5632 2470 5685 Providentia
2512 5626 2757 5698 namque]
2809 5623 3054 5689 Ostendit
3097 5618 3223 5691 quid
3264 5613 3475 5671 intersit
3510 5612 3647 5665 inter

2073 5722 2459 5791 providentiam
2515 5729 2567 5774 ct
2618 5718 2801 5772 latum.

2144 5813 2271 5878 Qua:
2303 5814 2411 5866 licet
2443 5812 2637 5864 diversa
2667 5809 2795 5875 sint,
2825 5808 3037 5858 alterum
3072 5814 3235 5857 tamen
3268 5798 3446 5869 pendet
3480 5813 3541 5850 ea:
3570 5795 3647 5848 ala-
