4022 6366
441 360 579 415 1055

437 573 710 630 censebat.

506 662 752 728 Qttll’dam
782 656 921 729 vero]
951 658 1027 710 Ait
1062 656 1305 726 qua:an
1350 655 1559 709 tametsi
1602 654 1796 707 divinae
1840 653 2018 722 provi‘

433 753 625 807 dentia:
652 751 889 818 subjecta
912 750 1047 812 sint,
1077 748 1287 801 fatalem
1319 757 1493 798 tamen
1519 746 1711 799 seriem
1738 759 2012 811 superare.

507 845 644 898 Nam
678 853 733 897 ut
759 840 976 911 orbium]
1011 840 1371 893 Pulcherrima
1416 838 1624 891 orbium
1662 835 2015 890 similitudine

431 935 586 991 docet
614 936 715 988 alia
749 932 1037 1002 majoribus
1067 931 1155 983 lati
1190 929 1412 983 nexibus
1445 926 1705 996 implicari
1730 967 1743 988 ,
1773 926 1876 980 alia
1908 927 2013 979 mi-

431 1027 683 1090 noribus,
710 1023 965 1080 nonnulla
1007 1035 1134 1074 vero
1180 1018 1391 1072 fatalem
1433 1014 1743 1084 supergredi
1778 1014 2013 1069 necessi-

433 1128 616 1173 tatem.

506 1204 763 1277 Eatt‘mus]
795 1205 1078 1259 Extremus
1105 1200 1271 1256 orbis.

500 1300 611 1371 Illi]
642 1300 861 1353 Puncto.

498 1391 623 1461 (Ιοςὶ
648 1387 731 1459 ur]
771 1387 1185 1457 Constringitur.

497 1480 689 1551 Tanto]
719 1480 956 1537 Subaudi
988 1479 1180 1549 Magis.

498 1573 670 1644 Igitur
704 1571 800 1642 uti]
845 1570 1109 1641 Graphica
1151 1569 1501 1638 comparatio.
1545 1562 2005 1633 Quemadmodum

427 1667 664 1737 (inquit)
706 1666 1036 1721 ratiocinatio
1075 1672 1156 1719 est
1194 1663 1260 1717 ad
1301 1662 1660 1725 intellectum,
1692 1668 1741 1712 et
1785 1657 1832 1708 id
1864 1653 2006 1725 quod

423 1759 672 1827 gignitur,
707 1757 773 1811 ad
805 1756 855 1811 id
885 1757 1025 1826 quod
1055 1764 1169 1819 ist,
1200 1762 1253 1808 et
1281 1763 1491 1821 tempus
1519 1752 1582 1804 ad
1615 1750 1966 1805 :cternitatem
1987 1789 2001 1813 ,

424 1862 475 1905 et
508 1852 738 1906 circulus
766 1850 830 1904 ad
861 1857 1112 1918 punctum
1148 1847 1415 1902 medium:
1448 1847 1514 1898 ita
1552 1842 1767 1897 mobilis

421 1945 529 1994 ries
569 1950 654 1994 est
683 1940 747 1994 ad
782 1938 1027 1993 stabilem
1056 1949 1109 1991 et
1138 1936 1463 1991 immobilem
1500 1932 1848 2002 providentiae
1879 1929 2005 1980 sint-

419 2034 725 2100 plicitatem.

490 2122 569 2174 lia
597 2118 774 2190 serios]
802 2120 1076 2186 Quatenus
1106 2118 1192 2169 lati
1227 2116 1305 2168 vis
1335 2131 1392 2169 se
1422 2115 1647 2180 explicet
1679 2128 1711 2167 ο
1745 2113 1930 2167 tendit.

488 2207 943 2277 lndecliuabilem]
975 2206 1361 2260 lnevitabilem.

491 2295 787 2366 Fluituras]
820 2297 1210 2350 Fluctuaturas.

492 2389 608 2454 Quo
648 2387 726 2457 ﬁt]
776 2387 1141 2442 Pulcherrima
1192 2387 1504 2448 conclusio,
1556 2395 1610 2440 et
1660 2384 2005 2453 Phil050phia

420 2495 550 2534 sane
579 2493 735 2546 quam
767 2478 944 2547 digna.

493 2570 622 2637 Quo:
650 2585 765 2623 vero
791 2566 1010 2639 inquies]
1039 2568 1277 2623 Occurrit
1310 2568 1478 2621 tacita:
1510 2566 1822 2636 olijet-tioni,
1847 2581 2007 2635 quam

419 2658 586 2712 Boetii
622 2657 798 2713 verbis
828 2657 1042 2726 subjirit
1065 2697 1079 2722 ,
1111 2667 1162 2712 et
1190 2656 1423 2711 ostendit
1455 2657 1609 2724 longe
1645 2657 1801 2710 aliter
1840 2656 2003 2710 Deum

416 2759 576 2816 atque
617 2750 876 2802 mortales
911 2747 1154 2817 judicare
1179 2789 1195 2814 ,
1242 2748 1440 2816 Deique
1468 2746 1663 2815 judicia
1697 2761 1818 2801 esse
1848 2747 2004 2816 abys-

415 2858 533 2897 sum
565 2842 784 2896 multam
806 2882 823 2907 ,
854 2852 903 2896 et
946 2840 1196 2896 sensibus
1238 2839 1435 2893 nostris
1482 2837 2002 2908 cogitationibusque

416 2935 766 2989 inaccessam.

488 3024 651 3097 Nam]
683 3024 947 3095 Nunquid.

488 3117 709 3189 Deguut]
743 3117 956 3170 \‘ivunt.

482 3207 807 3280 Cettsuerint]
839 3206 1296 3261 Existimavt-rint.

485 3300 592 3371 Uti]
623 3296 1102 3367 Quemadmodum.
1382 3366 1383 3369 η

479 3389 817 3461 Temperiem]
845 3388 1047 3457 Tempe
1078 3399 1217 3442 atam
1249 3388 1706 3443 constitutionem.

481 3481 625 3536 Num
649 3479 780 3533 enim
811 3476 1078 3547 dissimile]
1125 3478 1544 3533 Pulclterrimam
1587 3477 1739 3532 allert
1777 3492 1993 3546 compar

414 3572 693 3626 rationem.

476 3666 519 3717 A
546 3664 753 3737 scienti]
788 3666 915 3721 Deo.

479 3758 805 3830 lgttoranles]
836 3759 1115 3816 Homines.

482 3849 852 3923 Perstringam]
884 3849 1138 3922 Colligam
1170 3864 1218 3907 et
1254 3852 1487 3907 breviter
1517 3851 1693 3917 compl
1732 3859 1862 3904 ctar.

476 3940 656 4013 rEqui]
696 3941 1016 4011 Equitatis,
1051 3944 1347 3997 imitat‘nne
1378 3943 1629 3997 Maronis.

476 4033 739 4105 Lucanus]
782 4036 849 4089 M.
896 4038 1115 4090 Anneus
1158 4037 1400 4089 LuCattus
1445 4037 1659 4089 natione
1689 4035 1986 4102 Hispanus,

405 4126 570 4191 patria
613 4124 979 4178 Cordubensis
1018 4124 1134 4178 fuit.
1178 4125 1407 4193 Scripsit
1445 4140 1578 4192 opus
1608 4125 1675 4177 de
1706 4123 1809 4177 beil
1834 4147 1843 4171 ι
1873 4122 1989 4176 Ca:-

405 4217 539 4270 saris
569 4227 621 4269 et
654 4214 892 4286 Pompeii
936 4215 1021 4270 cui
1081 4215 1264 4270 titulus
1304 4217 1610 4279 Pharsalia,
1654 4214 1985 4277 Saturnalia,

404 4311 663 4363 Silvarum
697 4310 859 4364 libros
901 4308 1087 4363 decem
1110 4351 1125 4375 ,
1159 4308 1471 4377 tragoediam
1517 4306 1754 4362 Medeam
1775 4349 1789 4372 ,
1825 4321 1983 4374 quam

404 4415 504 4453 non
535 4400 801 4466 absolvit,
846 4400 912 4455 de
956 4400 1208 4456 lucendio
1237 4400 1413 4468 Troj;e
1445 4415 1567 4453 cum
1613 4398 1807 4452 Priami
1841 4396 1985 4450 cala-

403 4490 621 4555 mitate,
666 4491 973 4560 Orpheum,
1025 4492 1229 4547 fabulas
1266 4490 1574 4557 complures
1613 4497 1665 4544 et
1706 4488 1979 4556 epistolas.

1093 354 1428 411 APPLNDIX
1472 351 1560 406 AD
1601 348 1838 405 LIBROS
1878 344 1964 401 DE
2003 342 2522 403 CONSOLATIONE
2561 343 3054 405 PHILOSOPHUS.

438 481 565 555 tero]
598 482 761 537 Docet
787 494 890 548 quo
916 477 1231 547 participem
1256 491 1317 529 ea
1342 490 1459 543 quae
1482 471 1638 527 modo
1661 470 1867 525 diversa
1894 483 2014 523 esse
2045 470 2092 528 Α

3569 350 3707 409 1056

2214 467 2474 519 Scribendi
2501 481 2637 519 recte
2658 483 2835 532 sapere
2860 478 2936 521 est
2954 480 3005 522 et
3033 474 3325 535 principium
3349 478 3401 525 et
3426 476 3545 525 fons.

2196 551 2335 604 Citra
2366 552 2526 623 sprm]
2564 553 2767 608 Prmter
2792 570 2940 623 spem
2973 563 3022 609 et
3054 557 3503 625 exspectationem
3535 567 3710 624 tuam.

2192 645 2297 700 Sed
2326 646 2390 698 sit
2416 645 2620 715 aliquis]
2650 642 2891 700 Ostendit
2923 646 3099 700 varias
3142 656 3196 701 et
3227 646 3465 704 diversas
3508 650 3709 706 divina

2119 733 2535 800 dispensationis
2564 738 2843 791 rationem.

2193 826 2411 892 Quidam
2444 844 2521 880 me
2542 845 2736 893 quoque
2760 830 3104 901 excellentior]
3133 831 3437 902 'lheologus
3457 834 3710 898 Crtccus.

2116 930 2289 983 e0que
2320 918 2660 988 philosophia
2692 922 3052 988 prmstantior.
3093 922 3223 977 Nam
3259 925 3401 992 quod
3438 926 3589 978 aiunt
3619 926 3709 978 in-

2113 1007 2280 1075 docti,
2315 1009 2664 1064 excellentior
2694 1026 2800 1078 me,
2834 1011 2887 1065 id
2917 1023 3023 1078 est,
3055 1028 3151 1082 per
3180 1028 3283 1077 me,
3312 1014 3468 1082 plane
3499 1016 3710 1070 ridicu-

2113 1096 2220 1148 lum
2252 1109 2356 1151 esi.
2382 1097 2624 1167 Suhjccit
2646 1111 2822 1154 autem
2849 1099 3094 1155 Graecum
3121 1101 3380 1172 theologi,
3408 1118 3567 1171 quem
3596 1120 3710 1160 non

2112 1187 2298 1241 dubito
2330 1189 2467 1241 inter
2496 1188 2835 1243 Christianos
2863 1200 3207 1259 praestantem
3237 1190 3421 1257 fuisse,
3446 1192 3670 1247 vcrsum
3694 1212 3709 1245 :

2182 1277 2384 1353 Ἀνδρος
2422 1282 2553 1357 ἱεροῦ
2585 1289 2734 1350 σῶμα
2760 1280 2995 1351 δυνάμεις
3021 1280 3359 1351 οἰκοδομοῦσι.

2112 1366 2167 1421 In
2213 1384 2319 1438 quo
2362 1369 2895 1425 animadvertendum
2946 1393 2965 1425 ε
3017 1373 3067 1423 in
3111 1372 3345 1425 dictione
3392 1373 3529 1445 ἱεροῦ
3577 1384 3710 1439 pro-

2110 1458 2228 1511 duci
2261 1458 2329 1512 ob
2360 1458 2614 1529 lquidam
2647 1469 2993 1529 sequentem,
3041 1470 3097 1514 ttt
3136 1459 3274 1529 apud
3319 1459 3609 1513 llomerum
3653 1468 3707 1512 et

2112 1549 2357 1604 Persium
2389 1550 2537 1619 μέλος
2569 1550 2737 1619 prima
2768 1550 2973 1620 syllaba
3004 1551 3193 1619 legitur
3215 1558 3462 1613 extenta,
3488 1548 3706 1602 tametsi

2108 1639 2323 1707 quidam
2358 1648 2567 1693 mutent
2597 1662 2618 1694 ε
2651 1640 2766 1701 inn
2786 1681 2801 1707 ,
2831 1642 3072 1709 legentes
3101 1642 3267 1715 ἰηροῡ.
3294 1640 3484 1693 Latine
3507 1639 3585 1693 sic
3615 1652 3704 1692 so-

2110 1742 2200 1785 nat
2236 1732 2303 1786 ad
2332 1732 2553 1787 verbum
2586 1731 2722 1787 facta
2756 1732 3164 1802 interpretatio:
3201 1731 3311 1785 Viri
3341 1732 3479 1785 sacri
3502 1744 3705 1798 corpus

1797 1840 1885 1893 [ειη
1917 1854 1995 1892 50-
2040 1825 2087 1884 Β
2118 1823 2340 1878 virtutes
2374 1821 2734 1877 azdilicavere.
2768 1822 2970 1877 Versus
2997 1831 3173 1876 autem
3206 1820 3347 1875 hunc
3389 1822 3441 1874 in
3479 1819 3704 1877 modum

2111 1912 2258 1967 reddi
2292 1922 2467 1982 potest
2489 1930 2504 1967 :

2233 2002 2372 2051 Sacri
2396 2002 2602 2049 hominis
2625 2014 2802 2063 corpus
2830 2004 3040 2050 virtutes
3073 1998 3382 2048 aedificarunt.

2186 2083 2363 2156 Μίδεω]
2392 2084 2591 2138 Partim
2626 2098 2879 2152 prospera
2898 2122 2912 2144 ,
2942 2083 3134 2151 partim
3166 2081 3399 2135 diversa.

2182 2172 2264 2225 Ne
2294 2173 2447 2244 longa
2481 2173 2720 2243 felicitate
2747 2170 3030 2244 luxurient]
3062 2172 3192 2225 Nam
3225 2180 3283 2224 ut
3306 2172 3380 2223 ait
3406 2167 3669 2225 Ovidius:

2234 2267 2506 2318 Luxuriant
2525 2268 2674 2317 animi
2698 2269 2851 2317 rebus
2875 2266 3165 2328 plerumque
3190 2264 3447 2328 secundis,

2294 2330 2398 2379 Nec
2422 2329 2568 2379 facile
2590 2338 2665 2379 est
2684 2341 2822 2390 aequa
2848 2327 3095 2376 cbmmoda
3121 2335 3288 2376 mente
3310 2327 3428 2388 pati.

2182 2414 2323 2467 Alios
2349 2414 2494 2468 duris
2522 2414 2712 2485 agitari
2737 2410 2879 2481 sinit]
2922 2412 3158 2481 Baptista
3198 2411 3516 2464 Mantuanus
3555 2408 3699 2462 libro

2111 2502 2374 2557 dearum
2403 2503 2639 2557 secundo
2667 2522 2678 2557 :

2356 2616 2523 2667 Rebus
2541 2618 2756 2665 adversis
2779 2620 2957 2677 agitata
2978 2619 3135 2665 virtus

2355 2680 2558 2737 Crescit,
2589 2686 2640 2726 et
2658 2676 3039 2727 robur’cruciata
3067 2676 3212 2737 longo

2353 2741 2510 2789 Sumit
2537 2742 2722 2797 attritu,
2759 2740 3035 2801 meliusque
3062 2746 3195 2788 terso

2478 2802 2708 2851 Candicat
2742 2814 2849 2850 ore.

2357 2861 2519 2910 Otium
2547 2862 2666 2912 clari
2690 2862 2883 2923 fugiunt
2904 2863 3134 2911 honores.

2353 2923 2555 2972 Nobiles
2576 2926 2705 2972 ducit
2724 2924 2858 2972 labor
2884 2925 2939 2972 ad
2962 2924 3251 2983 triumphos.

2353 2985 2509 3034 Sudor
2536 2988 2760 3047 insignes
2779 2988 2873 3034 iter
2895 2986 2953 3033 ad
2977 2996 3179 3033 coronas

2480 3048 2715 3096 Monstrat
2738 3058 2974 3107 apertum.

2176 3128 2267 3183 Tri
2297 3129 2449 3201 tibus]
2485 3130 2560 3183 Ad
2573 3131 2759 3184 ver-ia

2026 3190 2075 3252 C
2180 3221 2413 3293 Probris]
2436 3190 2622 3276 ‘Vttiis.

2179 3315 2441 3387 Exercitii]
2472 3316 2706 3371 Subaudi
2739 3333 2911 3371 causa.
3433 3374 3445 3390 .

2178 3406 2315 3460 Nam
2340 3419 2393 3461 ut
2424 3408 2593 3479 probis
2620 3406 3286 3479 atqueimpt'obis]Pulchre
3312 3405 3387 3458 ait
3416 3402 3691 3473 improba!

2103 3516 2209 3553 non
2238 3500 2411 3553 Solum
2444 3515 2471 3551 a
2517 3500 2696 3568 probis
2725 3499 3062 3558 discordare.
3093 3498 3188 3553 sed
3224 3499 3360 3551 inter
3389 3510 3449 3549 se
3478 3508 3691 3565 quoun

2101 3592 2297 3645 nullam
2348 3590 2549 3646 habere
2594 3590 3063 3645 convenientiam:
3114 3599 3167 3643 at
3217 3604 3336 3641 cum
3383 3585 3690 3655 semctips‘l

2100 3686 2409 3741 :lésrordare
2431 3726 2444 3751 ,
2476 3686 2624 3741 vitiis
2661 3686 3048 3740 conscientiam
3080 3682 3509 3750 discerpe-ulmus
3530 3722 3545 3743 ,

2169 3776 2427 3850 ’Λργαλὲον
2448 3774 2489 3831 δ’
2516 3778 2607 3847 ἐμέ
2631 3782 2794 3831 ταῦτα
2823 3778 2944 3830 θεῶν
2977 3780 3044 3836 ὡς
3070 3776 3215 3830 πάντ’
3241 3776 3519 3851 ἀγορεύειν.

2099 3867 2316 3920 (ἐι-,πεοιιε
2345 3881 2533 3920 versus
2564 3866 2817 3921 heroicus
2844 3877 2925 3921 est
2955 3866 3041 3936 (ni
3076 3865 3263 3922 fallor)
3308 3862 3523 3916 Iiomeri
3549 3904 3562 3923 ,
3597 3861 3690 3929 qui

2095 3957 2158 4008 ad
2196 3956 2416 4010 verbum
2448 3956 2831 4025 interpretatus
2877 3957 2953 4010 sic
2996 3964 3191 4008 sonat:
3239 3952 3469 4005 Difficile
3507 3963 3690 4003 autem

2093 4056 2176 4098 est
2224 4062 2308 4099 me
2366 4059 2617 4099 sermone
2662 4044 2984 4115 explicare,
3035 4041 3487 4113 quemadmodum
3543 4040 3690 4093 Deus

2092 4138 2271 4191 omnia
2322 4146 2506 4205 regat,
2557 4144 2611 4190 et
2655 4150 2747 4190 sua
2796 4133 3127 4203 providentia
3176 4133 3446 4201 disp-nat.
3487 4130 3689 4184 Versus

2092 4227 2281 4280 Latino
2307 4242 2466 4280 serm«
2492 4241 2557 4279 ne
2589 4225 2664 4280 sic
2692 4224 2842 4278 reddi
2874 4233 3049 4292 potest
3076 4240 3087 4274 :

2217 4318 2427 4369 Dillicilc
2454 4326 2531 4368 est
2552 4321 2625 4367 sic
2649 4318 2753 4366 haec
2776 4330 2856 4365 me
2876 4318 3048 4365 dicere
3075 4320 3247 4363 cunxta
3269 4314 3495 4361 deorum.

2169 4399 2436 4470 Proditor]
2468 4400 2787 4465 Productor,
2819 4400 3083 4453 conditor.

2165 4490 2395 4561 llaustu]
2447 4490 2755 4560 Metaphora
2803 4488 2870 4543 ab
2918 4490 3020 4542 iter
3070 4486 3387 4540 incientibus
3434 4494 3689 4552 sumpta,

403 4578 478 4631 lix
540 4578 691 4632 libris
743 4579 1028 4635 Pharsaliae
1080 4591 1190 4635 tres
1242 4580 1444 4649 primos
1504 4578 1810 4634 emendavit
1862 4592 1982 4631 cmn
2018 4564 2217 4652 ani,
2254 4581 2444 4636 haustu
2472 4581 2578 4635 vini
2612 4590 2833 4649 accepto
2865 4577 3079 4638 reiecti.
3126 4589 3352 4646 pergunt
3400 4576 3451 4629 itt
3493 4576 3690 4628 itinere

404 4682 569 4720 uxore
597 4669 943 4735 Argentaria,
976 4670 1209 4738 reliquos
1253 4670 1627 4737 imperfectos,
1672 4678 1832 4737 atque
1878 4668 1991 4721 inc—

401 4757 682 4811 meudatos
727 4757 943 4825 reliquit
982 4769 1199 4827 propter
1241 4759 1679 4828 intempestivum
1714 4758 1985 4811 interitum

402 4864 430 4899 tt
460 4845 672 4901 Nerone
700 4846 1039 4915 imperatum.
1071 4848 1267 4903 Versus
1297 4849 1414 4917 ejus
1441 4858 1562 4902 sunt
1596 4849 1648 4902 in
1695 4848 1787 4902 lib.
1823 4847 1989 4901 Phar-

401 4941 542 4993 salise
573 4942 775 5009 primo:

490 5052 592 5100 Nec.
616 5052 880 5114 quidquam
900 5052 997 5112 jam
1018 5051 1148 5100 l'e-re
1168 5059 1347 5113 potest.
1366 5052 1588 5102 Cmsarve
1614 5054 1842 5111 priorem,

498 5115 823 5176 Pompeiusve
846 5128 1009 5176 parem
1040 5128 1051 5160 :
1075 5115 1561 5174 qnisjustinsinduat
1582 5127 1730 5172 arma,

491 5177 631 5224 Scire
658 5179 816 5237 nefas,
842 5190 1015 5238 magno
1034 5190 1090 5224 se.
1109 5176 1277 5235 judice
1302 5180 1506 5238 quisque
1529 5184 1713 5225 tuetur.

491 5239 679 5288 Vit-trix
704 5251 846 5288 causa
862 5237 957 5288 diis
981 5238 1180 5301 placuit,
1206 5238 1295 5286 sed
1323 5237 1447 5287 victa
1473 5237 1660 5287 Catoni.

396 5340 465 5394 M.
494 5340 701 5395 Tullius
735 5343 785 5394 in
815 5339 1059 5395 oratione
1081 5354 1177 5409 pro
1198 5339 1394 5405 Quinto
1422 5338 1633 5408 Ligario
1658 5356 1670 5392 :
1699 5338 1871 5391 Causa
1906 5346 1984 5389 ta-

396 5451 517 5487 men
547 5434 705 5488 dttbia
727 5474 743 5499 ,
772 5434 914 5503 quod
945 5444 1058 5487 erat
1092 5431 1289 5500 aliquid
1323 5431 1374 5484 in
1409 5440 1633 5499 utraque
1665 5439 1814 5498 parte
1840 5427 1985 5496 quod

395 5528 613 5597 probari
658 5514 860 5596 posset.
903 5526 1052 5581 Nunc
1101 5524 1296 5579 melior
1340 5534 1490 5577 certe
1534 5520 1820 5591 judicanda
1860 5530 1983 5585 est,

395 5634 553 5686 quant
582 5617 742 5671 etiam
773 5619 847 5671 dii
889 5618 1230 5685 adjuvcrnnt.

468 5707 767 5761 Feniliaris
792 5708 983 5779 uoster]
1014 5712 1131 5763 Veri
1160 5709 1300 5762 enim
1333 5718 1501 5775 pOCIiL‘
1532 5708 1598 5762 όν
1627 5705 1985 5773 Philosophiae

396 5801 595 5857 inutilia
629 5810 770 5855 sunt.
807 5801 954 5854 Unde
983 5802 1053 5853 ait
1087 5800 1371 5855 llnrataus:
1756 5787 1761 5793 ’

2093 4673 2358 4728 instituto.

2625 4782 2690 4837 IN
2728 4781 3014 4836 METRUM
3060 4780 3141 4833 \‘l.

2162 4879 2392 4933 Carmen
2418 4876 2520 4930 hoc
2548 4875 2789 4944 ejusdem
2817 4874 3029 4943 generis
3054 4881 3137 4927 est
3161 4886 3283 4925 cum
3306 4869 3496 4939 quinto
3527 4866 3693 4935 primi

2093 4970 2404 5025 voluminis.
2431 4969 2629 5023 Probat
2655 4982 2720 5021 eo
2751 4964 3091 5032 PliilosOpltia
3119 4963 3169 5016 id
3199 4961 3339 5031 quod
3373 4960 3531 5029 paulo
3558 4968 3693 5015 ante

2087 5063 2259 5128 dixit,
2290 5060 2467 5115 omnia
2492 5059 2745 5113 videlicet
2767 5056 2904 5111 mala
2932 5044 3095 5109 Deum
3118 5054 3356 5106 omnium
3384 5049 3694 5120 principem

2087 5164 2237 5208 extra
2276 5150 2587 5221 reipuhlicm
2625 5165 2735 5205 sua:
2778 5149 3037 5203 terminos
3072 5145 3382 5209 eliminare,
3418 5152 3471 5195 ct
3499 5141 3694 5194 omnia

2088 5248 2139 5302 in
2171 5243 2347 5297 ofﬁcio
2376 5241 2653 5296 continere
2673 5281 2688 5305 ,
2720 5255 2783 5294 ac
2813 5254 2898 5292 res
2926 5251 3113 5291 omnes
3142 5234 3339 5304 alioqui
3380 5243 3600 5287 temerat
3619 5232 3695 5289 iis

2090 5334 2322 5388 motibus
2351 5332 2682 5396 lluitaturas,
2707 5332 2910 5399 optimo
2945 5334 3371 5396 temperamento
3402 5339 3694 5378 coercere.

2099 5425 2301 5479 ltevide
2331 5438 2490 5491 supra
2522 5421 2764 5477 eamdem
2794 5419 3179 5489 propemodutn
3209 5416 3484 5471 materiam
3516 5415 3565 5465 in
3606 5414 3696 5469 ul—

2099 5518 2228 5572 timo
2255 5516 2471 5572 secundi
2510 5515 2796 5568 voluminis
2821 5515 3079 5568 carmine.

2168 5608 2322 5679 Celsi]
2352 5608 2633 5663 Altisstnti.

2164 5700 2317 5772 Juro]
2351 5701 2665 5754 Potentiam.

2170 5792 2433 5856 Tonantis"
2469 5792 2581 5845 Dei.
