4022 6366
313 365 447 418 1057

383 476 546 550 Pura]
582 476 1072 532 Perturbationibus
1103 484 1154 529 ct
1183 474 1319 528 vitiis
1349 484 1592 543 purgata.

378 567 577 641 Solers]
621 569 960 638 Ingeniosus,
1004 568 1278 637 perspicax
1309 607 1324 632 ,
1357 575 1511 620 acuta
1556 558 1883 634 contempla-

306 665 453 719 tione
483 671 661 716 utens.

377 750 609 821 Cernere]
646 749 860 803 Videre.

374 840 628 912 Culmina]
656 841 922 895 Sublimes
951 848 1145 910 partes.

376 931 519 1003 Illic]
550 932 603 985 In
635 930 793 987 cmln.

382 1023 609 1079 Veterem
638 1023 830 1094 pacem]
864 1024 1141 1091 Antiquam
1169 1018 1530 1072 conco:diam.

372 1112 609 1184 Phabes]
642 1114 824 1168 Luute.

372 1207 555 1278 Axem]
585 1208 813 1263 Currum
832 1248 844 1269 ,
880 1206 1201 1260 vehiculum.

379 1302 592 1357 Summo
621 1298 823 1370 eerttre]
865 1298 1015 1367 Apud
1056 1300 1233 1366 pulum
1275 1293 1741 1363 septentrionalem
1770 1333 1783 1354 ,
1816 1292 1884 1344 de

302 1407 411 1462 quo
443 1401 594 1461 poeta
625 1409 637 1443 :

425 1484 514 1532 llic
540 1495 709 1529 vertex
741 1482 877 1528 nobis
901 1493 1100 1540 semper
1124 1478 1362 1536 sublimis,
1391 1484 1436 1523 at
1475 1474 1605 1522 illum

421 1546 523 1595 Sub
549 1546 752 1606 pedibus
777 1543 892 1603 Styx
924 1535 1027 1588 atra
1055 1542 1206 1597 videt,
1234 1535 1501 1598 manesque
1520 1535 1761 1597 profundi.

376 1628 601 1694 Rapidos
639 1622 855 1694 meatus]
891 1623 1116 1677 Veluces
1148 1631 1345 1675 motus.

378 1714 529 1786 Ursa]
551 1715 733 1770 Graece
753 1712 983 1787 Ἀρκτος.
1014 1714 1237 1782 lligiuus
1258 1712 1446 1766 scribit
1467 1709 1698 1779 efﬁgiem
1736 1709 1882 1762 Ursa:

1468 354 1844 412 MURMELLII
1881 354 2396 411 COMMENTARIA.

1914 477 1957 530 Α
1990 482 2111 524 sunt
2140 472 2503 540 perfectiores.

3432 353 3570 414 1058

2061 560 2320 631 Disxepta]
2347 562 2623 630 Separata.

2060 651 2167 704 Suo
2199 650 2357 721 [ante]
2385 652 2427 703 A
2461 651 2569 704 Deo
2602 649 2862 719 principio
2892 662 3010 705 suo.

2065 738 2349 811 Fatiscent]
2384 740 2769 794 Dissolvantur.

2062 829 2181 883 Non
2209 828 2378 899 aliter]
2413 830 2525 885 N0n
2558 831 2663 884 alio
2696 830 2875 884 modo.

2062 920 2330 992 lle/luant]
2361 921 2735 976 Revertantur.

2059 1009 2259 1079 Caust
2296 1011 2371 1064 Ad
2404 1025 2619 1064 causam
2652 1013 2898 1078 primam.

2059 1100 2206 1172 Esse]
2242 1102 2560 1156 Essentiam.
2591 1103 2680 1157 Sic
2710 1112 2763 1157 et
2791 1120 2949 1173 supra
2978 1104 3114 1159 libro
3149 1105 3303 1158 tertio
3333 1103 3525 1159 cecinit
3550 1118 3566 1158 :

2234 1191 2486 1255 Bept’tunt
2504 1194 2727 1252 proprios
2749 1208 2955 1255 qumque
2980 1208 3227 1252 recurstts,

2235 1251 2513 1315 Bedituque
2538 1251 2627 1301 suo
2651 1251 2843 1313 singula
2869 1251 3102 1315 gaudent,

2234 1313 2335 1361 Net:
2360 1321 2521 1362 mmet
2546 1315 2628 1361 ulli
2658 1318 2862 1364 traditus
2877 1313 3025 1374 ordo,

2234 1375 2336 1423 Nisi
2367 1377 2494 1436 quod
2521 1377 2602 1425 lini
2623 1375 2843 1434 junxerit
2865 1385 3043 1437 ortum,

2233 1436 2570 1498 Stabiletnque
2594 1440 2666 1485 sui
2692 1438 2866 1487 fecerit
2888 1436 3079 1489 orbem.

1987 1518 2252 1573 Marsilius
2277 1519 2491 1573 Ficinus
2516 1522 2565 1573 in
2594 1523 3014 1586 Commentario,
3041 1525 3196 1576 oratiu
3220 1538 3287 1576 ne
3310 1522 3567 1585 secunda,

1984 1610 2156 1677 capite
2175 1608 2343 1677 primo
2357 1626 2370 1664 ε
2383 1608 2681 1663 Trinitatem
2701 1610 3027 1681 Pythagorici
3040 1612 3260 1683 pltiloso;
3280 1611 3567 1666 ltiomnium

1986 1716 2277 1752 mensuram
2313 1716 2338 1753 e
2366 1716 2419 1751 se
2448 1701 2713 1753 voluerunt
2737 1741 2751 1762 ,
2790 1700 2850 1753 ob
2878 1718 2992 1755 eam
3023 1702 3245 1754 arbitror
3282 1704 3527 1754 rationem
3552 1741 3567 1763 ,

299 1807 470 1863 stellis
488 1806 784 1875 ﬁguratam,
810 1819 913 1857 non
935 1802 1201 1857 οοείιιυιιθ.
1228 1800 1430 1871 Negant
1452 1800 1669 1871 (inquit)
1696 1798 1883 1851 Oceani
1922 1806 1967 1888 ὴ
1989 1790 2127 1858 quod
2157 1788 2295 1842 Deus
2324 1791 2547 1843 ternario
2580 1806 2788 1843 thero
2816 1807 2896 1843 res
2923 1791 3165 1859 gubernat
3187 1831 3201 1849 .
3240 1800 3388 1858 atque
3414 1792 3566 1842 eI'am

298 1916 510 1955 uxorem
538 1898 592 1950 id
621 1897 869 1966 rrcipere,
894 1910 1003 1947 cum
1028 1894 1220 1964 reliqua
1248 1892 1418 1946 sidera
1440 1908 1497 1944 eo
1520 1893 1810 1960 perven’ant
1833 1890 1884 1941 in

299 2009 566 2057 occasum,
593 1990 730 2059 quod
764 1989 948 2058 Tethys
976 1986 1197 2041 Iunonis
1228 1988 1292 2039 sit
1326 1986 1531 2049 nutrix,
1573 1984 1655 2036 cui
1694 1983 1884 2035 Culisto

298 2085 660 2148 succubuerat,
687 2091 741 2133 ut
769 2080 955 2151 pellex.
982 2078 1123 2132 Idem
1147 2078 1304 2130 etiam
1326 2076 1482 2130 docet
1501 2073 1720 2128 Ovidius
1747 2072 1885 2125 libro

297 2173 536 2230 secundo
564 2170 919 2240 Metamorpb.
956 2170 1077 2224 Ideo
1104 2180 1280 2223 autem
1314 2183 1497 2222 revera
1531 2181 1634 2219 non
1662 2180 1758 2219 occ
1779 2164 1881 2225 dit,

297 2267 425 2337 quia
453 2279 572 2320 cum
604 2278 764 2331 supra
796 2278 896 2318 nos
923 2263 988 2316 sit
1020 2262 1175 2331 polus
1203 2262 1455 2324 arczicns,
1490 2273 1703 2326 semper
1730 2272 1757 2307 a
1791 2272 1884 2308 no-

296 2356 384 2412 bis
406 2358 633 2413 videtur.
658 2356 746 2412 Sic
771 2357 915 2410 Maro
943 2372 955 2406 :

426 2451 601 2499 Arctos
620 2448 803 2498 Oceani
827 2452 1113 2495 metuentes
1147 2457 1345 2506 sequere
1371 2442 1509 2502 tingi.

379 2531 579 2586 Oceano
609 2534 801 2601 tingere
825 2525 1081 2598 ﬂammas]
1110 2526 1383 2581 Occidere.

376 2620 666 2692 Astrigeris]
694 2619 1038 2674 Ctzlestibus.

381 2706 608 2783 Viribus]
638 2711 738 2768 Per
769 2713 933 2764 vicus.

372 2802 589 2873 Sidam]
622 2804 878 2857 Deorsum
909 2805 1170 2868 vergant,
1200 2795 1583 2863 deprimantur.

374 2895 568 2949 Iisdem
598 2892 786 2961 causis]
822 2892 893 2945 Es
927 2890 1112 2944 eadem
1147 2885 1329 2941 mundi
1361 2884 1668 2939 concordia.

377 2985 579 3056 Spirat]
607 2981 870 3052 Spirando
899 2979 1112 3035 entitt't.

376 3073 628 3145 Florifer]
659 3074 843 3129 Flores
876 3073 1069 3127 ferens.

370 3165 571 3237 Annus]
605 3168 699 3219 llic
728 3164 1005 3232 aequaliter
1037 3162 1089 3215 in
1121 3169 1350 3231 quatuor
1377 3158 1632 3211 dividitur
1662 3166 1838 3225 partes
1864 3195 1877 3216 .

295 3260 451 3329 iusta
478 3259 607 3313 illud
636 3256 897 3326 poeticum
926 3271 939 3307 :

398 3350 819 3411 Temporibusque
843 3358 1011 3409 parem
1034 3344 1245 3393 diversis
1263 3347 1492 3404 quattuor
1514 3352 1714 3389 annuat.

294 3434 445 3489 Sunt
483 3442 662 3486 autem
707 3446 819 3494 ver,
864 3437 1062 3489 testas,
1105 3434 1429 3486 autumnus,
1477 3423 1665 3475 hiems.
1715 3419 1885 3487 thue

295 3523 607 3580 Macrobius
645 3523 719 3575 ait
750 3521 886 3575 libro
924 3518 1188 3586 septimo:
1228 3514 1327 3568 Ver
1365 3512 1504 3567 Deus
1537 3516 1764 3566 omnium
1802 3512 1882 3578 fa.

295 3618 533 3669 bricator
558 3612 783 3665 calidum
810 3610 924 3680 fecit
955 3619 1002 3662 et
1031 3608 1349 3673 humatum;
1379 3607 1512 3659 sicca
1539 3614 1611 3657 est
1649 3612 1800 3657 testas
1840 3609 1885 3653 et

294 3705 499 3768 calida,
520 3713 789 3757 autumnus
817 3701 982 3753 siccus
1002 3698 1244 3768 [rigi.lns,
1270 3696 1427 3748 hiems
1454 3694 1665 3746 humida
1694 3695 1888 3761 puriter

296 3808 346 3852 et
379 3796 570 3868 [rigida
592 3805 683 3851 est.

382 3887 595 3958 Pomis]
621 3886 838 3942 Ovidius
866 3885 1001 3938 libro
1030 3883 1097 3937 de
1131 3879 1387 3933 Remedio
1414 3877 1609 3930 amoris
1640 3878 1808 3943 primo
1832 3893 1844 3926 :

402 3978 549 4026 Poma
568 3977 648 4025 dat
668 3984 943 4031 autumnus,
971 3974 1181 4021 formosa
1207 3976 1282 4018 est
1304 3970 1547 4016 mesibus
1571 3978 1727 4014 mstas.

467 4039 567 4088 Ver
587 4041 771 4099 praebet
792 4038 955 4095 liores,
993 4036 1110 4095 igne
1136 4033 1327 4081 levatur
1347 4031 1523 4079 hiems.

377 4117 587 4189 Grauis]
620 4120 813 4174 Plenus
834 4164 847 4186 ,
878 4117 1178 4171 abundans.

380 4211 620 4283 Βρίιυιη]
651 4207 909 4267 Deorsum
942 4209 1130 4263 ﬂuens.

380 4304 514 4358 Hac
542 4300 825 4372 temperies]
865 4299 1157 4355 Moderatio
1185 4306 1238 4351 et
1269 4294 1573 4350 concordia.

386 4394 559 4448 Vitam
589 4392 773 4463 spirat]
807 4393 964 4445 Vivit.

380 4485 605 4556 Eadem]
637 4485 965 4555 Temperies.

376 4577 591 4647 Condit]
621 4578 931 4633 Abscondit.

382 4670 565 4742 θείω]
594 4671 798 4725 Occasu
816 4712 828 4733 ,
862 4677 1055 4722 morte.

378 4762 437 4817 Μ
446 4762 642 4834 ergens]
668 4765 933 4817 Obruens.

377 4852 657 4925 Conditor]
685 4855 926 4909 Creator.

381 4943 575 5016 Equi]
605 4944 911 5014 Equitatis.

376 5033 639 5105 Concitat]
674 5035 930 5102 Imperat,
962 5033 1121 5102 cogit.

383 5125 499 5197 Ire]
526 5127 747 5182 Moveri.

387 5219 562 5291 Sistit]
588 5220 742 5274 Stare
766 5222 939 5288 jubet.

386 5301 693 5381 Retrahens]
722 5313 801 5365 Ad
829 5326 889 5365 se
920 5323 1137 5364 Vocans.

393 5400 566 5473 Vaga]
596 5402 829 5456 Mobilia.

388 5494 615 5563 Firmat]
644 5494 876 5549 Stabilit.

388 5584 420 5638 1
426 5583 531 5655 tus]
559 5585 751 5638 Motus.

387 5673 614 5746 Iterum]
644 5674 895 5729 Rursum.

390 5765 464 5821 1η
495 5767 637 5821 orbes
664 5765 845 5836 ﬂexos]
886 5764 1055 5820 Motus
1084 5765 1397 5830 circulares,
1431 5765 1517 5833 qui
1553 5765 1714 5820 rectis
1744 5767 1897 5835 longe

1992 1894 2072 1932 res
2100 1880 2224 1949 ipsa:
2252 1884 2477 1933 ternario
2521 1897 2729 1934 numero
2758 1883 3119 1934 terminantur.
3163 1881 3297 1935 Huc
3338 1882 3567 1937 Maronis

1987 1967 2115 2021 iliud
2144 1987 2156 2020 :

2231 2059 2446 2108 Numero
2470 2061 2600 2108 Deus
2625 2062 2809 2122 impare
2840 2061 3042 2121 gaudet.

1992 2140 2199 2210 Nempe
2229 2158 2469 2196 sunnnus
2499 2144 2584 2195 ille
2616 2158 2801 2197 auctor
2835 2146 3006 2212 primo
3034 2143 3239 2210 singula
3277 2154 3452 2209 creat,
3486 2160 3567 2197 se-

1982 2231 2158 2284 cundo
2179 2231 2352 2299 capit,
2378 2233 2532 2286 tertio
2559 2233 2783 2300 perlicit.
2812 2232 3030 2302 Singula
3054 2247 3265 2301 quoque
3292 2234 3557 2301 imprimis

1986 2322 2053 2376 ab
2080 2323 2169 2377 illo
2200 2324 2422 2393 perenni
2464 2324 2609 2378 lonte
2647 2324 2906 2392 effluunt,
2947 2324 3074 2377 dum
3117 2333 3444 2387 nascuntur;
3476 2326 3569 2378 ale-

1989 2413 2113 2467 inde
2145 2412 2195 2467 in
2226 2414 2474 2467 eumdem
2508 2415 2779 2478 reﬂuunt,
2807 2414 2933 2468 dum
2960 2429 3108 2468 suam
3135 2414 3277 2468 illam
3309 2414 3571 2483 originem

1987 2514 2266 2573 repetunt;
2299 2516 2573 2574 postremo
2605 2506 2973 2575 perficiuntur,
3015 2515 3295 2577 postquam
3328 2508 3377 2560 in
3411 2522 3566 2561 suum

1989 2596 2309 2665 principium
2345 2597 2536 2650 rediero
2562 2606 2638 2650 nt.

2535 2688 2598 2741 IN
2640 2687 2912 2743 PROSAM
2956 2688 3065 2742 γη.

2061 2774 2136 2827 Ex
2170 2775 2234 2828 iis
2261 2790 2379 2843 qum
2405 2792 2568 2844 supra
2604 2776 2969 2831 eruditissime
2998 2791 3117 2829 cum
3149 2776 3216 2830 de
3241 2777 3417 2830 divina
3447 2794 3571 2846 pro-

1988 2864 2221 2919 videntia
2244 2909 2258 2933 ,
2287 2875 2395 2919 tum
2421 2866 2486 2920 de
2517 2866 2661 2920 fatali
2693 2868 2832 2921 serie
2853 2868 3101 2921 disseruit
3125 2906 3139 2931 ,
3172 2867 3445 2935 pulchram
3472 2883 3570 2921 nec

1986 2954 2163 3007 minus
2209 2970 2390 3008 veram
2442 2955 2662 3009 deducit
2706 2957 3031 3021 illationem,
3088 2959 3283 3011 aiens:
3334 2958 3570 3011 Tametsi

1966 3042 2145 3113 vulgo
2173 3044 2329 3099 aliter
2368 3044 2627 3109 videatur,
2672 3061 2883 3101 omnem
2909 3047 3122 3114 quidem
3158 3048 3418 3101 fortunam
3451 3064 3570 3104 esse

1987 3135 2202 3200 bonam,
2227 3150 2345 3190 cum
2372 3137 2456 3191 vel
2485 3137 2628 3203 justa
2661 3137 2747 3198 sit,
2774 3136 2852 3189 vel
2889 3137 3050 3189 utilis.
3079 3137 3308 3191 Proinde
3342 3139 3457 3190 viro
3486 3154 3571 3193 sa-

1989 3228 2153 3297 pienti
2186 3244 2288 3283 non
2314 3243 2437 3284 esse
2460 3229 2693 3298 graviter
2721 3227 2996 3281 ferendum
3016 3268 3031 3293 ,
3061 3227 3104 3279 si
3128 3227 3179 3281 in
3207 3227 3430 3281 fortuna:
3456 3243 3572 3282 cer-

1990 3327 2167 3373 tamen
2212 3317 2525 3379 adducatur,
2568 3332 2674 3387 quo
2717 3316 2831 3385 ejus
2870 3315 3154 3370 exercitata
3197 3318 3363 3371 virtus
3406 3320 3571 3387 stragis

1989 3421 2050 3459 ac
2082 3408 2249 3473 magis
2278 3408 2559 3461 enitescat.

2064 3496 2187 3568 Qui]
2216 3496 2518 3563 Quomodo.

2064 3590 2223 3661 Nixu]
2252 3590 2515 3658 Firmato,
2549 3597 2876 3654 sustentata,
2907 3590 3141 3644 sullulta.

2066 3678 2435 3750 Inopittabiles]
2488 3680 2874 3744 lncredibi'es,
2935 3696 2962 3734 a
3010 3680 3149 3751 vulgi
3196 3684 3446 3752 opinione
3491 3703 3572 3740 se-

1992 3778 2185 3824 motas.

2068 3860 2234 3914 Paulo
2261 3860 2398 3933 ante]
2434 3862 2594 3916 Prosa
2622 3875 2809 3931 quarta
2842 3872 2895 3917 et
2922 3873 3069 3918 sexta
3104 3865 3258 3934 hujus
3293 3866 3433 3920 libri.

2069 3951 2191 4022 Qui]
2221 3953 2348 4018 Cur,
2383 3954 2673 4023 quomodo.

2070 4045 2159 4118 Ut]
2186 4046 2468 4114 Quomodo
2491 4088 2506 4111 ,
2538 4047 2694 4101 sicut.

2065 4138 2255 4193 Nonne
2278 4140 2434 4209 igitur
2463 4140 2650 4193 bonum
2681 4130 2876 4210 censes]
2921 4139 3273 4210 Syllogismus
3310 4152 3390 4195 est
3438 4143 3578 4200 tertii

1992 4228 2180 4297 prima:
2210 4228 2392 4297 ligurte
2422 4228 2587 4281 modi.
2618 4228 2882 4298 Quidquid
2921 4228 3139 4297 prodest
3160 4269 3176 4294 .
3220 4230 3416 4283 bottum
3448 4247 3524 4284 es:
3556 4249 3569 4284 :

1994 4319 2227 4372 Fortuna
2258 4329 2436 4371 autem
2467 4334 2727 4374 exercens
2760 4329 2850 4374 aut
2876 4319 3149 4387 corrigens
3171 4363 3185 4387 ,
3218 4320 3454 4388 prodest.
3492 4322 3577 4383 Est

1996 4410 2154 4479 igitur
2187 4409 2349 4463 bona.

2070 4496 2220 4570 [iter]
2253 4500 2514 4563 Fortuna,
2547 4516 2666 4569 quae
2694 4502 2776 4554 vel
2809 4511 3023 4555 exercet
3054 4502 3135 4555 vel
3166 4503 3400 4570 torrig’t.
3478 4506 3481 4507 ⁷

2072 4588 2415 4661 [napinabile]
2448 4591 2766 4647 Incredibile
2787 4601 2841 4647 et
2872 4593 3102 4646 alienum
3135 4594 3202 4647 alt
3227 4595 3478 4662 opinione
3502 4610 3580 4646 sa-

1999 4682 2261 4750 pientum.‘

2070 4774 2240 4838 Quare
2271 4774 2451 4845 inquit]
2499 4776 2571 4829 Ex
2615 4774 2725 4844 jam
2768 4776 2924 4831 dictis
2967 4775 3157 4839 infert,
3203 4778 3316 4831 viro
3356 4779 3581 4846 sapienti

1997 4865 2212 4917 minime
2246 4865 2533 4919 delendum
2556 4906 2571 4932 ,
2597 4882 2716 4921 cum
2749 4868 3010 4923 adversus
3037 4884 3281 4939 asperam
3313 4870 3578 4923 fortunam

1996 4968 2206 5011 certare
2234 4958 2463 5025 cogitur,
2487 4960 2565 5014 sic
2586 4962 2730 5014 enim
2754 4962 2922 5016 virtus
2948 4971 3000 5016 et
3029 4964 3304 5031 probatur,
3333 4971 3385 5017 et
3416 4963 3581 5030 magis

1998 5047 2270 5100 elucescit.
2306 5048 2455 5103 Unde
2480 5048 2735 5104 Ovidius:

2091 5138 2210 5203 Quae
2233 5136 2370 5197 latet,
2397 5143 2547 5203 inque
2570 5140 2711 5191 bonis
2734 5148 2895 5191 cessat
2920 5144 3235 5203 nonicognita
3255 5142 3425 5200 rebus,

2152 5200 2365 5261 Apparet
2392 5201 2573 5263 virtus,
2600 5204 2919 5265 arguiturque
2944 5202 3098 5252 malis.

2001 5283 2063 5337 Et
2089 5283 2248 5339 Silius
2282 5284 2485 5338 Italicus
2514 5285 2651 5341 libro
2677 5297 2867 5355 quarto
2892 5285 2959 5341 de
2988 5284 3239 5341 Romanis
3264 5300 3279 5341 :

2502 5396 2647 5447 Juvat
2673 5398 2746 5447 ire
2770 5397 2968 5459 periclis

2100 5456 2167 5504 Ad
2191 5458 2356 5515 decus,
2384 5467 2435 5507 et
2451 5458 2627 5507 dextra
2654 5456 3019 5506 memorandum
3043 5456 3259 5505 condere
3278 5469 3475 5514 nomen,

2099 5518 2253 5575 Ouale
2277 5520 2413 5569 dedit
2440 5534 2683 5582 nunquam
2709 5520 2862 5568 rebus
2882 5519 3074 5568 fortuna
3092 5519 3337 5569 secundis.

2008 5618 2209 5673 Rursus
2239 5620 2290 5675 in
2322 5622 2509 5676 eodem
2538 5639 2549 5675 :

2136 5712 2387 5784 Esrllctrant
2409 5714 2609 5784 adversa
2633 5713 2780 5784 viros,
2809 5722 2996 5784 perque
3023 5722 3198 5784 aspera
3222 5711 3343 5761 duro

2131 5774 2305 5825 Nititur
2330 5779 2385 5823 ad
2413 5776 2604 5825 laudent
2629 5775 2783 5824 virtus
2806 5774 3031 5823 interrita
3048 5774 3196 5825 clivo.
