4022 6366
438 324 575 388 1059

504 436 699 493 Gloria:
738 430 964 502 prapria]
997 431 1222 485 Faustus
1254 430 1575 484 Andrelinus
1603 448 1613 480 :

556 526 719 575 Fortia
742 525 963 574 difﬁciles
981 527 1259 584 superantia
1285 531 1481 583 pectora
1505 535 1662 577 casus,

620 586 795 648 Inclyta
822 593 1076 647 perpetuae
1096 588 1285 633 nomina
1304 585 1464 634 laudis
1487 586 1685 631 habent.

513 668 687 722 Virtus
713 666 946 736 vocatur]
975 668 1126 722 Unde
1152 670 1321 721 virtus
1351 666 1614 734 appellata
1643 667 1712 717 sit
1741 662 2011 726 ostendit,

433 761 573 830 quod
604 761 715 814 suis
747 763 954 814 scilicet
989 761 1191 813 viribus
1228 762 1434 823 nitens,
1468 773 1574 811 non
1606 767 1887 825 superetur
1916 755 2012 807 ad-

432 852 621 907 versis.
669 851 736 903 M.
779 850 969 904 Cicero
1007 850 1143 902 libro
1183 849 1603 903 Tusculanarum
1649 845 2014 913 Qumstionum

431 944 669 998 secundo
696 962 707 995 :
744 943 1016 1011 Appellata
1044 952 1114 994 est
1137 943 1267 993 enim
1290 958 1352 994 ea:
1372 942 1476 992 viro
1499 941 1676 991 virtus.
1710 937 1819 989 Viri
1849 946 2016 988 autem

434 1035 649 1101 propria
676 1034 896 1085 maxime
924 1041 996 1084 est
1030 1032 1281 1101 fortitudo
1303 1070 1319 1095 ,
1350 1032 1496 1098 cujus
1528 1044 1739 1080 munera
1768 1028 1869 1078 duo
1910 1041 2016 1076 ma-

432 1125 573 1178 trima
603 1133 750 1189 sunt,
779 1123 957 1175 mortis
983 1121 1276 1191 dolorisque
1307 1120 1630 1189 contemptio.
1666 1117 1922 1171 Utendum
1946 1124 2019 1168 est

432 1216 589 1285 igitur
619 1214 731 1277 his,
760 1214 803 1265 si
836 1214 1035 1265 virtutis
1067 1221 1321 1281 compotes
1342 1254 1356 1277 ,
1391 1212 1466 1263 rel
1498 1210 1665 1275 potius
1695 1209 1739 1260 si
1761 1207 1855 1259 viri
1880 1207 2021 1277 volu-

433 1321 541 1357 mus
581 1320 719 1368 esse,
749 1305 987 1371 quoniam
1016 1319 1047 1354 a
1076 1303 1196 1355 viris
1241 1304 1402 1355 virtus
1443 1315 1625 1352 nomen
1654 1308 1724 1351 est
1763 1304 2019 1349 mutuata.

434 1397 740 1450 Lactantius
780 1395 915 1449 libro
954 1395 1021 1449 de
1050 1394 1275 1462 Opilicio
1300 1412 1314 1448 :
1344 1394 1457 1456 Vir,
1490 1392 1694 1461 inquit,
1725 1391 2024 1442 nominatus

434 1497 505 1542 cst
524 1528 539 1553 ,
568 1489 703 1557 quod
727 1488 781 1540 in
806 1504 862 1540 eo
891 1489 1061 1557 major
1082 1488 1161 1540 vis
1188 1496 1261 1540 est
1289 1501 1440 1555 quam
1473 1487 1522 1536 in
1565 1483 1775 1553 femina.
1810 1479 1874 1533 Et
1908 1480 2025 1531 hinc

435 1581 594 1633 virtus
628 1596 809 1633 nomen
835 1582 1050 1647 accepit.

958 1669 1021 1723 IN
1064 1669 1351 1723 METRUM
1396 1667 1504 1721 VH.

1058 299 1413 378 'APPENDIX
1452 319 1540 374 AD
1580 315 1821 372 LIBROS
1862 314 1949 370 UE
1990 312 2507 369 CONSOLATIONE
2548 312 3049 370 PHILOSOPHIE.

3545 309 3687 368 1060

2233 426 2445 489 Bexque
2472 436 2657 487 patrem
2681 430 2813 486 vicit,
2842 436 3125 489 castumque
3143 426 3311 475 datura
3334 438 3563 477 cruorem

2238 488 2495 537 Flentibus
2515 497 2628 537 ante
2650 502 2778 536 arani
2796 496 2933 538 stetit
2954 488 3203 550 lplugcuia
3229 490 3478 537 ministris.

2193 570 2445 641 Faederat]
2479 570 2703 625 Fcedcre
2733 570 2873 626 facto
2903 570 3090 624 incidit
3117 579 3168 624 ct
3196 580 3411 624 mactat.

2191 660 2367 731 Notas]
2401 662 2704 729 lpliigenize.

2188 752 2419 823 Itaclms]
2453 754 2687 823 Ulysscs.

2190 846 2432 917 Sodales]
2463 846 2672 902 Socios.
2710 845 3055 915 Propertius:

2245 935 2478 986 Paulatim
2502 940 2686 986 socium
2706 938 2939 999 iacturam
2963 939 3101 989 licvit
3123 938 3341 1001 Ulysses.

2192 1017 2377 1089 Ferus]
2408 1020 2794 1085 Truculentus,
2825 1023 2893 1073 ab
2924 1020 3255 1076 humanitate
3285 1022 3446 1075 nimis
3469 1022 3700 1077 alienus.

2194 1110 2394 1181 Mersit]
2423 1111 2737 1178 Absorpsit,
2772 1113 3091 1169 recondidit.

2194 1203 2563 1274 Polyphemus]
2588 1203 2686 1257 Hic
2712 1204 2809 1257 fuit
2832 1204 3057 1273 Neptuni
3092 1205 3230 1260 illius
3253 1222 3317 1260 ex
3342 1205 3491 1259 Tboa
3513 1205 3706 1260 Phorci

2126 1294 2261 1355 ﬁlia,
2290 1297 2354 1349 ad
2379 1313 2535 1365 quem
2564 1311 2683 1349 cum
2709 1297 2925 1372 Ulysses
2948 1300 2998 1350 in
3026 1298 3257 1352 Siciliam
3285 1298 3560 1365 profectus
3585 1315 3706 1352 cum

2124 1386 2403 1440 duodecim
2434 1389 2718 1441 comitibus
2760 1390 3123 1457 pertenisset,
3163 1398 3274 1445 tres
3313 1390 3480 1443 cados
3518 1392 3706 1457 optimi

2128 1478 2231 1531 vini
2262 1493 2441 1532 secum
2467 1489 2705 1546 portans,
2725 1479 3019 1533 admiratus
3036 1488 3119 1533 est
3137 1481 3581 1547 magnituilino-m,
3603 1478 3711 1531 iuro

2127 1586 2373 1639 mamque
2400 1571 2631 1626 hominis
2665 1574 2877 1627 unicum
2906 1574 3118 1627 oculum
3147 1575 3200 1627 in
3232 1574 3408 1628 fronte
3434 1573 3704 1636 habentis,

2127 1668 2214 1733 qui
2246 1669 2388 1720 solus
2415 1668 2513 1721 sub
2543 1677 2698 1720 antro
2729 1668 2951 1721 tollebat
2978 1667 3207 1736 lapidem
3229 1709 3245 1732 ,
3274 1668 3490 1735 qualem
3522 1668 3705 1736 viginti

506 1765 690 1819 Trium
725 1763 1139 1817 fortissimorum
1175 1762 1437 1831 exemplis
1478 1759 1741 1823 ostendit,
1780 1773 1884 1810 non
1923 1748 2022 1808 nisi
2053 1793 2098 1851 Β
2128 1758 2287 1810 boum
2316 1760 2439 1827 juga
2471 1760 2558 1813 vix
2592 1774 2806 1813 movere
2835 1762 3151 1828 potuissent.
3195 1760 3276 1813 Ab
3305 1775 3371 1814 eo
3417 1760 3583 1829 igitur
3612 1761 3712 1814 sci-

436 1873 530 1926 per
571 1856 809 1911 dillicilia
850 1866 902 1910 et
942 1856 1108 1910 ardua
1152 1856 1253 1909 iter
1292 1868 1411 1907 esse
1452 1853 1515 1905 ad
1548 1852 1799 1905 virtutem
1829 1858 1883 1904 et
1908 1848 2024 1917 glo—

436 1954 593 2006 riam.
632 1950 746 2004 Non
789 1950 949 2019 igitur
988 1948 1403 2002 detrectaudum
1443 1954 1524 2000 est
1562 1954 1833 1999 certamen
1861 1981 1875 2005 ,
1917 1956 2021 1995 non

437 2045 765 2096 recusandus
812 2042 980 2103 labor,
1034 2056 1139 2107 quo
1186 2040 1404 2093 virtutis
1449 2047 1503 2091 et
1550 2037 1823 2105 sapientia:
1870 2034 2025 2087 nobis

436 2134 663 2186 materia
693 2133 1017 2198 suggeritur,
1048 2131 1200 2198 juxta
1235 2129 1474 2196 poeticos
1503 2126 1623 2179 illos
1653 2138 1838 2178 versus
1864 2140 1876 2175 :

562 2224 794 2282 Quisquis
819 2225 946 2269 enim
972 2224 1120 2269 duros
1137 2234 1275 2269 casus
1306 2222 1497 2269 virtutis
1520 2232 1686 2265 amore

568 2279 773 2339 Vicerit,
801 2283 883 2330 ille
911 2286 1003 2331 sibi
1027 2282 1319 2343 laudemque
1338 2284 1588 2340 decusque
1618 2279 1825 2338 parabit.

566 2345 630 2407 At
653 2346 735 2407 qui
755 2344 1010 2402 desidiam,
1039 2344 1303 2404 luxumque
1328 2350 1564 2407 sequetur
1586 2344 1818 2407 inertem,

562 2402 691 2454 Dum
718 2406 843 2466 l’ugit
867 2408 1112 2465 oppositos
1136 2402 1324 2466 incauta
1350 2413 1514 2466 nteti't-
1540 2402 1746 2458 labores,

562 2467 758 2527 Turpis,
775 2463 1022 2527 inopsque
1046 2464 1186 2513 simul
1214 2463 1495 2513 miserabile
1517 2466 1737 2522 transigit
1758 2473 1931 2509 aevum.

512 2549 601 2603 Bis
628 2548 818 2619 quinis]
855 2550 1067 2602 Decem.

516 2638 690 2708 Ultor]
725 2638 929 2693 Vindex
954 2680 967 2702 ,
997 2646 1181 2705 raptor
1215 2636 1453 2690 llelenre.

518 2728 752 2801 Atrides]
772 2732 1135 2799 Agamemnon
1160 2728 1303 2779 Atrei
1331 2727 1488 2778 lilius.
1512 2723 1758 2777 Horatius
1780 2724 1830 2777 in
1854 2723 2023 2792 Epist.

933 2820 1109 2867 Nestor
1138 2830 1431 2877 componere
1455 2814 1567 2862 lites

627 2883 763 2931 inter
788 2881 991 2930 Ρεηᾱρη
1014 2880 1209 2929 festinat
1229 2887 1279 2927 et
1304 2880 1432 2926 inter
1458 2877 1678 2927 Atriden.

511 2963 778 3034 Phrygia]
810 2963 1007 3031 Trojtn.

513 3056 720 3127 Ruinis]
754 3055 1000 3109 Excidio.

510 3148 737 3217 Fratris]
770 3147 1018 3202 Mene'ai.

511 3242 737 3293 Amissos
783 3236 1056 3307 thalamos]
1107 3236 1357 3303 Ereptam
1404 3233 1684 3303 coniugem
1730 3230 2017 3295 llelcuam,

439 3335 721 3391 mulierum
753 3332 913 3401 longe
942 3331 1381 3400 pulcherrimam.

512 3424 700 3493 Piavit]
732 3423 1001 3491 Purgavit.
1032 3423 1179 3477 Maro
1205 3439 1218 3475 :

627 3515 688 3563 Et
712 3514 900 3575 culpam
922 3514 1211 3561 miserorum
1236 3518 1388 3561 morte
1416 3510 1630 3572 piabunt.

440 3602 643 3658 Sensus
673 3610 753 3652 est
780 3640 793 3663 ,
830 3598 1054 3665 Raptum
1088 3597 1301 3651 Helena:
1332 3611 1488 3664 quem
1523 3593 1841 3647 libidinosus
1874 3592 2021 3645 l‘aris

448 3690 800 3762 perpetravit,
828 3691 1191 3759 Agamemnon
1220 3687 1432 3741 vindice
1461 3686 1599 3739 bello
1619 3695 1675 3739 et
1702 3683 1873 3750 Troia:
1898 3683 2025 3735 sub-

442 3785 687 3839 versione
730 3784 995 3851 purgavit.
1039 3781 1253 3836 Scelera
1295 3780 1434 3833 enim
1469 3777 1699 3831 vindicta
1734 3784 2024 3845 purgantur

438 3876 887 3942 emoliunturque.
1548 3872 1553 3875 ’

510 3965 629 4035 Ille]
660 3965 1046 4032 Agamemnon.
1082 3962 1178 4015 Hic
1205 3961 1269 4014 ad
1303 3960 1501 4015 bellum
1534 3957 1825 4026 Troianum
1858 3955 2019 4025 proli-

444 4066 679 4126 ciscens,
715 4072 836 4112 cum
872 4055 1007 4119 apud
1035 4052 1277 4107 Aulidem
1308 4051 1544 4119 reliquos
1573 4048 1793 4103 Graeciae
1825 4047 2022 4115 princi-

445 4167 537 4223 pes
576 4154 947 4219 exspectaret,
993 4142 1304 4213 imprudens
1335 4142 1514 4194 Diana:
1556 4156 1768 4194 cervam
1807 4140 2021 4194 occidit.

445 4248 617 4312 Quare
645 4244 743 4297 dea
777 4243 908 4293 irata
929 4279 945 4304 ,
977 4238 1027 4290 in
1064 4245 1259 4287 tantam
1295 4239 1663 4301 tempestatem
1705 4246 1849 4284 mare
1877 4230 2021 4284 εχιί-

445 4338 605 4404 tavit,
639 4345 695 4389 ut
722 4333 1029 4388 Grmcorum
1061 4324 1245 4380 classis
1284 4322 1408 4375 inde
1444 4320 1721 4375 discedere
1760 4335 1861 4372 non
1902 4334 2023 4387 pos-

444 4440 542 4486 set.
585 4430 715 4483 Cum
755 4435 933 4478 autem
972 4420 1129 4475 etiam
1171 4426 1320 4485 peste
1360 4415 1703 4479 laborarent,
1746 4413 2022 4465 consultus

2125 1850 2348 1904 scitatus
2375 1860 2457 1904 est
2481 1850 2695 1920 lllysses
2722 1851 2862 1919 quod
2890 1867 3057 1921 genus
3082 1852 3379 1919 hominum,
3409 1856 3500 1922 qui
3531 1870 3709 1908 mores

2124 1952 2335 2019 essent,
2368 1953 2421 1997 et
2466 1957 2559 2010 per
2597 1942 2781 1997 Jovem
2812 1945 3115 1999 obsecravit
3142 1954 3199 1998 ut
3229 1945 3419 1999 liceret
3448 1961 3476 1999 s
3500 1948 3551 1999 bi
3599 1957 3709 2000 tute

2125 2033 2293 2086 abire.
2311 2034 2399 2086 llle
2418 2048 2542 2086 vero
2561 2034 2786 2102 superbe
2808 2033 3167 2101 respondens,
3189 2052 3293 2089 non
3309 2037 3499 2090 timere
3513 2038 3705 2091 Jovem

2126 2126 2299 2189 dixit,
2335 2124 2579 2193 duosque
2610 2140 2678 2178 ex
2710 2127 2994 2180 comitibus
3025 2126 3231 2196 Ulyssis
3257 2128 3705 2195 apprehendens.

2126 2217 2227 2268 ritu
2271 2215 2381 2269 fere
2414 2219 2714 2271 immaniter
2743 2216 3051 2285 devoravit,
3085 2218 3415 2285 totidemque
3448 2222 3707 2285 postridie

2124 2307 2417 2375 absumpsit
2467 2310 2634 2373 prima
2681 2308 2841 2361 luce:
2889 2308 3026 2362 idem
3072 2310 3229 2363 etiam
3286 2314 3504 2378 vesperi
3559 2312 3704 2365 fecit.

2126 2399 2483 2463 Quamobrem
2515 2398 2733 2469 Ulysses
2763 2400 2862 2454 sibi
2894 2401 2997 2469 iam
3024 2410 3077 2455 et
3108 2402 3325 2470 reliquis
3356 2404 3556 2456 timens
3576 2444 3592 2466 ,
3622 2420 3708 2456 ca-

2127 2492 2249 2543 dum
2299 2492 2485 2561 optimi
2539 2492 2681 2559 vini,
2729 2492 2871 2559 quod
2917 2507 3097 2546 secum
3142 2496 3334 2548 tulerat
3375 2493 3705 2563 Polyphemo

2125 2581 2353 2645 obtulit.
2384 2590 2441 2636 et
2481 2593 2538 2635 ut
2577 2583 2677 2636 sibi
2709 2598 2771 2637 ac
2798 2582 3008 2639 cmteris
3054 2596 3326 2650 parceret,
3378 2586 3703 2639 obsecravit.

2126 2674 2277 2738 Quod
2306 2672 2534 2744 Cyclops
2574 2691 2632 2729 se
2672 2675 2935 2730 facturum
2966 2679 3242 2746 prciuisit,
3289 2678 3331 2729 si
3380 2693 3570 2731 rursus
3610 2679 3704 2730 sibi

2127 2765 2305 2818 viuum
2352 2765 2590 2820 olTerret.
2640 2768 2830 2821 Oblato
2874 2769 3052 2836 itaque
3094 2771 3249 2823 tertio
3292 2771 3487 2837 poculo
3530 2780 3706 2821 mente

2126 2857 2422 2922 alienatus,
2469 2860 2518 2911 iu
2563 2862 2742 2913 medio
2789 2872 2942 2915 antro
2994 2864 3223 2915 immane
3263 2877 3463 2931 corpus
3508 2863 3703 2914 dormi.

2128 2960 2277 3004 turus
2318 2952 2582 3006 extendit.
2627 2954 2777 3007 Hunc
2817 2955 2977 3023 igitur
3008 2954 3228 3024 Ulysses
3254 2957 3377 3007 vino
3410 2969 3704 3019 somnoque

2127 3043 2390 3112 sepultum
2431 3044 2899 3112 animadvertetis,
2954 3047 3192 3098 immi~so
3235 3045 3286 3099 in
3339 3046 3558 3099 oculum
3603 3046 3701 3099 telo

2054 3149 2100 3211 ρ
2131 3138 2435 3189 excmcavit.
2470 3136 2571 3190 Sed
2603 3152 2894 3205 ex~urgcns
2920 3139 3127 3191 tandem
3152 3136 3379 3207 Cyclops
3402 3178 3415 3199 ,
3438 3151 3561 3189 cum
3593 3150 3699 3201 ape

2128 3227 2238 3282 rire
2254 3228 2392 3281 antri
2416 3229 2610 3281 ostium
2642 3228 2888 3295 gregibus
2915 3238 3216 3295 cogeretur,
3241 3229 3534 3280 immanem
3560 3230 3702 3279 exiu-

2127 3322 2192 3374 de
2225 3320 2449 3387 lapidem
2494 3321 2727 3383 amovit,
2774 3329 3139 3372 verumtamen
3177 3328 3434 3371 exeuntes
3476 3318 3702 3385 pecudes

2127 3411 2371 3464 manibus
2400 3410 2663 3479 palpabat.
2693 3410 2842 3476 Quod
2870 3424 2989 3463 cum
3022 3408 3241 3479 Ulysses
3270 3423 3391 3462 cum
3424 3408 3702 3461 comitibus

2127 3503 2621 3566 animadvertisset,
2650 3501 2817 3555 induti
2843 3500 3099 3569 pecudum
3128 3489 3311 3566 pelles,
3335 3498 3567 3567 Cycloi-s
3596 3513 3703 3551 ma»

2126 3609 2224 3646 nus
2253 3592 2505 3662 eli‘ugere.
2538 3592 2678 3660 Lege
2699 3592 2983 3647 Homerum
3010 3589 3145 3647 libro
3166 3590 3420 3661 Odyssea:
3448 3605 3614 3643 nono.

2198 3704 2495 3776 Herculem]
2528 3705 2784 3760 Hercules
2811 3706 2959 3760 Jovis
2997 3713 3052 3759 et
3082 3705 3347 3758 Alcmenre
3388 3702 3528 3755 illius
3568 3703 3664 3754 fuit
3686 3743 3700 3767 ,

2127 3799 2213 3870 qui
2246 3800 2438 3852 robore
2485 3814 2546 3852 ac
2593 3798 2904 3851 fortitudine
2947 3796 3157 3850 caeteris
3200 3795 3505 3848 hominibus
3546 3809 3699 3862 supra

2125 3908 2282 3962 quam
2310 3891 2561 3945 credibile
2583 3900 2662 3943 est
2684 3931 2696 3951 ,
2724 3889 2989 3957 pra-s'itit.
3029 3889 3194 3953 llujus
3222 3888 3379 3939 varia:
3420 3901 3505 3938 res
3542 3895 3699 3953 gestat

2127 3984 2409 4037 traduntur
2437 3997 2464 4035 a
2496 3982 2725 4035 Diodoro
2755 3980 2956 4044 Siculo,
2987 3981 3195 4042 Ovidio.
3223 3978 3427 4034 Seneca
3455 3976 3697 4046 Tragico,

2127 4076 2345 4131 Nicolao
2382 4079 2593 4129 l‘erotto
2621 4078 2671 4129 in
2702 4075 3085 4142 Cornuconiae.
3118 4086 3169 4128 et
3198 4075 3432 4127 ueteris.

2201 4168 2331 4221 Duri
2360 4166 2577 4236 labores]
2612 4167 2852 4220 llerculei
2888 4166 3097 4218 labores
3128 4163 3534 4229 proverbialiter
3560 4162 3697 4214 cele-

2128 4262 2369 4323 brantur,
2402 4260 2469 4313 de
2497 4274 2603 4327 quo
2633 4270 2811 4311 noster
2842 4258 3093 4310 Erasmus
3122 4255 3331 4308 abunde
3380 4255 3696 4322 Adagiorum

2127 4353 2357 4407 cbiliade
2388 4352 2541 4403 tertia
2567 4391 2580 4413 ,
2614 4349 2896 4417 proverbio
2927 4349 3118 4415 primo.

2201 4446 2501 4517 Centauros]
2544 4445 2604 4497 Ili
2644 4445 2859 4497 luerunt
2885 4442 3124 4496 Thessali
3157 4456 3217 4494 ex
3252 4440 3511 4493 anteriori
3558 4451 3697 4506 par!!!

448 4528 702 4589 caichas'
744 4519 1055 4589 reSpondn:
1091 4515 1279 4607 Diam?
1301 4514 1428 4607 fumi
1470 4509 1861 4607 49""f"""°""°
1901 4524 2017 4607 8m,“
2047 4520 2096 4580 D
2126 4541 2265 4605 viri,
2298 4556 2361 4593 ex
2395 4509 2679 4607 posteriori
2720 4535 2858 4603 cqui.
2894 4532 3147 4587 Hercules
3182 4534 3402 4600 Optabat
3432 4544 3526 4583 eos
3551 4545 3581 4583 c
3610 4530 3696 4582 Pes

448 4622 592 4692 quine
629 4633 731 4671 esse
772 4612 1100 4683 placandam.
1134 4605 1368 4659 Tandem
1415 4603 1574 4673 igitur
1606 4599 2020 4669 Agamemnonis

446 4725 654 4783 quoque
685 4720 946 4760 consensu
974 4701 1202 4754 adducta
1244 4696 1513 4765 Iphigenia
1535 4734 1549 4759 ,
1585 4703 1638 4747 et
1667 4702 1890 4745 mactata
1921 4700 2020 4743 est.

448 4801 635 4872 Virgil.
670 4795 929 4854 )Eueidos
958 4793 1093 4845 libro
1120 4788 1356 4842 secundo
1387 4805 1398 4838 :

573 4892 820 4951 Sanguine
852 4885 1074 4951 placastis
1098 4888 1269 4951 ventos
1286 4887 1345 4949 _ct
1367 4879 1559 4951 virgine
1580 4889 1702 4951 caesa
1725 4913 1737 4930 .

568 4939 702 5005 Curti,
726 4939 931 5012 primum
958 4947 1127 4994 Iliacas
1147 4943 1295 4989 Danai
1318 4941 1522 4989 venistis
1545 4939 1601 4986 ad
1624 4949 1747 4985 oras.

448 5041 546 5096 Alii
572 5036 783 5091 tradunt
808 5027 1133 5100 Iphigeniam
1165 5039 1191 5074 a
1225 5023 1385 5074 Diana
1420 5022 1582 5073 luisse
1604 5017 1865 5073 sacerdoti
1895 5015 2023 5070 sub-

450 5141 646 5199 reptam
671 5169 684 5192 ,
714 5140 776 5178 ac
805 5123 947 5177 illiu<
979 5118 1097 5171 loco
1126 5128 1338 5167 cervam
1370 5112 1720 5180 suppositam.

517 5222 685 5277 Graiae
714 5212 886 5285 classi]
914 5211 1222 5266 Graecorum
1253 5203 1495 5258 navibus.

522 5306 766 5379 Redemit]
799 5305 957 5361 Emit.

526 5402 729 5472 Ventos]
768 5396 997 5453 Subaudi
1028 5406 1313 5463 prosperos.

518 5493 727 5565 Cruore]
755 5490 1025 5559 Sanguine
1054 5488 1175 5541 lilia:
1203 5498 1314 5538 sua:

520 5584 702 5654 Exuit]
734 5582 1004 5651 Deposuit.

523 5673 749 5742 Patrem]
784 5674 1063 5725 Paternam
1092 5668 1363 5738 pietatem.
1403 5664 1492 5720 Sic
1527 5662 1664 5717 Naso
1694 5680 1703 5692 ο

638 5766 895 5827 Postquam
920 5763 1154 5813 pietatem
1178 5774 1187 5818 ι
1206 5758 1364 5811 ublica
1386 5770 1523 5806 causa

2126 4634 2209 4687 leo
2238 4640 2415 4685 monte
2444 4628 2744 4694 depellere,
2778 4626 2868 4679 sed
2902 4626 3015 4692 ipse
3048 4624 3188 4691 prior
3219 4622 3474 4690 iujustum
3509 4622 3693 4674 bellum

2129 4722 2339 4776 nolebat
2390 4720 2609 4773 inferre.
2669 4717 2886 4770 Curavit
2930 4715 3090 4785 igitur
3136 4729 3163 4766 a
3213 4713 3380 4766 l‘bofo
3423 4725 3693 4778 susceptus

2128 4818 2379 4883 hospitio,
2417 4825 2470 4868 ut
2514 4812 2943 4882 prtestantissimi
2984 4810 3092 4864 vini
3136 4810 3300 4864 cadus
3344 4818 3688 4875 promeretur.

2128 4909 2304 4963 Odore
2346 4907 2498 4960 tracti
2536 4902 2787 4958 Centauri
2816 4943 2830 4966 ,
2875 4903 3054 4955 vinum
3103 4916 3290 4967 rapere
3338 4905 3683 4952 tcntaverunt.

2128 5002 2385 5055 llercnles
2412 4998 2749 5051 occasionem
2784 5003 3002 5056 nactus,
3046 5006 3234 5046 omnes
3265 5002 3357 5043 aut
3388 4991 3645 5043 interemit
3667 5026 3681 5047 ,

2126 5102 2215 5146 aut
2245 5090 2365 5143 inde
2393 5088 2609 5156 fugavit.

2199 5180 2461 5253 Spatium]
2493 5179 2691 5232 Pellem
2713 5219 2727 5243 ,
2759 5193 2859 5247 qua
2892 5192 2987 5245 pro
3016 5185 3167 5231 scuto
3195 5189 3323 5227 usus
3354 5181 3456 5226 cst.

2200 5272 2380 5343 Leoni]
2412 5272 2601 5324 Vastus
2633 5270 2717 5323 hic
2748 5278 2806 5324 et
2839 5268 3086 5321 immanis
3122 5266 3203 5320 leo
3234 5264 3368 5322 fuit.
3403 5274 3457 5317 et
3489 5260 3567 5328 qui
3600 5272 3687 5309 ar-

2127 5366 2229 5421 mis
2252 5361 2453 5417 domari
2479 5377 2582 5417 non
2612 5370 2836 5429 poterat.
2861 5359 3114 5413 Hercules
3135 5356 3418 5410 observato
3440 5352 3689 5421 speluncae

2129 5456 2311 5519 aditu,
2354 5454 2713 5521 egredientem
2754 5446 3195 5519 comprehendit,
3239 5455 3294 5501 et
3335 5436 3688 5512 strangulavit.

2200 5547 2368 5618 Fixit]
2398 5546 2649 5614 Trajecit.

2202 5638 2383 5709 Certis]
2417 5635 2830 5691 Inc-vitabilibus.

2216 5732 2472 5801 Volucrcs]
2503 5728 2917 5797 Stymphalides.
2948 5723 3269 5779 Claudianus
3295 5738 3310 5775 :
