4022 6366
257 360 391 416 i061

371 472 792 584 Ξξοιιιὲιᾼηιιῑουὶο
814 472 1004 523 cinctus
1020 470 1374 535 Stymphalidas
1392 481 1507 517 arcu

419 550 480 584 ou
540 548 597 582 is.

418 548 597 597 ppetts.

250 638 516 695 Hercules
542 637 946 710 Stymphalides
972 650 1098 691 aves
1125 637 1192 689 ab
1221 637 1351 706 ipsis
1379 635 1609 690 nubibus
1635 633 1839 701 sagittis

252 731 439 799 petiit,
472 738 796 799 enectasque
823 727 1039 795 dejecit.
1088 728 1251 781 Erant
1291 738 1465 781 autem
1513 741 1640 780 aves
1680 739 1843 791 aqua-

254 823 375 875 tica:
404 821 456 873 in
486 818 805 889 Stymphalo
857 818 1051 886 palude
1081 816 1357 882 Arcadiae,
1388 826 1548 870 tanta:
1578 814 1843 884 magnitu-

253 911 391 964 dinis
410 952 426 976 ,
460 920 517 963 ut
543 910 676 964 solis
704 908 884 962 radios
917 908 1241 961 obumbrare
1267 906 1589 961 dicerentur.

325 1001 511 1072 Poma]
544 1002 801 1057 Hercules
831 1002 968 1055 mala
1003 1016 1163 1055 aurea
1194 1016 1256 1053 ex
1286 1000 1455 1053 hortis
1488 997 1839 1066 Hesperidum

253 1097 410 1161 tulit,
434 1098 663 1151 dracone
687 1135 702 1160 ,
752 1095 841 1163 qui
875 1109 934 1149 ea
966 1094 1053 1148 die
1094 1101 1360 1162 noctuque
1401 1092 1624 1161 pervigil
1664 1098 1843 1143 custo-

264 1190 445 1244 diebat
464 1231 478 1255 ,
504 1189 842 1256 interempto.

335 1280 593 1350 Cernenti]
618 1280 887 1348 Vigilanti.

332 1372 505 1443 Laeva]
537 1373 765 1427 Sinistra
797 1386 958 1424 manu
971 1409 983 1423 .

326 1465 617 1535 Cerberum]
649 1464 903 1519 Hercules
935 1463 1159 1519 audiens
1199 1464 1496 1518 Pirithoum
1539 1478 1567 1516 a
1609 1459 1845 1516 Cerbero

259 1558 512 1611 infernali
543 1570 676 1611 cane
714 1555 1039 1610 exstinctum
1066 1597 1078 1617 ,
1122 1565 1175 1609 et
1219 1555 1425 1608 Thesea
1470 1553 1605 1622 apud
1650 1554 1845 1604 inferos

268 1650 549 1702 detentum
575 1688 589 1711 ,
619 1661 685 1700 eo
714 1648 1019 1715 properavit
1044 1688 1058 1711 ,
1090 1657 1137 1700 et
1186 1656 1344 1714 capto
1373 1645 1605 1699 f‘erbero
1627 1684 1639 1705 ,
1673 1643 1845 1709 tripli-

264 1740 430 1807 ciqne
469 1737 645 1806 (quod
699 1737 797 1790 tria
840 1738 1012 1807 capita
1048 1734 1308 1806 haberet)
1338 1744 1527 1789 catena
1562 1733 1840 1797 devincto,

269 1829 484 1882 Thesea
521 1828 781 1881 liberavit.

341 1919 517 1972 Victor
561 1917 824 1989 immitem]
859 1919 1165 1973 Diemedem
1198 1917 1447 1985 Thraciae
1476 1932 1656 1985 regem
1682 1959 1697 1983 ,
1754 1915 1845 1985 qui

263 2023 429 2078 equos
456 2024 583 2062 suos
610 2009 933 2062 advenarum
967 2023 1127 2062 carne
1159 2009 1411 2077 pascebat
1440 2008 1633 2061 occidit
1657 2024 1669 2059 :
1699 2022 1848 2061 eum-

262 2116 368 2169 que
392 2100 651 2169 jumentis
682 2098 1067 2153 comedendum
1098 2099 1315 2167 objecit.

340 2191 545 2263 Hydra]
578 2193 651 2247 De
680 2192 779 2245 hac
805 2192 1037 2245 diximus
1068 2206 1225 2259 supra
1256 2209 1268 2245 :
1302 2200 1355 2245 et
1385 2190 1707 2245 Claudianus
1734 2206 1746 2241 ε

354 2284 461 2333 Non
487 2283 667 2333 cadere
688 2282 877 2341 Antaeo,
904 2294 997 2329 non
1022 2293 1251 2330 crescere
1272 2280 1450 2341 profuit
1474 2279 1666 2341 Hydrae.

342 2364 557 2435 Fronte]
584 2366 714 2419 Cum
747 2365 1002 2419 Hercules
1029 2374 1083 2418 et
1126 2364 1390 2417 Achelous
1440 2367 1656 2430 propter
1696 2360 1850 2428 Deja-

275 2460 449 2511 niram
493 2466 799 2521 certarent,
842 2457 1215 2524 Achelousque
1252 2470 1311 2510 se
1346 2455 1398 2508 in
1434 2458 1609 2508 varias
1648 2454 1848 2508 formas

270 2554 699 2610 transmutaret,
746 2545 958 2599 tandem
1010 2559 1130 2599 cum
1185 2547 1236 2598 iu
1289 2555 1498 2599 taurum
1548 2546 1743 2598 frustra
1792 2558 1851 2597 se

268 2636 745 2701 transformasset,
792 2635 966 2689 victus
1007 2635 1312 2701 Achelous,
1355 2636 1633 2703 alteroque
1681 2649 1850 2687 cornu

271 2728 553 2780 mutilatas
574 2766 588 2789 ,
618 2724 820 2794 pudore
851 2740 909 2779 se
940 2726 991 2778 in
1022 2740 1178 2779 suum
1212 2724 1426 2778 [luvium
1456 2726 1702 2795 conjecit.
1734 2725 1853 2777 Sta—

268 2817 377 2872 tius
405 2816 541 2870 libro
567 2815 868 2871 Thebaidos
894 2824 1083 2882 quarto
1109 2832 1121 2867 :

459 2906 517 2955 Et
536 2906 778 2955 Hercules
801 2911 1021 2967 turpatus
1042 2904 1280 2966 gymnade
1308 2903 1465 2967 vultus

365 2967 553 3025 Amnis,
577 2968 731 3017 adhuc
757 2969 863 3015 imis
883 2964 965 3015 vix
994 2964 1209 3016 truncam
1237 2966 1461 3015 attollere
1487 2964 1696 3013 frontem

366 3032 529 3091 Ausus
551 3030 702 3091 aquis,
728 3028 995 3091 glaucoque
1023 3036 1167 3087 caput
1189 3029 1471 3091 submersus
1493 3028 1537 3073 in
1563 3034 1701 3075 antro

370 3090 564 3151 Moeret,
595 3089 880 3138 anhelantes
904 3097 1175 3148 egrescuut
1194 3090 1297 3151 puli
1310 3102 1397 3137 ere
1424 3091 1557 3149 ripae.

1441 353 1811 412 MUHMELLH
1851 351 2362 409 COMMENTAHIA.

3381 348 3518 407 νοσῇ

1861 472 1908 530 Α
1939 494 2167 551 stratus,
2211 501 2239 539 a
2271 496 2408 540 terra
2457 494 2625 540 matre
2669 485 2802 539 vites
2845 484 3173 555 accipiebat,
3209 490 3264 538 et
3304 483 3517 554 quidrm

1941 575 2195 643 majores.
2226 574 2300 628 Ea
2332 590 2391 630 re
2420 577 2627 645 cognita
2651 616 2663 637 ,
2696 592 2724 630 a
2756 587 2896 631 terra
2937 577 3191 631 abstinuit
3231 578 3512 641 Hercules,

1940 677 1994 720 et
2024 666 2257 720 sublime
2286 667 2515 720 domuit.
2542 669 2800 722 Describit
2826 669 2928 722 hoc
2953 680 3220 725 certamen
3250 671 3520 740 eleganter

1943 756 2193 811 Lucanus
2221 755 2360 808 libro
2394 756 2681 810 Pharsaliae
2710 767 2920 826 quarto.

2014 844 2200 915 Cacus]
2231 844 2328 898 Hic
2354 846 2645 899 secundum
2679 846 2937 900 Fabulam
2970 847 3193 901 Vulcani
3224 846 3363 902 lilius
3392 845 3522 911 fuit,

1944 951 2038 991 ore
2069 936 2246 1005 ignem
2280 950 2342 989 ac
2374 936 2575 988 iunium
2609 952 2867 1003 vomens,
2898 937 2984 1006 qui
3018 939 3189 992 vicina
3220 953 3396 991 omna
3432 955 3522 1005 po—

1946 1030 2243 1096 pulabatur.
2290 1029 2498 1083 Veritas
2548 1038 2721 1084 tamen
2771 1032 3063 1085 secundum
3118 1033 3414 1101 philologos
3460 1043 3517 1085 et

1948 1119 2231 1171 historicos
2263 1118 2366 1173 hoc
2392 1120 2586 1187 habet,
2618 1121 2758 1174 hunc
2790 1120 2963 1175 fuisse.
2988 1122 3216 1175 Evandri
3262 1124 3523 1191 nequissi-

1953 1222 2096 1260 mum
2126 1220 2337 1261 servum
2368 1224 2432 1264 ac
2461 1210 2653 1265 furem.
2681 1210 2819 1265 Sunt
2847 1212 2934 1277 qui
2965 1212 3145 1266 dicunt
3173 1228 3292 1266 eum
3317 1254 3330 1275 ,
3362 1229 3439 1267 oc:
3462 1229 3523 1265 u-

1960 1309 2082 1366 pato
2125 1298 2270 1352 circa
2318 1299 2634 1355 Vulturnum
2678 1312 2731 1356 et
2771 1302 3114 1369 Campaniam
3163 1318 3357 1371 regno,
3398 1304 3523 1356 dum

1949 1397 2140 1445 tractat
2168 1392 2330 1444 etiam
2360 1404 2423 1446 ea
2451 1408 2567 1461 quae
2597 1402 2978 1447 concesserant
3018 1393 3071 1446 in
3104 1393 3331 1447 Evandri
3362 1397 3526 1447 Arca-

1948 1483 2074 1539 dum
2104 1487 2246 1555 regis
2274 1487 2414 1552 jura,
2448 1485 2582 1537 duce
2612 1483 2839 1537 Hercule
2859 1524 2875 1549 ,
2904 1485 2989 1549 qui
3021 1495 3130 1537 tum
3161 1483 3295 1537 forte
3320 1485 3526 1549 aderat,

1948 1590 2263 1644 oppressum
2299 1576 2481 1629 fuisse.
2519 1575 2592 1628 De
2623 1576 2721 1628 hoc
2752 1575 3006 1644 Virgilius
3047 1575 3181 1628 libro
3208 1583 3416 1629 octavo.

2029 1667 2249 1739 Setigcr]
2282 1668 2446 1736 Aper.
2492 1666 2910 1736 Erymantheum
2953 1683 3138 1736 aprum
3178 1667 3349 1720 vivum
3390 1670 3527 1733 cepit
3583 1731 3591 1740 _

1956 1758 2213 1812 Hercules
2259 1767 2414 1823 astu,
2466 1758 2607 1825 quod
2647 1767 2828 1811 narrat
2872 1758 3155 1827 Polyenus.
3207 1758 3527 1812 Versabatur

1874 1832 1917 1889 Β
1949 1848 2165 1917 (inquit)
2198 1848 2592 1917 Erymantheus
2622 1862 2749 1916 aper
2779 1846 2829 1899 in
2859 1846 3090 1913 quadam
3139 1848 3277 1901 valle
3319 1849 3527 1900 nivibus

1949 1940 2161 2007 oppleta
2190 1954 2204 1994 :
2237 1938 2378 2007 quod
2409 1938 2498 1991 ubi
2537 1938 2912 1992 animadvertit
2952 1937 3204 1992 Hercules
3234 1954 3297 1993 ex
3326 1954 3391 1993 eo
3423 1940 3530 1990 val-

1952 2031 2018 2083 lis
2067 2031 2394 2099 supercilio,
2438 2045 2539 2098 qua
2586 2030 2755 2097 major
2800 2030 3001 2083 nivium
3043 2031 3123 2084 vis
3164 2040 3315 2094 erat,
3362 2031 3527 2085 feram

1944 2121 2102 2189 jactis
2129 2121 2391 2189 lapidibus
2420 2121 2757 2182 incessebat;
2790 2122 2858 2173 ita
2890 2122 3093 2176 irritata
3119 2167 3132 2189 ,
3165 2124 3288 2175 dum
3320 2126 3368 2176 in
3401 2125 3533 2179 Her-

1950 2212 2122 2266 cnlem
2155 2220 2378 2266 conatur
2410 2212 2614 2264 irruere
2640 2254 2652 2277 ,
2688 2210 2928 2264 incidens
2966 2212 3018 2264 in
3064 2212 3399 2267 altitudinem
3444 2216 3526 2266 ni-

1952 2304 2130 2371 vium,
2163 2305 2515 2369 demersaque
2557 2303 2703 2356 uullo
2744 2304 2961 2370 negotio
2998 2304 3063 2358 ab
3109 2304 3339 2359 Hercule
3379 2317 3533 2374 capta

1950 2406 2065 2461 est,
2115 2410 2272 2464 quam
2327 2403 2473 2463 tergo
2518 2394 2818 2461 impositam
2865 2394 3110 2464 Mycenas
3140 2395 3364 2459 detulit,
3400 2408 3449 2448 et
3485 2400 3534 2447 iu

1958 2484 2131 2539 media
2163 2485 2422 2538 concione
2451 2484 2686 2547 dimisit,
2721 2500 2841 2538 cum
2871 2500 3076 2539 summa
3106 2487 3339 2539 omnium
3372 2489 3535 2554 trepi-

1951 2574 2171 2628 datione
2204 2574 2284 2643 (ut
2314 2574 2456 2627 canit
2479 2574 2821 2643 Apollonius)
2848 2588 2899 2629 et
2932 2575 2982 2629 in
3014 2576 3199 2644 primis
3227 2576 3534 2648 Eurysthei,

1952 2668 2040 2738 qui
2070 2682 2128 2721 se
2156 2666 2453 2735 conjecisse
2481 2667 2675 2720 dicitur
2702 2670 2751 2719 in
2784 2682 2875 2720 vas
2904 2683 3134 2723 aeneum.

2035 2756 2264 2811 Ultimus
2296 2754 2497 2825 caelum]
2529 2756 2782 2809 Hercules
2812 2771 2911 2823 pro
2955 2757 3167 2811 Atlante
3203 2758 3398 2814 etelum
3438 2759 3534 2811 hu—

1956 2847 2122 2903 meris
2152 2847 2473 2901 sustinuisse
2501 2846 2716 2900 dicitur.
2750 2846 3069 2900 Claudianus
3099 2865 3111 2899 :

2567 2938 2637 2987 'l‘e
2664 2941 2898 2986 maximus
2919 2938 3054 2988 Atlas

2136 3001 2356 3060 Horruit,
2382 3001 2602 3063 imposito
2618 3014 2723 3049 cum
2751 3014 3040 3062 premerere
3065 3001 3189 3064 polo.

1960 3082 2043 3138 Ad
2077 3082 2349 3137 Atlantem
2378 3083 2649 3151 profectus
2680 3092 2761 3135 est
2793 3082 3048 3136 Hercules
3068 3126 3081 3147 ,
3118 3098 3236 3136 cum
3266 3083 3540 3137 didicisset

348 3170 607 3242 Anta’um]
651 3172 745 3225 Hic
784 3172 1012 3238 Neptuni
1061 3172 1199 3225 filius
1240 3186 1305 3225 ex
1354 3180 1493 3223 terra
1536 3178 1851 3237 susceptus,
1886 3197 1931 3258 ο
1964 3188 1993 3227 a
2026 3172 2199 3227 Nereo
2230 3187 2289 3227 se
2316 3172 2470 3225 malis
2510 3171 2863 3237 Hesperidum
2911 3172 3066 3239 potiri
3094 3188 3198 3225 non
3245 3187 3398 3237 posse
3428 3174 3542 3225 sine

280 3263 567 3331 sexaginta
611 3263 806 3317 cubitis
847 3262 1123 3324 adolevit,
1167 3272 1221 3315 ut
1256 3272 1447 3315 auctor
1484 3272 1565 3316 est
1600 3262 1862 3332 Pherecy-

270 3355 399 3407 des.
431 3352 486 3406 ld
510 3353 599 3408 diu
627 3353 924 3407 fabulosum
953 3354 1123 3406 visum
1151 3365 1232 3407 εει
1256 3394 1269 3416 ,
1301 3360 1584 3420 antequam
1612 3367 1861 3418 suprema

272 3442 402 3507 ejus
431 3456 553 3495 ossa
582 3441 885 3510 Olympiam
920 3440 1078 3493 allata
1108 3439 1368 3493 miraculo
1409 3438 1561 3492 [idem
1594 3440 1862 3493 fecissent.

281 3534 610 3588 Plutarchus
642 3536 720 3587 ait
754 3533 1115 3588 Romanorum
1154 3533 1342 3585 ducem
1383 3532 1679 3587 Sertorium
1722 3532 1862 3599 apud

273 3625 576 3692 Tigennam
607 3624 859 3693 oppidum
892 3622 1071 3691 Libyae
1097 3665 1111 3691 ,
1156 3621 1349 3675 eﬂ‘osso
1380 3623 1624 3690 sepulcro
1652 3660 1665 3683 ,
1721 3621 1862 3689 quod

280 3715 487 3768 incolae
527 3716 699 3769 Antei
742 3714 1090 3777 dictitabant,
1123 3713 1412 3766 humanum
1444 3712 1673 3765 cadaver
1705 3712 1864 3765 inusi-

279 3812 413 3858 tata:
442 3806 596 3860 molis
623 3807 914 3861 invenisse.
971 3808 1189 3859 Antaaus
1224 3804 1325 3872 (ut
1355 3802 1694 3871 fabu'autur)
1746 3819 1865 3871 pro-

1964 3264 2107 3318 illius
2153 3277 2274 3331 ope.
2316 3262 2419 3315 Sed
2467 3261 2677 3314 interim
2719 3261 2842 3313 dum
2889 3262 3036 3315 Atlas
3081 3260 3290 3315 Herculi
3323 3276 3541 3328 operam

1967 3361 2125 3405 navat
2148 3390 2162 3416 ,
2194 3352 2309 3419 ipse
2338 3351 2531 3403 cmlum
2565 3350 2727 3403 subiit
2756 3368 2767 3403 :
2819 3365 3047 3419 cumque
3086 3351 3192 3417 jam
3234 3362 3543 3420 recepturus

1966 3441 2116 3495 Atlas
2146 3455 2247 3493 non
2279 3440 2574 3506 videretur,
2612 3440 2852 3494 Herculis
2882 3450 3000 3493 astu
3031 3442 3210 3495 elusus
3238 3451 3339 3495 est.
3377 3442 3545 3507 Impe-

1973 3538 2115 3597 trat,
2143 3540 2203 3585 ut
2244 3531 2333 3584 ille
2366 3532 2545 3585 tandiu
2590 3533 2729 3586 coelo
2768 3532 3051 3596 succedat,
3112 3548 3217 3603 quo
3277 3533 3545 3588 afferendo

1970 3625 2120 3677 oneri
2151 3623 2425 3690 pulvillum
2458 3622 2555 3675 sibi
2585 3633 2763 3690 aptet,
2795 3633 2955 3693 atque
2982 3624 3052 3677 ita
3084 3626 3342 3695 correptis
3372 3628 3543 3689 malis,

1971 3730 2086 3783 qua:
2119 3713 2265 3768 humi
2294 3714 2543 3781 jacebant
2563 3755 2578 3779 ,
2612 3717 2866 3785 evestigio
2892 3717 3061 3771 victor
3083 3718 3231 3771 abiit.

2046 3803 2297 3874 Pretium]
2332 3803 2635 3859 Praemium.
2653 3857 2667 3869 ,

3157 3929 3539 3946 ...-.......,-,

1507 4025 1797 4101 LIBER
1845 4023 2336 4117 QUINTUS.

721 4224 782 4278 IN
826 4226 1040 4283 PHOSA
1053 4228 1098 4283 Μ
1145 4230 1251 4284 PHI
1264 4231 1435 4285 ΜΑΜ.

360 4318 616 4372 Proximo
639 4319 905 4373 volumine
938 4321 1191 4376 disseruit
1218 4321 1563 4391 Philosophia
1586 4322 1729 4375 solos
1751 4322 1869 4389 qui-

275 4409 413 4464 dem
438 4412 605 4462 bonos
635 4418 875 4476 potentes
902 4426 1041 4474 esse.
1067 4412 1236 4465 malos
1262 4420 1439 4466 autem
1482 4427 1667 4465 omnes
1699 4412 1870 4465 imbe-

1967 4229 2091 4281 tiam
2128 4244 2231 4283 non
2265 4232 2640 4297 promeruerit.
2673 4231 2811 4288 'l‘oto
2846 4234 3001 4301 igitur
3032 4234 3131 4289 hoc
3161 4236 3296 4290 libro
3327 4237 3393 4291 de
3421 4254 3544 4293 casn
3642 4266 3651 4271 ~

1978 4318 2252 4389 liberoque
2294 4320 2525 4373 hominis
2565 4321 2786 4375 arbitrio
2824 4325 3142 4390 disputatur.
3187 4325 3416 4379 Primum
3457 4345 3549 4381 au-

1985 4418 2090 4465 tem
2119 4412 2243 4479 quid
2266 4412 2335 4465 sit
2355 4427 2509 4466 casus
2536 4416 2839 4482 exponitur,
2875 4417 3033 4485 idque
3056 4417 3197 4473 hunc
3227 4422 3277 4473 in
3306 4421 3547 4474 modum:

274 4503 461 4567 cilles,
498 4501 690 4553 malum
732 4503 856 4556 item
904 4506 1032 4558 nihil
1074 4521 1371 4559 essezcum
1424 4506 1608 4569 Optimi
1653 4505 1868 4558 maximi
1901 4525 1950 4583 ι)
1978 4502 2143 4555 Casus
2182 4512 2261 4556 est
2293 4502 2595 4572 inopinatus
2644 4519 2710 4559 ex
2759 4506 3148 4563 conﬂuentibus
3185 4511 3355 4565 causis
3388 4512 3439 4565 in
3473 4514 3552 4567 his

273 4593 434 4659 regis
474 4592 824 4665 providentia,
859 4604 913 4647 et
952 4594 1127 4650 fatalis
1159 4597 1492 4651 necessitatis
1529 4597 1668 4651 serie
1701 4600 1750 4651 in
1780 4598 1873 4651 bo-

273 4701 419 4739 num
450 4685 531 4755 (ut
560 4684 610 4736 in
642 4684 797 4737 [luem
824 4686 998 4756 suum)
1026 4689 1201 4741 omnia
1233 4688 1547 4756 dirigantur.
1582 4687 1657 4742 Ex
1685 4703 1791 4756 quo
1818 4688 1875 4743 fit

273 4775 435 4845 quod
461 4774 561 4844 (uti
587 4775 766 4830 Boetio
784 4792 1064 4846 perperam
1090 4779 1395 4850 videbatur)
1421 4781 1580 4834 bonis
1605 4797 1872 4849 nunquam

274 4864 434 4917 mala
467 4865 729 4929 accidant,
772 4867 910 4936 quod
944 4867 1239 4923 adversitas
1280 4871 1357 4924 eis
1390 4872 1726 4938 potissimum
1772 4873 1876 4925 vir-

272 4957 426 5008 tutis
448 4957 758 5009 exercendre
786 4959 1005 5011 materia
1039 4968 1121 5014 est
1144 4960 1294 5029 juxta
1327 4962 1644 5016 Ovidianum
1677 4981 1691 5016 τ

421 5065 619 5133 Scilicet
640 5066 853 5133 adversis
874 5071 1095 5133 probitas
1120 5074 1341 5120 exercita
1367 5074 1535 5133 rebus,

486 5127 733 5175 Materiam
761 5131 882 5177 tristi
910 5141 1131 5193 tempore
1157 5134 1311 5183 laudis
1337 5135 1505 5183 habet.

274 5214 498 5267 Verum
542 5226 662 5265 cum
708 5229 865 5282 supra
918 5214 1115 5269 dictum
1157 5218 1225 5271 sit
1272 5218 1435 5272 fatum
1483 5218 1551 5272 ab
1592 5220 1877 5275 immobilis

274 5302 651 5373 providentiae
694 5306 926 5359 exordiis
966 5307 1257 5375 proﬁcisci,
1296 5320 1349 5362 et
1390 5314 1462 5364 ita
1496 5310 1640 5380 ipsas
1668 5329 1877 5381 quoque

274 5399 331 5451 fa
348 5396 489 5448 ta'es
513 5396 876 5451 ronnexiones
899 5397 1195 5453 immobiles
1215 5414 1334 5455 esse
1356 5413 1628 5470 oportere,
1660 5405 1875 5458 dubium

272 5491 381 5551 fit,
429 5489 695 5557 quomodo
737 5501 880 5544 stare
920 5494 1089 5558 possit
1126 5476 1349 5548 humani
1400 5496 1618 5552 libertas
1653 5498 1879 5561 arbitrii,

273 5595 427 5636 cum
461 5582 748 5635 inevitabili
792 5584 986 5637 divina:
1027 5586 1376 5653 providentia:
1409 5590 1605 5658 fatique
1645 5595 1880 5646 necessi-

279 5682 455 5745 tate“
485 5671 699 5725 Frustra
730 5689 940 5743 quoque
966 5676 1115 5728 credi
1145 5677 1375 5743 videtur,
1401 5694 1579 5733 casum
1612 5684 1877 5751 quidpiam

274 5774 432 5816 esse
460 5779 467 5811 :
497 5777 615 5813 cum
660 5763 787 5816 nihil
832 5764 1024 5819 cadere
1056 5767 1241 5835 possit,
1270 5769 1411 5837 quod
1457 5770 1551 5825 Dei
1595 5775 1877 5839 provideo-

1977 4608 2093 4662 quae
2116 4594 2184 4648 ob
2212 4594 2353 4647 aliud
2388 4606 2648 4663 geruntur
2673 4608 2916 4652 eventus.

2050 4685 2154 4739 Sed
2175 4685 2312 4753 quod
2341 4696 2395 4738 tu
2423 4688 2615 4740 dudum
2645 4690 2709 4741 de
2739 4688 3065 4745 Providentia
3090 4692 3287 4759 dixisti,
3320 4710 3374 4747 re
3401 4711 3553 4762 cxpe-

1979 4774 2107 4846 rior]
2139 4776 2212 4829 Ita
2258 4787 2342 4831 est
2374 4779 2550 4847 legere
2589 4781 2639 4833 in
2668 4781 2943 4834 codicbns
2973 4784 3220 4851 antiquis.
3257 4784 3343 4839 Est
3376 4800 3551 4839 autem

1984 4883 2198 4932 sensus,
2239 4869 2343 4925 Sed
2387 4871 2635 4939 experior
2667 4887 2747 4935 re,
2783 4874 2831 4925 id
2875 4882 2976 4939 est,
3018 4876 3340 4943 experientia
3374 4892 3553 4929 verum

1981 4972 2245 5027 cognosco
2281 4961 2331 5014 id
2370 4962 2510 5032 quod
2542 4971 2593 5015 tu
2633 4964 2813 5017 dixisti
2857 4963 3053 5018 dudum
3093 4967 3159 5021 de
3195 4965 3557 5027 Providentia,

1985 5061 2108 5118 puta
2142 5052 2302 5106 talem
2346 5069 2466 5108 esse
2497 5058 2800 5119 materiam,
2842 5069 2898 5112 ut
2933 5073 3034 5111 una
3065 5058 3400 5111 dubitatione
3437 5072 3559 5109 suc-

1983 5144 2091 5196 cisa
2122 5143 2538 5200 innumerabiles
2567 5149 2721 5213 aliae,-
2749 5151 2890 5205 velut
2924 5151 3107 5221 hydra:
3142 5152 3314 5217 capita
3348 5165 3560 5202 succre-

1983 5242 2154 5288 scant.
2179 5235 2234 5288 in
2262 5235 2379 5289 aliis
2406 5239 2818 5305 exemplaribus,
2851 5241 3047 5295 additis
3070 5241 3411 5309 quibusdam,
3444 5242 3558 5294 haec

1984 5326 2253 5393 leguntur.
2292 5327 2395 5382 Sed
2427 5328 2566 5396 quod
2605 5338 2658 5383 tu
2697 5332 2895 5385 dudum
2939 5332 3005 5386 de
3046 5331 3380 5385 Providentia
3411 5347 3554 5400 qum-

1984 5416 2209 5469 sﬁonem
2244 5416 2480 5484 pluribus
2505 5419 2626 5472 aliis
2658 5420 2982 5490 implicatam
3008 5435 3128 5475 esse
3152 5421 3183 5475 d
3210 5421 3352 5489 xiSIi,
3386 5438 3442 5475 rc
3466 5437 3557 5476 ex-

1991 5520 2187 5575 pertor.

2063 5594 2206 5673 gica]
2240 5598 2315 5649 An
2347 5611 2499 5650 casus
2526 5598 2723 5667 aliquid
2754 5599 2843 5662 sit,
2874 5600 3071 5669 etquid
3102 5602 3191 5655 sit.

2057 5685 2300 5757 Tramite]
2332 5689 2601 5753 Methodo,
2638 5690 2716 5743 via
2749 5691 3151 5759 compendiosa.

2060 5776 2310 5845 Decerne]
2358 5780 2564 5838 Statue.
