4022 6366
540 309 673 363 i063

1180 310 1516 367 API‘ENDIX
1559 310 1646 365 AD
1687 308 1927 365 LIB’RGS
1960 308 2056 363 DF.
2097 305 2618 364 CONSOLATIONE
2661 305 3154 373 PHILOSOPUIE.

3666 307 3830 363 1061

608 423 757 477 Nihil
804 439 864 477 ea:
899 423 1059 477 nihilo
1098 425 1335 496 existere]
1396 427 1523 479 Puta
1571 424 1884 478 naturaliter
1928 433 1981 476 et
2021 437 2115 491 per
2143 429 2189 482 Α
2221 424 2394 484 mium,
2425 438 2575 489 quam
2609 422 2836 490 undique
2870 424 3261 487 circumdantes,
3292 420 3489 491 regioni
3520 438 3708 476 nomen
3739 424 3829 475 in-

536 531 723 570 causas
761 516 1128 585 particulares.
1171 516 1301 570 Nam
1347 519 1484 571 Deus
1516 515 1830 569 universalis
1871 514 2108 568 omnium

537 621 696 661 causa
720 621 784 661 ex
812 605 978 659 nihilo
1010 608 1265 661 mundum
1299 609 1522 663 creavit.

604 696 685 749 De
711 706 951 764 operante
978 698 1253 770 principio]
1280 699 1354 753 De
1378 714 1538 753 causa
1567 696 1842 752 clﬂcienti.

604 786 906 857 Rationum]
934 786 1271 841 Formarum.

603 875 670 931 In
708 876 962 947 l’hysicis]
999 877 1056 930 Li
1100 893 1159 931 ro
1192 877 1537 947 Physicorum
1571 875 1824 931 secundo.

970 1011 1032 1063 IN
1074 1011 1361 1065 MliTRUM
1403 1009 1680 1065 PRIMUM.

604 1105 716 1160 lioc
748 1104 985 1172 elegiaco
1036 1102 1254 1171 pulchra
1293 1103 1520 1170 quadam
1564 1097 1912 1153 similitudine
1954 1098 2113 1151 docet

531 1198 899 1266 Philosophia,
928 1211 1109 1250 casum
1145 1211 1249 1247 non
1281 1209 1400 1248 6338
1427 1194 1491 1245 de
1527 1192 1718 1256 nih.lo,
1763 1188 1975 1244 tametsi
2004 1204 2109 1240 non

527 1290 601 1342 sit
648 1290 714 1343 de
752 1291 961 1357 agentis
1000 1290 1318 1341 Intentione.
1364 1282 1825 1351 Quemadmodum
1866 1281 2032 1343 enim,
2067 1281 2108 1330 si

530 1380 757 1434 duorum
790 1380 1068 1433 ﬂuminum
1094 1377 1605 1445 cursusjungantur,
1634 1386 1797 1426 naves
1823 1385 2031 1441 quoque
2057 1378 2112 1422 et

526 1472 704 1524 trunci
740 1472 788 1523 in
832 1470 1059 1523 diversis
1099 1469 1273 1522 adhuc
1301 1468 1469 1522 aIVcis
1497 1468 1566 1520 ab
1609 1480 1744 1535 aqua
1774 1463 1995 1530 recepti,
2025 1478 2113 1516 ne-

530 1560 783 1613 cessitate
817 1561 1094 1611 ﬂuviornm
1120 1558 1173 1611 in
1206 1574 1367 1611 unum
1399 1557 1612 1611 tandem
1640 1556 1850 1609 alveum
1874 1553 2108 1607 deﬂuen-

531 1648 663 1702 tium
697 1652 1113 1718 conjunguntur,
1147 1649 1271 1702 licet
1302 1648 1403 1702 hoc
1432 1656 1629 1716 prmter
1667 1660 1817 1713 spem
1854 1644 2108 1696 intentio-

529 1756 759 1810 nemque
800 1742 1042 1795 accidat:
1071 1742 1144 1795 ita
1191 1751 1247 1794 et
1284 1756 1463 1805 casus,
1506 1740 1608 1793 etsi
1651 1756 1757 1794 non
1806 1754 1869 1793 ex
1903 1740 2111 1808 agentis

532 1834 708 1886 animo
741 1835 818 1900 lit,
844 1849 968 1888 suas
999 1842 1178 1886 tamen
1206 1833 1501 1902 peculiares
1524 1847 1716 1887 causis
1749 1832 1929 1886 habet.

601 1923 767 1994 Rupis
808 1923 1144 1995 Achemeniw]
1193 1925 1385 1978 Montis
1425 1924 1695 1978 Armeniae
1733 1932 1824 1976 aut
1857 1922 2106 1976 Parthina

531 2013 887 2070 Achemenem
916 2014 1233 2069 Parthorum
1260 2031 1435 2084 regem
1462 2014 1761 2083 Porphyrio
1779 2012 2105 2075 voluitesse,

528 2112 581 2157 et
621 2118 686 2158 ex
715 2105 1201 2159 Acheme~idarum
1233 2105 1489 2174 progenie
1525 2105 1793 2158 derivatos
1825 2103 2107 2157 Persarum

530 2214 681 2267 reges
731 2197 1031 2253 Herodotus
1077 2198 1315 2267 scripsit.
1360 2198 1495 2250 Hinc
1538 2194 1895 2249 Achemcnius
1927 2192 2108 2246 Persi-

531 2303 644 2353 cus,
676 2288 975 2356 Parthicus,
1007 2292 1086 2341 vel
1124 2289 1427 2341 Armenius.
1462 2285 1708 2339 Lucanus
1735 2302 1749 2337 :

619 2376 795 2425 Passus
818 2377 1069 2424 Acbemeu
1092 2377 1131 2423 is
1153 2375 1298 2436 longe
1322 2377 1589 2423 decurrere
1613 2386 1737 2435 eam;
1754 2374 1809 2422 is.

597 2460 864 2529 Scapulis]
898 2461 1052 2516 Saxis
1083 2461 1527 2527 prominentibus.

599 2552 720 2625 Ubi]
751 2553 896 2609 ()rdo
923 2564 1029 2619 est,
1065 2553 1159 2609 Ubi
1196 2568 1371 2621 pugna
1401 2551 1557 2621 fugax
1582 2566 1737 2606 versa
1766 2550 1874 2620 ligit
1900 2550 2103 2619 spicula

531 2648 835 2715 peetoribus
862 2656 1205 2715 sequentum.
1234 2644 1436 2699 Sensus
1460 2653 1564 2711 est,
1594 2643 1635 2697 E
1669 2651 1851 2696 monte
1888 2642 2105 2709 majoris

528 2737 815 2797 Armenias,
860 2737 945 2790 cui
971 2735 1141 2805 juncti
1181 2744 1306 2788 sunt
1349 2735 1551 2799 Parthi,
1584 2733 1694 2802 qui.
1732 2742 1867 2787 teste
1906 2732 2103 2800 TrOgo,

530 2827 766 2880 cominus
811 2826 862 2879 in
907 2826 1023 2880 acie
1071 2826 1326 2895 proeliari,
1369 2834 1459 2878 ant
1508 2825 1760 2879 obsessas
1796 2839 2042 2893 expugna
2064 2839 2105 2877 -e

525 2915 686 2969 urbes
717 2918 960 2970 nesciunt
994 2932 1005 2967 :
1040 2922 1280 2985 pugnant
1319 2915 1498 2982 itaque
1537 2925 1627 2966 aut
1669 2916 2106 2981 procurrentibus

527 3007 701 3074 equis,
740 3020 836 3059 aut
860 3016 1016 3077 terga
1049 3006 1321 3070 dantibus,
1368 3018 1512 3072 saepe
1542 3004 1701 3057 etiam
1738 3003 1911 3069 fugam
1941 3004 2105 3058 simu-

533 3096 741 3159 lant,ut
794 3096 946 3149 incau
978 3097 1119 3149 iores
1162 3095 1450 3147 adversum
1499 3092 1719 3146 vulnera
1761 3092 2104 3161 insequentes

528 3189 765 3243 habeant
792 3206 805 3242 :
834 3189 1147 3258 plerumque
1182 3187 1233 3240 in
1267 3186 1382 3253 ipso
1409 3184 1601 3239 ardore
1633 3186 1943 3240 certaminis
1974 3202 2107 3254 pra:-

529 3280 595 3332 lia
633 3279 908 3345 deserunt,
950 3294 1012 3330 ac
1057 3279 1213 3346 paul.»
1242 3289 1360 3346 post
1403 3291 1629 3346 pugnam
1675 3292 1741 3331 ex
1793 3276 1907 3346 iuga
1958 3293 2108 3342 repe-

531 3380 666 3426 tunt.
698 3371 849 3426 Unde
878 3379 1073 3440 poeta':

622 3462 979 3522 Fidentemque
1008 3460 1117 3521 fuga
1144 3461 1390 3521 Parthum,
1418 3460 1674 3522 versisque
1698 3460 1925 3522 swgittis?

524 3542 647 3596 ‘Uno
674 3543 969 3611 eodemque
1003 3543 1147 3597 fonte
1187 3544 1363 3611 Tigris
1408 3552 1462 3597 et
1494 3542 1799 3611 Euphrates
1839 3542 2103 3595 oriuntur.

598 3634 783 3706 Pugna
815 3634 994 3707 fugax]
1019 3635 1162 3691 Gens
1193 3635 1516 3689 Parthorum
1555 3634 1804 3703 fugiendo
1846 3648 2102 3702 pugnans.

598 3728 791 3801 Tigris]
834 3729 928 3783 llic
957 3745 984 3782 a
1026 3729 1301 3783 celeritate
1342 3738 1395 3782 ct
1435 3743 1595 3781 cursu
1638 3738 1973 3798 nuncupatus
2002 3734 2104 3778 est.

522 3821 659 3874 Nam
692 3821 863 3889 Tigris
900 3820 1171 3875 Medorum
1204 3820 1217 3873 1
1244 3820 1487 3889 ngua‘(ut
1518 3817 1735 3872 Solinus
1774 3818 1842 3870 ali
1871 3830 1975 3886 que
2000 3826 2108 3869 tra-

528 3913 679 3979 dunt.)
720 3911 832 3980 sagi
862 3920 967 3964 tam
992 3910 1287 3980 signiﬁcat,
1318 3911 1670 3977 omniumque
1699 3909 1983 3963 ﬂuviorum
2017 3923 2107 3961 ve-

527 4005 852 4057 locissimum
902 4002 1045 4056 canit
1094 4003 1396 4073 Dionysius.
1460 4002 1560 4056 Alii
1610 4010 1787 4055 tamen
1832 4016 1861 4054 a
1918 4000 2107 4068 tigride

526 4095 739 4147 animali
780 4093 979 4146 dictum
1018 4093 1207 4146 Vullllll
1252 4093 1473 4162 Tigrim.
1518 4092 1680 4145 Divus
1710 4091 2103 4160 Hieronymus:

527 4184 716 4255 Tigris,
756 4186 945 4254 inquit.
979 4186 1162 4255 [liuius
1191 4185 1253 4239 de
1284 4184 1524 4252 paradiso
1563 4184 1736 4237 exiens
1757 4185 1914 4255 juxta
1954 4182 2103 4236 Scri-

524 4286 690 4344 pturre
714 4277 889 4344 ﬁdem,
922 4292 1234 4347 pergensque
1261 4283 1441 4328 contra
1472 4274 1728 4345 Assyrios,
1761 4282 1807 4326 et
1832 4286 1942 4340 post
1973 4274 2106 4324 mul-

526 4378 601 4422 tos
632 4371 871 4423 circuitus
902 4372 979 4441 (ut
1025 4367 1437 4436 t-ult-Josep'tus)
1480 4368 1537 4420 in
1591 4383 1730 4419 mare
1772 4366 1996 4419 Rubrum
2028 4366 2106 4434 ef-

524 4464 708 4529 ﬂuens.
762 4462 987 4515 Vocatur
1023 4470 1192 4515 autem
1238 4462 1335 4515 hoc
1380 4462 1587 4515 nomine
1618 4471 1832 4530 propter
1874 4460 2103 4512 velocia-

2214 512 2474 563 diderunt.
2518 509 2715 563 Deinde
2762 527 2851 578 per
2906 510 3243 580 Babyloniam
3287 514 3526 579 ﬂuentes,
3568 514 3625 565 in
3664 529 3828 565 mare

2215 606 2447 659 Rubrum
2478 606 2795 675 deferuntur.
2826 604 3019 660 Strabo
3052 606 3146 660 lib.
3186 606 3538 675 GeOgrapbia:
3566 623 3599 660 tl
3636 625 3649 659 :
3683 606 3823 660 Cre-

2212 701 2305 751 scit
2333 698 2558 751 Amanus
2588 701 2801 750 multum
2847 700 2899 752 in
2940 699 3100 751 latum
3139 708 3186 751 et
3212 699 3391 764 altum,
3442 710 3487 752 et
3515 701 3821 767 multiﬁdus

2213 800 2303 844 est.
2337 789 2468 842 Pars
2502 791 2779 842 australior
2812 800 2884 843 est
2920 789 3139 854 Taurus,
3169 792 3255 857 qui
3285 791 3575 844 Armeniam
3607 792 3819 845 dister-

2214 880 2371 932 minat
2403 898 2432 931 a
2465 879 2851 950 Mesopotamia.
2887 879 3026 933 Hmc
3052 883 3221 949 ﬂuunt
3264 880 3435 951 Tigris
3475 892 3523 935 et
3558 881 3817 948 Euphra-

2213 981 2307 1035 tes,
2342 972 2429 1037 qui
2459 969 2886 1039 Mesopotamiam
2924 972 3267 1035 circumdant,
3308 980 3355 1024 et
3397 974 3537 1041 apud
3572 972 3816 1043 Babylo-

2212 1061 2322 1113 nios
2352 1061 2561 1113 invicem
2584 1061 2859 1114 columem.
2896 1060 3092 1112 Deinde
3115 1062 3165 1113 in
3193 1076 3331 1113 mare
3357 1060 3623 1117 Persicum
3648 1065 3813 1116 emit-

2212 1160 2345 1215 tunt,
2386 1166 2604 1220 quorum
2647 1149 2935 1219 Euphrates
2979 1152 3147 1221 major
3192 1161 3285 1208 est.
3330 1162 3377 1204 et
3411 1152 3526 1221 plus
3570 1154 3811 1223 regionis

2213 1243 2442 1309 ﬂexuoso
2473 1238 2615 1292 alveo
2655 1241 2923 1309 percurrit.
2960 1237 3153 1293 Fontes
3188 1240 3339 1292 habet
3376 1241 3428 1292 in
3458 1252 3599 1307 parte
3637 1241 3812 1295 Tauri

2214 1333 2424 1395 boreali,
2457 1334 2573 1400 ﬂu't
2601 1333 2668 1385 ad
2699 1332 3007 1384 occidentem
3033 1349 3122 1402 per
3153 1333 3443 1385 Armeniam
3474 1334 3608 1401 (quin
3634 1337 3810 1405 major

2212 1423 2526 1493 appellatur)
2556 1439 2713 1494 usque
2739 1425 2790 1475 in
2818 1424 3112 1477 Armeniam
3135 1424 3407 1486 minorem,
3433 1440 3585 1491 quam
3614 1441 3648 1477 a
3676 1427 3807 1477 dc:-

2215 1515 2305 1567 tris
2354 1514 2523 1578 habet,
2568 1531 2601 1567 a
2638 1515 2859 1567 sinistris
2904 1530 3016 1566 vero
3062 1513 3323 1566 Lisanam.
3359 1513 3557 1567 Deinde
3598 1520 3668 1567 ad
3698 1535 3804 1569 au-

2213 1612 2373 1655 strum
2403 1606 2566 1672 ﬂexus
2606 1603 2843 1670 conﬁniis
2874 1604 3117 1673 jungitur
3158 1603 3544 1672 Cappadocum,
3586 1623 3703 1668 quc
3732 1609 3805 1659 ml

2215 1695 2443 1744 dextram
2471 1692 2730 1761 relinquit,
2756 1692 2822 1744 ad
2845 1693 3102 1746 sinistram
3124 1691 3527 1763 Comagenorum
3550 1699 3799 1762 conﬁnia,

2140 1784 2186 1841 Β
2216 1797 2513 1851 rursumque
2540 1800 2572 1835 α
2605 1782 2886 1849 Sicimina,
2921 1784 3071 1834 etiam
3099 1782 3335 1851 Sep/tina
3367 1787 3579 1856 majoris
3622 1790 3803 1840 Arme-

2210 1874 2310 1926 nia:
2338 1874 2406 1925 ad
2436 1874 2696 1927 sinistram
2721 1874 2920 1937 relicta,
2953 1875 3280 1945 progrediar
3306 1875 3359 1927 in
3387 1876 3618 1945 Syriam,
3649 1889 3803 1943 atque

2208 1965 2384 2016 iterum
2414 1967 2606 2033 ﬂexum
2634 1964 2798 2017 alium
2821 1967 2961 2031 rapit
2990 1965 3042 2017 in
3073 1964 3407 2034 Babylonios,
3449 1977 3495 2019 et
3532 1966 3799 2022 P.rsicum

2207 2056 2398 2110 sinum.
2430 2055 2595 2125 Tigris
2640 2073 2701 2108 ex
2735 2058 2911 2109 eodem
2951 2066 3122 2109 monte
3158 2058 3449 2111 Seleuciam
3489 2061 3696 2127 illatus,
3733 2067 3801 2115 ad

2214 2146 2756 2217 Euphratemaccedit,
2775 2150 2941 2218 ibique
2961 2150 3109 2219 efﬁcit
3127 2148 3590 2221 diesepotamiam:
3612 2157 3801 2209 deinde

2209 2248 2262 2297 in
2292 2245 2524 2297 eumdem
2556 2246 2724 2297 sinum
2755 2244 2935 2298 intrat.
2982 2243 3259 2312 Euphratis
3282 2260 3341 2297 ac
3374 2245 3607 2314 Tigridis
3636 2251 3799 2318 fontes

2211 2340 2340 2392 in’er
2365 2355 2418 2391 se
2443 2340 2635 2391 distant
2673 2338 2739 2391 ad
2780 2339 2947 2390 stadia
2978 2339 3080 2390 duo
3111 2338 3222 2390 mill
3242 2356 3272 2391 α
3309 2352 3356 2392 et
3396 2340 3796 2414 quinquagintg,

2213 2431 2481 2485 llactenus
2511 2428 2727 2484 Strabo.

2284 2522 2398 2576 Uno
2447 2520 2606 2593 [ante]
2634 2522 2895 2576 Fontibus
2945 2523 3103 2576 un'us
3132 2534 3198 2577 “et
3245 2524 3488 2589 ejusdem
3531 2528 3798 2581 Armenia:

2207 2618 2429 2681 montis,
2461 2615 2544 2669 cui
2576 2624 2708 2667 teste.
2740 2614 3002 2669 Strabon:
3035 2630 3227 2668 nomen
3259 2629 3339 2669 est
3367 2616 3571 2673 Taizro.

2281 2706 2567 2777 Abjunctis]
2600 2707 2894 2773 Separalis.

2285 2799 2422 2864 Quas
2454 2797 2641 2868 tamen]
2672 2799 2817 2851 Ordo
2855 2807 2957 2864 est,
2988 2799 3131 2866 Quos
3158 2815 3319 2867 vagos
3348 2816 3512 2856 casus
3541 2804 3794 2870 declivis,

2210 2891 2260 2944 id
2292 2899 2377 2945 est
2402 2890 2733 2944 declivitdes
2764 2900 2942 2953 terrm,
2970 2890 3192 2944 subaudi
3220 2901 3414 2961 tegunt,
3444 2903 3497 2946 et
3530 2908 3668 2962 quos
3695 2910 3789 2947 ca-

2208 2999 2302 3038 sus
2334 2998 2493 3051 vagos
2518 2981 2726 3035 deﬂuus
2754 2980 2888 3034 ordo
2919 2982 3141 3049 gurgitis
3173 2982 3304 3050 lapsi
3339 2983 3498 3051 regit.

2759 3072 2822 3124 IN
2864 3071 3129 3124 PROSAM
3152 3072 3227 3125 11.

2288 3164 2499 3217 Dubitat
2530 3162 2631 3217 hoc
2664 3163 2781 3215 loco
2813 3162 3485 3234 Boetius_sciscitatttrque,
3522 3165 3663 3220 sitne
3690 3166 3793 3219 ulla

2215 3255 2429 3309 lrumani
2459 3255 2680 3308 libertas
2707 3253 2934 3315 arbitrii,
2977 3269 3044 3307 an
3078 3255 3223 3322 ipsos
3253 3270 3465 3322 quoque
3498 3258 3793 3310 animarum

2214 3356 2389 3401 motus
2422 3346 2597 3399 fatalis
2626 3346 2920 3400 necessitas
2946 3346 3291 3413 constringat.
3323 3345 3422 3399 Cui
3449 3346 3792 3417 Philosnphia

2213 3439 2525 3507 respondet,
2558 3438 2703 3491 omni
2735 3438 2982 3492 rationali
3031 3449 3235 3491 naturze
3265 3438 3573 3493 libertatem
3612 3442 3794 3495 adesse

2212 3531 2440 3597 arbitrii,
2491 3530 2582 3584 sed
2623 3530 2872 3599 supernis
2911 3529 3215 3595 divinisque
3244 3530 3577 3583 substantiis
3624 3532 3789 3599 majo-

2214 3641 2348 3683 rem.
2372 3624 2575 3678 *dvinde
2606 3624 2814 3677 tametsi
2845 3636 2950 3676 non
2974 3621 3254 3690 mqttalem,
3285 3632 3462 3675 tamen
3492 3624 3789 3690 proximam

2214 3716 2460 3769 hutnanis
2485 3715 2676 3769 animis
2707 3729 2765 3768 se
2788 3713 2839 3766 in
2868 3712 3163 3766 divinitatis
3190 3714 3652 3781 contemplatione
3672 3730 3793 3767 con-

2212 3806 2551 3863 servantibus
2583 3823 2593 3856 :
2628 3805 2804 3858 minus
2842 3819 2973 3857 vero
3020 3803 3215 3856 libera's
3251 3818 3342 3857 cas
3389 3818 3535 3867 eSsc,
3579 3820 3699 3858 cum
3729 3808 3789 3858 ad

2210 3916 2437 3970 corpora
2471 3899 2799 3962 dilabuntur,
2853 3881 3358 3964 tuinusque'ctiam,
3394 3908 3528 3948 cum
3570 3898 3791 3950 terrenis

2211 3995 2436 4051 artubus
2480 3992 2817 4061 colligantur.
2862 3987 3412 4044 Animadvertendum
3466 3998 3649 4041 autem
3697 3990 3790 4042 hoc

2212 4095 2379 4140 totum
2421 4100 2491 4139 ex
2547 4083 2781 4137 Platonis
2824 4079 3077 4151 opinione
3133 4079 3355 4146 dierum,
3409 4080 3563 4146 quasi
3603 4080 3788 4132 animae

2211 4178 2341 4242 sint,
2372 4186 2657 4243 antequam
2688 4173 3007 4242 corporibus
3029 4171 3445 4241 conjungantur.
3485 4172 3786 4227 Extremam

2212 4284 2336 4324 vero
2388 4268 2700 4322 serviutem
2752 4280 2871 4320 esse
2917 4264 3047 4319 dicit
3088 4280 3281 4319 earum
3330 4281 3451 4335 quae
3500 4267 3786 4322 sceleribus

2212 4360 2528 4428 mancipata:
2558 4359 2825 4428 prOpriam
2858 4355 3137 4411 amiserint
3166 4357 3499 4411 libertatem.

2281 4448 2531 4523 Inscitiae]
2563 4450 2898 4518 lgnorantim.

526 4564 643 4618 tem,
674 4556 834 4607 inrtnr
864 4557 1030 4609 bestia:
1052 4556 1210 4608 nimia
1232 4557 1528 4625 pernicitate
1556 4553 1825 4606 currentis.
1863 4553 1974 4605 lloc
2002 4568 2093 4604 no-
2135 4519 2185 4576 Β
2281 4542 2539 4616 Caligant]
2566 4543 2951 4606 Obscurantur,
2980 4542 3381 4595 tenebrescunt.

519 4662 668 4712 men,
702 4657 835 4702 teste
866 4648 1152 4703 Francisco
1184 4649 1332 4711 Pico,
1390 4647 1516 4701 facit
1545 4646 1836 4715 genitivum
1868 4644 2096 4713 Tigrios,

526 4737 774 4805 Tigritos,
791 4739 1057 4808 Tigridos,
1087 4749 1140 4794 et
1162 4742 1337 4795 Attice
1361 4743 1602 4813 Τίγρεως.

594 4831 902 4901 Euphrates]
927 4832 1127 4886 Nomen
1154 4832 1380 4897 sumpsit
1411 4848 1475 4887 ex
1501 4846 1567 4887 eo
1586 4831 1727 4901 quod
1750 4830 1885 4884 bona
1917 4830 2098 4883 ferret.

524 4923 598 4977 De
654 4923 755 4976 hoc
808 4922 1203 4994 Hieronymus:
1239 4923 1527 4995 Euphrates
1575 4924 1758 4991 fluvius
1813 4921 2102 4992 MesOpota-

525 5016 657 5079 miae,
687 5016 739 5068 in
773 5017 1016 5085 paradiso
1047 5017 1233 5068 oriens.
1268 5016 1435 5069 Porro
1463 5014 1748 5069 Sallustius
1766 5024 1954 5068 auctor
1984 5027 2103 5066 cer-

524 5106 761 5158 tissimus
791 5105 986 5159 asserit
1030 5115 1134 5159 tam
1178 5105 1352 5173 Tigris
1394 5121 1552 5173 quam
1583 5091 1873 5173 Euphratis
1922 5104 1973 5157 in
2008 5108 2105 5156 Ar-

526 5196 697 5249 menia
727 5195 902 5250 fontes
938 5196 1315 5251 demonstrari.
1362 5197 1439 5251 Ex
1488 5214 1591 5267 quo
1627 5196 2104 5251 animadvertimus

524 5288 683 5343 aliter
710 5288 775 5344 de
801 5290 1053 5359 paradiso
1069 5301 1133 5345 et
1163 5290 1471 5345 ﬂuminibus
1516 5290 1631 5359 ejus
1678 5290 2101 5359 intelligendum.

522 5382 785 5436 Diodorus
818 5383 1030 5439 Siculus
1074 5383 1213 5437 libro
1254 5385 1458 5437 tertio:
1491 5380 1616 5436 Post
1664 5382 1844 5435 Nilum
1883 5384 2015 5434 enim
2056 5391 2102 5433 et

524 5472 753 5543 Gangem
780 5475 995 5545 ﬂumina
1041 5476 1197 5527 totius
1238 5475 1372 5528 Asia:
1402 5473 1673 5537 nobiliora,
1725 5471 2012 5541 Euphrates
2044 5488 2104 5524 nc

524 5565 688 5635 Tigris
715 5584 779 5620 ex
806 5568 1058 5621 Armenia:
1080 5568 1334 5620 montibus
1360 5566 1523 5635 fontes
1544 5564 1749 5618 habent.
1782 5564 1985 5616 Distant
2010 5580 2104 5615 au-

523 5665 617 5708 tem
653 5658 714 5710 ab
744 5658 954 5711 invicem
994 5657 1179 5711 stadiis
1227 5656 1368 5709 mille
1412 5665 1457 5708 et
1497 5655 1807 5725 quingentis,
1845 5654 2103 5721 delatique

517 5762 609 5804 per
652 5746 871 5799 Mediam
915 5758 962 5801 et
1004 5746 1309 5809 Pa'etanos,
1353 5748 1664 5801 descendunt
1703 5747 1753 5799 in
1806 5744 2099 5798 Mesonotu-

2352 4638 2495 4693 Πάντ’
2520 4640 2678 4709 ἐφίλρᾶ
2711 4637 2796 4688 καὶ
2824 4636 2969 4689 πάντ’
2999 4631 3258 4688 ἐπακούει.

2211 4729 2478 4787 Homerici
2527 4742 2712 4783 versus
2745 4742 2867 4794 pars
2908 4736 2985 4779 est
3019 4725 3285 4793 posterior
3324 4740 3389 4778 ex
3434 4724 3627 4778 Iliados
3655 4724 3776 4777 libro

2211 4824 2390 4890 tertio,
2411 4821 2464 4875 id
2491 4829 2597 4882 est,
2629 4819 2808 4871 omn’a
2846 4816 3010 4877 videt,
3038 4824 3094 4869 et
3118 4814 3293 4867 omnia
3329 4813 3540 4868 inaudlt
3565 4834 3578 4866 :

2395 4912 2583 4973 Aspicit
2605 4912 2785 4966 omnia,
2805 4908 3027 4957 etvomnia
3053 4906 3253 4955 inaudit.

2745 5009 2811 5064 IN
2850 5006 3139 5062 METRUM
3180 5006 3241 5060 ll.

2277 5110 2507 5163 Carmen
2551 5105 2651 5159 hoc
2691 5103 2930 5171 ejusdem
2960 5102 3172 5171 generis
3203 5108 3288 5154 est
3334 5114 3456 5154 cum
3492 5096 3771 5167 penultimn

2206 5202 2381 5272 quarti
2440 5197 2754 5253 voluminis.
2810 5192 3032 5250 Prmfert
3086 5208 3152 5248 eo
3200 5190 3543 5260 Philosophia
3591 5190 3768 5241 divinae

2211 5292 2564 5359 providentia:
2608 5285 3067 5357 perspicacitatcm
3112 5282 3243 5337 solis
3284 5282 3541 5345 claritati,
3573 5280 3639 5334 de
3672 5294 3767 5347 quo

2211 5388 2473 5441 Homerus
2493 5400 2511 5437 :

2298 5479 2381 5529 Sol
2404 5479 2489 5541 qui
2507 5483 2677 5526 cuncta
2695 5474 2850 5533 videt,
2876 5472 3058 5533 quique
3079 5470 3235 5517 omnia
3254 5468 3501 5516 maximos
3519 5464 3662 5512 audit.

2210 5565 2304 5620 l!ic
2331 5540 2474 5619 enim
2517 5559 2726 5615 tametsi
2769 5556 3002 5611 maximo
3030 5550 3315 5622 Splendore
3358 5550 3584 5603 tuiritice
3617 5540 3766 5599 reful-

2206 5664 2349 5725 gent,
2384 5663 2645 5708 terrarum
2684 5659 2859 5703 tamen
2890 5645 3070 5699 intima
3104 5653 3390 5712 penetrare
3416 5638 3619 5709 nequit.
3652 5634 3767 5725 Pro-

2209 5722 2452 5801 videntia:
2483 5759 2607 5798 vero
2652 5744 2830 5795 lumen
2860 5739 3175 5792 immensum
3208 5744 3397 5788 cuncta
3433 5748 3537 5786 non
3569 5722 3765 5795 inspsdl

3672 5441 3761 5459 .-
