4022 6366
249 314 383 370 1065

1417 310 1800 370 MURMELLII
1835 311 2349 370 COMMENTARIA.

3375 303 3510 360 {066

246 427 438 491 solum,
471 424 565 480 sed
599 424 761 479 etiam
793 423 1122 495 penitissima
1152 438 1374 495 quaeque
1404 441 1588 481 eorum
1615 425 1820 496 perSpi-
1848 427 1905 488 Α
1997 425 2204 498 Jugari]
2237 425 2518 496 Conjungi.

246 521 332 575 cit.
364 517 544 588 Neque
574 519 623 574 ei
664 518 768 573 ulla
801 519 881 574 vel
910 519 1083 574 noetis
1109 518 1308 590 caligo,
1339 520 1423 576 vel
1463 528 1623 576 terra:
1651 521 1822 577 moles

246 612 505 668 obsistere
533 611 692 665 valet.

314 700 586 774 Pltwbum]
618 701 822 758 Solem.

315 796 580 867 Melliﬂui]
610 796 759 852 Melle
788 796 1020 851 ﬂuentis.

1999 517 2105 572 Sed
2133 516 2296 589 mens]
2343 516 2661 588 ignorantiae
2682 517 2845 572 animi
2893 514 3060 573 nostri
3093 513 3340 584 imputat,
3366 507 3513 583 quod

1927 625 2104 667 rerum
2137 612 2416 667 veritatem
2449 610 2754 682 perspicere
2782 625 2890 667 non
2913 608 3178 668 valemus.

2003 699 2220 772 Obruta]
2250 701 2540 772 Oppressa.

2000 793 2158 850 chis
2187 791 2457 866 membris]
2483 793 2723 866 Corpore
2751 794 3033 868 caliginem
3080 790 3522 862 oblivionemquo

315 887 767 957 CanitiCarmine
806 889 1009 955 laudat,
1051 903 1173 945 cum
1201 888 1364 945 aliubi
1397 899 1508 945 tum
1548 889 1602 945 in
1632 887 1829 944 Iliados
1930 888 2112 944 animo
2142 887 2412 944 inferenti.

246 981 428 1047 tertio,
463 991 518 1036 ut
558 991 612 1036 et
643 982 801 1051 paulo
831 991 954 1037 ante
976 981 1178 1038 dictum
1211 992 1292 1038 est
1328 1001 1342 1038 :
1374 983 1441 1037 Et
1489 992 1566 1050 tu,
1597 983 1700 1048 sol,
1734 981 1824 1052 qui

247 1073 491 1128 universa
523 1081 578 1128 et
605 1073 754 1129 vides
788 1083 842 1129 et
872 1074 1046 1130 audis.
1089 1074 1218 1131 Vide
1248 1075 1478 1130 Plinium
1502 1075 1638 1132 libro
1666 1074 1829 1130 Natu-

247 1164 370 1218 ralis
404 1164 650 1220 Historiae
672 1181 730 1229 ll,
760 1181 879 1235 cap.
906 1166 962 1221 6.

318 1255 680 1327 Perrumpere]
710 1256 1022 1314 Penetrare.

316 1346 512 1401 Cuncta
557 1347 737 1420 tuenti]
769 1349 958 1404 Omnia
1000 1350 1250 1408 intuenti.
1306 1350 1488 1406 Prisca
1527 1349 1727 1422 Sibylla
1775 1350 1826 1404 in

249 1437 339 1492 lib.
367 1437 559 1492 Justini
593 1439 891 1510 philosophi
920 1449 976 1496 et
1017 1444 1292 1514 martyris,
1327 1443 1621 1513 interprete
1660 1442 1832 1496 Fran-

247 1528 388 1583 cisco
418 1530 542 1584 Pico
570 1549 581 1582 :

317 1619 453 1687 bitus
478 1621 606 1670 enim
634 1622 766 1687 Deus
790 1631 884 1682 est,
909 1624 1040 1673 solus
1060 1639 1152 1674 non
1177 1626 1358 1687 editus,
1387 1629 1578 1687 ingens,

315 1685 487 1751 ania
509 1685 834 1751 Conspiciens,
858 1699 952 1734 non
976 1688 1148 1748 visilis,
1171 1685 1506 1751 induperator,

313 1746 475 1802 Quem
495 1747 722 1797 moritura
739 1759 850 1798 caro
874 1752 998 1810 potis
1018 1757 1094 1798 est
1115 1746 1468 1812 comprendere
1489 1746 1751 1812 nunquam.

800 1851 866 1907 IN
894 1851 1171 1909 PROSAM
1201 1854 1287 1910 lll.

323 1943 433 2000 llac
465 1959 620 2015 prosa
653 1945 1047 2003 dubitabundus
1073 1949 1290 2024 Boetius
1314 1949 1380 2005 de
1409 1949 1576 2004 libero
1607 1947 1840 2004 hominis

249 2041 472 2096 arbitrio
523 2050 579 2097 et
610 2041 699 2097 Dei
732 2043 1068 2112 praescientia
1111 2042 1346 2108 disserit,
1377 2057 1496 2112 qua:
1545 2056 1649 2111 quo
1680 2039 1840 2095 modo

249 2133 409 2187 simul
443 2134 646 2203 possint
671 2135 992 2202 consistere,
1027 2146 1084 2190 ut
1113 2134 1266 2191 alteri
1316 2135 1541 2189 alterum
1583 2149 1688 2189 non
1719 2130 1841 2187 offl-

249 2227 382 2291 ciat,
410 2227 629 2283 minime
656 2229 822 2285 videt.
852 2229 983 2286 Nam
1011 2240 1234 2299 recepta
1261 2229 1457 2285 divina:
1493 2228 1842 2300 prmscientian

252 2308 600 2388 necessitate,
628 2321 803 2376 omnia
830 2323 968 2378 serie
991 2323 1220 2393 quadam
1263 2323 1526 2378 indeﬂexa
1566 2322 1838 2377 constrin-
1901 2359 1910 2363 -

248 2411 303 2482 gi
334 2413 611 2484 tenerique
642 2414 908 2471 videntur.
937 2417 1089 2485 Quod
1123 2419 1167 2472 si
1199 2417 1270 2472 ita
1299 2427 1464 2483 esset,
1489 2417 1688 2473 frustra
1717 2431 1844 2487 spe-

249 2508 732 2577 rarent-homines,
769 2520 861 2566 aut
888 2513 1326 2582 deprecarentur,
1363 2529 1481 2583 quae
1521 2513 1710 2568 futura:
1742 2527 1844 2567 ne-

249 2598 523 2654 cessitatis
565 2600 770 2671 legibus
789 2602 1076 2674 implicata
1129 2604 1321 2660 mutari
1364 2604 1574 2676 alioque
1605 2603 1846 2660 converti

249 2690 561 2761 nequirent.

248 2793 252 2796 ‘
325 2784 431 2838 Aut
472 2785 596 2854 quid
638 2787 733 2841 hoc
771 2793 926 2857 refert
955 2789 1191 2843 vaticinia
1228 2790 1320 2845 illo
1364 2791 1586 2845 ridiculo
1620 2783 1849 2862 Tiresiaz]

248 2879 465 2936 Sensus
487 2889 589 2947 est,
620 2893 710 2938 aut
742 2883 891 2950 quid,
915 2885 1068 2955 quasi
1097 2885 1270 2953 dicat,
1303 2885 1433 2941 nihil
1467 2885 1570 2941 hoc
1600 2886 1762 2941 distat
1784 2885 1852 2942 ab

247 2971 351 3026 illo
378 2972 605 3029 ridiculo
632 2975 857 3031 'l‘iresire
883 2978 1160 3046 vaticinio,
1193 2978 1337 3049 quod
1377 2987 1459 3036 est
1499 2979 1640 3050 apud
1682 2977 1850 3035 Hora-

247 3065 392 3122 tium
422 3068 559 3124 libro
589 3068 910 3125 Sermonum
940 3072 1177 3127 secundo
1203 3089 1216 3126 :

390 3161 429 3228 ρ
456 3160 738 3228 Laertiade,
756 3164 990 3227 quidquid
1015 3168 1190 3224 dicam,
1220 3171 1303 3217 aut
1319 3168 1434 3228 erit,
1461 3175 1544 3217 aut
1563 3181 1660 3219 non
1684 3183 1694 3216 :

391 3223 621 3273 Divinare
648 3223 832 3275 etenim
852 3223 1056 3289 magnus
1079 3223 1199 3278 mihi
1223 3229 1374 3281 donat
1394 3223 1584 3293 Apollo.

247 3302 502 3359 Tiresias
532 3304 843 3375 Thebanus,
867 3321 986 3363 cum
1019 3309 1157 3366 forte
1186 3310 1320 3367 duos
1368 3326 1569 3382 angues
1599 3322 1855 3369 coeuntes

246 3397 646 3465 percussisset,
679 3399 733 3452 in
764 3399 1016 3455 feminam
1048 3401 1146 3456 fuit
1195 3417 1514 3471 conversus,
1547 3418 1608 3459 ac
1648 3413 1855 3474 septem

246 3503 437 3545 annos
471 3492 522 3544 in
548 3503 613 3545 eo
637 3506 768 3548 sexu
790 3492 1013 3549 durasse
1031 3494 1215 3552 fertur.
1246 3495 1558 3568 Rursusque
1585 3511 1706 3553 cum
1737 3511 1860 3553 eos-

244 3581 391 3637 dem
451 3591 729 3653 serpentes
781 3585 1270 3657 verberassetﬁin
1320 3591 1602 3658 pristinum
1669 3604 1858 3645 sexum

244 3688 515 3730 reversus
538 3685 640 3732 est.
670 3677 821 3744 Quod
839 3677 1053 3748 quidem
1088 3695 1156 3735 ne
1170 3681 1290 3751 quis
1310 3681 1530 3737 omnino
1557 3682 1858 3737 fabulosum

241 3775 444 3837 putet,
476 3767 616 3838 legat
643 3779 698 3825 et
744 3769 972 3825 Plinium
1006 3772 1057 3826 in
1104 3775 1332 3842 septimo
1380 3774 1651 3829 Naturalis
1680 3775 1865 3830 llisto-

243 3859 384 3926 riae,
426 3867 480 3914 et
506 3859 688 3915 divum
724 3863 1079 3932 Augustinum
1128 3864 1196 3919 de
1245 3865 1508 3934 conjugiis
1558 3867 1756 3920 veteris
1800 3878 1866 3921 ac

239 3967 426 4008 novae
456 3953 611 4023 legis,
630 3956 717 4024 qui
741 3965 986 4011 asserunt
1016 3957 1334 4026 quibusdam
1360 3957 1411 4013 id
1439 3958 1721 4014 accidisse.
1751 3959 1868 4014 Cte-

242 4054 448 4100 terum
483 4045 733 4114 Tiresias,
785 4049 853 4104 ab
882 4048 1014 4103 Jove
1067 4049 1383 4120 Junoneque
1417 4051 1865 4105 contendentibus

239 4136 448 4192 utrius
477 4138 647 4206 major
682 4139 733 4192 in
761 4141 904 4195 coitu
935 4141 1178 4210 voluptas
1216 4143 1305 4208 sit,
1338 4142 1504 4196 maris
1533 4156 1600 4196 an
1633 4143 1863 4208 feminae,

239 4231 438 4301 iudex
471 4233 691 4298 electus,
726 4233 984 4302 majorem
1010 4249 1129 4290 esse
1151 4236 1364 4291 feminae
1379 4235 1705 4306 voluptatem
1723 4237 1870 4291 aflir-

237 4323 461 4380 mavit.
493 4323 604 4391 Qua
636 4327 898 4382 sententia
952 4327 1094 4382 Juno
1134 4329 1291 4396 irata,
1338 4329 1488 4385 illum
1546 4330 1864 4386 obcaacavit.

235 4417 487 4496 Jupiter
515 4434 645 4474 vero
669 4435 766 4488 pro
793 4421 964 4477 oculis
990 4424 1254 4493 ademptis
1277 4424 1324 4479 ei
1348 4468 1364 4494 ,
1419 4435 1432 4448 ‘

401 4510 546 4560 Scire
568 4511 728 4562 futura
743 4513 897 4577 dedit,
925 4527 1218 4578 poenamque
1247 4515 1428 4567 levavit
1448 4517 1652 4567 honore.

237 4594 642 4651 Callimachus
672 4604 728 4651 et
757 4596 1066 4666 Propertius
1111 4613 1176 4654 eo
1197 4599 1381 4654 dicunt
1422 4601 1752 4654 obcaecatum
1784 4599 1874 4653 Ti-

235 4689 501 4753 resiam,
528 4686 668 4756 quod
695 4686 908 4743 Pallada
933 4689 1134 4745 nudato
1165 4705 1396 4761 corpore
1428 4706 1487 4746 se
1519 4691 1786 4748 levantem
1820 4694 1873 4748 in

235 4778 442 4850 aquis
466 4779 783 4848 aspexisset.
810 4781 944 4838 illnc
972 4784 1348 4854 proverbium,
1376 4785 1692 4859 τυφλότερος
1733 4798 1878 4864 Tipa-

233 4876 426 4939 σίου,
459 4870 664 4927 Caecior
686 4872 921 4944 Tiresia,
956 4875 1023 4934 de
1047 4892 1111 4933 eo
1138 4879 1228 4948 qui
1260 4893 1423 4949 supra
1457 4880 1673 4935 modum
1703 4896 1880 4936 cmen-

235 4967 347 5022 ιὶι.

335 5058 454 5117 Uti
479 5059 636 5130 paulo
658 5071 776 5117 ante
793 5064 1054 5138 cantabas]
1079 5066 1330 5124 Carmine
1351 5078 1504 5127 sexto
1528 5072 1702 5140 quarti
1731 5070 1879 5127 libri.

827 5155 892 5210 IN
930 5157 1220 5214 METRUM
1254 5160 1340 5216 IV.

330 5242 593 5301 Carmen
643 5256 728 5302 est
773 5248 1012 5322 ejusdem
1064 5253 1279 5321 generis
1310 5268 1435 5311 cum
1463 5255 1731 5326 proximo,
1775 5269 1882 5326 quo

229 5335 584 5396 Severinus
608 5337 1023 5398 admirabundus
1049 5344 1401 5414 obstupescit,
1432 5362 1646 5403 causam
1672 5348 1888 5405 deside-

236 5443 450 5492 rans,
480 5442 576 5483 cur
596 5445 658 5483 ea
682 5429 787 5486 duo
808 5448 956 5500 vera,
979 5434 1204 5490 alterum
1229 5437 1298 5492 de
1319 5436 1496 5494 divina
1525 5440 1884 5508 prtescientia,

227 5525 528 5580 alterum
553 5519 621 5576 de
644 5522 847 5578 arbitrii
881 5528 1050 5580 nostri
1080 5528 1347 5593 libertate,
1389 5532 1678 5598 separatim
1709 5545 1889 5588 secre-

231 5620 505 5682 timque
528 5627 808 5682 perpensa,
843 5617 1000 5673 ﬁdem
1013 5619 1329 5687 admittant;
1352 5621 1539 5678 eadem
1563 5632 1740 5681 autem
1765 5639 1889 5683 con-

226 5714 484 5783 juncta
514 5709 732 5764 minime
750 5710 902 5766 nobis
927 5713 1200 5772 cohaerere
1225 5714 1522 5773 videantur.

340 5799 634 5872 Carptim]
659 5802 980 5878 Separatitn.

629 5916 902 5981 Panon.
949 5919 1176 5987 LXIII.

2005 982 2255 1055 Luminis]
2286 982 2604 1039 intellectus.

2005 1075 2154 1149 Igne]
2185 1076 2399 1148 Vigore.

2008 1168 2206 1222 Tenues
2231 1167 2412 1240 nexus]
2438 1166 2675 1224 Subtiles
2697 1167 3118 1238 conjunctiones.

2009 1260 2115 1315 Sed
2132 1257 2244 1331 cur]
2276 1261 2606 1316 Platonicum
2635 1259 2736 1316 hoc
2765 1268 2867 1316 est.
2904 1259 2962 1314 In
2991 1259 3208 1329 dialogo
3229 1255 3370 1313 enim
3398 1254 3516 1309 Pla‘

1936 1353 2077 1407 tonis
2120 1351 2191 1408 de
2233 1353 2459 1420 virtute,
2505 1355 2597 1424 qui
2638 1354 2830 1408 Menon
2859 1350 3220 1417 “inscribitur,
3269 1349 3519 1405 Socrates

1937 1445 2220 1500 Menonem
2247 1445 2504 1516 Arisﬁppi
2527 1445 2806 1515 etGorgiae
2829 1444 3126 1498 auditorem
3149 1441 3216 1496 ad
3244 1439 3295 1494 id
3328 1437 3523 1508 perdu-

1937 1541 2028 1606 cit,
2057 1540 2199 1610 quod
2229 1540 2560 1610 impossibile
2590 1549 2673 1596 est
2695 1555 2791 1595 nos
2816 1537 3187 1608 investigando
3207 1533 3407 1605 aliquid
3431 1547 3524 1588 co-

1940 1644 2230 1699 gnoscere;
2274 1641 2367 1685 aut
2393 1632 2438 1686 si
2468 1631 2837 1701 investigando
2864 1631 3202 1707 assequimur
3241 1626 3526 1698 cognosci-

1943 1735 2190 1792 musque,
2209 1723 2338 1778 illud
2369 1724 2500 1780 alias
2526 1723 3100 1795 cognovimusaltaque
3121 1720 3172 1776 id
3201 1732 3528 1788 cOgnoscere

1870 1803 1921 1866 B
1947 1829 2053 1869 non
2074 1815 2218 1870 aliud
2247 1831 2367 1871 esse
2395 1831 2554 1886 quam
2582 1815 2856 1872 reminisci
2879 1815 3002 1871 etin
3031 1812 3344 1869 memoriam
3373 1823 3529 1866 revo«

1941 1923 2084 1964 care.
2121 1907 2233 1974 Quo
2255 1909 2389 1962 enim
2409 1910 2610 1963 tramite
2644 1908 2838 1979 (inquit
2868 1906 3083 1978 Menon)
3113 1894 3454 1976 investigabis,
3499 1917 3531 1956 o

1943 2002 2204 2071 Socrates,
2235 2004 2374 2073 quod
2401 2004 2607 2072 quidem
2629 2003 2753 2073 quid
2793 2003 2859 2057 sit
2880 2003 3085 2057 omnino
3108 2001 3337 2072 ignoras,
3378 1995 3530 2064 quale

1943 2097 2034 2151 tibi
2055 2113 2360 2166 proponens,
2406 2097 2461 2150 id
2498 2097 2634 2169 quod
2660 2097 2868 2166 ignoras
2891 2095 3157 2165 inquiras;
3194 2101 3280 2146 aut
3309 2092 3459 2145 etiam
3488 2088 3535 2143 si

1942 2190 1996 2244 in
2046 2189 2174 2243 illud
2226 2192 2455 2255 incidas,
2491 2205 2719 2261 quonam
2761 2191 2908 2260 signo
2956 2189 3010 2242 id
3037 2187 3174 2258 quod
3213 2187 3536 2257 ignoraveras

1944 2282 2076 2337 illud
2117 2292 2222 2337 esse
2265 2285 2550 2353 agnosces?
2574 2281 2672 2338 Cui
2709 2282 3000 2348 Socrates,
3041 2278 3287 2350 Intelligo
3320 2275 3534 2348 (inquit)

1946 2373 2068 2440 quid
2098 2375 2240 2443 velis,
2269 2391 2297 2428 o
2323 2369 2540 2441 Menon;
2565 2385 2615 2431 at
2645 2384 2700 2430 tu
2731 2373 3156 2430 animadvertisne
3175 2386 3326 2443 quam
3339 2357 3538 2442 litigio-

1947 2487 2060 2525 sam
2089 2474 2580 2541 argumentationem
2616 2475 2670 2528 in
2698 2475 2921 2528 medium
2949 2471 3230 2537 adduxisti,
3269 2469 3407 2540 quod
3436 2468 3538 2522 sci-

1949 2565 2064 2620 licet
2088 2567 2236 2621 homo
2267 2585 2426 2639 neque
2450 2570 2586 2636 quod
2640 2570 2820 2634 noscit,
2852 2585 3012 2640 neque
3042 2568 3178 2639 quod
3207 2568 3430 2637 ignorat,
3457 2566 3540 2620 ἰη-

1949 2661 2146 2729 quirit:
2176 2677 2294 2715 nam
2337 2663 2381 2715 si
2411 2664 2593 2727 noscit,
2625 2663 2770 2715 nulla
2809 2662 3135 2731 inquisitione
3165 2675 3293 2725 opus
3323 2667 3418 2726 est,
3445 2655 3538 2711 sed

1951 2771 2112 2826 neque
2138 2756 2273 2825 quod
2319 2756 2496 2820 nescit,
2525 2755 2581 2808 id
2610 2756 2896 2825 investigat.
2933 2752 3057 2807 Non
3100 2752 3231 2806 enim
3253 2752 3387 2805 novit
3418 2748 3541 2818 quid

1953 2858 2169 2919 quierat.
2204 2848 2376 2912 Quare
2407 2849 2612 2901 tandem
2649 2848 2842 2919 colligit
2865 2889 2880 2914 ,
2909 2846 3039 2901 nihil
3072 2843 3416 2914 investigando
3450 2856 3542 2894 nos

1955 2943 2148 2997 discere
2176 2959 2341 3012 posse,
2388 2943 2489 2997 nisi
2517 2958 2630 3013 qua:
2677 2952 2826 2997 antea
2864 2942 3123 3010 scibimus,
3163 2940 3315 2996 etiam
3365 2936 3543 2990 eodem

1955 3037 2128 3092 modo.

2035 3129 2261 3184 Mentem
2287 3128 2466 3202 altam]
2495 3128 2756 3185 Divinam.

1956 3219 1965 3228 ’
2039 3222 2300 3297 Ccrneret]
2321 3223 2802 3294 Contemplaretur.

2037 3316 2329 3386 Summam]
2355 3315 2718 3372 Universalem
2751 3314 3188 3386 propositionem.

2035 3406 2276 3480 Singula]
2303 3407 2622 3478 Singularia.

2038 3508 2238 3564 Neutra
2267 3518 2339 3564 est
2373 3509 2570 3582 habitu]
2603 3509 2818 3566 Boetius
2864 3524 2987 3566 eum
3019 3510 3187 3580 magis
3215 3505 3286 3564 sit
3316 3506 3549 3562 Platoni-

1963 3615 2060 3659 cus
2083 3618 2242 3673 quam
2273 3602 2671 3671 Aristotelicus,
2717 3602 2950 3658 medium
3005 3611 3182 3672 tamen
3236 3616 3295 3656 se
3349 3599 3551 3670 praebet

1967 3695 2106 3751 inter
2137 3705 2422 3763 utrumque
2472 3694 2871 3764 phil050phum,
2900 3701 2955 3748 et
2984 3708 3170 3748 eorum
3201 3691 3549 3747 concordiam

1967 3802 2027 3843 se
2055 3788 2370 3841 traditurum
2394 3786 2680 3857 aliquando
2703 3786 2972 3856 pollicitus
3000 3794 3083 3842 est
3109 3803 3122 3838 :
3152 3783 3294 3855 quod
3320 3799 3388 3838 an
3418 3796 3554 3853 prae~

1969 3879 2167 3935 stiterit
2195 3879 2335 3935 Deus
2362 3880 2527 3935 novit.
2562 3879 2868 3934 Aristotelis
2897 3877 3162 3933 sententia
3186 3884 3288 3942 est,
3319 3873 3450 3930 nihil
3479 3871 3556 3928 iu-

1970 3971 2240 4027 commodi
2285 3970 2553 4038 accidere,
2601 3970 2781 4040 aliquo
2833 3969 2994 4025 modo
3046 3968 3206 4035 scire,
3245 3965 3386 4037 quod
3436 3963 3558 4035 quia

1973 4065 2152 4132 discit,
2187 4075 2241 4120 et
2277 4064 2458 4136 aliquo
2498 4063 2660 4119 modo
2697 4064 2965 4135 ignorare.
3012 4061 3143 4118 Nam
3176 4057 3304 4117 nihil
3337 4055 3559 4116 absurdi

1973 4167 2074 4221 est,
2119 4157 2164 4210 si
2193 4156 2293 4211 scit
2323 4156 2739 4226 quodammodo,
2773 4166 2829 4211 ut
2874 4156 2926 4211 in
2957 4153 3267 4220 universali,
3295 4152 3437 4224 quod
3468 4165 3560 4222 pes

1975 4248 2251 4304 culiariter
2279 4258 2332 4304 et
2358 4248 2567 4318 proprie
2602 4247 2775 4303 discit.
2805 4247 2910 4304 Sed
2941 4247 2984 4300 si
3016 4245 3118 4302 hoc
3143 4244 3324 4311 modo,
3349 4249 3407 4298 ut
3431 4256 3560 4312 qua.

1977 4348 2132 4395 tenus
2161 4340 2338 4407 discit,
2377 4341 2455 4394 sic
2479 4349 2532 4394 et
2556 4339 2677 4403 scit,
2709 4338 3091 4394 inconveniens
3122 4344 3224 4392 est.
3261 4334 3375 4391 Scit
3403 4334 3562 4402 igitur

1977 4435 2033 4488 in
2055 4434 2344 4489 universali
2374 4433 2514 4503 quod
2544 4434 2749 4502 ignorat
2782 4431 2833 4485 in
2864 4429 3197 4500 particulari,
3250 4437 3304 4484 et
3332 4425 3489 4485 discit
3509 4425 3563 4486 iu

1978 4527 2284 4598 particulari
2313 4525 2453 4596 quod
2483 4526 2582 4580 scit
2613 4526 2664 4580 in
2695 4523 2982 4580 universali

2054 4619 2305 4691 Consulit]
2339 4620 2393 4674 In
2418 4620 2702 4675 consilium
2724 4617 2959 4674 adhibet.

2056 4708 2191 4781 Alte]
2224 4709 2279 4765 in
2302 4710 2480 4765 divina
2503 4720 2702 4766 mente.

2064 4797 2209 4870 Visa]
2236 4800 2540 4870 Perspecta.

2063 4894 2383 4970 Relractans]
2416 4894 2802 4952 Reminiscens.

2066 4983 2287 5056 Oblitus]
2310 4985 2581 5042 Oblivioni
2607 4987 2849 5041 traditas.
2873 4983 3254 5042 Passivedixit.
3276 4984 3365 5039 Sic
3385 4977 3564 5037 claro:

2172 5076 2311 5127 Nune
2332 5077 2481 5128 oblita
2506 5076 2624 5127 mihi
2641 5082 2714 5128 tot
2736 5078 2964 5129 carmina.

2060 5157 2262 5214 Addere
2283 5156 2475 5232 partes]
2498 5159 2737 5217 Adonius
2761 5175 2970 5228 versus,
3011 5158 3221 5218 caeteris
3241 5173 3295 5215 tu
3315 5156 3570 5214 carminis

1989 5255 2097 5311 fine
2121 5254 2419 5324 subjectus.

2524 5345 2590 5401 IN
2640 5339 2913 5401 PROSAM
2955 5343 3040 5400 IV.

2068 5441 2235 5497 Diluit
2256 5454 2319 5495 ea
2350 5437 2694 5509 Philosophia
2722 5446 2841 5509 quae
2868 5436 3156 5493 Severinus
3179 5432 3574 5493 haesitabundus

1994 5534 2223 5605 objecit,
2264 5542 2319 5589 et
2375 5531 2680 5601 singulatim
2737 5530 3096 5600 objectionutn
3141 5527 3310 5584 nodos
3359 5527 3576 5602 enodat,

1995 5627 2288 5685 ostendens
2318 5625 2410 5680 Dei
2436 5623 2829 5695 praescientiam
2859 5631 2915 5678 et
2942 5619 3161 5676 humani
3187 5619 3398 5676 arbitrii
3421 5619 3576 5674 liber.

1998 5730 2162 5777 tatem
2184 5719 2342 5775 simul
2360 5720 2675 5774 consistere.
2705 5717 2865 5772 Divus
2887 5714 3244 5785 Hieronymus
3267 5713 3321 5769 in
3344 5712 3578 5769 Jovinia.

2001 5829 2129 5871 num
2157 5813 2334 5886 capite
2379 5811 2654 5884 trigesimo
2705 5809 2946 5870 secundo
2983 5826 2994 5864 :
3029 5807 3198 5866 Liberi
3246 5811 3445 5865 arbitrii
3494 5826 3582 5870 nos

3207 5925 3285 5988 32-
