4022 6366
411 362 417 369 ’
485 366 639 422 31007

1114 348 1455 407 APPENDIX
1498 347 1588 404 AD
1625 340 1870 409 LIBROS
1908 342 1996 400 DE
2035 336 2559 399 GONSOLATIONE
2600 330 3102 392 PHILOSOPHI‘E.

3618 324 3753 384 1068

480 478 702 537 condidit
734 477 889 544 Deus,
914 492 1005 530 nec
1030 474 1098 527 ad
1118 474 1345 537 virtutes,
1373 488 1462 526 nec
1502 471 1571 525 ad
1612 469 1733 523 uitia
1769 468 2064 521 necessitate
2092 464 2149 528 Α
2170 460 2443 515 Boetianaa
2482 454 2803 513 dubitationi
2825 467 2885 509 se
2911 448 3162 520 accingit,
3191 462 3309 520 qum
3339 456 3443 514 est,
3475 460 3543 501 an
3573 446 3646 501 de
3673 444 3758 500 in-

480 571 755 631 trahirnur.
789 568 1028 636 Alioquin
1076 565 1159 619 ubi
1195 564 1465 619 necessitas
1501 570 1603 627 est,
1652 576 1742 613 nec
1782 558 2062 622 damnatio,

478 680 571 717 nec
598 678 785 716 corona
817 670 911 720 est.
961 658 1107 716 Sicut
1164 658 1218 712 in
1260 656 1403 715 bonis
1439 654 1670 726 aperibus
1702 652 1951 722 perfector
1992 658 2068 704 est

478 751 617 809 Deus
646 752 772 825 (non
796 761 867 805 est
898 751 1031 804 enim
1052 749 1283 812 volentis,
1318 761 1479 815 neque
1504 744 1775 809 currentis,
1796 742 1884 797 sed
1911 741 2064 795 mise-

477 855 636 907 ltentts
657 856 703 899 et
731 843 1023 914 adjuvantis
1049 841 1141 897 Dei
1164 840 1338 913 [Rom.
1375 837 1450 910 lx]
1482 839 1499 908 )
1526 848 1579 892 ut
1610 836 1868 907 peruenire
1898 836 2070 889 valea-

480 918 585 987 mf
645 936 714 989 ad
755 937 963 1000 calcem,
1005 935 1077 987 sic
1124 934 1179 986 in
1226 933 1372 986 malis
1426 942 1575 1002 atque
1610 931 1830 1001 peccatis
1874 930 2077 983 semina

480 1040 655 1081 nostra
680 1040 797 1083 sunt
828 1029 1099 1093 incentiva,
1150 1038 1196 1080 et
1219 1026 1465 1097 perfectjo
1491 1024 1701 1089 diaboli,
1731 1040 1847 1078 cum
1890 1022 2071 1078 uiderit

481 1136 575 1172 nos
634 1134 785 1187 super
842 1118 1232 1189 fundamentum
1296 1115 1484 1169 Christi
1547 1102 1803 1184 tedii/icore
1861 1118 2068 1185 fenum,

483 1211 643 1280 ligna,
666 1211 907 1281 stipulam
932 1208 999 1281 (I
1029 1209 1261 1265 Corinth.
1300 1208 1424 1278 ιιι),
1464 1217 1584 1263 tunc
1606 1207 1852 1276 supponit
1900 1207 2074 1261 incen-

485 1304 646 1357 dium.

560 1394 710 1460 Quod
725 1404 796 1447 na
807 1391 1028 1464 demum]
1042 1393 1193 1461 Quod
1209 1392 1425 1448 Boetius
1445 1356 1667 1446 liberum
1685 1390 1964 1447 arbitrium
1979 1403 2079 1459 per

488 1484 885 1539 Providentiam
904 1483 1059 1538 nobis
1074 1480 1269 1538 auferri
1292 1483 1682 1553 suspicabatur,
1706 1480 1973 1551 ejusmodi
1993 1497 2078 1536 ra-
2106 1510 2116 1522 -

489 1581 633 1636 tione
662 1581 901 1652 colligit:
935 1580 1202 1650 Quidquid
1231 1588 1317 1635 est
1346 1582 1602 1644 futurum,
1636 1588 1729 1633 aut
1769 1578 2079 1631 necessario

489 1682 575 1729 est
603 1672 855 1734 futurum.
878 1683 969 1727 aut
990 1673 1384 1741 contingenter.
1412 1673 1469 1729 Si
1493 1673 1823 1738 necessario,
1850 1670 1988 1741 perit
2015 1670 2080 1725 li-

489 1768 669 1821 bertas
695 1767 921 1820 arbitrii.
956 1766 1011 1823 Si
1033 1760 1427 1835 contingenter,
1452 1766 1543 1835 qui
1587 1772 1764 1835 potest
1788 1778 1909 1820 esse
1942 1779 2081 1833 prae-

2170 555 2331 610 certis
2361 552 2466 607 ulla
2498 551 2665 621 possit
2684 563 2804 606 esse
2827 544 3188 619 prtescientia,
3210 558 3332 600 cum
3373 542 3597 598 scientia
3623 539 3757 596 nihil

2172 645 2271 701 nisi
2304 653 2509 700 certum
2533 640 3043 712 comprehendatur.
3074 636 3302 691 Proinde
3340 636 3387 690 si
3427 637 3632 690 incerta
3666 649 3760 703 pro

2170 738 2333 794 certis
2361 736 2784 805 przevideantur,
2820 732 2871 787 id
2905 746 3008 787 non
3041 744 3162 785 esse
3213 728 3635 799 praescientiam,
3669 724 3762 781 sed

2172 828 2441 899 opinionis
2468 826 2751 893 caliginem
2806 832 2972 893 putat.
3007 821 3226 877 Diluens
3258 808 3435 875 autem
3468 820 3585 874 haec
3614 818 3763 885 obice

2173 930 2277 987 cta,
2311 919 2651 989 Philosophia
2678 917 2807 971 dicit
2829 915 2982 986 hujus
3010 915 3212 970 erroris
3233 928 3447 968 causam
3471 926 3596 967 esse
3622 910 3764 981 quod

2175 1014 2459 1084 opinamur
2506 1012 2687 1066 omnia
2718 1024 2839 1079 qum
2881 1012 3301 1079 cognbscuntur,
3332 1012 3521 1074 suapte
3548 1014 3760 1066 natura,

2176 1120 2283 1161 non
2323 1105 2373 1159 vi
2433 1114 2523 1158 aut
2554 1103 2805 1158 facultate
2833 1099 3298 1170 cognoscentium,
3348 1095 3764 1166 comprehendi,

2177 1197 2317 1266 quod
2352 1196 2547 1249 falsum
2579 1203 2682 1249 est.
2731 1191 2789 1247 Si
2817 1191 2961 1247 enim
3006 1191 3243 1261 cognitio
3280 1190 3356 1244 rei
3394 1188 3615 1258 quidem
3653 1202 3769 1256 quae

2178 1288 2543 1359 cognoscitur,
2572 1304 2681 1343 non
2713 1280 2891 1341 autem
2922 1282 3299 1355 cognoscentis
3339 1283 3657 1339 facultatem
3690 1296 3767 1335 se-

2179 1392 2455 1453 queretur,
2472 1395 2559 1436 res
2580 1382 2648 1435 ab
2668 1379 2919 1435 omnibus
2945 1393 3051 1433 uno
3072 1376 3375 1447 eodemque
3395 1375 3562 1430 modo
3575 1388 3765 1442 cogno~

2179 1486 2481 1541 scerentur,
2505 1489 2679 1545 neque
2703 1473 2842 1529 foret
2861 1472 3057 1527 divina:
3084 1472 3442 1539 humanaeque
3472 1467 3769 1536 intelligen.

2183 1570 2270 1622 tia:
2300 1568 2590 1623 discrimen
2619 1568 2810 1635 ullum,
2858 1564 3176 1637 quodquam
3204 1564 3273 1619 sit
3299 1563 3492 1618 falsum
3519 1562 3643 1631 quis
3668 1576 3768 1625 non

2181 1660 2365 1715 videt?

2256 1752 2378 1827 Ille]
2411 1752 2591 1809 Visus.

490 1856 1951 1927 scientia,cumdecontingentibnsnonsitscientia,sed
1967 1870 2079 1910 ma-
2107 1849 2155 1913 Β
2253 1844 2505 1919 Eminus]
2537 1848 2579 1901 Ε
2610 1847 2921 1931 longinquo.

491 1950 570 2018 gis
617 1950 959 2018 conjectura?
1007 1950 1248 2007 Primum
1302 1950 1461 2020 igitur
1503 1949 1689 2019 incipit
1732 1947 2079 2017 Philosophia

491 2042 774 2097 ostendere
795 2043 1181 2109 praiscientiam
1202 2042 1393 2096 futuris
1407 2042 1568 2096 rebus
1585 2041 1957 2096 necessitatem
1972 2054 2079 2094 non

493 2135 791 2202 imponere,
814 2132 1012 2189 deinde
1035 2136 1225 2205 probat
1241 2133 1309 2189 de
1333 2133 1769 2203 contingentibus
1793 2143 1846 2189 et
1862 2133 2084 2189 incertis

494 2234 693 2283 certam
726 2228 863 2294 apud
894 2226 1057 2280 Deum
1077 2241 1198 2281 esse
1220 2241 1375 2295 posse
1407 2224 1816 2295 prmscientiam.

512 2356 515 2357 ν
571 2320 757 2385 Quaero
783 2317 1077 2391 enimliloc
1112 2321 1227 2374 loco
1278 2319 1622 2387 PhilOSOpbia
1678 2328 1857 2375 tuetur
1902 2318 2086 2390 aliquo

494 2408 656 2475 modo
678 2413 942 2468 rationem
972 2428 1091 2468 eam
1121 2428 1285 2483 quam
1315 2427 1476 2483 supra
1504 2412 1721 2469 Boetius
1748 2413 1970 2467 omnino
1992 2414 2088 2467 im-
2118 2405 2135 2418 ’

496 2502 764 2574 probavit,
791 2519 893 2559 non
921 2520 988 2559 eo
1013 2507 1185 2560 futura
1207 2506 1423 2562 evenire
1452 2504 1595 2575 quod
1625 2504 1767 2560 Deus
1796 2521 1857 2561 ea
1890 2506 2087 2576 praevi-

496 2596 593 2659 dit,
628 2596 719 2650 sed
735 2596 857 2666 quia
886 2595 1061 2651 futura
1083 2606 1228 2663 sunt,
1258 2597 1426 2653 Deum
1447 2596 1780 2667 prmvidisse.
1805 2597 1932 2653 Haec
1953 2598 2090 2652 ratio

501 2685 635 2739 bona
660 2697 742 2740 e~t
774 2688 823 2741 in
856 2704 920 2741 eo
951 2689 1091 2759 quod
1136 2690 1361 2745 liberum
1402 2688 1684 2744 arbitrium
1715 2704 1743 2742 a
1770 2690 2091 2745 necessitate

496 2778 749 2845 vindicat;
785 2797 969 2837 verum
994 2782 1045 2839 in
1074 2783 1175 2838 hoc
1204 2783 1356 2851 falsa,
1378 2783 1518 2853 quod
1545 2784 1720 2838 lutura
1737 2783 2091 2853 praescientias

498 2886 713 2926 causam
743 2874 909 2942 ponit.

574 2962 701 3028 Qum
726 2967 846 3034 quia
873 2964 1278 3038 prazscientiam]
1309 2967 1511 3032 Sensus
1540 2978 1655 3035 est,
1689 2969 1885 3037 Quem
1914 2984 1980 3025 ex
2018 2980 2091 3036 te,

498 3058 777 3124 Severine,
807 3076 903 3114 cur
928 3061 1069 3114 illam
1097 3062 1419 3117 solventium
1434 3064 1697 3120 rationem
1720 3065 1896 3118 minus
1912 3062 2097 3119 efﬁca-

500 3168 616 3207 cem
653 3166 836 3222 putes,
864 3169 931 3207 an
966 3154 1084 3209 ideo
1113 3156 1256 3224 quod
1289 3159 1683 3226 praascientiam
1716 3158 1908 3214 futuris
1935 3157 2095 3213 rebus

2256 1939 2442 2013 lactis]
2463 1942 2706 1997 Emissis.
2729 1941 2840 1998 Hoc
2869 1942 2884 1996 l
2911 1954 2989 1997 zco
3007 1938 3243 1997 Platonis
3266 1938 3582 2010 opinionem
3601 1936 3770 2011 δεςυί-

2187 2046 2293 2102 tur,
2316 2035 2401 2090 cui
2430 2035 2687 2090 reclamat
2734 2034 3051 2091 Aristoteles
3077 2058 3090 2087 ε
3119 2047 3277 2097 quem
3312 2029 3773 2103 impudentissima

2187 2128 2629 2199 theologistarum
2670 2128 2821 2182 turba
2866 2137 3052 2183 contra
3083 2137 3326 2181 veterum
3358 2123 3777 2191 eorumdemque

2186 2221 2619 2277 doctissimorum
2663 2210 3029 2293 theologorum
3072 2219 3391 2275 sententiam
3438 2218 3573 2272 nihil
3619 2218 3778 2271 verita

2188 2325 2272 2372 est
2301 2315 2352 2373 in
2377 2315 2573 2371 coelum
2607 2316 2868 2385 recipere.
2898 2314 3005 2370 Sed
3028 2328 3190 2384 supra
3222 2313 3326 2368 hoc
3362 2312 3489 2367 afibi
3540 2325 3778 2366 commo-

2189 2408 2334 2493 dius.
2366 2408 2537 2466 Stoici
2566 2422 2758 2463 causas
2788 2422 2908 2464 esse
2934 2407 3147 2463 videndi
3177 2407 3384 2473 dicunt,
3414 2406 3688 2461 radiorum
3718 2418 3780 2459 ea

2193 2492 2364 2553 Oculis
2393 2496 2444 2551 in
2468 2512 2528 2551 ea
2560 2512 2679 2566 quae
2703 2494 2874 2551 videri
2902 2502 3103 2565 queunt
3136 2494 3508 2560 emissionem,
3542 2492 3781 2560 aerisque

2193 2589 2353 2646 simul
2380 2588 2755 2643 intentionem.
2796 2584 3130 2642 Democritus
3146 2594 3198 2640 et
3220 2585 3479 2655 Epicurus
3500 2584 3782 2654 opinantur

2195 2686 2289 2754 'per
2302 2683 2592 2751 imaginum
2610 2684 2841 2736 insertus
2852 2680 3109 2735 visualem
3125 2677 3417 2748 potentiam
3430 2677 3693 2740 accidere,
3713 2690 3783 2730 ra.

2195 2775 2419 2847 diosque
2448 2774 2708 2845 quosdam
2729 2774 2797 2831 ab
2824 2773 2996 2829 oculis
3015 2781 3250 2837 exertos,
3280 2770 3437 2826 simul
3472 2779 3636 2840 atque
3662 2768 3785 2823 sub-

2193 2868 2350 2938 jecta:
2380 2870 2457 2923 rei
2488 2865 2803 2931 institerint,
2824 2879 3008 2920 rursus
3028 2864 3082 2918 in
3104 2863 3319 2919 eosdem
3362 2861 3541 2917 redire
3568 2860 3786 2914 inserta-

2198 2961 2368 3032 rique.
2399 2962 2717 3017 Aristoteles
2742 2959 3057 3014 acutissimo
3080 2957 3160 3011 vir
3186 2955 3426 3027 ingenio,
3449 2954 3546 3010 sed
3573 2953 3789 3009 Platone

2200 3052 2443 3121 inferior,
2472 3052 2747 3107 existimat
2792 3050 3056 3123 visionem
3081 3046 3198 3102 ﬁeri
3221 3046 3298 3103 rei
3342 3045 3563 3102 visibilis
3584 3044 3788 3115 specie-

2200 3161 2317 3200 rum
2351 3146 2489 3199 intra
2538 3145 2724 3199 oculos
2773 3144 3014 3212 reiceptu.
3070 3138 3427 3209 Empedocles
3477 3136 3789 3202 imaginibus

500 3261 718 3301 causam
759 3248 1093 3301 necessitatis
1129 3262 1395 3305 essenon
1437 3251 1715 3306 existimes
1747 3265 1972 3306 :verum
1997 3259 2093 3319 age

2203 3237 2381 3293 radios
2397 3235 2711 3300 immiscuit,
2733 3233 2892 3305 idque
2904 3232 3229 3303 coniunctim
3246 3228 3493 3299 imaginis
3513 3226 3695 3282 radios
3706 3239 3791 3278 vo-

503 3336 665 3418 modo
696 3339 739 3390 si
779 3338 1085 3392 necessario
1123 3353 1210 3393 res
1251 3338 1453 3396 futuras
1488 3344 1689 3407 sentis,
1738 3343 1880 3397 unde
1930 3340 2099 3396 trahis

503 3422 661 3481 Istius
692 3432 1277 3495 causamnecessitatis,
1304 3433 1406 3487 nisi
1425 3448 1491 3487 ex
1522 3432 1899 3503 prmscientia?
1920 3432 1974 3488 Si
1999 3433 2100 3501 igi-

505 3529 594 3597 tur
632 3518 728 3572 tibi
767 3519 1207 3575 demonstrawro
1249 3524 1386 3577 hanc
1431 3525 1825 3593 praenotionem
1866 3523 2101 3579 divinam

503 3606 611 3665 non
664 3610 942 3678 imponec
995 3610 1187 3667 futuris
1240 3618 1650 3683 necessitatem,
1695 3617 1839 3688 quod
1886 3626 1941 3673 et
1990 3627 2102 3676 tute

505 3703 666 3773 paulo
693 3713 818 3758 ante
851 3703 1125 3770 fatebaris,
1162 3705 1294 3760 nihil
1316 3708 1417 3761 erit
1438 3724 1544 3780 quo
1571 3708 1800 3766 liberum
1821 3709 2102 3766 arbitrium

508 3796 762 3866 impediri
785 3806 960 3867 putes.
1701 3857 1704 3860 .
2102 3860 2105 3863 γ

582 3887 846 3953 Quantum
874 3892 942 3944 ad
964 3890 1059 3944 hoc
1085 3888 1287 3965 attinet]
1317 3891 1373 3948 Id
1406 3903 1489 3951 est
1525 3893 1593 3950 ad
1636 3896 1774 3953 hanc
1799 3898 2103 3955 conclusio~

507 3980 654 4051 nem,
675 4000 793 4055 quae
806 3984 880 4039 ait
904 3987 1295 4056 prmscienliam
1309 4002 1429 4045 esse
1453 3990 1785 4048 necessitatis
1800 3990 2102 4050 futurorum

509 4090 748 4130 causam.

581 4168 687 4223 Sed
716 4170 1056 4240 prwscientia,
1080 4170 1301 4248 inquies]
1327 4173 1821 4246 Tacitaequaasltoni
1843 4177 2099 4234 occurrit.

500 4256 571 4315 Si
597 4257 733 4314 forte
764 4260 1056 4330 Severinus
1078 4262 1372 4333 objecisset
1413 4266 1553 4320 hunc
1586 4267 1637 4321 in
1681 4268 1897 4323 modum
1927 4286 1939 4320 :
1973 4268 2103 4323 Esto

510 4360 565 4405 ut
595 4352 736 4404 nulla
760 4352 831 4406 sit
858 4354 1043 4406 tuturis
1071 4370 1134 4409 ev
1180 4356 1523 4424 pra-scientia
1568 4359 1881 4427 necessitas,
1914 4368 1997 4414 est
2025 4366 2105 4413 ta-

511 4460 634 4499 men
664 4448 874 4515 signum
908 4462 970 4501 ea
1003 4448 1307 4502 necessario
1348 4463 1473 4505 esse
1526 4451 1727 4505 l'utura.
1757 4450 1893 4506 Huic
1923 4451 2104 4506 Philo-

512 4538 699 4606 sophia
740 4539 819 4593 sic
860 4541 1167 4609 respondet.
1215 4540 1334 4596 Pari
1387 4544 1597 4599 ratione
1640 4546 1805 4600 etiam
1857 4546 1900 4600 si
1959 4546 2103 4599 nulla

2206 3331 2373 3405 cavit.
2403 3327 2744 3399 Hipparchus
2767 3330 3011 3385 autumat
3036 3324 3105 3379 ab
3128 3332 3354 3392 utroque
3382 3319 3539 3375 oculo
3570 3318 3639 3373 ad
3678 3331 3793 3371 cor.

2208 3436 2397 3493 porum
2439 3422 2767 3477 lineamenta
2797 3424 3167 3488 exporrectos,
3222 3411 3445 3483 perinde
3484 3420 3649 3481 atque
3692 3424 3789 3463 ma.

2208 3530 2371 3571 nuum
2412 3513 2631 3569 admotu
2658 3524 2885 3580 corpora
2914 3523 3123 3565 summa
3175 3511 3565 3576 pertrectante,
3610 3515 3789 3569 appre-

2207 3607 2524 3664 heusionem
2551 3618 2739 3662 eorum
2766 3602 2834 3658 ad
2863 3600 3121 3657 visualem
3144 3600 3248 3654 vim
3278 3597 3499 3653 reb-rre.
3539 3594 3686 3649 Plato
3710 3607 3790 3661 pet

2206 3700 2625 3761 corradiantiam
2641 3698 2819 3754 visum
2848 3696 2963 3751 ﬁeri
2991 3693 3286 3759 existimat,
3318 3689 3522 3744 lumine
3550 3687 3621 3742 ab
3640 3685 3797 3740 oculis

2206 3795 2422 3867 quidem
2444 3800 2632 3849 exerto
2648 3790 2717 3847 ad
2740 3790 3071 3860 aliquantum
3102 3782 3365 3840 intervalli
3396 3797 3493 3850 per
3516 3788 3799 3849 cognatum

2205 3888 2310 3944 sibi
2337 3901 2518 3943 aerem
2549 3884 2822 3950 emuente,
2855 3897 2883 3936 a
2906 3878 3223 3949 corporibus
3253 3890 3383 3931 vero
3414 3874 3569 3929 illato
3620 3887 3799 3926 occur-

2206 3988 2365 4035 sante
2387 3978 2486 4039 illi.
2505 3990 2797 4045 acremque
2818 3971 3196 4030 intermedium
3209 3968 3460 4024 diﬂusum
3477 3966 3800 4033 amotumque

2206 4070 2420 4127 facilem
2443 4084 2565 4124 cum
2582 4067 2774 4122 visuali
2798 4066 2919 4135 igne
2941 4061 3275 4120 intendente.
3299 4059 3425 4114 llaec
3444 4056 3587 4112 enim
3612 4054 3801 4110 dcitur

2208 4161 2566 4218 corradiantia
2600 4157 2893 4219 Platonica.

2284 4253 2404 4327 llic]
2427 4255 2643 4309 Tactus.

2264 4347 2433 4419 Urbi]
2462 4346 2687 4416 Corpori
2718 4343 2968 4400 rotundo.

2287 4435 2653 4509 Intelligentt'a]
2687 4436 2994 4490 intellectus
3043 4433 3394 4500 incorporeus
3440 4436 3499 4483 et
3528 4443 3557 4481 a
3589 4424 3804 4481 materia

2212 4533 2507 4601 sejuncxus.
2540 4529 2818 4595 Exemplis
2840 4524 3077 4581 ostendit
3123 4525 3173 4578 in
3224 4520 3605 4591 cognoscendo
3631 4519 3805 4572 omnia

514 4631 647 4683 foret
678 4631 960 4697 prmnmio,
988 4630 1326 4688 necessarius
1358 4633 1519 4689 futuri
1555 4646 1827 4690 conslaret
1855 4645 2100 4691 eventus,
2211 4634 2401 4694 suapte
2429 4623 2605 4693 potius
2634 4620 2892 4677 facultate
2920 4633 3081 4690 quam
3104 4630 3289 4672 eorum
3313 4628 3435 4684 qua:
3478 4624 3805 4682 cognoscun-

514 4721 677 4791 anus
702 4724 781 4778 rei
822 4726 957 4779 ratio
986 4723 1099 4779 haec
1128 4737 1230 4781 ρει.
1259 4726 1480 4796 Signum
1513 4744 1618 4782 non
1648 4728 1813 4784 eilicit
1832 4745 1943 4783 rem
1975 4744 2098 4785 eam

515 4813 667 4882 cujus
696 4824 779 4870 est
802 4816 1032 4883 signum,
1056 4819 1146 4870 sed
1181 4828 1385 4872 tantum
1417 4821 1543 4889 quid
1574 4821 1919 4876 sitostendit.
1939 4821 2104 4878 Verbi

515 4910 712 4977 gratia:
735 4908 939 4963 lledera
954 4919 1077 4963 ante
1092 4924 1386 4979 cauponam
1417 4929 1675 4983 suspensa
1699 4914 1886 4969 vinum
1915 4915 2105 4971 venale

517 5001 799 5069 signiﬁcat,
836 5016 943 5053 non
964 4998 1133 5054 efﬁcit
1165 5002 1283 5057 utid
1313 5003 1416 5058 sibi
1447 5005 1635 5059 venale
1664 5006 1945 5060 habeatur.

592 5091 749 5157 Quasi
764 5088 901 5163 vero]
933 5090 1132 5146 Sensus
1158 5102 1259 5158 est,
1278 5094 1393 5149 Non
1416 5094 1723 5152 laboramus
1752 5111 1819 5153 an
1843 5107 2107 5155 eventura

521 5185 625 5237 sint
649 5199 765 5253 quae
791 5185 1165 5252 prtesciuntur,
1211 5185 1305 5242 sed
1335 5201 1400 5241 an
1433 5196 1623 5258 suapte
1657 5200 1846 5246 natura
1893 5200 1951 5249 ut
1976 5206 2108 5249 eve-

521 5275 668 5328 niant
690 5277 1022 5331 necessitatis
1043 5277 1240 5348 aliquid
1262 5279 1548 5348 patiantur.
2096 5342 2099 5345 ν

591 5366 695 5422 Sed
725 5370 841 5436 hoc,
865 5368 1083 5443 inquies]
1102 5371 1272 5425 Solvit
1293 5387 1413 5426 eam
1440 5372 1827 5429 dubitationem
1860 5373 2111 5430 Philoso-

518 5460 641 5528 phia
671 5476 827 5527 quam
866 5461 1159 5518 Severinus
1196 5478 1357 5533 supra
1390 5462 1476 5518 his
1510 5465 1685 5519 verbis
1716 5468 2016 5534 proposuit.
2048 5466 2109 5523 Si

519 5548 642 5621 quid
689 5553 757 5606 ita
798 5552 1033 5608 futurum
1071 5564 1181 5622 est,
1214 5565 1270 5611 ut
1315 5554 1431 5626 ejus
1469 5564 1650 5611 certus
1678 5570 1742 5612 ac
1773 5559 2110 5623 necessarius

521 5656 626 5731 non
658 5648 985 5717 siteventus,
1021 5648 1073 5704 id
1095 5659 1411 5707 eventurum
1442 5664 1565 5707 esse
1591 5651 1828 5721 prazsciri
1850 5653 1938 5723 qui
1953 5662 2110 5724 pote-

524 5740 623 5794 rit?

532 5903 545 5925 ,δ
595 5829 753 5902 Cujus
769 5835 952 5889 erroris
973 5832 1150 5909 causa]
1161 5833 1310 5891 Nunc
1325 5833 1669 5917 Philosophia
1679 5835 1929 5923 tollendae
1945 5837 2105 5907 alteri

2213 4731 2302 4778 tur
2323 4721 2419 4777 uti.

2762 4844 2825 4906 IN
2858 4847 3151 4906 METRUM
3192 4845 3248 4902 V.

2289 4997 2401 5054 Hoc
2426 4993 2665 5051 carmine
2713 4991 3004 5063 Glyconico
3050 4989 3260 5046 Stoicos
3308 4985 3509 5041 erroris
3530 4985 3637 5053 jam
3678 4980 3806 5039 dicti

2215 5092 2593 5155 seminatores,
2615 5097 2739 5161 puta
2761 5084 2904 5155 quod
2935 5098 3020 5140 res
3043 5098 3108 5138 ex
3121 5094 3216 5136 sua
3235 5078 3409 5148 potius
3435 5086 3624 5132 natura
3648 5085 3805 5144 quam

2216 5180 2653 5251 cognoscentium
2701 5178 2953 5237 facultate
3000 5170 3563 5242 comprehendantur,
3610 5163 3805 5218 acriter

2217 5276 2443 5333 incessit
2463 5271 2831 5342 Philosophia,
2858 5281 3155 5336 eorumque
3188 5263 3493 5335 opinionem
3545 5257 3802 5312 eontutat.

2210 5370 2449 5427 ,Aiebant
2469 5368 2506 5423 ii
2519 5366 2880 5438 cognitionem
2897 5362 3072 5418 solum
3089 5359 3158 5414 ab
3175 5358 3501 5415 exteriorum
3521 5356 3804 5418 corporum

2219 5463 2661 5523 similitudinibus
2688 5461 2869 5516 animo
2883 5457 3157 5527 impressis
3171 5451 3371 5525 perﬁci.
3387 5447 3539 5516 Quod
3554 5447 3601 5501 si
3625 5454 3805 5499 verum

2212 5561 2383 5626 taret,
2414 5572 2566 5614 mens
2596 5564 2871 5627 pateretur
2894 5552 2960 5607 ab
2981 5548 3217 5607 externis
3245 5544 3425 5607 rebus,
3456 5539 3554 5596 sed
3578 5539 3631 5592 in
3674 5548 3807 5627 eon-

2216 5624 2375 5710 fesso
2387 5660 2472 5709 est
2494 5624 2636 5720 apud
2663 5662 2853 5704 omnes
2882 5645 2974 5717 qui
2996 5652 3143 5699 recte
3159 5634 3621 5709 νιῆιοερριιιυιιπυ
3645 5624 3809 5682 me“

2172 5822 2178 5828 _
2219 5749 2415 5803 lectum
2437 5719 2557 5801 esse
2576 5745 2833 5809 activum,
2885 5747 3249 5807 mentemque,
3281 5726 3498 5801 quando
3532 5719 3787 5787 intelligit

2155 5852 2397 5928 “agere,
2440 5854 2542 5893 non
2574 5837 2705 5905 pali.
