4022 6366
266 393 406 453 1009
1437 331 1811 438 nuntiem."
1843 365 2364 431 COMMENTARIA.
3383 348 3520 413 toto

339 501 599 572 Particus]
613 501 821 558 Stoicos
836 496 1121 572 signiticat,
1139 494 1206 552 de
1227 493 1418 567 quibus
1442 495 1493 549 in
1510 494 1681 565 primo
1697 505 1842 547 com-
1867 490 1923 552 Α
1947 486 2028 541 vel
2053 483 2325 554 spondeis,
2352 480 2433 536 vel
2460 480 2696 546 alternis,
2718 485 2773 536 et
2800 486 2991 550 quarto
3019 478 3157 572 pede
3196 486 3403 572 tantum
3424 477 3528 538 ds-

268 592 531 658 meumio‘
556 570 807 652 diximus.
894 570 903 572 ἡ
1948 579 2093 649 ctylo
2122 588 2323 647 partem
2376 575 2634 629 orationis
2672 572 2926 643 finiente,
2965 570 3159 637 deinde
3204 570 3379 627 tribus
3418 580 3530 628 tro-

343 686 618 762 Obscuros]
646 686 723 742 Ex
755 698 982 755 quorum
1027 681 1207 738 verbis
1231 678 1515 752 implicatis
1556 679 1644 733 vix
1675 679 1850 747 potest
1949 670 2133 725 chaeis.
2166 668 2231 723 Et
2281 665 2627 736 Philosophia
2676 665 2921 720 humanae
2974 674 3175 729 natura:
3212 664 3528 734 dignitatem

268 784 446 852 colligi
471 756 756 841 sententia.
1540 765 1560 781 ⁸
1953 761 2419 831 praestantiamque
2440 766 2846 827 commemorat,
2870 766 3031 828 atque
3052 756 3321 812 hominem
3337 772 3403 812 ex
3420 756 3534 813 for-

344 848 465 946 ριξι]
493 870 680 928 Stoici,
1955 862 2094 907 tunae
2118 850 2427 906 habitudine
2444 857 2749 918 staturaque
2778 848 2843 903 ad
2860 848 3162 905 caelestium
3181 864 3355 902 rerum
3387 862 3537 907 amo-

344 940 560 1031 S‘enius]
583 958 891 1017 Sensiones.
1954 960 2068 999 rem
2122 942 2737 1013 contemplationemque
2759 942 3059 1007 admoneri,
3082 950 3139 995 ut
3164 940 3255 1010 qui
3297 955 3363 996 ex
3393 942 3539 996 omni

196 1111 205 1117 _
347 1053 391 1109 Ε
419 1051 717 1126 corporibus
738 1046 959 1120 extimis]
984 1046 1062 1102 Ex
1088 1046 1247 1101 rebus
1269 1037 1851 1099 exterioribus.Licen-
1953 1035 2301 1090 animantium
2320 1048 2519 1103 genere
2543 1034 2692 1088 solus
2716 1034 2992 1091 despectat
3010 1032 3255 1098 humum,
3282 1032 3540 1103 vultuque

248 1157 355 1213 _ter
378 1156 554 1200 autem
580 1136 850 1213 produxit,
873 1156 993 1211 quae.
1022 1134 1357 1207 corripienda
1384 1142 1484 1187 est.
1515 1130 1617 1187 Sed
1646 1129 1856 1183 videtur
1920 1150 1923 1153 ν
1956 1127 2171 1183 sublato
2196 1128 2387 1181 coelum
2417 1134 2709 1195 snspectet.

277 1249 489 1294 veteres
512 1236 771 1303 imitatus,
796 1234 885 1303 qui
915 1231 1163 1286 dixerunt
1183 1243 1378 1296 corpus
1401 1235 1454 1281 et
1482 1238 1690 1294 corpor,
1720 1221 1857 1275 sicut
2029 1217 2146 1272 Alia
2166 1215 2388 1290 extento]
2412 1217 2478 1273 Ut
2506 1225 2784 1286 serpentes
2806 1225 2859 1271 et
2884 1216 3132 1272 animalia
3153 1216 3379 1286 reptilis.

277 1330 445 1386 decus
466 1337 519 1383 et
549 1327 734 1393 decor,
769 1324 917 1394 algus
951 1331 1004 1378 et
1023 1322 1191 1393 algor,
1225 1318 1391 1389 frigus
1418 1328 1472 1373 et
1500 1315 1685 1386 frigor.
2030 1309 2236 1383 Enatet]
2262 1310 2478 1376 Evolet;
2504 1308 2813 1380 metaphora
2839 1316 2925 1363 est
2950 1308 3247 1363 notissima.

354 1421 444 1497 Ut]
464 1418 950 1490 Quemadmodum.

352 1510 643 1585 Quondam]
670 1508 988 1579 Aliquando.

362 1604 607 1677 £quore]
632 1605 689 1659 ln
710 1602 963 1674 planitie,
994 1598 1297 1673 superficie,
1328 1596 1486 1668 plano
1506 1591 1701 1664 spatio.
1842 1660 1848 1665 η

358 1695 535 1770 Notis]
560 1696 727 1751 Prima
757 1701 1053 1762 contracta,
1100 1691 1152 1746 id
1198 1699 1283 1746 est
1306 1688 1473 1758 signis
1501 1699 1608 1757 qua
1633 1680 1860 1752 corpora

283 1793 618 1847 extrinsecus
645 1787 975 1858 imprimunt.

258 1880 259 1885 “
356 1885 423 1938 In
452 1880 629 1953 vicem]
660 1881 736 1937 Ad
768 1877 1199 1935 similitudinem.

360 1974 540 2046 Notio]
566 1972 827 2042 Cognitio.

363 2070 490 2135 Qua:
516 2044 610 2137 bis]
639 2066 900 2120 Potentia.
926 2062 1212 2119 Sciendum
1237 2059 1335 2115 tria
1353 2071 1473 2113 esse
1492 2068 1689 2126 genera
1720 2044 1873 2107 intel-

292 2161 609 2224 lectionum,
640 2172 865 2229 quorum
884 2157 1110 2226 primum
1127 2153 1320 2208 dicitur
1342 2148 1666 2222 simplicium
1682 2158 1875 2215 appre-

292 2253 483 2308 hensio
514 2270 526 2304 :
560 2252 682 2305 hinc
703 2258 785 2305 est
805 2248 945 2319 quod
972 2248 1066 2315 ait,
1092 2245 1305 2315 Singula
1325 2241 1599 2313 pr05picit,
1649 2238 1749 2291 hoc
1769 2244 1873 2299 est,

292 2346 603 2416 singulatim
627 2352 682 2398 et
706 2342 957 2399 secretim
990 2353 1103 2395 rem
1133 2347 1560 2406 unamquamque
1585 2341 1640 2386 et
1676 2327 1876 2396 simpli-

270 2438 430 2494 ‘citer
476 2436 745 2505 intelligit.
803 2431 1131 2494 Secundum,
1164 2426 1485 2497 compositio
1531 2432 1621 2477 aut
1664 2420 1876 2485 divisio,

298 2529 441 2583 unde
469 2536 552 2583 est
576 2544 589 2581 ε
616 2530 719 2581 Aut
747 2540 867 2597 quae
889 2526 1099 2594 cognita
1125 2519 1348 2575 dividit?
1375 2521 1505 2584 Quae
1525 2514 1689 2569 divisa
1711 2509 1882 2566 recol-

297 2621 449 2690 ligit?
473 2620 730 2679 Tertium.
756 2615 1110 2681 ratiocinatio,
1132 2628 1235 2684 qua
1252 2628 1316 2665 ex
1333 2610 1472 2665 notis
1485 2623 1547 2665 ea
1561 2624 1679 2677 qua:
1700 2607 1881 2676 ignota

298 2722 455 2768 erant
484 2729 495 2762 :
522 2712 872 2779 assequimur.
894 2708 1027 2763 llinc
1051 2706 1180 2761 dicit
1204 2703 1339 2760 Tum
1355 2717 1475 2757 sese
1496 2703 1734 2757 referens
1755 2695 1881 2763 sibi,

305 2804 459 2859 Veris
486 2803 616 2856 falsa
649 2800 937 2870 redarguit.

375 2894 595 2967 Legens]
627 2894 935 2961 Trarisiens,
970 2903 1307 2962 percurrens.

376 2990 641 3043 Auernum
666 2984 783 3058 iter]
811 2985 970 3041 Modo
1010 2980 1353 3040 ascendendo
1380 2978 1447 3034 ab
1491 2973 1779 3033 inlimisad
1806 2989 1890 3028 su-

280 3086 283 3087 ⁷
306 3094 516 3152 prema,
543 3076 701 3133 modo
732 3075 1110 3132 descendendo
1138 3090 1168 3129 a
1198 3073 1421 3128 summis
1440 3070 1507 3124 ad
1534 3072 1656 3123 ima.

378 3168 604 3241 Desidit]
634 3168 807 3225 Media
836 3178 1079 3232 externa,
1114 3166 1163 3221 id
1182 3175 1265 3221 est
1294 3162 1591 3219 descendit.

378 3260 535 3333 Tum]
560 3260 781 3315 Deinde.

385 3350 656 3424 Referens]
686 3353 986 3420 lteducens,
1006 3361 1059 3406 et
1075 3350 1225 3422 quasi
1243 3349 1298 3404 in
1319 3347 1507 3404 orbem
1530 3342 1896 3401 ratiocinando

310 3449 653 3519 recolligens.

389 3538 667 3613 Prazcedit]
696 3540 803 3593 lloc
834 3546 972 3603 loco,
1006 3546 1063 3591 ut
1088 3550 1200 3591 rere
1224 3534 1385 3603 solet,
1414 3532 1692 3587 Platonem
1722 3530 1901 3599 expri-

315 3637 439 3703 mit,
476 3634 565 3705 qui
593 3649 768 3688 rerum
797 3634 1001 3703 species
1021 3630 1087 3685 ab
1108 3629 1263 3683 initio
1288 3628 1482 3681 animas
1513 3625 1699 3680 insitas
1720 3619 1901 3676 existi-

316 3729 507 3795 mavit,
536 3727 629 3781 sed
651 3730 964 3795 contagione
1002 3724 1199 3779 terreni
1230 3720 1473 3788 corporis
1501 3732 1620 3772 eam
1672 3714 1899 3783 sopitam

316 3821 764 3889 degravatumque
814 3832 917 3871 non
948 3830 1127 3885 agere,
1153 3812 1256 3867 nisi
1281 3820 1622 3866 externorum
1649 3816 1902 3859 sensuum

321 3912 573 3986 passione
625 3911 932 3974 excitetur;
987 3908 1271 3962 excitatam
1331 3918 1458 3958 vero
1499 3902 1698 3973 specie,
1744 3912 1903 3968 quam

321 4018 516 4059 sensus
540 4004 772 4057 ex‘terior
795 4003 1082 4071 impressit,
1114 3997 1327 4054 evocari
1354 4014 1368 4064 ;
1398 4004 1453 4052 et
1473 3994 1757 4066 conjuncta
1786 4004 1907 4060 spe-

322 4098 408 4151 cie
440 4097 649 4150 interna
678 4112 797 4151 cuin
827 4109 893 4150 ea
936 4109 1093 4165 quam
1144 4095 1474 4149 extrinsecus
1520 4091 1752 4160 accepit,
1797 4096 1908 4141 tum

323 4191 541 4245 demum
574 4190 891 4261 intelligere.

890 4279 954 4336 IN
977 4280 1254 4336 PROSAM
1287 4280 1350 4336 V.

405 4379 481 4433 Ex
510 4392 574 4431 eo
594 4376 737 4448 quod
764 4389 925 4446 supra
964 4383 1244 4429 tractatum
1267 4382 1369 4441 est,
1395 4372 1753 4443 cognitionem
1805 4383 1911 4426 non

328 4473 406 4527 rei
427 4486 544 4540 qua:
573 4473 808 4523 noscitur
844 4479 1107 4532 naturam,
1155 4466 1248 4523 sed
1278 4467 1648 4537 cognoscentis
1692 4464 1797 4521 vim
1838 4462 1917 4525 fa-

326 4563 689 4632 cultatemque
718 4562 889 4631 sequi,
937 4560 1237 4616 ostenditur
1277 4561 1441 4615 Deum
1472 4558 1660 4614 incerti
1695 4569 1916 4615 eventus

330 4656 511 4709 futura
537 4664 595 4707 ut
616 4663 758 4708 certa
791 4652 1064 4723 prensare,
1090 4657 1297 4708 tametsi
1352 4655 1454 4709 hoc
1503 4653 1734 4708 humana
1776 4655 1913 4709 ratio

334 4750 560 4802 minime
585 4748 871 4818 concipiat.
904 4748 1035 4803 Nam
1074 4748 1119 4801 si
1144 4748 1514 4817 cognoscentis
1544 4761 1789 4801 naturam
1829 4762 1916 4802 se-

314 4841 539 4917 quitur,
571 4842 858 4895 tenendum
908 4851 993 4897 est
1037 4842 1263 4895 diversis
1314 4839 1628 4895 substantiis
1674 4841 1914 4895 diversas

331 4948 458 4989 esse
486 4933 845 5005 cognoscendi
867 4934 1162 5002 facultates,
1184 4948 1406 5003 quarum
1428 4933 1530 4987 alia
1555 4940 1771 5003 praestet
1793 4930 1911 4985 alii:

333 5028 407 5082 ita
432 5037 490 5081 ut
520 5042 638 5095 quae
666 5027 949 5096 perfectior
970 5027 1059 5091 sit,
1113 5024 1392 5081 inferiores
1418 5039 1629 5097 quoque
1659 5024 1712 5077 in
1734 5038 1793 5077 se
1818 5022 1917 5075 ha-

333 5117 484 5183 beat,
510 5117 929 5187 imperfectiores
944 5117 1009 5172 ad
1030 5132 1147 5171 eam
1168 5131 1287 5186 qua:
1304 5116 1642 5187 praestantior
1661 5125 1762 5181 est,
1776 5114 1920 5184 aspi-

333 5224 463 5264 rare
485 5225 590 5264 non
621 5221 835 5279 queant.
864 5209 1045 5278 Neque
1072 5211 1213 5264 enim
1245 5224 1434 5263 sensus
1460 5218 1514 5263 et
1530 5206 1833 5276 imaginatio
1850 5204 1916 5259 ad

334 5301 833 5370 rationisjudiciuin
890 5316 1009 5356 sese
1056 5300 1326 5367 attollunt,
1360 5316 1530 5371 neque
1575 5300 1713 5355 ratio
1743 5308 1918 5369 potest

334 5391 799 5460 comprehendere
810 5391 1002 5447 divina:
1017 5392 1383 5462 intelligentiae
1400 5392 1637 5457 modum,
1653 5394 1743 5463 qui
1763 5382 1928 5462 longe.

334 5492 422 5538 est
443 5480 896 5549 absolutissimus,
926 5491 980 5537 et
1006 5480 1183 5537 futura
1209 5482 1363 5537 nobis
1388 5483 1590 5538 incerta
1618 5482 1919 5538 certissima

334 5574 680 5647 praescientia
705 5576 1098 5646 complectitur.

877 5669 941 5726 IN
980 5667 1271 5725 METRUM
1300 5667 1388 5723 Vl.

411 5764 644 5819 Carmen
696 5772 779 5819 est
826 5763 1221 5818 Archilochium
1271 5761 1598 5831 dactylicum
1666 5772 1919 5818 constans

336 5862 606 5932 dactylico
631 5862 871 5917 bucolico
902 5867 1233 5926 tetrarnetro,
1264 5858 1314 5913 id
1344 5867 1427 5916 est
1451 5859 1623 5916 tribus
1671 5859 1919 5929 dactylis,

1940 4612 1995 4678 D

2030 1400 2419 1474 Transmittere]
2447 1400 2718 1457 Transire.
2752 1399 2973 1455 Veteres
3016 1399 3271 1455 dixerunt
3299 1397 3533 1461 tramitto

1948 1478 2058 1566 λι)το
2086 1493 2407 1549 transmitto.

1946 1650 1949 1653 ἱ
2032 1582 2230 1658 Prona]
2257 1585 2477 1641 Terram
2499 1578 2687 1641 versus
2716 1583 2988 1639 inclinata.
3004 1582 3255 1638 Ovidius:

2085 1678 2343 1741 Pronaque
2365 1690 2483 1741 cum
2496 1682 2721 1741 spectent
2743 1674 2960 1741 animalia
2983 1681 3161 1741 caetera
3184 1679 3382 1737 terram,

2090 1739 2159 1789 Os
2174 1737 2356 1788 homini
2378 1737 2590 1786 sublime
2606 1738 2758 1792 dedit,
2787 1737 3063 1797 caduntque
3084 1737 3252 1797 videre

2086 1802 2257 1860 tussit,
2277 1808 2329 1850 et
2348 1807 2543 1849 erectos
2562 1797 2622 1848 ad
2646 1799 2810 1848 sidera
2830 1796 3007 1847 tollere
3031 1796 3209 1847 vultus.

1892 1870 1944 1935 Β
2043 1884 2111 1940 Μ.
2142 1884 2343 1939 Tullius
2369 1884 2556 1939 Cicero
2608 1882 2745 1938 libro
2774 1882 2841 1937 de
2889 1881 3120 1952 Legibus
3162 1880 3374 1951 primo:
3406 1881 3552 1937 Artes

1956 1975 2366 2037 innumerabiles
2385 1984 2597 2046 reperta:
2633 1982 2751 2028 sunt
2778 1974 2987 2027 docente
3007 1983 3212 2040 natura,
3242 1986 3396 2042 quam
3439 1972 3555 2025 imi-

1973 2081 2082 2127 tata
2109 2072 2242 2125 ratio
2282 2086 2362 2125 res
2386 2070 2454 2123 ad
2488 2071 2643 2123 vitam
2672 2070 2981 2123 necessarias
3024 2069 3234 2122 solerter
3288 2076 3558 2121 consecuta

1974 2176 2067 2219 est.
2096 2161 2124 2215 I
2130 2180 2277 2232 psum
2293 2172 2461 2215 autem
2481 2162 2737 2215 hominem
2762 2160 2825 2213 de
2847 2159 3028 2213 eadem
3055 2169 3242 2214 natura
3264 2175 3366 2212 non
3394 2160 3560 2212 solum

1976 2256 2231 2310 celeritate
2255 2255 2436 2308 mentis
2457 2253 2677 2318 ornavit,
2708 2254 2799 2307 sed
2822 2262 2870 2305 et
2897 2266 3078 2305 sensus
3107 2261 3347 2322 tanquam
3367 2250 3560 2305 satelli-

1978 2355 2051 2402 tes
2081 2346 2331 2411 attribuit,
2364 2347 2682 2417 ﬁguramque
2710 2346 2940 2416 corporis
2966 2344 3184 2399 habilem
3210 2353 3361 2414 atque
3386 2353 3561 2415 aptam

1980 2440 2186 2510 ingenio
2236 2437 2459 2491 humano
2494 2436 2656 2491 dedit.
2688 2435 2830 2491 Nam
2873 2452 2989 2490 cum
3030 2446 3238 2491 crateras
3285 2437 3566 2491 animantes

1980 2534 2244 2603 abjecisset
2270 2531 2340 2585 ad
2368 2539 2590 2598 pastum,
2612 2529 2781 2584 solum
2800 2531 3056 2585 honrinem
3084 2533 3241 2585 erexit
3283 2530 3568 2598 adcwlique

1982 2626 2128 2692 quasi
2154 2623 2472 2693 cognationis
2490 2620 2840 2689 domiciliique
2866 2622 3068 2691 pristini
3087 2633 3409 2690 conspectum
3428 2622 3569 2677 exci-

1987 2716 2105 2770 tauit
2132 2731 2151 2767 :
2190 2724 2297 2768 tum
2336 2714 2551 2785 speciem
2579 2714 2653 2767 ita
2694 2714 2927 2785 {armavit
2951 2714 3077 2779 oris,
3107 2715 3244 2768 utin
3272 2729 3331 2767 ea
3373 2714 3570 2785 penitus

1985 2807 2327 2863 reconditores
2348 2807 2618 2877 efﬁngeret.
2650 2805 2815 2861 Silius
2845 2806 3059 2861 Italicus
3085 2806 3222 2861 libro
3248 2823 3347 2862 xv:

2081 2899 2253 2950 Nonne
2279 2901 2414 2949 vides
2430 2900 2677 2948 hominum
2700 2904 2753 2948 ut
2777 2898 2934 2948 celsos
2950 2898 3010 2947 sd
3033 2899 3107 2948 sld
3144 2911 3197 2947 rs
3224 2898 3387 2950 vultus

2084 2962 2349 3012 Sustulerit
2372 2962 2527 3024 Deus,
2551 2975 2608 3024 ac
2632 2960 2854 3010 sublimia
2879 2960 3083 3024 finxerit,
3100 2974 3205 3019 ora,

2084 3024 2201 3077 Cum
2228 3023 2459 3085 pecudes,
2488 3020 2834 3084 volucrumque
2858 3035 3037 3084 genus,
3065 3021 3338 3085 formasque
3360 3020 3574 3079 ferarum

2087 3084 2237 3146 SegnT
2258 3100 2304 3135 ni
2330 3093 2479 3147 atque
2504 3086 2768 3133 obscenam
2794 3086 2970 3147 passim
2993 3084 3249 3147 strui-isset
3269 3086 3320 3133 in
3336 3085 3530 3135 alvum?

2090 3147 2350 3209 Adilaudes‘
2374 3146 2594 3209 gi-nituiii
2620 3148 2777 3209 capiat
2793 3147 2833 3194 si
2860 3157 3062 3195 munera
3086 3146 3269 3208 divum,

2091 3207 2231 3257 Felix
2257 3210 2315 3256 ad
2339 3206 2510 3257 laudes
2532 3206 2779 3256 hominum
2812 3218 2989 3268 genus.

1999 3291 2303 3347 Lactantius
2356 3289 2493 3345 libro
2515 3290 2748 3345 secundo
2791 3290 2859 3344 de
2896 3288 3113 3360 Origine
3155 3290 3379 3356 erroris,
3408 3283 3601 3361 capita'

1996 3383 2131 3439 item
2166 3381 2402 3437 secando
2432 3378 2627 3435 :Jueat
2652 3397 2769 3452 ergo
2797 3382 2931 3435 velut
2956 3382 3009 3435 in
3039 3381 3215 3449 aliqua
3244 3382 3447 3437 sublimi
3470 3380 3584 3453 spe-

1998 3477 2115 3530 cula
2135 3475 2486 3538 constitutum,
2521 3473 2656 3527 unde
2677 3474 2900 3528 universi
2941 3474 3186 3528 exaudire
3203 3475 3420 3545 possint,
3458 3471 3589 3542 Per]

1996 3569 2198 3623 sianum
2216 3566 2347 3619 illud
2369 3564 2687 3636 proclamare
2706 3580 2727 3619 :

2092 3658 2134 3710 Ο
2156 3670 2314 3708 curva
2337 3659 2387 3706 in
2408 3663 2567 3707 terras
2583 3658 2775 3717 anime,
2805 3662 2857 3706 et
2878 3656 3151 3707 caelestium
3178 3659 3371 3709 inanes.

2004 3741 2196 3797 Caelum
2223 3742 2393 3809 potius
2417 3740 2707 3804 intuemini,
2729 3738 2796 3793 ad
2822 3740 2971 3808 cujus
2988 3741 3330 3809 spectaculum
3353 3755 3437 3794 uos
3452 3740 3593 3795 exci-

2003 3836 2125 3888 tauit
2145 3833 2234 3886 ille
2258 3831 2448 3901 artifex
2474 3847 2618 3885 uerus
2647 3832 2804 3885 Deus.
2830 3828 2931 3884 Ille
2957 3830 3094 3884 vobis
3109 3831 3369 3885 sublimem
3390 3832 3591 3886 uultum

2006 3924 2165 3989 dedit,
2196 3939 2284 3976 uos
2309 3923 2363 3975 in
2390 3929 2577 3975 terram
2609 3922 2910 3990 curoamini,
2934 3936 3019 3974 uos
3048 3921 3178 3975 altas
3207 3931 3420 3986 mentes,
3447 3929 3496 3974 et
3522 3921 3592 3975 ad

2009 4026 2205 4087 patrem
2232 4030 2382 4069 suum
2404 4029 2522 4067 cum
2551 4012 2847 4075 corporibus
2870 4014 2976 4067 suis
3004 4020 3214 4079 erectas,
3241 4013 3309 4066 ad
3348 4013 3594 4083 inferiora

2010 4109 2330 4180 deprimitis,
2390 4116 2630 4175 tanquam
2684 4118 2771 4159 vos
2817 4105 3049 4174 paeniteat
3088 4119 3190 4157 non
3240 4103 3596 4174 quadrupedes

2012 4220 2119 4260 esse
2137 4212 2301 4258 natos.
2324 4199 2440 4260 Fas
2468 4216 2569 4254 non
2591 4206 2664 4252 est
2685 4197 2880 4251 creleste
2909 4198 3104 4250 animal
3153 4212 3267 4249 cum
3304 4198 3512 4250 terrenis
3540 4198 3599 4256 in

2015 4306 2302 4365 terramque
2334 4292 2646 4367 vergentibus
2672 4290 2882 4344 versari.
2925 4287 3062 4355 Quid
3091 4303 3176 4341 vos
3224 4288 3476 4356 beneﬁciis
3500 4302 3598 4341 cae-

2017 4388 2224 4442 lestibus
2254 4385 2467 4450 orbatis,
2496 4382 2742 4453 pronique
2760 4380 2815 4433 in
2840 4388 3027 4433 terram
3070 4388 3239 4432 vestra
3281 4386 3457 4448 sponte
3480 4393 3599 4447 pro-

2018 4477 2284 4533 cumbitis?
2311 4475 2472 4530 Humi
2490 4474 2623 4528 enim
2650 4471 2816 4525 miseri
2859 4468 3180 4535 uolutamini,
3202 4484 3318 4522 cum
3360 4471 3599 4524 deorsum

2020 4573 2245 4646 quazritis
2297 4569 2433 4639 quod
2478 4568 2530 4620 in
2584 4564 2787 4619 sublimi
2829 4578 3053 4634 quatere
3104 4562 3384 4617 debuistis!
3436 4561 3602 4618 Divus

2020 4661 2354 4724 Ambrosius,
2384 4659 2524 4712 libro
2553 4657 2920 4712 Hexaemeron
2964 4664 3115 4709 sexto
3143 4670 3157 4707 :
3184 4653 3337 4719 Care,
3367 4668 3398 4707 o
3422 4652 3599 4719 homo,

2020 4754 2274 4827 pecudum
2300 4766 2437 4804 more
2465 4749 2669 4827 curvari
2681 4789 2697 4805 .
2738 4763 2854 4802 caue
2878 4763 2941 4801 ne
2966 4746 3019 4799 in
3050 4746 3223 4800 aluum
3268 4752 3318 4800 te
3349 4760 3454 4799 non
3498 4754 3604 4799 tam

2020 4820 2233 4919 corpore
2283 4860 2438 4914 quam
2487 4820 2766 4909 cupiditate
2793 4841 3050 4909 deﬂectas.
3111 4839 3328 4908 Respice
3374 4838 3605 4906 corporis

2023 4940 2097 4991 tui
2115 4942 2351 5007 formam,
2373 4941 2420 4987 et
2438 4933 2654 5003 speciem
2664 4940 3021 5003 congruentem
3045 4930 3164 4983 celsi
3184 4929 3370 4999 uigoris
3385 4944 3605 4981 assume.

2027 5028 2087 5085 Si
2114 5027 2225 5083 sola
2247 5026 2498 5081 animalia
2524 5040 2683 5093 prona
2707 5032 3002 5091 pascantur,
3022 5037 3112 5074 cur
3132 5030 3178 5074 te
3202 5021 3254 5073 in
3276 5020 3469 5073 edendo
3481 5028 3609 5071 ster-’

2026 5123 2109 5177 nis
2131 5122 2255 5191 ipse,
2290 5136 2435 5189 quem
2458 5128 2639 5173 natura
2674 5134 2773 5169 non
2805 5115 3023 5170 stravit?
3046 5115 3149 5169 Cur
3171 5129 3229 5167 eo
3259 5113 3524 5167 delectaris
3553 5112 3609 5164 in

2025 5236 2127 5292 quo
2150 5226 2350 5271 natura:
2363 5214 2557 5286 injuria
2582 5213 2693 5266 est?
2713 5211 2815 5265 Cur
2842 5221 3011 5265 noctes
3034 5217 3080 5261 et
3120 5206 3227 5260 dies
3254 5207 3366 5260 cibo
3380 5207 3609 5259 intentus

2026 5324 2261 5381 pecorum
2290 5323 2428 5360 more
2455 5316 2657 5358 terrena
2705 5301 3029 5372 deposceris?
3055 5295 3161 5354 Cur
3199 5297 3447 5353 illecebris
3492 5312 3611 5351 cor-

2026 5399 2289 5471 poralibus
2318 5397 2517 5450 deditus
2541 5395 2710 5465 ipsum
2738 5404 2785 5447 te
2810 5393 3108 5457 inhonorus,
3135 5392 3257 5444 dum
3271 5390 3433 5443 uentri
3457 5398 3608 5459 atque

2029 5496 2137 5565 ejus
2158 5487 2476 5561 passionibus
2496 5485 2754 5540 deseritis?
2780 5482 2886 5537 Cur
2910 5482 3224 5537 intellectum
3254 5479 3345 5535 tibi
3395 5478 3605 5547 adimis,

2029 5600 2178 5654 quem
2202 5583 2293 5636 tibi
2320 5590 2517 5635 creator
2543 5576 2814 5635 attribuit?
2841 5574 2943 5629 Cur
2963 5585 3009 5630 te
3029 5574 3275 5647 jumentis
3318 5588 3615 5642 comparas,

2028 5697 2062 5733 a
2083 5678 2265 5747 quibus
2294 5686 2341 5730 te
2367 5673 2525 5729 voluit
2571 5672 2706 5726 Deus
2736 5669 3009 5741 segregari,
3039 5667 3210 5721 dicens
3234 5682 3252 5721 :
3284 5664 3457 5721 Nolite
3499 5666 3614 5733 ﬁeri

2028 5773 2157 5825 sicut
2172 5783 2332 5833 equus
2351 5776 2399 5820 et
2430 5765 2618 5831 mulus,
2642 5762 2827 5832 quibus
2856 5777 2957 5814 non
2988 5769 3059 5814 est
3086 5760 3407 5815 intellectus?
3436 5760 3535 5811 Aut
3560 5758 3614 5811 si

2030 5872 2077 5917 te
2104 5860 2327 5917 edacitas
2355 5858 2491 5928 equi,
2516 5854 3000 5928 intemperantiaque
3020 5853 3257 5922 delectat,
3281 5859 3327 5907 et
3342 5851 3615 5911 adhinnire

2878 6046 2881 6047 ν
2893 6043 2918 6054 ι-
