4022 6366
519 414 654 472 1071

894 416 1238 475 APPENDIX
1266 416 1359 474 AD
1396 414 1648 473 LIBROS
1680 415 1768 473 DE
1806 410 2321 473 CONSOLATIONE
2360 410 2857 472 PHILOSOPHIE.
2904 410 3415 470 COMMENTARIA.

3639 410 3779 468 1072

515 532 586 585 ad
611 532 825 601 feminas
848 532 1097 597 voluptati
1120 542 1215 601 est,
1237 533 1444 588 delectet
1465 534 1518 587 in
1543 535 1686 604 freno
1720 531 1960 587 maxillas
1985 541 2096 587 tuas
2120 529 2176 593 Δ
2200 532 2289 599 cit,
2321 531 2410 585 sed
2431 530 2535 585 alio
2575 530 2728 586 modo
2772 530 2995 603 quodam
3021 547 3054 585 a
3076 538 3367 585 nostrarum
3409 527 3779 599 cogitationum

515 624 792 694 chamoque
820 625 1117 697 constringi.
1136 625 1197 682 Si
1225 626 1529 681 crudelitate
1575 626 1817 694 pasceris,
1844 625 2095 695 ferurunt-

511 730 610 784 que
633 714 743 767 Itwc
764 714 929 769 rabies
966 725 1059 782 est,
1091 732 1205 786 qua:
1225 725 1431 787 prapter
1458 700 1703 771 saevitiam
1747 716 2092 782 trucidantur,

509 805 622 859 vide
664 822 725 861 ne
758 806 813 862 in
841 816 889 861 te
925 823 1124 878 quoque
1166 809 1486 864 crudelitatis
1515 818 1618 863 tute
1657 817 1881 864 vertatur
1910 809 2093 860 imma-

510 899 660 957 nitas.

1065 992 1131 1049 ΙΝ
1160 992 1429 1049 PROSAM
1460 993 1548 1049 Vl.

583 1083 694 1139 Hac
712 1083 899 1140 ultima
939 1084 1095 1154 hujus
1126 1084 1472 1141 eruditissimi
1504 1082 1893 1153 cultissimique
1917 1081 2096 1153 operis

512 1190 690 1244 prosa,
724 1176 882 1232 docet
924 1191 991 1232 ex
1026 1176 1117 1232 Dei
1144 1176 1475 1246 providentia
1526 1175 1765 1230 consiliis
1818 1174 2095 1228 hominum

507 1267 913 1339 actionibusque
962 1269 1096 1323 nihil
1142 1269 1479 1325 necessitatis
1522 1268 1744 1338 imponi,
1794 1268 1953 1335 idque
2010 1265 2094 1321 vel

508 1356 840 1427 potissimum
874 1360 972 1414 hac
1027 1360 1252 1414 ratione.
1288 1359 1452 1415 Deum
1496 1369 1754 1414 aeternum
1800 1373 1937 1422 esse,
1966 1372 2100 1412 cun-

506 1458 714 1503 ctorum
754 1450 965 1506 ratione
1013 1451 1322 1521 degentium
1367 1465 1649 1506 commune
1688 1459 1770 1506 est
1812 1450 2091 1518 judicium.

507 1544 805 1602 Eternitas
832 1554 1013 1600 autem
1044 1554 1127 1600 est
1180 1544 1585 1600 interminabilis
1611 1544 1737 1597 vita:
1779 1550 1888 1597 tota
1935 1540 2095 1595 simul

506 1646 561 1693 et
582 1639 814 1707 perfecta
840 1638 1143 1708 possessio:
1169 1638 1221 1692 in
1243 1653 1345 1708 qua
1366 1637 1579 1708 quidem
1608 1636 1740 1691 nihil
1770 1646 1854 1691 est
1877 1643 2096 1704 praeter-

505 1730 663 1785 itum.
703 1728 833 1783 nihil
867 1729 1125 1793 futurum,
1159 1746 1341 1784 verum
1394 1729 1675 1798 praesentia
1722 1738 1846 1783 sunt
1890 1728 2091 1783 omnia.

504 1818 748 1889 Cognitio
775 1836 905 1876 vero
933 1824 1012 1891 (ut
1035 1820 1191 1890 paulo
1231 1828 1357 1876 ante
1383 1820 1714 1891 disputatum
1742 1818 1845 1890 est)
1877 1818 2092 1873 modum

2198 624 2561 677 consuetudine
2585 625 2731 694 longe
2757 624 2953 693 lateque
2993 624 3211 678 diverso.
3251 620 3356 677 Ille
3382 620 3568 692 quippe
3591 636 3695 673 non
3722 634 3780 674 et:

2199 716 2291 769 hoc
2320 719 2373 771 in
2399 718 2530 790 illud
2555 717 2857 787 cogitatione
2884 724 3077 770 mutata
3106 756 3123 784 ,
3152 714 3243 770 sed
3266 714 3472 770 omnino
3495 713 3780 767 incommu-

2199 810 2420 864 tabiliter
2468 810 2622 876 videt,
2669 810 2741 863 ita
2792 819 2849 864 ut
2901 811 2993 865 illa
3033 810 3239 879 quidem
3270 823 3387 880 qua:
3429 805 3780 877 temporaliter

2200 905 2351 974 ﬁunt,
2383 914 2431 959 et
2456 905 2631 973 futura
2658 905 2887 959 nondum
2925 906 3050 973 sint,
3092 912 3139 960 et
3159 904 3431 977 prmsentia
3450 906 3571 976 jam
3595 904 3716 968 sint,
3737 910 3781 957 et

2200 994 2461 1063 prteterita
2483 997 2598 1067 jam
2619 1011 2720 1048 non
2748 997 2847 1049 sint
2873 1010 2893 1050 :
2920 995 3029 1065 ipse
3052 1010 3169 1050 vero
3202 994 3310 1050 lucc
3340 996 3511 1049 omnia
3527 993 3703 1048 stabili
3727 1008 3782 1047 ac

2198 1088 2504 1156 sempiterna
2530 1087 2849 1157 praescientia
2876 1089 3291 1158 comprehendat,
3324 1104 3416 1143 nec
3430 1088 3581 1141 aliter
3603 1087 3780 1150 oculis,

2198 1181 2348 1234 aliter
2366 1190 2550 1234 mente.
2578 1180 2700 1234 Non
2723 1181 2859 1235 enim
2887 1196 2950 1236 ea;
2965 1182 3137 1235 animo
3157 1190 3354 1236 constat
3380 1190 3427 1236 et
3447 1194 3782 1252 corpore,nec

2198 1272 2349 1326 aliter
2379 1289 2536 1341 nunc,
2569 1276 2718 1327 aliter
2760 1284 2927 1340 antea,
2978 1274 3128 1328 aliter
3158 1284 3335 1344 postea
3362 1288 3381 1328 :
3405 1273 3657 1343 quoniam
3692 1288 3781 1326 non
3840 1266 3845 1271 ’

2198 1366 2331 1421 sicut
2355 1376 2548 1433 nostra,
2577 1368 2647 1421 ita
2683 1371 2792 1439 ejus
2820 1383 3017 1439 quoque
3045 1368 3257 1422 scientia
3278 1368 3432 1421 trium
3480 1378 3780 1437 temporum,

2199 1461 2459 1529 prmsentis
2481 1460 2707 1515 videlicet
2728 1469 2775 1515 et
2803 1460 3043 1531 praeteriti
3063 1460 3138 1514 vel
3158 1461 3323 1531 futuri
3346 1460 3590 1514 varietate
3617 1470 3781 1512 mnta-

2200 1560 2303 1621 tur,
2329 1554 2469 1624 apud
2506 1570 2649 1623 quem
2674 1570 2777 1608 non
2803 1563 2873 1609 est
2892 1556 3200 1620 immutatio,
3227 1570 3316 1609 nec
3345 1554 3590 1608 momenti
3615 1554 3780 1607 eburno

2192 1642 2384 1698 bratio.
2408 1642 2518 1699 Nec
2534 1647 2668 1699 enim
2689 1650 2799 1715 ejus
2826 1646 3037 1701 intentio
3077 1646 3141 1701 de
3169 1647 3474 1719 cogitatione
3504 1649 3559 1701 in
3591 1651 3776 1719 cogita-

2200 1739 2385 1794 tionem
2411 1741 2620 1809 transit,
2663 1740 2716 1794 in
2742 1743 2888 1813 cujus
2914 1740 3219 1811 incorporeo
3247 1742 3481 1794 contuitu
3511 1742 3674 1795 simul
3700 1742 3780 1793 ad-

2198 1842 2315 1888 sunt
2338 1844 2518 1888 cuncta
2548 1850 2662 1903 qua:
2683 1836 2818 1889 novit
2836 1850 2855 1889 :
2873 1837 3116 1905 quoniam
3161 1846 3387 1902 tempora
3414 1838 3487 1889 ita
3511 1838 3653 1890 novit
3680 1835 3783 1889 nul-

503 1914 746 1984 seqlﬁlur
772 1924 827 1969 ει
854 1924 1099 1970 nam”!!!
1130 1913 1525 1986 cognoscentis;
1557 1922 1614 1969 ει
1664 1912 1854 1969 “Nidus
1899 1922 2173 1986 COSHO'B
2199 1925 2263 1980 lis
2280 1929 2388 1981 suis
2416 1926 2777 1995 temporalibus
2804 1927 3115 1995 nationibus,
3143 1928 3577 1997 quemadmodum
3598 1936 3782 2000 tempo-

501 2005 685 2060 scendi
712 2007 768 2060 in
798 2006 908 2060 Deo
956 2016 1039 2061 est
1069 2017 1177 2061 tum
1229 2014 1484 2075 aeternus,
1528 2016 1639 2062 tum
1694 2005 2092 2075 praesentarius.

503 2096 694 2152 Omnia
736 2097 897 2169 igitur
924 2107 1175 2167 tanquam
1212 2098 1496 2168 praesentia
1524 2098 1627 2153 scit
1677 2097 1848 2152 Deus:
1875 2096 2015 2152 unde
2041 2105 2097 2153 et

502 2189 838 2259 providentia
870 2190 1045 2259 potius
1098 2206 1259 2259 quam
1303 2189 1650 2260 prtevidentia
1697 2189 1913 2253 dicitur,
1938 2188 2095 2263 quasi

501 2280 573 2335 ab
604 2280 819 2336 excelso
852 2296 1033 2336 rerum
1062 2282 1297 2336 culmine
1330 2281 1510 2336 intima
1539 2295 1762 2350 quaeque
1787 2279 2091 2349 prospiciat.

499 2372 610 2429 Sed
638 2388 757 2443 qua:
786 2374 1069 2443 praesentia
1094 2371 1365 2443 videntur,
1399 2372 1599 2428 nullam
1627 2371 1693 2428 ab
1724 2371 1808 2427 bis
1848 2386 1879 2425 a
1901 2370 2093 2440 quibus

502 2452 908 2536 conspiciuntur
964 2466 1341 2522 necessitatem
1407 2466 1724 2536 accipiunt,
1786 2478 1909 2519 cum
1959 2462 2094 2517 nihil

502 2559 690 2625 rebus,
730 2559 856 2614 dum
897 2568 1179 2629 geruntur,
1207 2558 1547 2614 necessitatis
1576 2558 1816 2628 imponat
1846 2556 2089 2611 intuitus.

502 2651 736 2708 Proinde
788 2652 966 2708 divina
1006 2653 1346 2723 providentia
1401 2668 1490 2709 res
1536 2651 1765 2718 futuras,
1793 2666 1924 2722 quas
1953 2661 2093 2706 tam-

502 2758 660 2815 quam
691 2753 984 2814 praesentes
1013 2744 1298 2815 conspicit,
1329 2744 1477 2799 nulla
1532 2744 1852 2800 necessitate
1900 2743 2093 2797 astrin-

408 2900 417 2907 ,
503 2838 600 2907 git.
635 2836 719 2892 Uti
750 2838 892 2891 enim
942 2852 1042 2892 nos
1084 2836 1407 2906 temporario
1448 2835 1550 2891 hoc
1604 2843 1793 2890 nostro
1842 2833 2094 2903 praesenti

502 2929 743 3001 quaedam
788 2931 907 2986 sine
953 2930 1277 2985 necessitate
1304 2930 1571 2993 videmus,
1604 2928 1677 2983 ita
1724 2928 1867 2982 Deus
1913 2927 2093 2981 omnia

500 3025 660 3080 simul
679 3039 778 3081 suo
808 3032 1328 3090 mternocontuetur,
1361 3036 1460 3076 nec
1488 3022 1558 3076 ob
1588 3020 1642 3075 id
1664 3021 1751 3076 vel
1779 3035 1959 3075 rerum
1993 3034 2093 3073 na-

504 3128 680 3174 turam
708 3114 1195 3187 proprietatemque
1218 3121 1406 3180 mutat,
1438 3112 1522 3167 vel
1545 3111 1745 3182 judicia
1793 3110 2092 3165 confundit.

504 3208 677 3263 Divus
708 3208 997 3278 Gregorius
1028 3207 1164 3262 libro
1195 3205 1473 3260 Moralium
1520 3221 1551 3258 χ
1577 3220 1593 3257 :
1618 3204 1869 3259 Prwscire
1906 3204 2094 3257 dicitur

2197 2017 2329 2071 ralia
2344 2026 2504 2072 movet
2531 2018 2684 2072 nullis
2711 2019 2815 2073 suis
2838 2021 3193 2089 temporalibus
3222 2020 3464 2075 motibus.

2271 2108 2378 2162 Hic
2403 2111 2443 2163 si
2466 2108 2630 2181 dicas]
2679 2109 2893 2180 Repetit
2944 2110 3302 2181 objectionem
3351 2126 3513 2181 supra
3565 2121 3776 2179 motam,

2198 2217 2423 2273 eamque
2449 2203 2604 2257 diluit
2628 2202 2893 2271 ejusmodi
2938 2205 3163 2272 ratione,
3208 2218 3367 2273 quam
3389 2219 3555 2260 nemo
3581 2205 3687 2261 nisi
3712 2204 3781 2261 di-

2196 2294 2439 2350 vinorum
2461 2294 2761 2364 speculator
2786 2294 3071 2365 intelligat.

2269 2384 2400 2441 Duce
2429 2397 2545 2440 sunt
2571 2388 2751 2442 etenim
2802 2386 3141 2460 necessitates]
3195 2388 3523 2444 Diluttonem
3568 2388 3781 2461 objecti,

2197 2484 2309 2533 tum
2343 2478 2523 2544 latius,
2559 2488 2670 2533 tum
2702 2479 2912 2548 planius
2930 2481 3193 2549 exponit,
3213 2479 3505 2535 ostendens
3532 2480 3641 2536 'duo
3662 2496 3779 2536 esse

2200 2572 2532 2626 necessitatis
2578 2587 2797 2641 genera,
2849 2572 3069 2627 alteram
3122 2572 3337 2643 quidem
3384 2573 3688 2643 simplicem
3732 2580 3782 2628 et

2196 2662 2517 2727 absolutam,
2541 2662 2760 2717 alteram
2789 2677 2916 2718 vero
2933 2664 3306 2720 necessitatem
3328 2663 3677 2721 conditionis.

2272 2754 2408 2819 Quia
2425 2754 2585 2826 igitur
2613 2754 2786 2827 refert]
2817 2755 2870 2809 id
2893 2764 2974 2811 est
2999 2754 3237 2813 interest.

2271 2847 2386 2902 Hoc
2409 2846 2621 2905 scilicet]
2658 2847 2894 2905 Subaudi
2920 2846 3107 2917 refert,
3134 2855 3190 2903 et
3216 2846 3373 2903 diluit
3393 2855 3597 2904 motam
3630 2846 3777 2903 dubi-

2201 2940 2485 2997 tationem.

2270 3035 2375 3090 Sed
2404 3036 2448 3089 si
2483 3037 2535 3090 in
2564 3051 2691 3101 mea,
2734 3032 2953 3106 inquies]
2983 3033 3165 3091 Aliam
3194 3032 3352 3089 affert
3394 3032 3775 3103 objectionem,

2196 3142 2356 3198 quatn
2388 3142 2484 3198 pro
2531 3126 2771 3183 materiae
2804 3124 3062 3196 qualitate
3103 3132 3189 3183 sat
3228 3124 3508 3182 luculento
3532 3138 3772 3181 sermone

2200 3220 2371 3275 diluit.

500 3302 590 3373 qui
611 3316 1016 3369 unamquamque
1063 3315 1170 3353 rem
1217 3308 1488 3367 antequam
1530 3296 1695 3349 veniat
1744 3295 1897 3363 ridet,
1945 3304 1993 3350 et
2037 3295 2092 3348 id

2272 3313 2409 3379 Quid
2433 3313 2613 3385 igitur,
2640 3310 2858 3384 inquies]
2888 3313 3093 3370 Rursus
3118 3313 3274 3369 aliam
3304 3315 3562 3384 praponit
3580 3314 3771 3371 dubita-

501 3396 635 3460 quod
666 3395 893 3464 futurum
939 3402 1012 3449 est
1042 3392 1183 3461 prius
1225 3408 1379 3462 quam
1416 3406 1639 3461 praesens
1697 3390 1791 3459 ﬁat
1826 3388 2090 3457 prwvidet.

505 3484 775 3549 Quomodo
796 3484 936 3539 Deus
961 3492 1031 3538 est
1060 3484 1336 3555 praescius,
1369 3482 1492 3537 dum
1519 3482 1685 3547 nulla,
1731 3481 1831 3535 nisi
1871 3498 1983 3552 qua:
2002 3482 2092 3553 [u-

504 3584 626 3630 tura
667 3587 806 3647 sunt,
864 3576 1235 3645 prtesciantur?
1262 3575 1329 3628 Et
1359 3578 1545 3630 scimus
1571 3575 1692 3646 quia
1724 3573 1831 3629 Deo
1862 3574 2094 3643 futurum

504 3668 634 3722 nihil
660 3678 753 3735 est,
808 3677 924 3723 ante
962 3671 1109 3739 cujus
1139 3668 1312 3722 oculos
1342 3669 1601 3737 prceterita
1646 3684 1749 3722 non
1804 3679 2087 3738 transeunt,

504 3762 680 3829 futura
723 3776 824 3816 non
848 3761 1071 3826 veniunt,
1115 3762 1300 3832 quippe
1327 3761 1449 3831 quia
1475 3776 1622 3815 omne
1659 3760 1797 3831 quod
1827 3761 1969 3815 nobis
1997 3761 2095 3832 fuit

505 3865 551 3909 et
580 3855 673 3909 erit
708 3856 761 3909 in
792 3855 902 3924 ejus
934 3866 1200 3924 prospectu
1231 3861 1417 3925 praesto
1434 3862 1528 3920 est,
1574 3862 1621 3908 et
1641 3869 1786 3908 omne
1808 3854 1943 3924 quod
1966 3870 2098 3924 prte-

492 3963 619 4012 ,sens
648 3955 719 4000 est
756 3947 886 4000 scire
908 3954 1068 4014 potest
1112 3945 1282 4015 potius
1310 3960 1463 4015 quam
1493 3944 1749 4015 prtescire.
1778 3943 1845 3998 Et
1871 3948 1992 4015 quia
2014 3963 2091 4014 ea,

505 4055 620 4109 qua:
647 4038 788 4092 nobis
817 4038 992 4106 futura
1024 4047 1144 4092 sunt
1182 4037 1339 4101 videt,
1384 4051 1498 4106 quis
1549 4046 1716 4089 tamen
1766 4036 1865 4106 ipsi
1902 4051 2099 4105 semper

506 4140 695 4200 praesto
724 4137 861 4194 sunt,
889 4130 1131 4200 prwscius
1155 4128 1344 4181 dicitur
1366 4144 1384 4181 :
1402 4128 1629 4197 quamvis
1672 4143 1986 4197 nequaquam
2015 4129 2099 4197 fu-

507 4232 680 4277 turum
712 4223 973 4292 praevidet,
998 4222 1132 4294 quod
1176 4239 1398 4293 prtesens
1429 4222 1583 4277 videt.
1621 4220 1759 4275 Nam
1786 4231 1833 4275 et
1859 4236 2097 4292 quaecun—

505 4332 603 4387 que
630 4324 770 4381 sunt,
805 4333 907 4371 non
952 4316 1004 4369 in
1041 4316 1319 4370 wternitate
1356 4316 1466 4385 ejus
1515 4315 1631 4369 ideo
1679 4315 1931 4376 videntur,
1978 4313 2102 4383 quia

506 4422 643 4473 sunt;
676 4412 763 4464 sed
805 4410 919 4464 ideo
945 4420 1086 4474 sunt,
1138 4409 1259 4476 quia
1303 4408 1553 4462 videntur.
1594 4404 1657 4461 In
1697 4406 1789 4459 illo
1837 4405 1969 4458 enim
2009 4418 2098 4457 nec

507 4502 790 4571 praeterita,
816 4519 907 4557 nec
936 4503 1111 4572 futura
1138 4501 1349 4570 reperiri
1377 4507 1589 4571 queunt,
1630 4502 1718 4554 sed
1753 4508 1929 4552 cuncta
1978 4512 2101 4549 mu-

508 4593 686 4647 tabilia
712 4594 1094 4649 immutabiliter
1137 4594 1350 4658 durant;
1389 4601 1440 4647 et
1481 4607 1593 4662 qua:
1624 4592 1678 4645 in
1729 4590 1905 4663 seipsis
1944 4588 2101 4644 simul

2198 3404 2416 3474 tionem,
2449 3419 2609 3474 quam
2639 3415 2695 3460 et
2722 3419 2847 3459 mox
2868 3413 3124 3469 removet,
3146 3414 3201 3461 et
3229 3404 3448 3461 refellit.

2269 3497 2396 3563 Quae
2438 3512 2553 3549 cum
2590 3498 2661 3550 ita
2713 3494 2837 3568 sint]
2881 3496 3166 3552 Concludit
3211 3496 3431 3551 humani
3480 3496 3770 3553 libertatem

2195 3586 2399 3644 arbitrii
2421 3598 2473 3644 et
2489 3586 2721 3643 divinam
2737 3588 3123 3657 prae-scientiam
3145 3588 3304 3643 simul
3325 3588 3627 3644 consistere
3656 3607 3671 3642 :
3700 3603 3771 3644 su-

2196 3694 2294 3751 per
2320 3696 2424 3752 qua
2457 3696 2515 3735 re
2542 3680 2702 3735 latius
2731 3679 2845 3751 lege
2875 3688 2930 3735 et
2974 3679 3155 3750 relege
3202 3680 3479 3750 Dialogum
3511 3678 3769 3737 Laurentii

2197 3773 2386 3841 Valte,
2426 3773 2514 3844 qui
2537 3773 2682 3844 juste
2734 3787 2801 3828 ne
2839 3780 2986 3828 taxet
3011 3772 3325 3829 Severinum
3366 3784 3636 3839 nostrum,
3666 3789 3769 3828 me-

2197 3865 2408 3936 liusque
2434 3884 2499 3921 eo
2552 3866 2692 3922 hanc
2728 3866 3006 3921 materiam
3056 3867 3328 3937 expediat,
3359 3882 3429 3922 an
3477 3867 3768 3938 sophisticis

2196 3960 2406 4016 cavillis
2428 3968 2570 4031 agat,
2602 3969 2654 4016 et
2669 3960 2919 4015 oratoriis
2936 3958 3069 4016 fucis
3094 3958 3324 4015 obducat
3344 3960 3646 4025 veritatem,
3674 3974 3769 4014 non

2197 4062 2443 4108 estnunc
2473 4067 2605 4108 meae
2636 4051 2903 4107 facultatis
2924 4051 3184 4123 judicare.
3218 4050 3416 4109 Verum
3442 4052 3496 4107 id
3544 4066 3769 4109 censurae

2199 4144 2529 4202 doctioribus
2551 4145 2815 4215 relinquo.

2274 4233 2571 4307 Spectator]
2620 4234 2875 4290 Salomon
2933 4233 3344 4290 Proverbiorum
3395 4250 3519 4305 cap.
3570 4252 3635 4289 xv
3669 4254 3681 4288 :
3714 4232 3767 4288 lu

2199 4314 2339 4382 omni
2359 4327 2469 4381 loco
2500 4327 2634 4380 oculi
2682 4324 2891 4380 Domini
2911 4327 3317 4395 contemMantur
3346 4327 3505 4381 bonos
3531 4338 3577 4380 et
3602 4327 3768 4381 malos.

2201 4419 2560 4491 Hiemuymus
2591 4419 2643 4473 in
2667 4419 2896 4488 quadam
2920 4418 3148 4489 epistola
3181 4436 3192 4471 :
3227 4417 3469 4473 Omnium
3499 4419 3769 4489 speculato-

2198 4528 2306 4567 rem
2338 4512 2503 4567 Deum
2525 4511 2693 4578 crede,
2721 4519 2771 4566 et
2800 4526 2916 4566 care
2957 4526 3021 4566 ne
3054 4510 3179 4582 quid
3212 4509 3347 4579 quod
3389 4510 3575 4565 divinis
3623 4510 3769 4564 oculis

2199 4608 2473 4681 indignum
2494 4609 2579 4674 sit,
2595 4617 2686 4661 aut
2708 4608 2951 4677 opereris,
2977 4618 3065 4660 aut
3087 4607 3297 4675 cogites.

507 4685 724 4739 existere
753 4701 854 4738 non
878 4692 1111 4752 possunt,
1142 4686 1224 4738 illi
1243 4684 1397 4738 simul
1432 4685 1605 4738 Omnia
1640 4686 1905 4748 assistunt,
1939 4680 2097 4735 nihil-
2122 4681 2176 4744 D
2272 4699 2433 4756 Βοηεε
2463 4699 2697 4770 ρηεηιξα]
2729 4700 2963 4770 Baptism
2992 4698 3308 4753 Mamuanus
3335 4714 3349 4751 ε

506 4791 605 4845 que
632 4776 684 4828 in
732 4776 823 4829 illo
856 4777 1101 4844 praeterit,
1156 4776 1292 4847 quod
1346 4775 1528 4829 transit
1570 4776 1689 4844 quia
1716 4776 1770 4827 in
1817 4774 2094 4828 aeternitate“

506 4868 619 4937 ejus
642 4868 792 4922 modo
814 4869 1034 4939 quodam
1068 4868 1566 4938 incompreltensibili
1619 4878 1802 4922 cuncta
1831 4868 2094 4923 volumina

505 4958 813 5014 seculorum
864 4962 1181 5015 transeuntia
1228 4970 1452 5028 manent,
1482 4961 1735 5015 currentia
1778 4970 1933 5015 stant.
1966 4962 2093 5017 Haec

488 5065 573 5107 ~ex
602 5052 845 5123 Gregorii
874 5053 1161 5109 Montibus
1182 5054 1402 5124 carptim
1434 5053 1714 5124 desumpta
1753 5056 2087 5127 collegimus,

504 5159 570 5201 eo
598 5147 738 5217 quod
760 5147 827 5202 ad
858 5146 999 5203 hunc
1024 5148 1196 5203 locum
1221 5164 1328 5203 non
1352 5148 1481 5203 nihil
1510 5148 1689 5205 facere
1716 5149 2050 5206 videbantur.

576 5238 742 5293 Deum
769 5241 974 5309 quidem
999 5238 1264 5315 internum]
1308 5239 1569 5297 Dilferunt
1600 5250 1859 5297 aeternum
1890 5250 1946 5297 et
1970 5258 2092 5313 per-
2152 5283 2157 5288 ι

502 5338 746 5401 petuum.
778 5331 1059 5387 IEternum
1085 5332 1228 5388 enim
1278 5330 1475 5386 dicitur
1496 5331 1637 5401 quod
1681 5331 2091 5389 interminabilis
2176 5400 2185 5407 ν

504 5422 628 5476 vitae
662 5421 1043 5491 plenitudinem
1086 5421 1248 5477 simul
1288 5421 1660 5491 complectitur
1701 5423 2085 5493 permanendo.

502 5510 848 5583 Perpetuum,
870 5516 1011 5586 quod
1040 5516 1202 5570 vitam
1230 5515 1409 5571 eundo
1433 5515 1728 5570 continuat.

577 5607 806 5663 Scientia
824 5626 1023 5680 quoque
1041 5609 1173 5685 ejus]
1205 5610 1336 5665 Divo
1357 5609 1576 5665 Aurelio
1595 5620 1833 5676 auctore,
1860 5611 1994 5668 libro
2014 5613 2083 5669 de

504 5699 731 5757 Civitate
758 5703 849 5760 Dei
870 5705 1176 5770 undecimo,
1207 5706 1380 5774 capite
1409 5704 1668 5774 vigesimo
1700 5705 1874 5774 primo
1905 5724 1917 5758 :
1950 5707 2087 5762 Deus

500 5804 608 5844 non
662 5809 799 5847 more
843 5806 1015 5851 nostro
1040 5799 1117 5851 vel
1154 5800 1292 5866 quod
1320 5800 1556 5869 futurum
1598 5810 1671 5854 est
1712 5802 1975 5873 prospicit,
2010 5804 2090 5858 vel

504 5880 643 5953 quod
677 5899 894 5951 prtesens
918 5896 991 5941 est
1017 5890 1222 5956 aspicit,
1245 5890 1323 5944 vel
1348 5893 1483 5959 quod
1502 5894 1813 5961 praeteritum
1828 5902 1902 5949 est
1929 5896 2090 5951 resci-

2326 4784 2389 4842 Et
2410 4790 2573 4842 scelus
2588 4804 2615 4840 a
2631 4801 2772 4852 supei
2786 4790 2843 4849 is,
2871 4797 2922 4839 et
2944 4789 3093 4839 habet
3114 4801 3199 4838 sua
3221 4789 3423 4851 praemia
3439 4788 3604 4835 virtus.

2272 4873 2610 4946 Aversamini]
2642 4873 3007 4929 Pulcherrima
3055 4871 3359 4927 adhortatio
3384 4871 3451 4925 ad
3496 4866 3763 4940 pulcherri-

2201 4983 2319 5025 mas
2344 4967 2572 5025 virtutes
2599 4967 2697 5022 sub
2726 4966 2883 5037 hujus
2904 4966 3083 5035 operis
3108 4963 3456 5034 pulcherrimi
3478 4962 3653 5018 finem.

2270 5060 2471 5115 Iudicis
2486 5067 2668 5114 cuncta
2678 5055 2945 5141 cernentis]
2958 5057 3205 5114 Aurelius
3227 5055 3548 5113 Prudentius
3559 5051 3745 5122 inllym

2197 5167 2393 5211 norum
2415 5153 2584 5211 libro:

2510 5337 2595 5387 Sic
2617 5342 2717 5387 tota
2741 5336 2970 5385 decurrat
3000 5334 3131 5397 dies,

2512 5398 2588 5449 Ne
2612 5399 2778 5460 lingua
2800 5399 3005 5447 mendax
3020 5435 3035 5460 ,
3055 5405 3140 5447 aut
3163 5406 3352 5457 manus,

2513 5459 2717 5511 Oculive
2744 5466 2951 5522 peccent
2979 5459 3152 5508 lubrici
3183 5474 3195 5508 :

2506 5523 2584 5572 Ne
2602 5525 2745 5571 noxia
2762 5535 2935 5583 corpus
2953 5523 3194 5583 inquinet.

2510 5584 2804 5647 Speculator
2827 5591 2952 5633 astat
2974 5584 3208 5647 desuper,

2514 5646 2607 5705 Qui
2627 5660 2714 5695 nos
2738 5646 2913 5694 diebus
2930 5646 3153 5694 omnibus

2517 5711 2764 5771 Actusque
2790 5716 2981 5756 nostros
3005 5707 3232 5768 prospicit

2513 5772 2557 5819 A
2575 5770 2682 5819 luce
2708 5771 2859 5830 prima
2886 5771 2933 5817 in
2953 5781 3229 5828 vit-sperum.

2515 5832 2608 5880 llic
2632 5834 2790 5891 testis,
2820 5831 2895 5879 hic
2916 5836 2992 5879 est
3010 5831 3213 5881 arbiter.

2514 5894 2606 5946 Hic
2623 5896 2843 5945 intuetur
2859 5891 3109 5955 quidquid,
