4022 6366
254 410 393 468 1077

1330 370 1333 371 ί
1402 395 1605 456 LIBER
1644 393 1732 451 os
1768 389 2071 450 UNI'IATE
2106 394 2194 452 nr
2234 398 2393 456 uno.

3416 388 3556 449 1078

255 526 532 595 spirituale
570 532 623 581 et
671 521 870 594 aliquid
900 520 1183 591 corporale
1204 562 1217 586 ,
1248 526 1333 578 est
1361 517 1567 590 aliquid
1602 515 1720 586 ejus
1752 529 1852 585 pu-
1884 509 1941 573 Δ
1964 526 2127 568 unum
2149 557 2162 581 ,
2194 525 2250 570 ut
2274 517 2450 583 Deus;
2482 517 2625 573 aliud
2662 516 2983 588 simplicium
3017 512 3323 585 cognitione
3354 527 3552 577 unum,

258 638 378 678 rum
423 632 477 675 et
516 618 752 674 lucidum
789 626 844 673 et
882 615 1083 686 aliquid
1124 616 1243 687 ejus
1278 615 1512 689 spissum
1571 622 1626 669 et
1656 612 1856 671 obscu-

259 806 455 877 quibus
494 813 620 859 sunt
657 804 924 871 rariores,
964 812 1023 857 ut
1050 803 1102 857 in
1144 816 1303 868 aere;
1337 803 1393 858 in
1427 800 1694 874 aliquibus
1729 815 1860 857 vero

260 899 566 955 Btrictiores
586 937 601 961 ,
636 904 694 949 ut
726 895 780 951 in
808 894 1005 965 lapide.
1042 893 1168 953 Ideo
1204 908 1539 965 unaquaeque
1567 907 1654 949 res
1683 901 1857 947 mate-

262 990 379 1057 riaa,
413 987 706 1044 secundum
753 986 977 1057 gradum
1024 999 1137 1042 suae
1179 987 1569 1057 elongationis,
1610 1000 1641 1039 a
1686 988 1859 1056 prima

264 1080 483 1135 unitatis
504 1077 713 1148 origine
745 1077 939 1146 recipit
966 1077 1230 1133 unitatem
1255 1121 1269 1144 ,
1302 1093 1421 1146 qua:
1447 1076 1660 1147 dignior
1683 1086 1769 1132 est
1794 1091 1862 1132 ex

264 1186 362 1226 sua
396 1170 692 1241 aptitudine
728 1187 740 1223 :
772 1170 899 1225 inde
941 1178 1023 1225 est
1062 1170 1202 1241 quod
1233 1169 1477 1225 videmus
1510 1176 1689 1243 partes
1724 1170 1862 1238 ignis

266 1262 430 1333 nimis
457 1262 661 1326 unitas,
696 1260 969 1334 simplices
1002 1272 1056 1319 et
1082 1260 1314 1333 aequales
1349 1261 1516 1325 adeo,
1574 1262 1716 1333 quod
1756 1261 1863 1317 for~

268 1368 357 1409 tua
392 1356 506 1423 ejus
530 1352 741 1408 videtur
774 1367 901 1417 una,
936 1368 1039 1407 non
1082 1356 1284 1408 habens
1310 1351 1362 1409 in
1388 1367 1445 1409 se
1472 1352 1861 1409 diversitatem.

190 1472 201 1487 ι
270 1448 457 1505 Partes
488 1461 614 1502 vero
643 1445 784 1502 aeris
813 1454 869 1501 et
897 1462 1050 1517 aqua:
1092 1447 1393 1502 invenimus
1426 1448 1593 1517 magis
1633 1446 1862 1502 diversi-

270 1543 454 1598 ficatas
484 1552 537 1599 et
565 1550 873 1614 separatas,
906 1542 1039 1597 adeo
1072 1543 1212 1613 quod
1238 1552 1415 1613 partes
1446 1557 1632 1598 eorum
1660 1550 1714 1597 et
1740 1530 1865 1598 uni-‘-

272 1642 414 1691 tates
447 1635 677 1691 discerni
710 1644 954 1707 possunt.
988 1634 1043 1689 ln
1080 1634 1231 1690 duris
1260 1643 1438 1690 autem
1468 1633 1788 1705 corporibus
1814 1642 1869 1690 et

273 1729 465 1798 spissis
487 1729 704 1784 unitatis
721 1729 832 1801 jam
862 1730 1035 1800 major
1058 1727 1344 1785 diversitas
1364 1737 1420 1786 et
1442 1729 1741 1785 obscuritas
1762 1741 1861 1785 est.

274 1823 408 1892 Quia
450 1824 609 1894 igitur
647 1824 868 1878 materia
902 1822 955 1877 in
987 1825 1251 1894 supremis
1299 1822 1528 1889 formata
1557 1832 1643 1881 est
1673 1824 1871 1880 intelli-

1924 640 1925 643 η
1968 618 2025 664 ut
2050 610 2269 681 angelus
2297 621 2349 667 et
2373 613 2572 679 anima,
2596 628 2824 685 quorum
2854 610 3269 681 unumquodque
3286 618 3372 667 est
3389 626 3557 666 unum

258 728 376 769 rum
400 752 413 775 ,
442 722 496 765 et
527 710 626 763 hoc
666 717 886 779 propter
911 706 1264 777 quantitatem
1284 745 1301 771 ,
1328 704 1444 777 ejus
1472 712 1652 776 partes
1680 702 1731 759 in
1764 702 1859 758 all-
1928 702 1929 707 “

1967 699 2351 772 conjunctione
2379 705 2617 761 materia:
2653 714 2709 762 et
2748 705 2961 760 formae.
3002 704 3157 761 Aliud
3185 714 3269 761 est
3296 704 3561 760 continui-

1965 804 2076 850 tate
2102 810 2291 863 unum,
2317 804 2378 855 ut
2400 797 2559 855 arbor
2582 806 2636 854 et
2665 807 2837 869 petra.
2871 797 3029 853 Aliud
3061 806 3145 854 est
3171 798 3562 869 compositione

1968 902 2133 943 unum
2155 929 2171 957 ,
2203 896 2262 943 ut
2295 902 2360 944 ex
2400 888 2583 945 multis
2614 876 2810 955 tabulis
2840 906 2945 945 una
2975 905 3099 946 arca
3120 935 3136 960 ,
3167 892 3255 948 vel
3282 906 3349 947 ex
3377 891 3563 945 multis

1967 980 2261 1051 parietibus
2291 998 2395 1036 una
2425 982 2636 1037 domus.
2677 983 2795 1039 Alia
2824 983 3078 1039 dicuntur
3113 1000 3279 1040 unum
3309 999 3562 1055 aggrega-

1968 1074 2145 1141 tione,
2190 1084 2248 1129 ut
2296 1074 2561 1146 populus,
2612 1090 2782 1146 grex,
2825 1076 3111 1147 congeries
3159 1076 3429 1147 lapidum,
3478 1075 3563 1131 vel

1901 1220 1911 1229 ,
1967 1183 2191 1223 acervus
2228 1167 2411 1223 tritici.
2452 1167 2567 1224 Alia
2612 1168 2862 1225 dicuntur
2896 1169 3274 1239 praepositione
3300 1184 3464 1224 unum
3503 1177 3563 1223 ut

1970 1270 2151 1315 rector
2183 1261 2364 1327 navis,
2394 1268 2449 1313 et
2476 1259 2802 1329 gubernator
2826 1258 3058 1315 civitatis
3088 1260 3337 1315 dicuntur
3364 1276 3562 1325 unum,

1970 1351 2322 1408 'sintilitudine
2365 1349 2548 1407 officii.
2591 1349 2709 1406 Alia
2750 1348 3003 1405 dicuntur
3044 1365 3205 1406 unum
3247 1348 3566 1419 accidente,

1966 1450 2032 1501 ‘ut
2060 1445 2275 1503 diversa
2300 1444 2538 1515 subjecta
2563 1442 2806 1515 ejusdem
2830 1444 3100 1525 qualitatis
3120 1444 3371 1502 dicuntur
3397 1461 3563 1502 unum

1966 1536 2025 1595 in
2056 1556 2117 1596 ea
2144 1540 2433 1611 qualitate,
2464 1540 2601 1611 sicut
2634 1539 2728 1595 nix
2758 1550 2813 1597 et
2838 1555 3039 1614 cygnus
3071 1558 3232 1596 unum
3260 1551 3388 1597 sunt
3419 1540 3565 1596 albe-

1973 1635 2119 1689 dine.
2162 1634 2277 1689 Alia
2308 1632 2562 1689 dicuntur
2590 1650 2757 1688 unum
2787 1649 3046 1702 numero,
3079 1644 3137 1688 ttt
3170 1633 3385 1689 diversa
3422 1632 3567 1688 acci-

1974 1727 2152 1783 dentia
2192 1743 2311 1799 quae
2363 1727 2538 1784 eidem
2596 1729 2840 1800 subjecto
2888 1730 3069 1785 insunt
3108 1729 3359 1785 dicuntur
3401 1745 3569 1797 unum

1978 1838 2204 1877 numero
2224 1862 2239 1887 ,
2272 1821 2325 1877 id
2356 1830 2439 1877 est
2468 1822 2520 1877 in
2549 1823 2884 1881 numerando
2904 1866 2917 1890 ,
2947 1832 3006 1879 ut
3036 1823 3139 1879 hoc
3166 1822 3353 1892 dulce,
3385 1832 3438 1877 et
3468 1802 3569 1899 hoc

273 1917 472 1986 gentia:
519 1916 719 1983 forma,
768 1927 821 1973 et
866 1917 1033 1972 forma
1084 1918 1367 1973 rationalis
1409 1905 1634 1985 animae,
1673 1919 1869 1981 deinde
1899 1906 1950 1968 B
1976 1914 2283 1981 ceruleum,
2317 1915 2400 1974 vel
2434 1915 2536 1971 hoc
2582 1918 2827 1987 longum,
2871 1918 2955 1972 vel
2983 1917 3086 1972 hoc
3125 1917 3312 1971 latum.
3347 1916 3460 1970 Alia
3490 1913 3570 1969 di-

276 2018 462 2080 postea
489 2009 658 2063 l'orma
689 2009 881 2064 animm
913 2009 1183 2066 sensibilis
1204 2051 1219 2075 ,
1248 2008 1445 2065 deinde
1474 2010 1643 2066 forma
1673 2012 1869 2066 animo

277 2101 609 2171 vegetabilis,
634 2101 831 2157 deinde
859 2102 1028 2157 forma
1060 2112 1288 2169 naturae,
1321 2102 1386 2157 ad
1420 2103 1664 2160 ultimum
1693 2115 1871 2162 autem

276 2192 399 2247 linis
440 2204 523 2247 est
563 2193 733 2249 forma
762 2194 1034 2265 corporis,
1068 2193 1153 2251 hic
1194 2210 1301 2250 non
1332 2195 1524 2252 accidit
1549 2212 1617 2253 ex
1645 2198 1872 2254 diversi-

276 2294 388 2342 tate
414 2289 628 2343 virtutis
650 2289 879 2359 agentis,
905 2289 999 2344 sed
1031 2304 1095 2343 ex
1123 2288 1419 2358 aptitudine
1444 2292 1682 2345 materia:
1705 2292 1876 2347 susci-

281 2379 497 2449 pientis.
539 2379 732 2434 Forma
761 2380 905 2436 enim
935 2390 1017 2435 est
1040 2380 1189 2452 quasi
1221 2381 1398 2437 lumen
1418 2426 1432 2451 ,
1466 2396 1532 2437 eo
1569 2383 1709 2452 quod
1740 2382 1877 2438 sicut

281 2485 379 2542 per
421 2471 603 2527 lumen
648 2486 737 2526 res
779 2472 1018 2537 videtur,
1058 2472 1137 2527 sic
1170 2488 1265 2543 per
1304 2470 1530 2531 formam
1562 2472 1793 2544 cognitio
1823 2484 1878 2530 et

277 2563 501 2620 scientia
522 2564 597 2620 rei
618 2563 861 2632 habetur,
883 2579 988 2620 non
1009 2581 1103 2635 per
1121 2566 1430 2632 materiam;
1466 2564 1559 2620 sed
1578 2564 1681 2621 hoc
1698 2566 1878 2621 lumen

279 2654 336 2713 in
385 2656 705 2728 quibusdam
734 2668 819 2712 est
858 2657 1091 2728 clarius,
1126 2656 1177 2712 in
1210 2656 1525 2727 quibusdam
1566 2657 1877 2723 obscurius,

285 2762 447 2824 prout
496 2752 719 2807 materia
766 2752 849 2807 cui
902 2751 1204 2807 infunditur
1246 2750 1416 2807 forma
1460 2760 1543 2807 est
1588 2751 1784 2808 clarior
1828 2761 1883 2808 et

282 2843 586 2899 obscurior.
638 2845 754 2913 Quo
801 2845 946 2900 enim
999 2846 1219 2901 materia
1271 2838 1429 2911 fuerit
1476 2845 1777 2914 sublimior,
1825 2848 1885 2901 fit

280 2934 533 2991 Subtilior
577 2944 631 2991 et
672 2947 985 3007 penetratur
1034 2945 1142 2991 tota
1192 2951 1221 2991 a
1254 2936 1489 3007 lumine,
1527 2947 1582 2992 et
1608 2937 1729 2993 ideo
1758 2938 1885 2993 sub-

281 3032 478 3086 stantia
511 3030 623 3102 ipsa
656 3031 954 3103 sapientior
984 3042 1039 3088 et
1070 3033 1383 3104 perfeCtior,
1418 3033 1558 3089 sicut
1584 3033 1883 3106 intelligen-

282 3127 360 3181 tia
400 3135 454 3182 et
492 3127 771 3182 rationalis
809 3128 1009 3181 anima.
1045 3127 1110 3183 Et
1152 3142 1184 3183 e
1225 3142 1492 3183 converso
1521 3144 1628 3197 quo
1660 3127 1885 3185 materia

218 3256 227 3263 -
284 3217 449 3272 fuerit
490 3217 734 3284 inferior,
766 3219 823 3273 fit
867 3218 1112 3289 spissior,
1142 3228 1193 3274 et
1224 3219 1530 3287 obscurior,
1562 3230 1615 3276 et
1655 3237 1759 3275 non
1810 3222 1882 3274 ita

1975 2018 2172 2065 cuntur
2216 2023 2378 2062 unum
2426 2010 2667 2075 ratione,
2708 2008 2804 2064 sed
2840 2010 2938 2065 hoc
2970 2009 3181 2065 duobus
3208 2008 3414 2074 modis,
3444 2005 3570 2083 quia

1978 2101 2188 2156 ratione
2217 2101 2511 2169 consortii,
2544 2108 2603 2155 ut
2631 2101 3108 2168 ens',.intellectus
3134 2113 3189 2156 et
3219 2116 3306 2157 res
3325 2142 3341 2169 ,
3373 2097 3572 2170 aliquid

1978 2205 2032 2249 et
2063 2194 2384 2248 vocabulum
2418 2209 2580 2247 unum
2629 2210 2832 2264 genus;
2859 2193 2943 2251 vel
2976 2183 3186 2249 ratione
3218 2193 3375 2247 unius
3395 2206 3573 2247 sacra-

1980 2285 2178 2351 menti,
2212 2294 2269 2339 ut
2305 2285 2548 2356 spiritus,
2596 2301 2730 2355 aqua
2776 2296 2829 2339 et
2858 2284 3077 2357 sanguis
3106 2284 3359 2339 dicuntur
3386 2298 3571 2337 unum.

1982 2378 2099 2434 Alia
2130 2378 2382 2434 dicuntur
2412 2388 2599 2433 natura
2630 2394 2790 2435 unum
2815 2423 2830 2446 ,
2856 2386 2915 2434 ut
2942 2377 3352 2449 participatiOne
3378 2375 3577 2447 speciei

1983 2473 2162 2544 plures
2201 2471 2446 2527 homines
2488 2488 2643 2528 unus.
2693 2471 2809 2528 Alia
2854 2466 3108 2527 dicuntUr
3147 2485 3315 2526 unum
3361 2470 3577 2525 natione

1981 2566 2066 2621 vel
2109 2565 2321 2635 lingua,
2362 2574 2419 2620 ut
2448 2565 2601 2623 multi
2645 2564 2890 2625 homines
2920 2563 3173 2619 dicuntur
3204 2578 3311 2619 una
3338 2577 3469 2634 gens
3490 2561 3581 2619 vel

1976 2674 2087 2713 una
2118 2658 2312 2715 tribus.
2342 2656 2458 2712 Alia
2488 2657 2741 2712 dicuntur
2768 2672 2931 2710 unum
2963 2671 3145 2724 more,
3173 2656 3268 2711 sed
3306 2655 3410 2710 hoc
3444 2653 3578 2710 duo-

1985 2751 2083 2808 bus
2124 2750 2326 2819 modis,
2373 2750 2457 2805 vel
2496 2748 2618 2821 quia
2661 2748 2956 2805 secundum
3009 2762 3334 2804 consensum
3370 2746 3580 2802 virtutis

1987 2857 2040 2901 et
2070 2844 2408 2911 dilectionis,
2440 2854 2500 2899 ut
2542 2841 2899 2899 multitudinis
2942 2842 3276 2897 credentium
3324 2850 3443 2897 erat
3484 2854 3580 2895 cor

1988 2954 2152 2992 unum
2182 2948 2235 2993 et
2264 2936 2461 2992 anima.
2495 2935 2593 2991 Vel
2646 2934 2943 2991 secundum
2975 2948 3298 2990 consensum
3338 2930 3581 3002 ejusdem

1989 3031 2103 3086 vitii
2137 3031 2317 3101 plures
2342 3030 2594 3084 homines
2624 3028 2879 3083 dicuntur
2908 3041 3071 3082 unum
3093 3070 3107 3094 ,
3141 3035 3198 3082 ut
3222 3026 3312 3098 qui
3338 3024 3582 3084 adhaeret

1992 3124 2261 3179 meretrici
2288 3138 2451 3179 unum
2481 3135 2678 3194 corpus
2709 3120 2961 3177 efficitur.
2996 3118 3085 3175 Sic
3111 3119 3289 3174 omnia
3317 3119 3580 3175 unitatem

1992 3227 2288 3288 appetunt,
2326 3226 2382 3270 ιιι
2424 3217 2583 3271 etiam
2631 3229 2691 3270 ea
2730 3206 2897 3267 multa
2937 3221 3059 3267 sunt
3097 3226 3217 3282 qua:
3262 3226 3427 3267 unum
3469 3209 3580 3287 diei

285 3320 603 3382 penetratur
644 3284 940 3378 alumine,
973 3327 1079 3383 quo
1098 3284 1330 3377 materia
1361 3284 1529 3381 magis
1569 3313 1878 3378 descendit,
1908 3284 1961 3352 ο
1989 3284 2196 3365 volunt.
2230 3309 2578 3377 Quaecunque
2628 3307 2771 3361 enim
2817 3319 2943 3363 sunt
2992 3306 3130 3363 idem
3172 3303 3312 3377 quod
3358 3313 3481 3359 sunt
3524 3284 3583 3361 ut

284 3407 425 3466 sicut
442 3410 551 3476 jam
575 3421 732 3475 supra
755 3406 956 3461 dictum
979 3414 1081 3473 est,
1112 3406 1513 3475 constringitur,
1542 3414 1596 3461 et
1619 3406 1882 3476 Spissatur

286 3508 341 3553 et
367 3500 794 3571 corpulentatur,
825 3508 881 3555 et
908 3509 1090 3569 partes
1119 3500 1235 3568 ejus
1270 3499 1461 3565 media:
1490 3500 1775 3571 prohibent
1802 3498 1882 3554 ul-

288 3592 450 3646 timas
482 3593 714 3661 perfecte
739 3592 1009 3662 penetrari
1036 3608 1062 3646 a
1087 3592 1307 3647 lumine.
1337 3592 1452 3657 Non
1476 3592 1617 3650 enim
1645 3601 1730 3649 est
1760 3609 1881 3664 pos-

287 3685 451 3739 sibile
483 3694 538 3739 ut
570 3693 773 3739 tantum
804 3685 1021 3741 luminis
1062 3695 1310 3756 penetret
1351 3686 1674 3753 secundam,
1714 3703 1884 3757 quan-

289 3787 404 3832 tum
441 3776 665 3847 primam
685 3818 701 3843 ,
732 3792 843 3849 nec
863 3778 929 3833 ad
961 3778 1171 3837 tertiam
1202 3788 1405 3835 tantum
1446 3781 1660 3837 luminis
1692 3796 1882 3852 perve-

289 3871 406 3925 niat
444 3880 701 3941 quantum
756 3872 821 3925 ad
871 3871 1134 3937 mediam,
1185 3881 1239 3927 et
1286 3873 1365 3935 sic
1412 3872 1667 3940 paulatim
1716 3873 1887 3927 douec

290 3963 639 4036 pervenietur
666 3980 834 4035 usque
861 3964 927 4021 ad
954 3974 1161 4035 partem
1189 3966 1430 4021 materiae
1464 3965 1724 4023 infimam.
1757 3966 1887 4034 Quae

291 4057 419 4128 quia
452 4057 812 4115 remotissima
848 4067 931 4116 est
960 4074 991 4114 a
1023 4059 1167 4114 fonte
1196 4059 1447 4129 luminis,
1481 4062 1661 4117 lumen
1691 4060 1888 4117 debili-

292 4164 438 4209 tatur
465 4154 518 4210 in
542 4154 655 4223 illa,
681 4170 779 4210 nec
806 4165 982 4211 tamen
1008 4155 1130 4222 hoc,
1154 4156 1292 4210 sicut
1311 4155 1511 4210 dictum
1533 4166 1636 4221 est,
1666 4164 1883 4226 propter

293 4247 479 4303 lumen
508 4247 561 4302 in
602 4263 693 4313 se,
724 4247 819 4303 sed
852 4258 1067 4319 propter
1095 4249 1313 4303 multam
1342 4248 1680 4304 debilitatem
1711 4260 1765 4305 et
1792 4250 1888 4306 ob-

292 4340 606 4397 sc‘uritatem
663 4342 905 4399 materia:
961 4341 1014 4397 in
1063 4356 1141 4397 se.
1195 4341 1656 4409 Quemadmodum
1708 4342 1890 4397 lumen

291 4433 460 4498 so‘is,
490 4448 610 4487 cum
640 4433 967 4488 admiscetur
998 4433 1288 4488 tenebroso
1319 4433 1427 4489 aeri
1450 4477 1463 4501 ,
1497 4448 1604 4487 non
1634 4442 1717 4488 est
1745 4433 1890 4489 illius

294 4525 510 4578 virtutis
536 4523 689 4594 cujus
718 4534 797 4580 est
829 4524 1116 4579 admistum
1148 4526 1296 4580 claro
1343 4525 1489 4589 aeri;
1524 4524 1606 4579 vel
1634 4526 1892 4595 quemad-

295 4618 520 4674 modum
570 4634 777 4687 paunus
814 4619 967 4675 albus
1018 4621 1363 4677 tenuissimus
1406 4635 1528 4676 cum
1578 4620 1817 4676 induitur
1862 4636 1891 4674 a

1988 3419 2117 3458 vera
2160 3402 2362 3457 unitate
2392 3414 2514 3456 esse
2544 3409 2810 3466 nituntur,
2842 3408 2902 3455 ut
2924 3414 3043 3455 eam
3071 3397 3376 3455 simulando
3404 3395 3583 3451 nitun~
3644 3388 3653 3397 ’

1991 3503 2098 3548 tur.
2150 3490 2416 3563 Quidquid
2469 3490 2615 3547 enim
2664 3491 2747 3547 vel
2799 3500 2883 3546 est
2930 3506 3128 3557 unum,
3171 3488 3257 3546 vel
3294 3496 3379 3545 est
3408 3487 3582 3558 plura.

1990 3576 2276 3640 Pluralitas
2317 3594 2496 3639 autem
2527 3598 2633 3638 non
2662 3593 2746 3639 est
2772 3582 2873 3639 nisi
2906 3598 2973 3639 ex
2998 3582 3375 3655 aggregatione
3406 3581 3584 3636 unita-

1992 3689 2103 3734 tum
2134 3695 2147 3735 :
2179 3694 2298 3749 quae
2328 3677 2564 3732 unitates
2587 3676 2633 3731 si
2663 3686 2789 3735 sunt
2827 3678 3169 3748 disgregatze,
3208 3676 3412 3731 faciunt
3441 3674 3584 3730 mul-

1994 3770 2305 3835 titudinem;
2348 3771 2427 3823 sin
2478 3783 2607 3823 vero
2650 3767 2848 3824 fuerint
2888 3768 3159 3822 continuze
3211 3767 3263 3820 in
3314 3765 3580 3828 materia,

1995 3866 2199 3921 faciunt
2256 3862 2699 3933 magnitudinem.
2773 3863 3110 3930 Quapropter
3166 3858 3307 3913 inter
3356 3858 3588 3911 unitates

1994 3957 2310 4030 quantitatis
2344 3957 2591 4011 discretae
2623 3964 2677 4009 et
2718 3952 2947 4009 unitates
2976 3950 3293 4022 quantitatis
3319 3949 3588 4003 continua

1994 4048 2337 4107 subsistentis
2362 4049 2425 4102 .in
2467 4046 2689 4101 materia
2720 4044 2851 4100 nihil
2889 4042 3141 4111 interest,
3183 4038 3308 4113 quia
3340 4038 3443 4094 illae
3474 4038 3587 4092 dis-

1995 4152 2228 4214 gregatae
2248 4150 2374 4197 sunt
2393 4150 2450 4197 et
2476 4140 2582 4195 iure
2610 4139 2900 4195 continua.
2934 4138 3258 4193 Continuum
3280 4148 3455 4206 genus
3480 4146 3590 4187 non

1992 4246 2081 4294 est
2121 4236 2220 4291 nisi
2267 4250 2332 4290 ex
2374 4234 2641 4298 discreto,
2688 4230 2812 4302 quia
2863 4229 3170 4285 intellectus
3218 4225 3593 4281 continuitatis

1994 4345 2099 4387 non
2130 4339 2213 4385 est
2242 4331 2294 4385 in
2322 4328 2607 4395 continuo,
2638 4326 2741 4381 nisi
2770 4323 3102 4381 continuatio
3136 4321 3589 4392 disgregatorum.

1996 4425 2065 4480 At
2091 4430 2308 4492 propter
2342 4420 2445 4475 hoc
2470 4432 2697 4475 necesse
2719 4426 2802 4473 est
2833 4425 2891 4471 ut
2914 4415 3168 4470 continua
3190 4410 3461 4483 quantitas
3486 4424 3594 4465 non

1998 4515 2251 4570 adveniat
2298 4512 2351 4567 in
2404 4510 2699 4567 substantia
2752 4507 2853 4563 nisi
2900 4522 2964 4562 ex
3016 4503 3328 4561 unitatibus.
3371 4501 3597 4571 Quando

1999 4610 2142 4664 enim
2174 4604 2715 4678 partequuatttitatis
2741 4598 3065 4672 signaveris,
3094 4610 3317 4653 necesse
3343 4604 3427 4651 est
3455 4603 3512 4649 ut
3532 4594 3600 4655 sit

297 4726 532 4781 corpore
576 4713 727 4781 nigro
757 4712 1055 4768 occultatur
1082 4712 1286 4768 candor
1312 4714 1428 4782 ejus
1471 4721 1689 4783 propter
1717 4715 1881 4769 abun-

2007 4671 2285 4753 unum-vel
2316 4671 2487 4767 plura.
2517 4693 2622 4750 Sed
2652 4671 2827 4747 omnis
2854 4690 3133 4760 pluralitas
3159 4688 3238 4759 (ut
3261 4687 3462 4741 dictum
3489 4682 3596 4754 εει)

296 4806 538 4860 dantiam
581 4805 906 4875 nigrediuis;
932 4808 1023 4879 _vel
1069 4808 1519 4878 quemadmodum
1563 4809 1608 4863 si
1659 4817 1767 4864 tres
1811 4812 1895 4867 vel

298 4900 488 4970 plures
532 4901 776 4955 fenestrae
813 4901 994 4955 vitrea:
1027 4884 1127 4955 una
1177 4912 1294 4971 post
1331 4902 1489 4956 aliam
1522 4911 1671 4958 recte
1706 4913 1896 4958 contra

298 4992 513 5047 radium
546 4994 675 5049 solis
718 4994 1072 5065 disponantur
1120 4995 1172 5050 in
1222 4994 1440 5067 ordine,
1483 5004 1695 5052 constat
1732 4996 1898 5068 siqui-

301 5091 430 5147 dem
454 5092 593 5161 quod
616 5093 851 5159 secunda
873 5092 1048 5147 minus
1072 5094 1265 5163 recipit
1284 5092 1500 5157 luminis
1518 5108 1676 5164 quam
1700 5093 1893 5163 prima,

300 5190 360 5238 et
384 5184 539 5237 tertia
569 5184 747 5238 minus
776 5199 934 5253 quam
972 5168 1202 5240 secunda
1229 5202 1243 5250 ;
1273 5193 1327 5241 et
1353 5186 1432 5240 sic
1463 5200 1631 5256 usque
1662 5185 1728 5240 ad
1770 5186 1898 5241 ulti-

303 5293 452 5334 mam
488 5278 543 5333 lit
574 5278 815 5334 defectus
854 5277 1072 5333 luminis
1100 5294 1205 5334 non
1248 5287 1466 5350 propter
1508 5280 1687 5336 lumen
1724 5281 1775 5336 in
1805 5294 1898 5349 se,

301 5372 402 5428 sed
434 5383 650 5443 propter
678 5372 1069 5443 elongationem
1106 5371 1354 5429 fenestrae
1386 5374 1574 5431 vitrea:
1605 5390 1635 5429 a
1669 5376 1898 5431 lumine:

301 5464 381 5520 ita
414 5473 469 5518 ut
497 5464 674 5517 lumen
704 5462 895 5517 formae,
931 5463 1153 5517 unitatis
1177 5462 1318 5533 quod
1350 5462 1581 5518 infusum
1625 5474 1707 5521 est
1735 5477 1904 5521 maleo

301 5559 407 5613 riae
429 5556 806 5612 descendendo
831 5555 922 5609 liat
946 5552 1123 5611 debile
1149 5561 1204 5611 et
1227 5554 1540 5625 obscurum,
1575 5557 1646 5610 ita
1676 5557 1905 5627 primum

304 5648 427 5717 ejus
453 5648 678 5703 multum
700 5647 969 5720 discrepet
989 5664 1015 5701 a
1044 5646 1242 5713 medio,
1270 5656 1324 5702 et
1345 5647 1579 5703 medium
1604 5648 1671 5703 ab
1693 5649 1905 5717 ultimo,

304 5748 367 5795 et
413 5747 631 5810 propter
681 5740 817 5796 hanc
856 5738 1223 5795 diversitatem
1275 5737 1461 5793 forma:
1509 5739 1763 5805 unitatis,
1800 5757 1906 5797 non

306 5836 424 5875 uno
456 5821 645 5885 modo,
681 5823 775 5877 sed
818 5821 1083 5891 pluribus,
1108 5821 1304 5877 dicitur
1348 5821 1546 5891 aliquid
1595 5820 1661 5875 ab
1707 5823 1908 5879 unitate

216 5958 225 5963 .
308 5922 506 5970 tinum.
554 5912 727 5970 Unum
777 5914 919 5970 enim
961 5913 1105 5975 aliud
1152 5920 1236 5970 est
1279 5914 1527 5970 essentia:
1569 5912 1909 5985 simplicitate

2006 4810 2071 4848 ex
2116 4791 2410 4847 unitatibus
2450 4802 2554 4844 eet.
2588 4787 2743 4842 Unde
2774 4794 2960 4855 aperte
3004 4782 3160 4837 datur
3190 4780 3409 4873 intelligi
3455 4776 3601 4847 quod

2004 4889 2251 4944 discreta:
2286 4894 2341 4940 et
2383 4883 2653 4939 continua:
2697 4877 3009 4948 quantitatis
3052 4875 3206 4932 radix
3252 4888 3353 4929 una
3391 4879 3502 4936 est,
3534 4883 3600 4924 eo

2007 4990 2148 5064 quod
2182 4987 2482 5057 composita
2532 4993 2659 5040 sunt
2702 4998 2766 5039 ex
2798 4995 2900 5037 una
2941 4996 3030 5048 re,
3061 4989 3116 5036 et
3154 4978 3495 5035 resolvuntur
3532 4973 3602 5029 ad

2009 5107 2198 5149 unum.
2232 5090 2299 5144 Et
2330 5089 2488 5143 etiam
2521 5087 2645 5159 quia
2676 5084 2920 5155 corporis
2952 5092 3132 5155 partes
3159 5094 3266 5150 quo
3294 5077 3464 5148 magis
3489 5076 3603 5131 fue-

2015 5198 2125 5253 rint
2153 5194 2254 5250 sibi
2284 5191 2586 5262 conjuncta:
2616 5200 2670 5245 et
2696 5187 3035 5252 constrictae,
3066 5184 3241 5254 ipsum
3275 5193 3472 5249 corpus
3501 5178 3604 5236 erit

2012 5297 2239 5369 spissius
2263 5304 2319 5351 et
2344 5292 2514 5363 magis
2538 5299 2815 5363 quantum,
2856 5297 2913 5344 ut
2950 5285 3171 5357 lapidis;
3199 5294 3252 5339 et
3272 5298 3303 5338 e
3342 5296 3605 5337 converso

2008 5417 2116 5473 quo
2144 5399 2315 5470 magis
2344 5396 2545 5453 fuerint
2570 5404 2753 5465 partes
2780 5390 3023 5461 corpOris
3054 5388 3329 5443 dissolutae
3358 5393 3414 5441 et
3450 5384 3605 5451 latae,

2011 5502 2188 5573 ipsum
2219 5500 2323 5556 erit
2366 5496 2617 5554 subtilius
2656 5502 2711 5550 et
2740 5493 2912 5549 levius
2942 5499 2999 5547 et
3026 5490 3201 5544 minus
3232 5496 3511 5559 quantum,
3546 5494 3605 5541 ut

2014 5621 2131 5661 aer.
2175 5601 2372 5658 Verum
2414 5606 2498 5654 est
2531 5595 2691 5667 igitur
2726 5591 2874 5664 quod
2914 5592 3168 5648 continua
3195 5589 3466 5660 quantitas
3500 5600 3608 5646 non

2014 5708 2169 5765 venit
2197 5706 2252 5761 in
2284 5701 2671 5766 substantiam,
2699 5697 2801 5752 nisi
2842 5710 2910 5752 ex
2953 5694 3331 5764 conjunctione
3377 5700 3434 5749 et
3477 5705 3609 5751 con.

2016 5810 2311 5868 structione
2360 5808 2622 5863 unitatum
2676 5802 2731 5858 in
2779 5801 2890 5857 illa.
2941 5797 3132 5857 Unitas
3172 5798 3336 5867 igitur
3378 5808 3459 5853 est
3504 5810 3611 5870 qoa

2010 5926 2345 5984 unaquaeque
2375 5924 2463 5965 res
2489 5920 2594 5963 una
2617 5913 2734 5973 est,
2764 5911 2819 5960 et
2844 5910 2927 5959 est
2956 5900 3011 5957 id
3040 5900 3185 5971 quod
3213 5909 3296 5955 est
