4022 6366
1694 362 1807 420 ΑΝ.
1848 362 2057 421 MANL.
2094 360 2246 420 SEV.
2290 358 2516 418 BOE'I'II
2604 378 2607 381 ·

1041 603 1315 711 ΑΝ.
1450 601 1945 707 MANL.
2087 596 2440 704 SEV.
2576 595 3120 706 ΒΟΕΤΙΙ

1315 816 1558 941 DE
1648 809 2916 942 ARITHMETICA

1844 1030 2112 1110 LIBRI
2142 1030 2385 1126 DUO,

1076 1188 1469 1247 PREFATIO.
1586 1250 1593 1255 ,
1618 1190 1625 1193 ’

536 1284 609 1340 1η
629 1284 818 1341 dandis
839 1282 1254 1355 accipiendisque
1280 1283 1596 1351 muneribus,
1624 1283 1697 1337 ita
1721 1289 1857 1338 recte
1877 1283 2060 1353 oﬁicia,

469 1378 729 1447 nrtecipue
770 1378 905 1432 inter
936 1391 1022 1432 eos
1051 1378 1140 1446 qui
1166 1392 1273 1431 sese
1303 1376 1693 1448 magnifaciunt,
1722 1377 2062 1444 aestimantur,

466 1471 515 1525 si
558 1471 752 1541 liquido
792 1469 1075 1536 constabit,
1107 1487 1197 1524 nec
1225 1469 1287 1523 ab
1317 1468 1415 1523 hoc
1449 1468 1596 1523 aliud
1620 1470 1758 1540 quod
1804 1468 2066 1524 liberalius

467 1562 679 1630 afferret
700 1564 979 1637 inventum,
1001 1578 1091 1618 nec
1118 1563 1181 1616 ab
1210 1561 1302 1616 illo
1332 1578 1580 1633 unquam,
1603 1562 1740 1633 quod
1775 1562 2065 1635 jucundius

469 1654 814 1711 benevolentia
844 1656 1258 1727 complecteretur
1288 1666 1568 1726 acceptum.
1597 1654 1727 1709 Ha-c
1754 1655 1866 1724 ipse
1892 1656 2062 1709 consi-

468 1749 676 1813 derans,
711 1747 861 1801 attuli
881 1763 982 1800 non
1009 1747 1192 1818 ignava
1221 1763 1374 1815 opum
1406 1747 1657 1818 pondera,
1687 1748 1870 1817 quibus
1894 1748 1963 1801 ad
1982 1751 2065 1817 fa-

466 1842 614 1895 cinus
642 1840 771 1894 nihil
796 1841 1095 1894 instructius
1120 1848 1215 1907 est,
1248 1856 1362 1893 cum
1388 1840 1608 1894 habendi
1634 1840 1745 1895 sitis
1771 1840 2059 1894 incanduit.

465 1934 550 1990 Ad
576 1934 812 1989 meritum
838 1932 970 1987 nihil
997 1932 1169 2000 vilius,
1202 1949 1318 1987 cum
1347 1949 1406 1987 ea
1435 1932 1534 1987 sibi
1557 1933 1716 1987 victor
1737 1934 1937 1987 animus
1958 1933 2063 1987 cal-

465 2036 583 2082 cata
610 2027 844 2098 subjecit,
868 2025 957 2080 sed
983 2041 1042 2080 ea
1070 2042 1185 2096 qua!
1209 2042 1273 2080 ex
1301 2024 1601 2080 Gra'carum
1631 2024 1893 2096 apulentia
1923 2027 2062 2079 litte-

464 2121 731 2189 rarum,in
754 2119 1002 2175 Romanae
1023 2120 1270 2174 orationis
1292 2121 1590 2175 thesaurum
1610 2130 1812 2192 sumpta
1831 2120 2066 2174 convexi-

466 2232 600 2270 ntus.
627 2212 713 2271 Ita
742 2216 877 2269 enim
902 2216 1002 2269 mei
1028 2229 1224 2283 quoque
1251 2214 1421 2281 operis
1445 2212 1570 2266 mihi
1581 2213 1711 2266 ratio
1734 2213 2065 2278 constabit,si

394 2360 401 2375 ,
468 2324 584 2378 qua:
613 2325 677 2362 ex
701 2308 964 2380 sapientia:
992 2307 1241 2361 doctrinis
1272 2306 1445 2368 elicui.
1477 2306 1840 2377 sapientissimi
1861 2306 2064 2379 judicio

468 2399 883 2471 comprobentur.
926 2397 1078 2453 Vides
1110 2399 1269 2470 igitur
1296 2407 1352 2452 ut
1380 2407 1485 2452 tam
1508 2399 1682 2469 magni
1716 2398 1907 2454 laboris
1937 2398 2062 2466 e/I’e-

468 2498 601 2559 ctus,
631 2502 773 2546 tuum
803 2501 1000 2546 tantum
1023 2500 1278 2563 exspectet
1297 2506 1535 2557 examen,
1566 2506 1655 2545 nec
1686 2492 1737 2544 in
1768 2506 1919 2545 aures
1945 2506 2065 2559 pro-

2089 1188 2147 1252 Δ
2170 1191 2304 1244 enim
2345 1189 2438 1243 hoc
2469 1187 2731 1258 judicium
2762 1187 2938 1243 multis
2971 1187 3165 1242 artibus
3200 1188 3439 1259 probetur
3479 1191 3766 1260 excultum,

2168 1303 2271 1341 uno
2312 1294 2482 1341 tamen
2522 1286 2812 1339 cumulatur
2844 1285 3094 1338 examine.
3136 1283 3419 1354 Experiare
3448 1285 3613 1355 igitur
3654 1288 3767 1340 licet

2167 1388 2417 1451 quantum
2445 1378 2588 1432 nobis
2615 1378 2669 1431 in
2699 1377 2793 1431 hoc
2833 1377 3008 1431 studio
3039 1376 3205 1449 longis
3243 1384 3439 1431 tractus
3468 1378 3587 1431 otiis
3626 1378 3767 1431 labor

2167 1473 2437 1545 adjecerit.
2463 1472 2541 1525 An
2572 1487 2747 1525 rerum
2775 1469 3035 1526 subtilium
3074 1471 3223 1542 fugas
3257 1473 3556 1525 exercitatte
3586 1475 3765 1528 mentis

2166 1565 2403 1619 velocitas
2424 1561 2845 1634 comprehendat?
2864 1561 3047 1617 Utrum
3061 1563 3260 1634 jejuna:
3282 1564 3471 1617 macies
3494 1565 3766 1633 orationis,

2167 1658 2237 1711 ad
2264 1674 2325 1711 ea
2353 1672 2467 1727 quae
2495 1663 2613 1709 sunt
2639 1655 2981 1725 caligantibus
3016 1654 3263 1723 impedita
3290 1655 3581 1719 sententiis,
3616 1671 3766 1726 expc.

2167 1750 2355 1805 dienda
2381 1750 2638 1821 sufﬁciat?
2670 1749 2786 1815 Qua
2815 1750 2866 1802 in
2902 1765 2961 1802 re.
2993 1747 3116 1801 mihi
3150 1746 3309 1802 alieni
3334 1764 3540 1819 quoque
3572 1749 3765 1820 judicii

2167 1843 2313 1897 lucra
2342 1850 2664 1911 quazruntur,
2700 1856 2815 1894 cum
2854 1848 2933 1905 tu,
2956 1848 3286 1909 utrarumque
3312 1840 3655 1908 peritissimus
3686 1840 3766 1891 lit-

2168 1942 2417 2001 terarum,
2444 1933 2609 2003 possis
2630 1930 2808 1986 Graia:
2834 1932 3081 1986 orationis
3102 1931 3412 2003 expertibus,
3436 1938 3691 2001 quantum
3710 1931 3767 1984 de

2167 2029 2311 2082 nobis
2342 2027 2584 2101 judicare
2633 2026 2891 2090 audeant,
2944 2026 3057 2078 sola
3106 2034 3301 2079 tantum
3347 2025 3767 2095 pronuntiatione

2166 2120 2512 2190 prescribere.
2540 2121 2603 2175 At
2632 2137 2737 2174 non
2763 2119 2972 2173 alterius
3002 2118 3251 2172 obnoxius
3280 2118 3558 2196 institutis,
3589 2119 3769 2173 arctis-

2165 2216 2296 2271 sima
2323 2215 2617 2277 memetipse
2648 2212 3001 2267 translationis
3031 2212 3139 2282 lege’
3168 2212 3482 2287 constringo,
3524 2211 3611 2264 sed
3644 2228 3768 2280 pau-

2168 2308 2333 2363 lulum
2360 2308 2564 2361 liberius
2591 2313 2849 2377 evagatus,
2879 2304 3048 2358 alieno
3076 2304 3266 2368 itineri,
3298 2320 3400 2357 non
3437 2303 3663 2375 vestigiis
3687 2305 3770 2358 in-

2168 2405 2315 2458 sisto.
2345 2403 2483 2456 Nam
2510 2409 2556 2455 et
2584 2418 2643 2455 ea
2662 2417 2775 2469 qua:
2796 2400 2858 2454 de
2879 2400 3103 2454 numeris
3127 2416 3157 2452 a
3184 2397 3504 2454 Nicomacho
3526 2397 3770 2465 diffusius

2169 2498 2430 2569 disputata
2450 2504 2590 2562 sunt,
2606 2496 2872 2548 moderata
2898 2492 3139 2547 brevitate
3164 2489 3368 2562 collegi.
3392 2489 3457 2543 Et
3474 2497 3771 2558 qutetrans-

469 2586 582 2640 dire
606 2585 859 2655 publicas,
882 2586 979 2638 nisi
1002 2586 1165 2639 docta:
1184 2585 1445 2639 sententia:
1464 2584 1827 2654 astipulatione
1846 2584 2063 2641 nitatur.
2092 2575 2143 2638 Β
2170 2607 2319 2644 cursu
2374 2588 2602 2643 velocius
2650 2588 2997 2659 angustiorem
3054 2583 3407 2656 intelligentia:
3455 2584 3771 2652 prwstabant

468 2677 539 2734 In
566 2696 670 2751 quo
699 2678 829 2732 nihil
868 2677 1056 2732 mirum
1094 2678 1257 2731 videri
1296 2676 1461 2743 debet,
1504 2692 1621 2730 cum
1662 2677 1719 2730 id
1760 2692 1887 2746 apus
1928 2666 2064 2746 quod

468 2771 736 2842 sapientia:
774 2771 979 2824 inventa
1008 2770 1349 2841 persequitur,
1389 2784 1493 2823 non
1529 2770 1751 2823 auctoris
1780 2769 1868 2823 sed
1894 2767 2065 2823 alieno

468 2863 718 2919 incumbit
746 2862 978 2919 arbitrio.
1012 2862 1137 2918 Suis
1165 2864 1352 2934 quippe
1374 2865 1724 2918 instrumentis
1746 2879 1823 2916 res
1851 2863 2066 2917 rationis

468 2958 803 3027 expenditur,
828 2973 945 3011 cum
964 2957 1224 3030 judicium
1245 2956 1445 3027 cogitur
1464 2956 1631 3010 subire
1653 2956 1937 3027 prudentis.
1961 2954 2067 3010 Sed

468 3048 591 3103 huic
613 3049 942 3117 munusculo,
975 3065 1077 3103 non
1103 3048 1279 3103 eadem
1300 3065 1414 3119 qua:
1435 3050 1629 3103 ca’teris
1655 3050 1915 3102 imminent
1941 3048 2067 3101 arti-

470 3140 566 3196 bus
605 3142 920 3196 munimenta
959 3141 1231 3195 constituo.
1285 3139 1463 3212 Neque
1502 3140 1634 3193 enim
1677 3141 1783 3212 fere
1820 3139 1946 3205 ulla,
1993 3141 2067 3193 sic

471 3233 669 3290 cunctis
697 3233 936 3289 absoluta
978 3235 1228 3307 partibus,
1262 3234 1458 3289 nullius
1486 3235 1688 3307 indiga,
1722 3235 1827 3289 suis
1867 3244 2067 3287 tantum

470 3338 547 3384 est
587 3328 803 3397 scientia
840 3329 964 3383 nixa
1008 3328 1287 3399 praesidiis,
1320 3339 1376 3383 ut
1407 3344 1506 3382 non
1544 3339 1843 3381 cwterarum
1871 3343 2069 3397 quoque

472 3422 665 3476 artium
702 3421 1011 3492 adjumenta
1039 3419 1314 3475 desideret.
1355 3418 1495 3473 Nam
1522 3420 1576 3472 in
1619 3418 1900 3489 efﬁgiandis
1931 3418 2068 3471 mar-

471 3528 616 3567 more
640 3512 850 3577 statuis,
872 3511 1007 3565 alius
1034 3510 1327 3564 excidendw
1354 3510 1501 3564 molis
1532 3508 1675 3563 labor
1703 3518 1794 3574 est,
1828 3509 1933 3563 alia
1964 3509 2070 3579 for-

472 3604 678 3658 manda:
716 3601 960 3673 imaginis
993 3603 1146 3655 ratio.
1196 3598 1311 3655 Nec
1348 3601 1581 3666 eiusdem
1623 3600 1837 3669 artiﬁcis
1866 3616 2067 3667 manus,

473 3698 627 3767 politi
666 3696 835 3767 operis
864 3696 999 3751 nitor
1027 3705 1305 3766 exspectat.
1353 3698 1424 3751 Ac
1464 3696 1800 3767 depingendaz
1837 3697 2072 3753 manibus

476 3791 666 3846 tabulw
694 3791 979 3869 commissa;
1007 3790 1294 3859 fabrorum,
1328 3807 1473 3846 cteraD
1502 3793 1697 3845 rustica
1727 3791 2073 3847 observatione

476 3885 748 3955 decerpta,
781 3882 1012 3937 colorum
1044 3885 1151 3953 fuci
1173 3894 1512 3940 mercatorum
1541 3884 1752 3939 solertia
1784 3885 2068 3954 perquisiti,

2167 2685 2390 2749 aditum,
2432 2682 2679 2737 mediocri
2708 2681 2996 2755 adjectione
3025 2679 3266 2748 reseravi,
3306 2687 3363 2731 ut
3389 2676 3674 2747 aliquando
3700 2677 3770 2731 ad

2167 2776 2470 2831 evidentiam
2499 2788 2695 2843 rerum,
2727 2773 2914 2827 nostris
2936 2772 3090 2826 etiam
3120 2770 3355 2842 formulis
3381 2787 3444 2824 ac
3466 2771 3770 2840 descriptio-

2167 2870 2315 2924 nibus
2358 2878 2637 2923 uteremur.
2680 2864 2832 2932 Quod
2870 2864 3015 2919 nobis
3045 2863 3246 2932 quantis
3274 2862 3465 2935 vigiliis
3498 2879 3559 2917 ac
3586 2864 3771 2918 sudore

2168 2962 2482 3022 constiterit,
2516 2956 2673 3028 facile
2710 2957 2912 3012 sobrius
2942 2957 3102 3009 lector
3140 2964 3400 3025 agnoscet.
3448 2955 3579 3009 Cum
3610 2955 3766 3027 igitur

2166 3063 2383 3124 quatuor
2407 3053 2690 3105 matheseos
2719 3048 3139 3121 disciplinarum,
3182 3048 3245 3101 de
3271 3046 3617 3113 arithmetica,
3650 3063 3763 3115 qua:

2169 3154 2243 3201 est
2274 3145 2460 3217 prima,
2495 3141 2874 3211 prwscriberem
2897 3181 2913 3208 ,
2946 3150 3002 3193 tu
3029 3147 3231 3195 tantum
3259 3139 3447 3210 dignus
3474 3153 3538 3192 eo
3568 3155 3767 3191 munere

2168 3236 2426 3299 videbare,
2455 3250 2614 3305 eoque
2646 3232 2808 3304 magis
2836 3230 2892 3285 in
2916 3240 3086 3285 errato
3112 3244 3238 3301 opus
3264 3245 3375 3282 esse
3397 3226 3761 3298 intelligebam.

2172 3328 2312 3384 Nam
2352 3328 2447 3382 etsi
2482 3327 2619 3399 apud
2665 3333 2714 3379 te
2740 3321 2911 3395 facilis
2938 3310 3107 3376 venire
3132 3322 3274 3374 locus
3305 3329 3453 3383 esset,
3491 3320 3767 3388 aliquando

2171 3432 2339 3475 tamen
2365 3420 2533 3488 ipsam
2571 3414 2886 3485 formidabat
2913 3413 3209 3484 facilitatem
3233 3419 3468 3479 suspecta
3496 3411 3768 3468 securitas.

2172 3511 2475 3566 Arbitrabar
2523 3509 2658 3564 enim
2703 3505 2837 3561 nihil
2882 3514 3039 3561 tanta:
3088 3505 3381 3559 reverentia:
3428 3502 3661 3556 oblatum
3706 3502 3767 3555 iri

2173 3612 2428 3676 oportere,
2466 3602 2600 3672 quod
2630 3616 2733 3656 non
2754 3599 3067 3654 elaboratum
3097 3597 3327 3667 ingenio,
3355 3596 3638 3666 perfectum
3664 3604 3767 3649 sttu-

2174 3702 2280 3765 dio,
2328 3702 2542 3772 dignum
2569 3704 2824 3765 postremo
2852 3702 2992 3750 tanta
3015 3694 3119 3747 otio
3146 3692 3423 3747 videretur.
3462 3692 3589 3748 Non
3619 3694 3766 3765 igitur

2175 3795 2378 3865 ambigo
2407 3793 2527 3863 quin
2558 3808 2651 3865 pro
2674 3800 2761 3845 tua
2785 3790 2841 3844 in
2870 3804 2950 3842 nte
2975 3787 3318 3841 benevolentia
3345 3803 3666 3858 supervacua
3686 3803 3766 3841 re-

2176 3900 2341 3950 seces,
2378 3883 2577 3937 hiantia
2601 3881 2869 3954 suppleas,
2899 3887 3069 3935 errata
3096 3878 3439 3949 reprehendas
3458 3920 3473 3943 ,
3508 3881 3767 3933 commode

478 3979 635 4033 lintea
658 3982 883 4048 operosis
902 3952 1165 4035 elaborata
1185 3979 1789 4047 textrinis,multiplicem
1810 3952 2073 4031 materiam
2099 3952 2147 4018 Ο
2179 3978 2338 4044 dicta,
2365 3976 2495 4030 mira
2525 3975 2687 4028 animi
2702 3952 2982 4026 alacritate
3009 3971 3280 4038 suscipias.
3308 3969 3438 4036 Quae
3464 3984 3546 4023 res
3570 3971 3766 4039 impulit

478 4078 748 4141 prwstant.
788 4069 976 4124 Nonne
1014 4071 1149 4123 idem
1183 4086 1382 4140 quoque
1408 4071 1462 4122 in
1506 4064 1753 4135 bellpr'um
1782 4068 1959 4123 visitur
1987 4068 2069 4120 in-

479 4160 816 4216 strumentis?
854 4158 959 4213 Hic
996 4160 1193 4230 spicula
1228 4160 1428 4231 sagittis
1472 4158 1707 4225 exacuit,
1753 4159 1831 4212 illi
1872 4158 2071 4212 validus

480 4252 669 4307 thorax
709 4252 856 4324 nigra
897 4251 1049 4320 gemit
1086 4249 1293 4305 incude.
1340 4250 1427 4305 Ast
1466 4234 1600 4304 alius
1646 4249 1793 4302 crudi
1836 4248 2070 4303 umbonis

479 4345 725 4417 tegmina,
754 4343 951 4415 praprii
982 4342 1173 4397 laboris
1212 4342 1321 4396 orbi
1359 4340 1621 4413 inﬁgenda
1662 4350 1932 4407 mercatur,
1966 4351 2067 4394 tam

480 4438 653 4492 multis
691 4438 887 4492 artibus
931 4453 1018 4492 ars
1063 4453 1166 4491 una
1210 4436 1492 4505 perﬁcitur.
1542 4435 1631 4489 Ast
1685 4436 1844 4490 nostri
1884 4434 2070 4488 laboris

481 4529 735 4584 absolutio
765 4530 912 4603 longe
936 4530 1005 4583 ad
1045 4529 1327 4600 faciliorem
1358 4530 1515 4582 currit
1546 4536 1796 4582 eventum.
1827 4526 1908 4579 Tu
1937 4527 2070 4580 enim

482 4620 625 4674 solus
655 4636 863 4675 manum
891 4636 1125 4690 supremo
1157 4622 1298 4691 operi
1324 4620 1569 4690 imponcs.
1610 4620 1665 4673 in
1698 4635 1796 4689 quo
1839 4618 1973 4671 nihil
2010 4618 2074 4671 de

485 4711 864 4767 decernentium
893 4729 1094 4767 necesse
1122 4722 1195 4769 est
1226 4714 1461 4767 laborare
1489 4728 1756 4766 consensu.
1788 4710 2074 4777 Quamlibet

2182 4072 2384 4142 pigram
2413 4069 2614 4123 consilii
2636 4083 2853 4123 moram.
2888 4063 3093 4119 Nimios
3120 4065 3254 4117 enim
3282 4062 3408 4116 mihi
3438 4068 3638 4133 fructus
3660 4063 3767 4134 pla-

2177 4164 2344 4217 citura
2370 4160 2654 4215 restituent.
2694 4157 2831 4213 Novi
2860 4157 3048 4228 quippe
3076 4165 3265 4226 quanto
3294 4156 3579 4209 studiosius
3601 4166 3766 4210 nostra

2177 4270 2331 4323 quam
2359 4262 2657 4307 cteterorum
2688 4251 2819 4305 bona
2856 4249 3151 4319 diligamus.
3189 4248 3339 4301 Recte
3359 4264 3481 4320 ergo
3508 4249 3658 4316 quasi
3676 4264 3767 4301 au-

2175 4362 2287 4400 reos
2313 4344 2485 4401 Cereri
2515 4343 2733 4409 culmos,
2757 4352 2805 4396 et
2833 4349 3061 4395 maturos
3089 4340 3293 4394 Baccho
3316 4339 3580 4410 palmites,
3612 4344 3685 4395 sic
3703 4342 3767 4394 ad

2179 4449 2225 4491 te
2266 4438 2557 4491 rudimenta
2603 4434 2720 4489 novi
2769 4434 2932 4505 operis
2974 4432 3255 4487 transmisi.
3298 4429 3381 4484 Tu
3433 4442 3634 4486 tantum
3680 4448 3767 4501 pa-

2179 4538 2322 4584 terna
2364 4529 2534 4600 gratia
2572 4535 2801 4582 nostrum
2845 4524 3090 4596 provehas
3132 4540 3337 4588 munus,
3380 4523 3454 4577 ita
3500 4532 3545 4577 et
3586 4524 3766 4577 laboris

2176 4620 2277 4673 mei
2314 4618 2567 4690 primitias
2606 4616 2903 4672 doctissimo
2942 4614 3149 4686 judicio
3198 4612 3536 4677 consecrabis,
3585 4624 3632 4668 et
3668 4632 3765 4669 non

2178 4716 2375 4785 majore
2404 4712 2687 4769 censebitur
2714 4720 2892 4766 auctor
2920 4711 3099 4765 merito
3125 4725 3275 4780 quam
3299 4708 3564 4782 probator.

497 4844 3709 4879 mw

1643 4948 2025 5051 LIBER
2085 4949 2612 5055 PRIMUS.

1003 5120 1228 5179 CAPUT
1270 5120 1551 5178 PRIMUM.

977 5214 1170 5271 Divisio
1195 5216 1584 5271 mathematica’.

552 5310 694 5366 Inter
732 5322 920 5366 omnes
960 5311 1153 5380 prisca:
1189 5311 1525 5366 auctoritatis
1552 5310 1694 5364 viros
1726 5308 1837 5378 qui,
1874 5306 2075 5378 Pytha-

478 5418 604 5470 gora
651 5402 808 5468 duce,
850 5401 1069 5473 puriore
1106 5402 1303 5458 mentis
1342 5400 1553 5456 ratione
1596 5399 1902 5468 viguerunt,
1949 5411 2076 5452 con-

479 5505 620 5549 stare
640 5495 982 5551 manifestum
1014 5505 1096 5551 est
1128 5495 1268 5550 haud
1291 5507 1611 5564 quemquam
1646 5493 1698 5547 in
1730 5489 2080 5561 phi1050phite

440 5602 443 5605 ·
480 5584 782 5655 disciplinis
812 5587 878 5641 ad
910 5588 1180 5642 cumulum
1213 5587 1558 5656 perfectionis
1588 5585 1838 5651 evadere,
1868 5586 1967 5639 nisi
1989 5584 2077 5640 cui

482 5677 605 5732 talis
637 5679 937 5747 prudentia:
959 5679 1210 5734 nobilitas
1238 5680 1467 5749 quodam
1498 5678 1645 5749 quasi
1678 5676 1961 5747 quadrivio
1986 5692 2080 5731 ve-

484 5770 735 5838 stigator,
770 5771 915 5840 quod
945 5780 1093 5827 recte
1118 5772 1396 5829 solertiam
1440 5770 1698 5827 intuentis
1738 5783 1845 5825 non
1874 5767 2077 5823 latebit.

485 5860 583 5923 Est
604 5861 745 5916 enim
777 5862 1039 5919 sapientia
1067 5879 1245 5919 rerum
1296 5880 1416 5936 qute
1448 5874 1574 5922 sunt
1602 5865 1791 5939 suique
1833 5865 2082 5923 immuta-

2189 5120 2347 5176 bilem
2386 5121 2734 5178 substantiam
2757 5121 3059 5177 sortiuntur
3078 5119 3490 5191 comprehensio
3510 5119 3759 5174 veritatis.

2190 5215 2323 5271 Esse
2369 5222 2547 5270 autem
2593 5215 2684 5271 illa
2720 5215 2968 5280 dicimus,
3003 5228 3124 5285 qua:
3164 5227 3264 5268 nec
3312 5211 3609 5268 intentione
3651 5226 3762 5266 cre-

2190 5316 2366 5374 scunt,
2398 5322 2499 5363 nec
2526 5306 2850 5363 retractione
2891 5307 3223 5371 minuuntur,
3257 5318 3357 5359 nec
3386 5303 3763 5357 variatiouibus

2188 5407 2580 5469 permutantur,
2597 5398 2690 5455 sed
2713 5399 2767 5455 in
2790 5397 3005 5468 propria
3025 5409 3238 5467 semper
3258 5394 3327 5459 vi,
3356 5408 3468 5449 sure
3490 5406 3549 5449 se
3571 5401 3763 5446 natura:

2187 5491 2441 5548 subsidiis
2466 5490 2592 5546 nixa
2617 5488 2945 5546 custodiunt.
2974 5486 3097 5542 llaec
3117 5493 3294 5541 autem
3318 5493 3443 5538 sunt
3466 5482 3762 5553 qualitates,

2188 5583 2533 5652 quantitates,
2568 5580 2780 5647 forum,
2811 5577 3222 5650 magnitudines,
3251 5576 3563 5647 parvitates,
3595 5586 3765 5643 mqua-

2189 5677 2389 5743 litates,
2420 5673 2786 5740 habitudines,
2820 5680 2993 5740 actus,
3024 5669 3425 5741 dispositiones,
3472 5667 3613 5732 loca,
3642 5674 3766 5719 tem-

2188 5782 2339 5839 pora,
2368 5774 2423 5824 et
2448 5765 2705 5837 quidquid
2730 5763 3018 5821 adunatum
3040 5758 3434 5830 quodammodo
3462 5754 3768 5827 corporibus

2194 5859 2481 5919 invenitur.
2524 5858 2654 5927 Quae
2682 5857 2797 5928 ipsa
2824 5853 3037 5928 quidem
3064 5860 3253 5913 natura
3283 5850 3603 5922 incorporea
3626 5853 3785 5920 sonti
