4022 6366
230 391 365 449 1084

1439 376 1527 434 DE
1566 371 2036 435 ARITIIMETICA
2075 376 2202 435 LIB.
2245 379 2287 436 Ι,

3360 389 3502 449 1082

229 512 281 555 ει
309 493 659 553 immutabilis
681 488 994 548 substantiae
1021 489 1228 545 ratione
1250 489 1506 560 rigentia,
1531 489 1815 559 participa-
1844 486 1899 548 Α
1922 495 1996 540 ait
2025 488 2198 558 Plato)
2229 489 2407 546 multis
2433 494 2600 551 oculis
2621 501 2988 568 corporalibus
3006 503 3201 564 salvari
3223 513 3502 569 constitui-
3593 530 3596 534 ·

231 598 377 651 tione
408 607 538 646 vero
568 587 808 658 corporis
849 593 1240 657 permutantur,
1273 592 1325 638 et
1367 591 1510 637 tactu
1546 581 1815 635 variabilis

227 691 330 756 rei,
349 691 399 742 in
423 685 726 741 vertihilem
751 679 1162 736 inconstantiam
1188 685 1485 733 transeunt.
1512 676 1636 731 Haec
1659 675 1816 745 igitur

230 782 508 854 (quoniam
533 786 590 830 ut
611 775 808 831 dictum
832 781 1136 838 est,natura
1163 769 1545 824 immutabilem
1571 766 1818 822 substan-

226 882 354 936 tiam
380 882 596 949 vimque
616 876 804 931 sortita
828 872 973 945 sunt)
999 886 1130 927 vere
1155 868 1475 940 proprieque
1495 879 1616 922 esse
1636 863 1817 918 dicun-

229 985 334 1030 tur.
361 974 560 1028 l-lorum
593 971 781 1041 igitur,
807 967 859 1021 id
884 975 967 1021 cst
989 1006 1005 1031 ,
1033 979 1151 1034 quae
1177 971 1299 1017 sunt
1331 959 1563 1030 proprie,
1593 970 1817 1028 quisque

223 1081 324 1122 suo
347 1064 564 1119 nomine
585 1059 836 1116 essentia:
855 1055 1217 1116 nominantur,
1237 1051 1535 1114 scientiam,
1557 1046 1816 1117 sapientia

224 1157 529 1230 proﬁtetur.
573 1152 838 1208 Essentiac
867 1157 1044 1203 autem
1076 1145 1303 1216 gemina:
1334 1151 1510 1213 partes
1538 1149 1678 1203 sunt,
1712 1152 1818 1192 una

225 1229 500 1311 continua,
545 1253 600 1301 et
637 1243 748 1299 suis
793 1240 1034 1311 partibus
1075 1238 1278 1306 juncta,
1324 1249 1421 1288 nec
1462 1231 1584 1286 ullis
1626 1229 1820 1284 ﬁnibus

226 1343 542 1407 distributa,
571 1347 629 1393 ut
655 1345 738 1391 est
767 1335 946 1398 arbor,
973 1333 1129 1403 lapis.
1155 1342 1209 1387 et
1239 1329 1416 1384 omnia
1448 1325 1631 1382 mundi
1665 1324 1820 1393 hujus

225 1449 474 1505 corpora,
501 1446 619 1502 qua:
650 1429 867 1499 proprie
891 1425 1285 1496 magnitudines
1315 1420 1670 1492 appellantur.
1702 1415 1819 1519 Alia

229 1542 363 1582 vero
391 1525 654 1594 disjuncta
683 1536 712 1574 a
737 1536 816 1585 se,
840 1528 896 1574 et
921 1517 1278 1573 determinata
1309 1514 1570 1584 partibus,
1594 1519 1649 1566 et
1667 1514 1820 1580 quasi

226 1621 519 1677 acervatim
547 1619 602 1672 in
626 1631 788 1670 unum
809 1613 1024 1669 redacta
1049 1611 1360 1675 concilium,
1386 1617 1443 1662 ut
1467 1623 1616 1677 grex,
1648 1619 1818 1673 popu-

228 1719 336 1780 lus,
365 1714 581 1778 chorus,
606 1725 848 1772 acervus,
873 1717 926 1762 et
948 1706 1200 1777 quidquid
1227 1720 1412 1760 eorum
1442 1717 1668 1771 quorum
1696 1714 1821 1769 par-

225 1816 311 1862 tes
336 1804 565 1875 propriis
587 1799 1013 1857 extremitatibus
1040 1798 1415 1860 terminantur,
1438 1802 1492 1849 et
1512 1795 1579 1849 ab
1599 1793 1818 1846 alterius

1919 593 2022 647 que
2048 579 2116 632 sit
2149 580 2379 648 dignior,
2407 588 2546 656 quod
2579 605 2643 644 eo
2673 593 2788 646 solo
2813 595 3014 652 lumine
3039 602 3292 671 vestigari
3317 605 3398 660 vel
3424 607 3503 660 in-

1917 669 2050 739 Spici
2084 672 2282 728 veritas
2312 688 2489 746 queat.
2527 681 2694 751 llunc,
2749 685 2984 756 inquam,
3029 669 3240 748 oculum
3288 697 3501 753 demer-

1921 775 2064 830 sum,
2098 763 2451 838 orbatumque
2488 777 2762 842 corporeis
2791 781 3057 846 sensibus,
3090 784 3171 839 hic
3211 786 3505 857 disciplina:

1925 871 2138 912 rursum
2167 859 2491 917 illuminent.
2520 865 2647 933 Quae
2677 869 2834 939 igitur
2859 888 2923 927 ex
2955 873 3036 930 his
3065 878 3230 944 prima
3253 881 3504 938 discenda

1927 955 2029 1015 est,
2061 949 2164 1004 nisi
2195 967 2256 1006 ea
2287 968 2405 1021 quae
2437 956 2758 1026 principium
2786 965 3075 1036 matrisque
3113 969 3508 1039 quodammodo

1924 1039 1990 1094 ad
2019 1052 2245 1097 ca‘teras
2274 1045 2480 1102 obtinet
2511 1051 2846 1116 portionem?
2875 1055 2998 1112 Hmc
3028 1068 3206 1115 autem
3237 1073 3316 1117 est
3342 1065 3506 1118 arith-

1923 1134 2139 1188 metica.
2175 1136 2298 1192 Hmc
2330 1139 2470 1193 enim
2503 1144 2708 1196 cunctis
2739 1146 2884 1214 prior
2909 1158 3008 1215 est,
3041 1167 3144 1206 non
3177 1155 3336 1210 modo
3366 1160 3506 1227 quod

1921 1224 2058 1280 hanc
2099 1227 2189 1282 ille
2219 1228 2379 1298 hujus
2422 1234 2703 1290 mundanze
2735 1238 2890 1292 molis
2929 1243 3175 1299 conditor
3203 1246 3360 1315 Deus,
3386 1224 3506 1317 pri-

1923 1331 2064 1371 mam
2089 1334 2200 1373 sua:
2227 1322 2408 1377 habuit
2440 1327 2866 1385 ratiocinationis
2893 1335 3183 1405 exemplar,
3202 1349 3255 1392 et
3275 1341 3341 1394 ad
3373 1341 3506 1396 hanc

1923 1419 2116 1462 cuncta
2149 1412 2448 1478 consﬁtuit,
2482 1433 2813 1490 quiccunque
2841 1421 3130 1480 fabricante
3157 1431 3383 1496 ratione,
3414 1446 3507 1500 per

1923 1515 2176 1558 numeros
2208 1505 2463 1574 assignati
2494 1511 2701 1567 ordinis
2727 1515 2978 1572 invenere
3007 1523 3382 1591 concordiam;
3415 1525 3508 1584 sed

1924 1591 2024 1646 hoc
2054 1609 2262 1665 quoque
2291 1599 2437 1666 prior
2463 1601 2794 1659 arithmetica
2825 1606 3150 1676 declaratur,
3185 1613 3325 1680 quod
3365 1629 3508 1685 qua:-

1924 1700 2138 1758 cunque
2166 1698 2347 1744 natura
2383 1693 2556 1761 priora
2598 1708 2740 1762 sunt,
2779 1699 2859 1752 his
2890 1701 3114 1757 sublatis
3139 1705 3300 1759 simul
3333 1716 3507 1776 poste-

1923 1781 2065 1835 riora
2101 1785 2376 1841 tolluntur.
2412 1789 2562 1856 Quod
2595 1792 2636 1845 si
2672 1795 2963 1862 posteriora
3007 1810 3246 1870 pereant,
3285 1802 3413 1858 nihil
3444 1803 3508 1863 de

225 1866 351 1950 ﬁne.
373 1866 620 1949 discreta:
662 1901 804 1945 sunt.
834 1889 950 1952 llis,
979 1888 1254 1957 prOprium
1299 1901 1492 1941 nomen
1523 1893 1606 1939 est
1637 1882 1818 1938 multi.
1845 1866 1895 1928 B
1923 1882 2062 1928 statu
2094 1877 2288 1945 prioris
2325 1881 2638 1938 substantia:
2673 1897 3022 1958 permittatur,
3057 1902 3113 1945 ut
3144 1895 3337 1950 animal
3365 1899 3508 1966 prius

225 1986 383 2042 tudo.
413 1986 616 2040 Rursus
646 1981 1006 2037 multitudinis
1027 1981 1130 2034 alia
1154 1989 1277 2034 sunt
1302 1995 1395 2049 per
1418 1993 1495 2045 se,
1525 1988 1581 2032 ut
1606 1987 1713 2031 tres
1734 1976 1817 2031 vel

227 2087 479 2149 quatuor,
504 2075 590 2130 vel
618 2083 944 2143 tetragonus,
968 2072 1051 2126 vel
1076 2071 1295 2140 quilibet.
1324 2083 1599 2134 numerus,
1630 2068 1744 2137 qui,
1764 2076 1822 2120 ut

225 2176 319 2237 sit,
355 2171 499 2226 nullo
528 2169 749 2239 indiget.
782 2167 896 2222 Alia
932 2180 1060 2220 vero
1088 2179 1183 2235 per
1209 2164 1380 2233 scipsa
1414 2178 1517 2216 non
1549 2166 1816 2226 constant,

225 2263 322 2318 sed
354 2262 418 2316 ad
443 2259 693 2331 quiddam
719 2257 861 2312 aliud
890 2256 1216 2321 referuntur,
1242 2262 1299 2308 ut
1321 2253 1560 2323 duplum,
1587 2261 1641 2304 nt
1662 2251 1819 2304 dimi-

227 2354 400 2421 dium,
435 2363 492 2406 ut
519 2351 960 2422 sesquialterum,
994 2348 1078 2402 vel
1111 2346 1546 2416 sesquitertium,
1584 2352 1637 2398 ct
1663 2341 1818 2412 quid-

227 2448 358 2520 quid
395 2446 502 2500 tale
533 2453 634 2509 est,
664 2443 803 2513 quod
837 2443 936 2496 nisi
976 2441 1201 2495 relatum
1244 2443 1313 2493 sit
1341 2439 1408 2492 ad
1435 2437 1575 2491 aliud
1598 2479 1612 2502 ,
1645 2436 1818 2506 ipsum

226 2555 353 2595 esse
380 2554 486 2592 non
514 2539 698 2607 possit.
734 2534 1110 2606 Magnitudinis
1140 2548 1288 2600 vero,
1317 2533 1417 2587 alia
1444 2541 1570 2587 sunt
1601 2547 1822 2587 manen—

227 2633 327 2697 tia,
363 2642 617 2700 metuque
643 2630 903 2692 carentia,
933 2628 1038 2682 alia
1069 2642 1218 2692 vero,
1247 2642 1362 2696 qua:
1392 2626 1576 2679 mobili
1609 2640 1822 2694 semper

226 2723 498 2779 rotatione
515 2727 817 2786 vertuntur,
833 2733 934 2774 nec
955 2718 1076 2772 ullis
1102 2719 1431 2786 temporibus
1451 2717 1819 2788 acquiescant.

227 2815 438 2873 Horum
490 2827 637 2882 ergo,
689 2811 831 2864 illam
880 2809 1272 2864 multitudinem
1317 2824 1437 2879 quae
1477 2823 1572 2879 per
1617 2824 1676 2863 se
1717 2817 1819 2876 est,

227 2903 571 2960 arithmetica
604 2902 908 2970 speculatur
940 2901 1234 2970 integritas.
1259 2899 1407 2954 lllam
1435 2915 1584 2965 vero,
1614 2915 1732 2970 quae
1755 2899 1820 2954 ad

222 2995 453 3064 aliquid,
503 2992 692 3048 musici
734 2991 1110 3047 modulamiuis
1154 3000 1574 3060 temperamenta
1621 3007 1820 3062 perno-

223 3096 405 3142 scunt.
443 3085 736 3140 lmmobilis
762 3100 892 3139 vero
915 3083 1312 3154 magnitudinis,
1342 3085 1662 3154 geometrica
1687 3086 1825 3140 noti-

226 3180 357 3233 tiam
385 3178 684 3248 pollicetur.
712 3175 921 3230 Mobilis
943 3175 1246 3239 scientiam,
1272 3176 1645 3232 astronomicac
1667 3177 1826 3232 disci-

1923 1977 2000 2021 est
2031 1967 2264 2025 homine.
2291 1972 2421 2028 Nam
2450 1975 2494 2029 si
2521 1978 2676 2032 tollas
2706 1982 2923 2050 animal,
2959 1987 3136 2041 statim
3164 2004 3375 2059 quoque
3413 1991 3508 2047 ho-

1924 2059 2082 2113 minis
2109 2073 2295 2116 natura
2340 2064 2514 2120 deleta
2546 2069 2634 2125 sit.
2669 2072 2722 2125 Si
2759 2072 3029 2130 hominem
3055 2081 3364 2148 sustuleris,
3390 2085 3508 2139 ani~

1923 2151 2029 2204 mal
2061 2167 2164 2206 non
2201 2156 2410 2223 peribit.
2450 2158 2512 2211 Et
2543 2165 2849 2218 econtrario
2878 2181 2937 2220 ea
2970 2183 3183 2239 semper
3213 2177 3507 2242 posteriora

1923 2252 2046 2297 sunt
2074 2260 2192 2313 qua:
2234 2261 2415 2302 secum
2448 2250 2590 2305 aliud
2623 2255 2899 2322 quodlibet
2941 2259 3202 2328 inferunt,
3238 2279 3298 2317 ea
3331 2267 3508 2335 priora

1923 2347 2062 2402 qum,
2101 2350 2222 2389 cum
2263 2337 2404 2393 dicta
2445 2351 2590 2408 sunt,
2635 2343 2762 2399 nihil
2797 2361 2977 2403 secum
3019 2351 3086 2406 de
3130 2356 3510 2423 posterioribus

1925 2427 2160 2494 trahunt,
2194 2439 2249 2483 ut
2277 2431 2328 2485 in
2361 2434 2548 2490 eodem
2580 2452 2791 2508 quoque
2825 2441 3063 2499 homine.
3097 2445 3226 2500 Nam
3259 2449 3301 2502 si
3335 2448 3509 2506 homi-

1923 2532 2046 2571 nem
2076 2519 2296 2589 dixeris,
2337 2524 2495 2578 simul
2528 2542 2741 2598 quoque
2773 2533 2968 2588 animal
3009 2537 3332 2595 nominabis.
3365 2541 3510 2598 ldem

1924 2621 2006 2664 est
2033 2613 2178 2666 enim
2211 2614 2369 2669 homo
2398 2618 2540 2686 quod
2575 2621 2793 2678 animal.
2825 2625 2878 2680 Si
2923 2627 3116 2682 animal
3155 2629 3373 2697 dixeris,
3407 2649 3509 2689 non

1925 2703 2162 2771 speciem
2195 2705 2348 2760 simul
2381 2707 2610 2765 hominis
2643 2713 2888 2769 intulisﬁ.
2941 2717 3053 2772 Non
3084 2728 3167 2774 est
3196 2726 3336 2778 enim
3372 2725 3508 2784 idem

1927 2796 2125 2864 animal
2169 2799 2310 2868 quod
2347 2799 2526 2855 homo.
2578 2803 2687 2860 lloc
2726 2805 2864 2861 idem
2899 2808 2950 2862 in
2988 2815 3311 2880 geometrica
3345 2819 3426 2872 vel
3460 2819 3508 2876 in

1928 2891 2266 2946 arithmetica
2300 2895 2512 2950 videtur
2543 2896 2837 2953 incurrere.
2869 2901 2926 2957 Si
2955 2903 3096 2958 enim
3128 2922 3378 2963 numeros
3409 2911 3508 2966 tol-

1930 2983 2032 3048 las,
2059 2984 2202 3039 unde
2235 2985 2558 3056 triangulum
2591 2990 2674 3044 vel
2707 2991 3044 3061 quadratum,
3075 2997 3156 3052 vel
3183 3000 3436 3071 quidquid
3461 3004 3508 3058 in

1929 3075 2224 3145 geometria
2276 3081 2560 3132 versatur?
2602 3095 2721 3150 qua:
2752 3085 2931 3139 omnia
2968 3101 3308 3145 numerorum
3351 3091 3507 3149 deno-

1930 3171 2184 3224 minativa
2216 3180 2361 3225 sunt.
2395 3174 2460 3258 ﬁt
2485 3188 2633 3240 vero,
2663 3175 2706 3229 si
2737 3178 3053 3246 quadratum
3087 3183 3508 3258 triangulumque

223 3243 399 3342 plina;
423 3268 608 3338 peritia
640 3267 947 3321 vindicavit.
981 3265 1190 3332 Quibus
1231 3277 1461 3336 quatuor
1500 3268 1741 3336 partibus
1777 3267 1821 3323 si
1852 3243 1899 3308 α
1930 3261 2238 3330 sustuleris,
2272 3251 2552 3332 omnisque
2581 3269 2906 3335 geometrica
2935 3284 3250 3343 consumpta
3283 3277 3374 3344 sit.
3406 3287 3509 3335 tre:

227 3369 418 3417 careat
447 3359 748 3431 inquisitor,
783 3374 968 3414 verum
1003 3359 1251 3415 invenire
1280 3376 1383 3415 non
1415 3363 1603 3431 possit,
1628 3378 1688 3418 ac
1711 3365 1859 3439 sine_

224 3453 332 3508 hac
362 3451 577 3521 quidem
609 3450 980 3520 speetilatione
1009 3452 1251 3506 veritatis
1275 3452 1403 3506 nulli
1436 3463 1581 3510 recte
1608 3456 1826 3526 sapien-

225 3545 358 3598 dum
393 3555 494 3598 εει.
529 3542 623 3596 Est
651 3541 792 3598 enim
827 3541 1090 3612 sapientia
1122 3558 1304 3598 earnm
1339 3561 1517 3601 rerum
1552 3564 1672 3619 quin
1701 3563 1827 3605 vere

225 3651 378 3701 sunt.
431 3639 665 3709 cognitio
705 3646 758 3693 et
804 3638 1010 3709 integra
1058 3640 1490 3711 comprehensio.
1517 3642 1666 3710 Quod
1713 3643 1827 3727 hate

227 3737 318 3806 qui
355 3734 579 3803 spernit,
616 3733 666 3788 id
698 3740 803 3796 est,
836 3733 935 3786 has
957 3733 1178 3787 semitas
1207 3735 1506 3801 sapientiai.
1543 3735 1590 3788 ei
1622 3734 1827 3789 denun-

228 3830 307 3882 tio
343 3843 451 3881 non
476 3836 620 3882 recte
642 3824 1151 3898 philosophandum.
1184 3825 1456 3894 Siquidem
1488 3826 1826 3896 philosophia
1865 3887 1870 3893 ,

225 3931 317 3976 est
359 3933 512 3974 amor
550 3919 860 3987 sapientiae,
907 3931 1064 3988 quam
1116 3916 1166 3970 in
1215 3917 1298 3970 his
1343 3916 1658 3984 spernendis
1703 3927 1827 3970 ante

226 4008 638 4080 contempserit.
688 4007 823 4063 lllud
853 4021 1066 4078 quoque
1093 4005 1396 4060 addendum
1425 4005 1658 4060 arbitror
1685 4005 1823 4075 quod

226 4113 425 4160 cuneta
451 4104 532 4157 vis
563 4101 919 4157 multitudinis
943 4101 1010 4156 ab
1039 4114 1146 4155 uno
1168 4115 1450 4170 progressa
1479 4102 1727 4170 termino,
1760 4101 1823 4156 ad

227 4195 443 4253 inﬁnita
490 4193 886 4266 progressionis
922 4203 1206 4263 augmenta
1252 4197 1574 4250 concrescit.
1622 4194 1826 4264 Magni-

226 4289 366 4344 tudo
409 4302 559 4352 vero,
604 4301 634 4340 a
671 4286 818 4340 ﬁnita
860 4285 1119 4341 inchoans
1155 4286 1472 4356 quantitate,
1515 4286 1731 4341 modum
1774 4288 1826 4342 in

227 4379 500 4436 divisione
533 4393 640 4433 non
669 4377 880 4448 recipit.
940 4376 1333 4432 lnﬁnitissimas
1360 4378 1500 4432 enim
1529 4378 1608 4432 sui
1636 4392 1828 4447 corpo-

228 4475 311 4529 ris
334 4473 558 4542 suscipit
583 4472 872 4527 sectiones.
898 4471 1046 4525 Hanc
1075 4471 1232 4541 igitur
1255 4480 1457 4525 natura:
1483 4471 1822 4540 inﬁnitatem,

229 4562 815 4632 indeterminatamque
895 4563 1183 4631 potentiam
1250 4561 1585 4633 phil050phia
1636 4573 1826 4632 Sponte

1929 3365 1982 3411 et
2012 3367 2261 3426 quatuor,
2285 3357 2620 3427 aliorumque
2641 3375 2984 3418 numerorum
3018 3380 3120 3421 non
3145 3370 3394 3438 peribunt
3422 3388 3509 3428 vo-

1930 3450 2138 3505 cabula.
2185 3449 2416 3505 Rursum
2453 3467 2572 3506 cum
2611 3454 2839 3525 aliquam
2881 3463 3260 3528 geometricam
3293 3465 3510 3522 formam

1929 3543 2137 3609 dixero,
2167 3555 2249 3598 est
2281 3544 2358 3598 illi
2390 3545 2546 3600 simul
2585 3563 2928 3606 numerorum
2959 3569 3150 3611 nomen
3184 3556 3498 3628 implicitum

1927 3635 2060 3689 Cum
2093 3651 2345 3692 numeros
2368 3638 2574 3706 dixero,
2602 3642 2835 3696 nondum
2861 3643 3022 3699 ullam
3051 3645 3275 3702 formam
3303 3666 3509 3719 geomc.

1931 3733 2119 3784 tricam
2155 3732 2445 3785 nominavi.
2481 3733 2679 3788 Musica
2711 3750 2840 3790 vero
2867 3752 3024 3806 quam
3059 3741 3205 3808 prior
3233 3743 3302 3796 sit
3331 3759 3509 3807 nonne.

1928 3835 2111 3874 rorum
2151 3823 2251 3885 vis,
2298 3821 2421 3875 hinc
2463 3823 2699 3879 maxime
2743 3826 2956 3895 probari
2999 3838 3193 3898 potest,
3237 3838 3383 3905 quod
3417 3857 3511 3897 ηοι-

1931 3913 2093 3966 modo
2133 3912 2221 3965 illa
2255 3921 2442 3965 natura
2489 3914 2664 3981 priora
2694 3925 2839 3984 sunt,
2873 3931 2991 3987 qua:
3026 3933 3122 3989 per
3158 3936 3222 3980 se
3250 3939 3510 3996 constant,

1930 4018 2088 4076 quam
2131 4003 2216 4057 illa
2248 4020 2369 4072 quae
2410 4006 2474 4059 ad
2520 4006 2719 4076 aliquid
2760 4008 3088 4087 referuntur,
3128 4017 3226 4072 sed
3256 4019 3413 4074 etiam
3459 4037 3511 4078 et

1932 4101 2044 4169 ipsa
2069 4100 2270 4154 musica
2301 4101 2598 4155 modulatio
2641 4117 2985 4159 numerorum
3017 4113 3325 4168 nominibus
3354 4115 3511 4170 adno.

1931 4185 2090 4246 tatur.
2121 4194 2184 4248 Et
2214 4194 2350 4250 idem
2388 4197 2440 4250 in
2472 4197 2570 4252 hac
2597 4200 2814 4254 evenire
2843 4210 3022 4270 potest
3049 4209 3189 4276 quod
3220 4208 3270 4261 in
3299 4224 3513 4278 geome-

1933 4287 2060 4339 trica
2094 4288 2405 4356 praedictum
2433 4299 2535 4345 est.
2569 4292 2908 4351 Diatessaron
2942 4299 3082 4352 enim
3114 4309 3167 4353 et
3191 4299 3438 4370 diapente
3469 4314 3513 4358 et

1930 4377 2185 4448 diapason
2217 4382 2285 4435 ab
2332 4384 2697 4440 antecedentis
2738 4391 2949 4445 numeri
2979 4392 3283 4448 nominibus
3312 4411 3513 4451 nuncu-

1931 4481 2144 4541 pantur.
2166 4473 2406 4543 Ipsorum
2431 4492 2643 4547 quoque
2664 4493 2920 4538 sonorum
2942 4479 3201 4551 adversus
3218 4503 3276 4541 se
3301 4503 3513 4558 propor-

1933 4564 2027 4628 tio,
2074 4565 2203 4620 solis
2245 4568 2421 4637 neque
2457 4569 2574 4624 aliis
2614 4576 2854 4630 numeris
2893 4577 3180 4635 invenitur.
3228 4580 3325 4648 Qui
3373 4586 3513 4642 enim

229 4654 508 4725 repudiat.
553 4653 696 4709 Nihil
727 4655 868 4710 enim
900 4655 1039 4724 quod
1074 4655 1336 4709 inﬁnitum
1377 4667 1461 4711 est
1490 4657 1572 4711 vel
1604 4658 1825 4713 scientia
1853 4633 1906 4695 ί)
1933 4672 2098 4711 εοηυε
2127 4658 2177 4711 in
2202 4633 2458 4728 diapason
2490 4663 2813 4734 symphonia
2845 4675 2961 4733 est,
2996 4667 3133 4722 idem
3165 4633 3514 4739 duplicis

227 4755 415 4817 porest
438 4745 635 4816 colligi,
665 4745 744 4800 vel
769 4754 947 4801 mente
974 4746 1372 4814 comprehendi.
1404 4746 1508 4801 Sed
1539 4747 1659 4803 hinc
1682 4763 1826 4804 sum-

225 4838 340 4909 psit
381 4838 482 4893 sibi
523 4838 638 4908 ipsa
687 4838 842 4902 ratio,
890 4838 944 4892 in
992 4837 1184 4907 quibus
1227 4839 1391 4907 possit
1440 4841 1822 4911 indagatricem

225 4932 480 4986 veritatis
510 4945 764 4986 exercere
792 4930 1086 4985 solertiam.
1118 4930 1322 5001 Delegit
1349 4933 1489 4987 enim
1513 4933 1579 4987 de
1605 4935 1822 4990 inﬁnita:

221 5021 593 5076 multitudinis
625 5021 951 5091 pluralitate,
984 5020 1146 5076 ﬁnita:
1172 5023 1456 5077 terminum
1485 5027 1819 5094 quantitatis,

211 5123 286 5169 et
326 5113 744 5168 interminabilis
785 5114 1166 5183 magnitudinis
1198 5118 1439 5170 seetione
1472 5118 1691 5186 rejecta,
1730 5119 1826 5174 de-

219 5205 389 5260 ﬁnita
421 5203 524 5257 sibi
555 5205 618 5257 ad
652 5205 1009 5274 cognitionem
1037 5207 1205 5275 spatia
1239 5207 1570 5278 dep0poscit.
1603 5208 1825 5266 Constat

1933 4749 2064 4802 meri
2091 4749 2435 4819 proportione
2459 4751 2752 4825 colligitur.
2781 4758 2909 4824 Qum
2934 4758 3264 4816 diatessaron
3295 4773 3378 4818 est
3403 4781 3515 4820 mo-

1931 4841 2153 4910 dulatio,
2178 4844 2391 4912 epitrita
2411 4843 2702 4902 collatione
2722 4851 3254 4920 componitur.Qnam
3274 4855 3514 4926 diapente

1929 4938 2302 5010 symphonlam
2331 4952 2551 5010 vocant,
2577 4943 2822 4999 hemiolia
2851 4947 3134 5003 medietate
3163 4951 3514 5020 conjungitur.

1931 5030 2030 5098 Qui
2067 5032 2118 5084 in
2165 5031 2406 5088 numeris
2431 5035 2703 5104 epogdous
2724 5045 2825 5102 est,
2856 5036 2992 5092 idem
3027 5047 3180 5094 tonus
3212 5041 3264 5094 in
3295 5042 3514 5098 musica.

1932 5121 2003 5176 Et
2028 5137 2096 5178 ne
2129 5123 2337 5195 singula
2363 5129 2608 5197 persequi
2634 5128 2894 5198 laborem,
2920 5130 3074 5201 huius
3097 5132 3274 5200 operis
3297 5148 3514 5203 sequen-

1933 5214 2028 5280 tia,
2061 5223 2262 5285 quauto
2289 5217 2438 5286 prior
2460 5218 2529 5272 sit
2549 5219 2906 5288 arithmetica,
2925 5223 3042 5276 sine
3065 5222 3168 5278 ulla
3191 5223 3513 5282 dubitatione

204 5299 396 5367 igitur
435 5296 674 5366 quisquis
720 5298 834 5351 hinc
873 5299 1297 5366 prmtermiserit,
1331 5315 1544 5355 omnem
1593 5303 1824 5371 philoso-

201 5390 375 5461 phia:
405 5387 700 5457 perdidisse
725 5389 1045 5444 doctrinam.
1098 5391 1209 5445 Hoc
1245 5393 1402 5463 igitur
1446 5396 1577 5450 illud
1609 5398 1824 5467 quadri-

195 5482 374 5535 \‘ium
421 5489 524 5547 est,
557 5496 662 5550 quo
707 5481 772 5535 iis
813 5481 1064 5536 viandum
1112 5486 1202 5550 sit,
1245 5489 1435 5554 quibus
1480 5493 1824 5547 excellentior

187 5575 443 5632 animus
475 5589 502 5625 a
548 5574 825 5628 nobiscum
875 5575 1169 5644 procreatis
1208 5579 1474 5644 sensibus,
1515 5581 1578 5634 ad
1631 5585 1823 5639 intelli-

187 5671 427 5747 gentia:
456 5670 684 5724 certiora
714 5671 1045 5739 perducitur.
1065 5671 1201 5727 Sunt
1226 5674 1366 5727 enim
1390 5677 1602 5745 quidam
1626 5680 1822 5748 gradus

186 5775 508 5834 certaeque
533 5765 964 5834 progressionum
988 5766 1372 5835 dimensiones,
1391 5772 1583 5840 quibus
1606 5775 1821 5831 ascendi

171 5859 587 5943 progredique
629 5860 818 5928 possit,
861 5869 919 5915 ut
956 5861 1120 5916 animi
1162 5863 1310 5918 illum
1357 5866 1591 5932 oculum,
1622 5867 1709 5938 qui
1742 5869 1822 5938 (ut

1931 5310 2327 5365 monstrabunt.
2382 5310 2710 5380 Sphzericam
2751 5328 2879 5369 vero
2909 5323 3066 5384 atque
3109 5316 3514 5374 astronomicam

1932 5412 2082 5456 tanto
2107 5404 2367 5474 praecedit
2391 5450 2404 5472 ,
2436 5413 2638 5474 quanto
2667 5406 2788 5461 duae
2815 5407 3032 5478 reliquae
3060 5408 3353 5480 disciplinae
3385 5410 3513 5470 hanc

1932 5501 2147 5554 tertiam
2181 5509 2370 5555 natura
2403 5499 2732 5570 praecedunt.
2763 5501 2817 5555 In
2847 5505 3202 5558 astronomica
3227 5505 3392 5573 enim,
3416 5506 3512 5562 cir-

1935 5593 2066 5659 culi,
2108 5593 2346 5664 sphtera,
2380 5602 2648 5662 centrum,
2677 5593 3024 5664 parallelique
3051 5597 3258 5664 circuli,
3287 5598 3514 5653 medius-

1932 5699 2039 5755 que
2063 5689 2180 5742 axis
2204 5699 2309 5755 est,
2341 5705 2458 5760 qua:
2486 5691 2662 5745 omnia
2692 5692 3031 5761 geometricas
3060 5693 3356 5764 disciplinae
3376 5711 3513 5757 curae

1931 5791 2078 5838 sunt.
2124 5782 2300 5848 Quare
2339 5794 2421 5837 est
2459 5785 2618 5838 etiam
2669 5798 2736 5838 ex
2783 5784 2884 5838 hoc
2931 5785 3212 5840 ostendere
3250 5790 3512 5844 seniorem

1936 5874 2278 5942 geometrica:
2300 5875 2428 5942 vim,
2457 5876 2595 5948 quod
2622 5879 2798 5933 omnis
2819 5887 2993 5934 motus
3019 5886 3100 5935 est
3121 5888 3239 5949 post
3257 5881 3509 5950 quietem,
