4022 6366
400 5822 409 5863 i

462 394 465 397 ·
514 372 662 436 1083

1747 371 2563 453 AN.MANL.$EV.BOETH

3675 394 3801 463 1084

515 488 573 550 et
619 500 807 550 natura
856 507 1069 560 semper
1110 494 1272 549 statio
1318 494 1466 566 prior
1509 502 1609 549 est.
1662 492 1934 548 Nobilium
1983 506 2110 546 vero
2137 484 2189 553 Δ
2217 499 2395 561 potest
2422 493 2472 547 in
2502 495 2734 550 maxima
2767 499 3190 574 parvissimaque
3219 504 3406 563 dividi.
3435 507 3665 570 Maxima
3688 532 3801 588 spa.

517 583 900 651 astronomiea,
940 584 1297 640 immobilium
1345 585 1670 656 geometrica
1716 585 1958 639 doctrina
2000 593 2103 650 est,

513 670 600 733 vel
632 678 774 749 quod
814 679 1137 734 harmonieis
1168 678 1619 743 modulationibus
1653 689 1827 733 motus
1859 679 1973 748 ipse
2014 694 2106 733 ee-

512 768 753 825 lebratur
796 755 1086 824 astrorum.
1136 769 1313 838 Quare
1363 782 1573 826 constat
1621 786 1832 841 quoque
1885 771 2104 825 musicae

512 850 646 925 vim,
687 868 954 915 astrorum
997 876 1186 917 cursus
1216 862 1533 934 antiquitate
1574 864 1898 933 przecedere,
1944 879 2101 935 quam

512 968 767 1022 superare
794 964 983 1008 natura
1023 954 1413 1011 arithmeticam
1447 955 1665 1011 dubium
1700 974 1803 1010 non
1846 965 1947 1020 εμπ,
1980 972 2100 1013 cum

510 1045 798 1115 prioribus,
829 1061 988 1117 quam
1020 1045 1110 1101 illa
1137 1058 1216 1101 est
1239 1088 1254 1114 ,
1283 1047 1551 1120 antiquior
1582 1048 1844 1104 videatur.
1878 1046 2101 1116 Proprie

510 1146 688 1192 tamen
713 1138 826 1209 ipsa
858 1154 1204 1195 numerorum
1238 1150 1447 1209 natura,
1477 1141 1651 1196 omnis
1680 1149 1943 1195 astrorum
1977 1156 2101 1195 eur-

507 1242 621 1294 sus,
668 1229 952 1301 omnisque
981 1233 1341 1287 astronomiea
1383 1233 1520 1287 ratio
1557 1233 1840 1287 constituta
1870 1242 1971 1287 est.
2008 1233 2099 1286 Sic

508 1322 651 1377 enim
675 1333 827 1377 ortus
857 1338 1187 1401 occasusque
1216 1324 1534 1393 colligimus,
1554 1325 1632 1381 sic
1654 1324 1930 1379 tarditates
1953 1325 2097 1379 velu-

507 1417 803 1491 citatesque
842 1419 1136 1475 errantium
1169 1421 1401 1476 siderum
1445 1424 1795 1491 custodimus,
1832 1424 1907 1478 sic
1951 1424 2098 1478 defr-

507 1518 628 1566 ctus
644 1521 696 1566 et
714 1510 1035 1580 multiplices
1058 1510 1199 1566 lunae
1213 1513 1536 1568 variationes
1552 1514 2098 1583 agnoseimus.Quare

506 1606 759 1679 quoniam
794 1606 955 1675 prior,
990 1614 1047 1659 ut
1089 1605 1301 1672 claruit,
1337 1606 1685 1663 arithmeticae
1712 1607 1793 1663 vis
1836 1615 1938 1673 est,
1971 1606 2097 1662 hinc

507 1695 880 1767 disputationis
905 1710 1177 1750 sumamus
1206 1697 1506 1751 exordium.

1140 1807 1368 1864 CAPUT
1409 1808 1474 1869 ll.

522 1964 527 1969 1
980 1897 1054 1954 De
1081 1890 1363 1969 substantia
1393 1900 1612 1953 numeri.

528 2057 532 2060 ,
573 1994 761 2052 Omnia
791 2008 1124 2065 qurecunque
1164 2008 1193 2047 a
1224 1993 1478 2063 primmva
1520 2007 1702 2048 rerum
1746 2000 1931 2046 natura
1964 2005 2093 2047 con—

502 2093 703 2157 structa
743 2094 888 2151 sunt,
934 2099 1281 2139 numerorum
1310 2083 1561 2139 videntur
1600 2084 1810 2138 ratione
1840 2083 2090 2138 formata.

502 2176 615 2233 Hoc
643 2176 783 2232 enim
824 2174 923 2230 fuit
955 2175 1250 2246 principale
1282 2175 1333 2229 in
1364 2174 1543 2229 animo
1579 2174 1874 2229 conditoris
1904 2189 2091 2230 exem-

501 2270 636 2342 plar.
661 2270 796 2325 llinc
822 2252 966 2325 enim
993 2278 1223 2339 quatuor
1251 2269 1638 2324 elementorum
1668 2268 1954 2324 multitudo
1977 2285 2094 2324 mtt-

503 2373 647 2429 tuata
669 2373 772 2429 est,
789 2362 914 2419 hinc
941 2372 1243 2433 temporum
1269 2362 1433 2427 vices,
1453 2361 1579 2417 hinc
1606 2372 1783 2417 motus
1801 2370 2088 2431 astrorum,

500 2459 733 2529 caelique
794 2458 1099 2514 conversio.
1165 2457 1297 2525 Qua:
1358 2471 1479 2511 cum
1536 2456 1609 2510 ita
1665 2456 1805 2519 sint,
1861 2471 2092 2525 eumque

501 2554 737 2612 omnium
813 2562 983 2607 status
1035 2565 1383 2607 numerorum
1429 2549 1771 2620 eolligatione
1818 2550 2089 2619 fungatur,

502 2660 629 2704 eum
656 2659 870 2715 quoque
896 2658 1182 2699 numerum
1212 2656 1435 2698 necesse
1469 2626 1551 2697 est
1575 2682 1590 2701 .
1621 2640 1673 2695 in
1706 2641 1919 2709 propria
1946 2654 2091 2697 sem-

500 2750 596 2807 per
625 2750 746 2794 sese
774 2736 1057 2791 habentem
1089 2736 1368 2806 mqualiter
1393 2734 1715 2799 substantia,
1749 2748 2086 2802 permanere,

500 2844 731 2899 eumque
751 2829 1104 2899 compo~itum
1131 2844 1239 2884 non
1263 2844 1328 2883 ex
1358 2827 1608 2882 diversis.
1653 2826 1791 2893 Quid
1817 2827 1958 2881 enim
1990 2843 2090 2882 nu-

500 2921 633 2979 meri
664 2922 1018 2977 substantiam
1046 2920 1420 2991 conjungeret,
1443 2935 1566 2974 cum
1592 2920 1759 2988 ipsius
1783 2918 2087 2989 exemplum

498 3024 689 3074 cuncta
710 3014 1019 3084 iunxisset?
1048 3013 1142 3069 sed
1172 3028 1239 3068 ex
1279 3013 1458 3083 seipso
1486 3012 1697 3068 videtur
1723 3026 1843 3067 esse
1868 3026 2088 3081 compo-

498 3112 654 3165 situs.
688 3107 857 3163 Porro
885 3116 1063 3162 autem
1094 3105 1226 3161 nihil
1256 3120 1323 3161 ex
1355 3104 1622 3159 similibus
1650 3104 1898 3174 componi
1938 3103 2087 3159 vide-

499 3210 605 3269 tur,
659 3216 759 3256 nec
785 3215 853 3256 ex
888 3199 969 3256 his
994 3215 1114 3270 quas
1140 3199 1285 3256 nulla
1335 3198 1559 3253 rationis
1587 3199 1939 3268 proportione
1962 3198 2087 3267 jun-

2215 583 2308 650 tio,
2337 585 2649 655 parvissima
2669 589 2985 659 quantitate,
3006 595 3300 652 secundum
3321 599 3552 658 duorum
3580 583 3801 667 istorum

2208 692 2464 759 generum
2508 683 2803 737 contrarias
2832 686 3127 753 passiones.
3176 688 3351 763 Impar
3389 711 3517 751 vero
3550 715 3801 761 numerus

2208 772 2427 866 est,geui
2460 772 2561 827 hoe
2588 774 2806 844 quidem
2834 778 3077 835 accidere
3121 797 3229 837 non
3275 794 3473 855 potest,
3518 791 3613 846 sed
3658 795 3801 866 cujus

2208 865 2261 920 in
2299 864 2431 921 duas
2460 867 2754 939 inaequales
2788 885 3030 928 summas
3071 881 3327 934 naturalis
3355 890 3438 937 est
3464 886 3661 943 sectio.
3701 864 3801 948 lioc

2206 969 2287 1014 est
2320 969 2495 1015 autem
2527 963 2821 1031 exemplar.
2869 963 2933 1019 Ut
2967 966 3013 1020 si
3052 971 3269 1036 qtti'iiu-l
3323 976 3461 1029 'ruus
3487 991 3587 1047 par
3620 1000 3799 1041 nunc-

2205 1067 2295 1107 rus
2325 1053 2614 1122 dividatur,
2651 1055 2827 1127 major
2849 1057 3066 1128 quidem
3114 1060 3392 1134 (quantum
3424 1070 3490 1122 ait
3520 1068 3798 1130 divis-Mus

2202 1148 2372 1216 spatia
2402 1150 2657 1219 pertinet)
2685 1165 2789 1203 non
2822 1149 3127 1208 invenietur
3154 1171 3312 1225 quam
3346 1157 3578 1217 discreta
3604 1165 3800 1223 medie-

2204 1247 2314 1305 tas;
2346 1241 2645 1308 quantitate
2667 1254 2795 1295 vero
2826 1244 2969 1298 nulla
2994 1245 3177 1301 minor
3200 1249 3287 1315 sit,
3315 1266 3473 1319 quam
3501 1257 3556 1308 in
3587 1260 3798 1326 gemina

2202 1327 2340 1383 facta
2374 1332 2610 1401 partitio,
2636 1341 2694 1386 ut
2722 1334 2765 1387 si
2810 1350 2904 1403 par
2928 1352 3188 1395 numerus
3215 1343 3303 1411 qui
3336 1353 3419 1398 est
3441 1345 3497 1411 8,
3532 1348 3798 1406 dividatur

2203 1424 2254 1478 in
2286 1423 2319 1478 4
2349 1433 2509 1497 atque
2538 1427 2674 1483 alios
2703 1431 2758 1495 4,
2791 1432 2933 1485 nulla
2968 1434 3070 1487 erit
3099 1435 3200 1493 alia
3229 1437 3448 1507 divisio,
3481 1459 3604 1515 qua:
3634 1451 3796 1518 majo-

2201 1534 2290 1574 res
2322 1532 2498 1589 partes
2525 1522 2747 1579 efﬁciat.
2790 1525 2957 1581 Porro
2988 1540 3167 1585 autem
3208 1534 3352 1588 nulla
3390 1540 3493 1592 erit
3526 1540 3632 1595 alia
3669 1544 3795 1599 divi:

2199 1610 2282 1664 sio
2333 1627 2452 1681 qua:
2487 1622 2655 1667 totum
2687 1631 2970 1673 numerum
2999 1621 3204 1677 minore
3232 1623 3434 1681 dividat
3474 1634 3793 1699 quantitate.

2200 1701 2257 1755 In
2288 1702 2421 1756 duas
2451 1708 2593 1759 enim
2626 1716 2801 1775 partes
2833 1708 3117 1778 divisione,
3153 1716 3281 1771 nihil
3317 1719 3498 1775 minus
3531 1733 3637 1779 est.
3670 1725 3793 1782 Cum

2198 1796 2341 1888 enim
2370 1803 2539 1852 totum
2571 1800 2691 1869 quis
2720 1800 2880 1857 fuerit
2910 1803 3046 1858 trina
3075 1805 3336 1864 divisione
3363 1815 3617 1881 partitus,
3646 1833 3710 1888 sp
3730 1818 3795 1874 ttii

2122 1892 2172 1954 Β
2197 1886 2411 1957 quidem
2444 1906 2650 1944 summa
2676 1892 2954 1961 minuitur,
2985 1896 3078 1950 sed
3108 1914 3361 1955 numerus
3393 1886 3795 1960 divisionisﬁauo

2197 1987 2371 2049 getur.
2421 1980 2571 2049 Quod
2611 1992 2788 2037 autem
2832 1983 3030 2040 dictum
3070 1996 3175 2054 est,
3218 1993 3517 2048 secundum
3570 1996 3794 2053 duarum

2197 2085 2454 2140 generum
2478 2075 2775 2130 contrarias
2802 2077 3100 2147 passiones,
3121 2079 3428 2151 hujusmodi
3452 2096 3555 2141 est.
3586 2087 3794 2144 Praedo-

2197 2164 2408 2219 euimus
2459 2165 2602 2221 enim
2659 2170 3019 2239 quantitatem
3076 2172 3126 2226 in
3177 2175 3410 2232 inlinitas
3465 2180 3796 2246 pluralitates

2196 2269 2528 2329 accrescere,
2556 2258 2727 2327 spatia
2760 2275 2908 2326 vero,
2958 2262 3010 2316 id
3040 2274 3121 2319 est
3149 2268 3569 2337 magnitudines,
3597 2273 3650 2326 in
3677 2273 3795 2327 ἱηῐῑι

2198 2346 2494 2403 nitissimas
2542 2350 2707 2405 minui
2750 2353 3061 2422 parvitates,
3112 2364 3271 2425 atque
3316 2359 3435 2414 ideo
3482 2358 3572 2416 hic
3612 2375 3796 2421 contra

2197 2441 2398 2508 evenit;
2426 2443 2541 2498 haec
2564 2460 2793 2515 namque
2821 2448 2967 2515 paris
2994 2447 3205 2518 divisio,
3235 2453 3410 2522 spatio
3438 2464 3523 2510 est
3540 2457 3794 2524 maxima,

2197 2534 2513 2607 parvissima
2541 2526 2860 2608 quantitate.

2816 2673 3043 2732 CAPUT
3088 2675 3150 2731 V.

2195 2781 2315 2837 Alia
2343 2786 2622 2842 secundum
2666 2789 3005 2858 antiquiorem
3044 2792 3253 2846 modum
3291 2793 3532 2865 dilim'tie
3560 2812 3693 2868 part1
3736 2806 3795 2873 Et

2880 2882 3113 2953 imparis.

2263 2992 2569 3051 Secundum
2606 2992 2960 3063 antiquiorem
2996 3010 3125 3051 vero
3167 2998 3419 3064 modum,
3454 3000 3559 3056 alia
3588 3013 3671 3058 est
3700 3018 3793 3074 pa-

2193 3091 2269 3146 ris
2305 3088 2511 3144 numeri
2545 3086 2809 3142 deﬁnitio.
2860 3087 2965 3143 Par
3014 3106 3265 3145 numerus
3309 3104 3391 3147 est
3435 3095 3528 3162 qui
3582 3092 3634 3148 in
3689 3095 3794 3151 duo

2193 3183 2438 3256 aequalia,
2466 3192 2519 3237 et
2549 3182 2599 3236 in
2631 3180 2737 3235 duo
2768 3180 3049 3252 inaequalia
3085 3183 3424 3253 partitionem
3459 3186 3672 3256 recipit,
3700 3186 3794 3242 sed

498 3302 717 3363 suntut,
760 3302 812 3348 et
842 3311 873 3348 ει
914 3307 974 3349 se
1006 3294 1154 3347 omni
1193 3291 1491 3347 substantia
1523 3302 1818 3360 naturaun
1857 3291 2088 3347 discreta
2117 3296 2164 3361 ρ
2194 3291 2250 3335 ut
2274 3281 2325 3333 in
2356 3287 2546 3333 neutra
2575 3275 2872 3342 divisione,
2907 3275 2990 3329 vel
3016 3275 3304 3346 impaiitati
3337 3279 3477 3346 parit
3513 3279 3568 3341 ἐ,
3602 3280 3685 3333 vel
3712 3294 3793 3348 pa-

498 3395 642 3443 sunt.
671 3384 894 3440 Constat
917 3399 1046 3454 ergo
1064 3384 1320 3454 quoniam
1352 3384 1677 3453 eonjunctus
1705 3393 1788 3438 est
1809 3399 2084 3454 numerus,

499 3494 671 3549 neque
710 3493 779 3533 ex
811 3477 1075 3534 Similibus
1110 3491 1231 3534 esse
1272 3477 1641 3548 coniunctum,
1690 3491 1864 3545 neque
1892 3491 1958 3535 ex
2008 3476 2088 3532 his

498 3587 616 3643 quae
638 3572 703 3627 ad
729 3587 786 3627 se
809 3570 1038 3628 invicem
1070 3571 1215 3627 nulla
1238 3572 1445 3628 ratione
1473 3571 1836 3642 proportionis
1859 3572 2085 3631 haerent.

497 3668 671 3727 Erunt
690 3684 840 3739 ergo,
860 3684 1139 3735 numeros,
1159 3670 1330 3740 prima
1353 3685 1474 3740 qua:
1498 3671 1846 3739 eonjungant,
1877 3669 1942 3725 ad
1964 3670 2089 3727 sub-
2153 3722 2158 3728 .

496 3763 745 3820 stantiam
773 3762 988 3833 quidem
1018 3778 1138 3833 quae
1165 3771 1447 3829 constent,
1493 3777 1818 3833 semperque
1861 3777 2089 3832 perina-

493 3866 677 3911 neant.
714 3852 895 3924 Neque
924 3853 1065 3910 enim
1106 3870 1170 3910 ex
1214 3870 1320 3911 non
1363 3856 1714 3911 existentibus
1757 3855 1897 3911 el'tiei
1935 3856 2086 3927 quid-

492 3962 653 4019 quam
686 3954 881 4015 potest,
914 3958 969 4003 et
992 3956 1118 4003 sunt
1154 3948 1263 4017 ipsa
1295 3948 1572 4004 dissimilia
1594 3958 1647 4004 et
1674 3950 1912 4019 potentia
1936 3965 2087 4006 com-

495 4038 749 4111 ponendi.
791 4037 918 4093 ΗΜ
953 4047 1131 4097 autem
1174 4046 1299 4101 sunt
1336 4038 1528 4110 quibus
1566 4054 1822 4095 numerus
1852 4049 2081 4107 constat,

494 4144 594 4200 par
627 4140 788 4201 atque
828 4132 1020 4200 impar.
1063 4129 1400 4198 Qumdivina
1430 4130 1659 4201 quadam
1698 4132 2082 4201 potentia'cum

492 4222 725 4292 disparia
774 4222 882 4278 sint
926 4218 1319 4293 contrariaque,
1352 4231 1528 4278 tamen
1574 4237 1641 4278 ex
1692 4238 1793 4277 una
1836 4212 2084 4292 genitura

494 4314 785 4386 proﬂuunt,
817 4323 871 4370 et
892 4315 944 4370 in
977 4331 1135 4370 unam
1162 4314 1607 4385 compositionem
1635 4317 2085 4372 modulationem-

491 4421 599 4477 ,que
620 4404 933 4478 junguntur.

802 4487 812 4495 '
1106 4498 1455 4555 CAPUTIH.

494 4589 571 4647 De
609 4590 911 4662 dif/initiatae
938 4600 983 4646 et
1014 4592 1256 4674 divisione
1292 4593 1510 4675 numeri,
1541 4604 1587 4647 et
1614 4593 1914 4662 cii/ﬁnitione
1940 4595 2080 4663 paris

1130 4674 1175 4716 et
1208 4674 1440 4736 imparis.

563 4772 628 4827 Et
655 4772 881 4843 primum
905 4774 1032 4844 quid
1056 4776 1127 4830 sit
1154 4791 1409 4831 numerus
1435 4775 1806 4832 dit‘iiniendum
1836 4784 1938 4831 est.
1972 4775 2080 4833 Nu.-

490 4878 671 4919 merus
701 4872 785 4920 est
813 4866 1074 4920 unitatum
1104 4866 1372 4931 collectio,
1404 4868 1484 4921 vel
1516 4868 1826 4938 quantitatis
1854 4883 2081 4924 acervus

487 4969 551 5011 ex
576 4956 866 5011 unitatibus
888 4956 1155 5027 profusus.
1186 4958 1351 5027 llujus
1373 4959 1533 5029 igitur
1558 4959 1726 5028 prima
1754 4961 1947 5016 divisio
1996 4972 2079 5017 est

485 5050 541 5108 in
562 5049 820 5107 imparem
851 5059 1010 5121 atque
1032 5065 1235 5120 parem.
1269 5050 1335 5106 Et
1363 5065 1457 5120 par
1485 5052 1697 5122 quidem
1731 5062 1833 5119 est,
1862 5054 1951 5123 qui
1982 5069 2077 5123 po-

484 5153 589 5197 test
618 5143 671 5197 in
699 5142 924 5213 azqualia
953 5142 1061 5198 duo
1106 5143 1294 5210 dividi,
1348 5160 1457 5199 uno
1496 5146 1675 5201 medio
1714 5162 1818 5201 non
1858 5146 2077 5203 interci-

480 5237 664 5301 dente.
710 5236 885 5307 Impar
928 5253 1057 5293 vero
1097 5253 1257 5308 quem
1300 5238 1475 5295 nullus
1507 5241 1558 5294 in
1606 5242 1828 5311 aequalia
1862 5241 2072 5306 dividit,

480 5333 608 5402 quin
656 5333 707 5387 in
756 5332 934 5387 medio
988 5331 1277 5412 praedictus
1324 5349 1461 5388 unus
1503 5334 1805 5390 intercidat.
1850 5336 1914 5391 Et
1954 5334 2069 5390 haec

479 5425 692 5497 quidem
724 5425 1027 5496 hujusmodi
1056 5426 1306 5484 difﬁnitio
1333 5429 1564 5500 vulgaris
1593 5440 1676 5485 est
1703 5438 1757 5485 et
1786 5441 1930 5485 nota.

1095 5538 1325 5598 CAPUT
1368 5541 1452 5596 IV.

481 5627 748 5699 Diﬁm'tim
776 5632 976 5687 nuuteri
1016 5635 1157 5703 paris
1195 5645 1241 5688 et
1287 5635 1499 5704 imparis
1546 5635 1824 5689 secundum
1866 5633 2064 5706 Pytha-

1170 5721 1368 5777 geram.

563 5790 653 5843 llia
702 5804 878 5848 autem
928 5796 1223 5851 secundum
1277 5795 1678 5866 Pythagorieam
1735 5796 2067 5866 disciplinam

486 5881 590 5937 alis
618 5894 721 5935 est.
754 5884 859 5938 Par
896 5903 1148 5943 numerus
1184 5897 1297 5955 est,
1343 5893 1433 5959 qui
1461 5892 1561 5946 sub
1590 5893 1775 5947 eadem
1807 5891 2072 5949 divisione
2118 5929 2125 5939 ι

2152 3371 2337 3427 'ritati
2372 3370 2646 3441 imparitas
2702 3369 2989 3424 misceatur
3018 3409 3031 3433 ,
3080 3379 3274 3438 praeter
3322 3371 3500 3425 solum
3549 3371 3791 3440 puritatis

2194 3467 2488 3538 principem
2523 3461 2787 3518 binarium
2836 3478 3116 3518 numerum
3146 3505 3156 3524 ,
3200 3462 3291 3534 qui
3331 3464 3657 3535 inmqualem
3688 3481 3788 3521 non

2193 3558 2383 3628 recipit
2402 3557 2696 3613 sectionem
2716 3596 2731 3623 ,
2761 3565 3041 3627 propterea
3071 3555 3214 3626 quod
3249 3572 3313 3611 ex
3339 3557 3550 3612 duabus
3581 3560 3787 3614 unitati-

2190 3649 2292 3706 bus
2323 3656 2554 3715 constat,
2589 3658 2641 3703 et
2676 3648 2940 3717 ex'prima
2968 3647 3193 3701 duorum
3225 3648 3630 3718 quodammodo
3656 3651 3786 3721 pari.

2194 3754 2320 3798 tate.
2344 3741 2498 3809 Quod
2527 3748 2705 3795 autem
2730 3738 2873 3805 dico,
2901 3738 3004 3793 tale
3026 3749 3108 3793 est
3136 3755 3150 3793 :
3185 3739 3229 3793 si
3270 3739 3413 3794 enim
3444 3750 3680 3808 ponatur
3702 3756 3787 3810 par

2191 3850 2469 3900 numerus,
2501 3840 2682 3903 potest
2712 3832 2763 3886 in
2795 3829 2904 3886 duo
2938 3829 3164 3902 aequalia
3198 3830 3384 3897 dividi,
3434 3840 3496 3885 ut
3541 3831 3784 3888 denarius

2190 3928 2448 3984 dividitur
2478 3927 2530 3980 in
2555 3926 2770 3996 quinos.
2798 3922 2970 3979 Porro
2992 3932 3167 3977 autem
3198 3931 3253 3978 et
3282 3938 3376 3992 per
3401 3923 3707 3995 inaequalia,
3734 3932 3783 3978 ut

2191 4021 2333 4077 idem
2352 4019 2601 4074 denarius
2626 4018 2679 4072 in
2710 4017 2744 4072 5
2773 4027 2828 4073 et
2852 4017 2901 4071 in
2922 4017 2975 4070 '7.
3004 4014 3107 4073 Sed
3130 4015 3231 4071 hoc
3254 4016 3437 4084 modo,
3466 4026 3522 4070 ut
3545 4033 3665 4071 cum
3691 4032 3782 4073 una

2194 4130 2318 4187 pars
2359 4114 2521 4169 fuerit
2552 4112 2833 4168 divisionis
2866 4125 2993 4181 par,
3030 4110 3131 4164 alia
3161 4125 3377 4181 quoque
3423 4125 3520 4180 par
3552 4110 3782 4165 invenia-

2196 4220 2301 4277 tur,
2335 4208 2456 4265 etsi
2485 4195 2589 4262 una
2616 4206 2810 4277 impar,
2853 4206 3056 4276 reliqua
3096 4204 3164 4259 ab
3204 4203 3320 4275 ejus
3351 4204 3660 4275 imparitate
3687 4222 3780 4260 non

2190 4302 2479 4371 diserepet,
2505 4307 2565 4354 ut
2589 4299 2641 4353 in
2668 4298 2854 4354 eodem
2878 4313 3105 4353 numero
3129 4296 3219 4369 qui
3251 4307 3334 4352 est
3355 4297 3631 4352 denarius.
3658 4298 3782 4355 Cum

2186 4397 2329 4453 enim
2356 4398 2557 4451 divisus
2579 4406 2661 4449 est
2695 4394 2745 4448 in
2772 4394 2983 4463 quinos,
3010 4391 3093 4446 vel
3114 4406 3231 4445 cum
3260 4388 3310 4444 in
3341 4392 3375 4446 5
3403 4400 3461 4445 et
3490 4393 3540 4446 in
3578 4392 3609 4445 7
3633 4401 3781 4446 utrae-

2189 4507 2293 4562 que
2318 4491 2370 4545 in
2406 4500 2631 4560 utraque
2662 4487 2906 4559 portione
2936 4497 3113 4555 partes
3133 4526 3147 4552 ,
3179 4485 3411 4555 impares
3441 4484 3780 4540 exstiterunt.

2188 4590 2245 4647 Si
2295 4596 2470 4642 autem
2523 4586 2640 4656 ipse
2684 4585 2765 4638 vel
2814 4584 2950 4638 alius
2997 4598 3251 4645 numerus
3295 4597 3389 4650 par
3437 4580 3703 4633 dividatur
3734 4581 3779 4635 in

2102 4686 2158 4749 Ι)
2187 4680 2453 4751 aequales,
2479 4686 2540 4733 ut
2583 4676 2889 4733 octonarius
2925 4678 2977 4731 in
3008 4677 3041 4730 4
3070 4684 3125 4731 et
3162 4674 3212 4729 in
3243 4674 3273 4730 ι
3293 4716 3308 4743 ,
3339 4684 3391 4727 et
3427 4672 3553 4755 item
3588 4688 3681 4741 per
3709 4675 3776 4725 in-

2190 4774 2449 4845 aequales,
2478 4782 2535 4839 ut
2557 4771 2696 4827 idem
2729 4771 3036 4826 octonarius
3068 4771 3117 4825 in
3154 4770 3187 4823 5
3220 4769 3347 4822 etin
3373 4766 3429 4831 5,
3465 4766 3517 4820 in
3548 4766 3635 4820 illa
3664 4766 3777 4835 qui-

2189 4870 2310 4923 dem
2344 4866 2608 4922 divisione
2642 4875 2884 4934 utraeque
2931 4875 3108 4934 partes
3154 4877 3310 4933 pares
3342 4862 3494 4914 iactae
3537 4870 3683 4924 sunt,
3729 4866 3776 4914 et

2190 4963 2240 5017 in
2272 4961 2371 5016 hac
2403 4972 2643 5031 utraeque
2679 4960 2913 5028 impares
2952 4960 3289 5012 exstiterunt.
3334 4953 3517 5024 Neque
3549 4966 3774 5021 unquam

2189 5054 2304 5108 ﬁeri
2358 5062 2553 5123 potest,
2602 5061 2660 5107 ut
2688 5067 2809 5107 cum
2857 5066 2958 5106 una
3007 5064 3130 5120 pars
3174 5048 3449 5103 divisionis
3478 5062 3576 5117 par
3599 5043 3769 5109 fuerit,

2178 5148 2283 5203 alia
2314 5149 2485 5218 impar
2516 5148 2741 5203 inveniri
2784 5156 2963 5217 queat,
2994 5158 3084 5201 aut
3133 5161 3253 5201 eum
3308 5160 3409 5199 una
3466 5144 3637 5212 impar
3684 5144 3765 5205 sit,

2178 5241 2278 5295 alia
2309 5256 2405 5311 par
2440 5242 2615 5310 possit
2647 5240 2889 5309 intelligi.
2922 5239 3097 5307 Impar
3123 5252 3252 5293 vero
3292 5252 3546 5292 numerus
3575 5246 3657 5288 est
3686 5235 3767 5302 qui

2181 5317 2245 5386 ad
2269 5332 2567 5403 quamlibet
2597 5331 2743 5386 illaut
2772 5330 3110 5393 divisionem,
3142 5345 3238 5400 per
3259 5328 3537 5399 inaequalia
3562 5342 3694 5393 sem;
3714 5342 3765 5379 er

2178 5426 2435 5481 dividitur
2454 5466 2470 5492 ,
2509 5434 2568 5480 ut
2594 5434 2847 5493 utrasque
2874 5423 3080 5493 species
3108 5421 3315 5476 numeri
3352 5434 3567 5488 semper
3592 5429 3766 5471 osten-

2176 5519 2289 5586 dat,
2324 5532 2423 5574 nec
2459 5532 2692 5588 unquam
2723 5518 2887 5572 altera
2916 5516 3034 5571 sine
3058 5514 3227 5569 altera
3256 5513 3357 5579 sit,
3386 5510 3481 5566 sed
3515 5525 3613 5562 una
3649 5522 3765 5575 pars

2175 5611 2413 5682 paritati,
2465 5611 2752 5681 imparitati
2779 5608 2883 5664 alia
2913 5608 3217 5678 deputatur,
3261 5616 3315 5659 ut
3347 5606 3377 5659 7
3412 5605 3456 5660 si
3488 5602 3695 5657 dividas
3721 5602 3766 5654 in

2175 5706 2285 5761 Eiet
2313 5705 2364 5760 in
2395 5703 2453 5771 4,
2486 5703 2651 5758 altera
2692 5703 2866 5773 portio
2893 5716 3007 5781 par,
3031 5702 3197 5755 altera
3235 5700 3407 5768 impar
3437 5706 3539 5751 est.
3574 5695 3642 5748 Et
3672 5696 3768 5748 hoc

2178 5798 2321 5853 idem
2347 5798 2400 5853 in
2429 5798 2635 5852 cunctis
2669 5782 3223 5867 imparibus'numeris
3253 5792 3546 5850 invenitur.
3584 5790 3769 5859 Neque

2196 5908 2427 5960 unquam
2452 5894 2503 5946 in
2535 5890 2757 5961 imparis
2777 5891 3059 5954 divisione,
3086 5899 3283 5959 praeter
3312 5903 3371 5943 se
3397 5902 3520 5943 esse
3543 5888 3767 5957 possunt
