4022 6366
233 358 370 422 1085

1446 361 1536 418 DE
1578 358 2047 418 ARITHME'HCA
2079 354 2216 418 LIB.
2255 361 2295 418 1.

3385 368 3525 429 1086

230 486 313 541 ita:
363 496 592 555 gemmae
642 483 871 553 Species,
919 496 1039 555 qua:
1083 481 1399 539 naturaliter
1444 482 1555 538 vim
1612 480 1823 537 numeri
1850 470 2053 544 Aoum
2086 481 2304 536 nomine
2361 496 2478 552 Ipso
2519 468 2892 555 'vocabu'ioque
2920 485 3119 556 pariter
3146 496 3246 556 par
3284 486 3525 543 invenito-

230 577 688 647 substantiamque
715 586 1064 647 componunt.

846 664 1075 728 CAPUT
1109 668 1197 724 Vl.

431 761 673 834 Diﬂnitio
694 763 835 833 paria
864 771 911 817 et
934 762 1146 834 imparis
1170 778 1259 831 per
1282 762 1604 817 alterutrum.

300 856 453 924 Quod
476 859 519 911 si
544 856 660 912 haec
682 854 845 912 etiam
866 870 963 927 per
977 856 1260 913 alterutras
1280 857 1488 929 species
1506 854 1814 912 diftinienda

228 955 387 1015 sunt,
421 947 632 1007 dicetur
658 948 916 1019 imparem
968 962 1249 1004 numerum
1280 962 1433 1012 esse,
1478 947 1568 1018 qui
1614 947 1821 1003 unitate

229 1039 409 1097 diii‘ert
432 1054 461 1095 a
494 1039 640 1111 pari,
673 1040 761 1097 vel
789 1042 1142 1108 incremento,
1178 1041 1261 1097 vel
1284 1040 1657 1096 diminutione.
1688 1039 1818 1095 item

229 1146 325 1204 par
353 1146 608 1188 numerus
634 1142 738 1201 est,
781 1132 870 1204 qui
915 1134 1116 1188 unitate
1155 1132 1336 1188 diil‘ert
1370 1131 1440 1187 ab
1479 1130 1706 1212 impari)
1733 1129 1821 1185 vel

230 1227 605 1295 incremento,
637 1226 722 1282 vel
753 1225 1127 1285 diminutione.
1182 1225 1242 1282 Si
1288 1224 1432 1281 enim
1487 1226 1600 1294 pari
1657 1238 1821 1279 unum

230 1318 528 1390 dempseris
558 1320 643 1375 vel
670 1335 835 1375 unum
868 1320 1160 1391 adjeceris,
1184 1329 1237 1376 et
1258 1319 1432 1390 impar
1452 1318 1705 1387 eiiicitur,
1738 1316 1823 1373 vel

231 1414 275 1468 si
300 1411 491 1483 impari
514 1410 657 1469 idem
683 1412 893 1479 ieceris,
926 1428 1023 1482 par
1043 1413 1299 1469 continuo
1321 1421 1650 1483 procreatur.

831 1500 1056 1559 CAPUT
1105 1503 1216 1559 VII.

655 1595 730 1653 De
753 1598 1143 1669 principalitate
1169 1597 1404 1651 unitatis.

307 1689 493 1745 Omnis
538 1704 746 1761 quoque
793 1704 1049 1744 numerus
1096 1689 1298 1745 circum
1340 1703 1398 1743 se
1453 1690 1747 1759 positorum
1777 1696 1832 1745 et

233 1784 467 1839 naturali
515 1783 729 1839 sibimet
775 1783 1125 1853 dispositione
1191 1783 1499 1853 junctorum
1571 1784 1832 1839 medietas

1925 581 2033 640 tur,
2065 581 2176 629 tum
2203 574 2374 630 etiam
2408 576 2727 646 quantitate.
2762 577 2867 633 Sed
2900 577 3027 634 ideo
3056 576 3185 632 mihi
3211 574 3526 634 videturltic

1922 681 2183 726 numerus
2211 669 2413 738 pariter
2444 685 2540 741 par
2565 678 2787 727 vocatus
2814 711 2829 737 ,
2866 671 3007 742 quod
3050 670 3167 741 ejus
3195 685 3383 727 omnes
3407 684 3526 741 par-

1924 771 2007 816 tes
2031 769 2085 816 et
2108 760 2326 816 nomine
2353 770 2407 816 et
2427 764 2726 833 quantitate
2758 773 2912 836 pares
2940 765 3141 835 pariter
3158 763 3524 833 inveniantur.

1924 855 2211 925 Quomodo
2240 864 2420 912 autem
2470 864 2526 911 et
2576 857 2868 913 nominest
2893 857 3189 927 quantitate
3233 870 3391 927 pares
3433 856 3528 914 ba-

1925 948 2051 1005 beat
2080 958 2264 1020 partes
2294 948 2384 1005 hic
2410 963 2692 1017 numerus,
2746 957 2866 1020 post
2903 949 3162 1006 dicemus.
3192 948 3395 1005 Horum
3434 961 3528 1004 au-

1927 1050 2035 1099 tem
2067 1042 2347 1114 generatio
2374 1041 2496 1098 talis
2523 1050 2625 1099 est.
2670 1043 2753 1097 Ab
2781 1058 2887 1099 uno
2916 1043 3059 1099 enim
3088 1057 3437 1114 quoscunque
3472 1041 3526 1098 in

1927 1134 2134 1208 duplici
2159 1133 2511 1207 pwportione
2549 1136 2849 1205 notaveris,
2894 1149 3106 1205 semper
3145 1148 3302 1205 pares
3330 1134 3529 1204 pariter

1929 1238 2304 1303 procreantur.
2335 1229 2542 1285 Prmter
2572 1228 2715 1283 hanc
2738 1234 2912 1283 autem
2934 1228 3333 1298 generationem
3354 1232 3413 1281 ut
3441 1236 3529 1281 ua-

1931 1337 2152 1387 scantur
2180 1329 2361 1394 aliter,
2406 1325 2742 1397 impossibile
2775 1333 2878 1380 est.
2906 1323 3076 1394 Hujus
3107 1332 3285 1378 autem
3314 1322 3391 1377 rei
3424 1320 3529 1377 tale

1931 1423 2141 1480 videtur
2187 1439 2283 1495 per
2330 1422 2577 1478 ordinem
2626 1418 3009 1489 descriptionis
3054 1416 3381 1484 exemplum.
3411 1414 3530 1471 Sint

1931 1518 2114 1589 itaque
2145 1515 2324 1572 cuncti
2356 1514 2599 1585 duplices
2629 1513 2697 1568 ab
2727 1527 2836 1568 uno
2863 1511 2917 1577 1,
2942 1513 2999 1577 ‘2,
3036 1511 3092 1574 4.
3128 1509 3294 1578 8,16,
3319 1508 3412 1571 52,
3435 1505 3526 1576 64,

1936 1609 2065 1675 128,
2086 1607 2217 1674 256,
2246 1608 2349 1664 512
2371 1650 2384 1673 ,
2416 1613 2577 1676 atque
2609 1600 2733 1660 hinc
2761 1604 2805 1659 si
2835 1604 2927 1659 ﬁat
2952 1601 3159 1657 infinita
3189 1600 3528 1672 progressio,

1938 1702 2075 1759 tales
2096 1710 2319 1757 cunctos
2344 1701 2603 1755 invenies.
2633 1696 2891 1768 Factique
2911 1696 3113 1751 suntab
3126 1709 3232 1749 uno
3251 1694 3304 1767 in
3329 1691 3531 1761 duplici

1940 1793 2307 1865 proportione,
2334 1801 2385 1847 et
2404 1804 2593 1847 omnes
2621 1797 2746 1845 sunt
2770 1788 2969 1860 pariter
2988 1771 3166 1858 pares.
3194 1784 3328 1842 lliud
3353 1794 3529 1841 autem

233 1884 337 1932 est.
373 1874 438 1930 Et
467 1874 556 1946 qui
582 1890 744 1945 super
766 1873 903 1929 duos
942 1874 1066 1930 illos
1095 1884 1241 1941 sunt.
1281 1876 1372 1945 (illi
1406 1875 1583 1931 medio
1602 1876 1833 1947 iungun-
1863 1874 1915 1939 Β
1941 1902 2044 1940 non
2074 1886 2293 1940 minima
2337 1882 2776 1939 consideratione
2822 1882 3037 1953 dignum
3078 1888 3195 1946 est,
3246 1878 3387 1951 quod
3415 1878 3532 1950 ejus

233 1978 346 2036 tur,
379 1970 425 2025 si
452 1974 864 2036 componantur,
896 1968 1056 2022 etiam
1085 1969 1323 2038 ipsorum
1369 1968 1707 2038 supradictus
1734 1984 1833 2024 nu-

234 2078 417 2120 merus
447 2063 619 2119 media
668 2064 842 2134 portio
867 2070 946 2119 est
972 2104 987 2129 ,
1019 2071 1071 2119 et
1111 2078 1303 2118 rursus
1344 2063 1559 2119 illorum
1590 2064 1678 2133 qui
1709 2071 1837 2119 sunt

214 2170 401 2226 super
439 2155 677 2211 secundo
716 2155 837 2211 loco
889 2156 1124 2225 junctos,
1180 2172 1302 2211 cum
1354 2156 1456 2226 ipsi
1487 2172 1699 2227 quoque
1728 2157 1837 2212 sint

236 2246 549 2320 compositi,
596 2248 740 2319 prior
776 2248 859 2303 his
893 2263 1147 2303 numerus
1174 2248 1477 2303 medietatis
1507 2249 1624 2303 loco
1650 2256 1753 2313 est,
1781 2256 1838 2304 et

236 2341 340 2396 hoc
357 2341 458 2396 erit
482 2355 653 2411 usque
670 2340 794 2396 dum
820 2356 1109 2398 occurrens
1124 2342 1297 2397 unitas
1320 2344 1604 2398 terminum
1629 2342 1834 2399 fecerit.

236 2432 312 2491 Ut
360 2433 406 2489 si
448 2443 608 2504 ponat
640 2434 758 2504 quis
787 2435 1089 2507 quinarium
1138 2451 1458 2501 numerum,
1514 2436 1838 2491 altrinsecus

239 2524 392 2581 circa
419 2526 589 2596 ipsum
618 2536 765 2595 sunt,
796 2542 955 2596 supra
980 2527 1033 2595 4,
1068 2528 1291 2583 inferius
1318 2527 1371 2582 6.
1408 2528 1466 2583 lli
1493 2543 1620 2598 ergo
1646 2528 1689 2583 si
1712 2528 1840 2599 jun-

238 2620 312 2675 cti
346 2629 488 2687 sunt,
523 2618 719 2675 faciunt
746 2622 840 2688 10,
878 2636 1103 2692 quorum
1133 2621 1168 2677 5
1188 2637 1443 2678 numerus
1466 2621 1835 2678 medietasest.

240 2710 349 2780 Qui
378 2721 555 2767 autem
587 2712 727 2767 circa
762 2713 929 2783 ipsos,
961 2712 1011 2767 id
1045 2722 1127 2770 est
1154 2714 1293 2769 circa
1326 2713 1359 2768 6
1384 2724 1436 2769 et
1466 2715 1500 2769 4
1530 2714 1841 2781 sunt,58ci-

237 2802 375 2860 licet
403 2814 455 2859 et
483 2804 546 2872 7;
583 2804 724 2860 idem
754 2805 797 2861 si
823 2804 992 2875 juncti
1030 2815 1152 2859 sunt
1173 2846 1188 2871 ,
1215 2819 1403 2860 eorum
1443 2806 1717 2875 quinarius
1746 2822 1845 2861 nu-

236 2912 425 2954 merus
455 2900 716 2955 medietas
752 2907 854 2954 est.
888 2898 1095 2954 Rursus
1126 2900 1372 2964 istorum,
1405 2900 1495 2970 qui
1526 2899 1845 2956 altrinsecus

237 2989 405 3060 positi
448 2998 610 3055 sunt,
655 2991 698 3044 si
726 2989 1018 3060 jungautur
1040 3034 1054 3055 ,
1098 2990 1258 3045 etiam
1292 2990 1345 3045 lii
1374 2991 1604 3062 quinarii
1636 2994 1844 3048 numeri

237 3081 393 3152 dupli
433 3092 578 3137 sunt.
611 3080 744 3136 Nam
783 3097 942 3150 super
970 3081 1004 3135 5
1033 3092 1157 3138 sunt
1183 3084 1218 3137 2
1240 3126 1253 3151 ,
1291 3099 1454 3155 super
1479 3089 1510 3139 7
1541 3098 1661 3142 sunt
1694 3087 1746 3142 8.
1780 3085 1845 3141 Hi

238 3188 377 3245 ergo
404 3174 448 3229 si
468 3174 637 3243 juncti
667 3182 793 3230 sunt
814 3172 1013 3229 faciunt
1041 3176 1137 3240 10,
1170 3192 1396 3246 quorum
1422 3180 1698 3246 quinarius
1730 3197 1848 3236 rur-

1935 1976 2110 2031 Omnis
2149 1989 2293 2045 pars,
2330 1976 2396 2030 ab
2417 1991 2517 2030 una
2536 1981 2689 2045 parte
2710 1989 3029 2045 quacunque
3046 1989 3165 2045 quae
3191 1972 3328 2028 intra
3356 1972 3531 2042 ipsum

1938 2082 2218 2122 numerum
2282 2076 2366 2121 est
2427 2067 2850 2134 denominatur,
2915 2076 3223 2136 tantamque
3270 2078 3533 2122 summam

1937 2162 2251 2230 quantitatis
2279 2158 2524 2224 includit,
2558 2166 2720 2229 quota
2745 2174 2866 2231 pars
2888 2166 2973 2215 est
3002 2159 3137 2214 alter
3165 2173 3419 2213 numerus
3442 2172 3533 2227 pa-

1937 2255 2069 2310 riter
2103 2252 2266 2323 paris,
2296 2252 2435 2307 illius
2457 2253 2547 2322 qui
2571 2266 2694 2307 eum
2717 2252 2963 2307 continet
2990 2250 3319 2323 quantitatis.
3352 2248 3535 2320 Itaque

1940 2349 2000 2403 lit
2044 2358 2098 2401 ut
2131 2346 2232 2402 sibi
2288 2355 2470 2417 partes
2517 2346 2645 2417 ipsae
2698 2343 3080 2415 respondeant,
3134 2351 3191 2397 ut
3229 2349 3388 2412 quota
3411 2356 3535 2413 pars

1939 2455 2045 2496 una
2072 2448 2174 2507 est,
2207 2446 2408 2493 tantam
2454 2437 2650 2493 habeat
2679 2438 2846 2492 altera
2876 2436 3253 2506 quantitatem,
3285 2441 3340 2489 et
3368 2440 3527 2504 quota

1941 2545 2068 2603 pars
2098 2531 2198 2585 ista
2229 2540 2309 2585 est
2332 2573 2346 2597 ,
2378 2538 2577 2584 tantam
2616 2530 2667 2583 in
2700 2531 2881 2599 priore
2919 2542 3185 2583 summam
3215 2540 3440 2582 necesse
3468 2524 3537 2582 sit

1942 2621 2304 2678 multitudinis
2333 2620 2585 2676 inveniri.
2614 2620 2681 2674 Et
2704 2622 2934 2690 primum
2968 2620 3043 2686 tit,
3080 2620 3123 2675 si
3153 2634 3307 2687 pares
3338 2617 3537 2677 fuerint

1943 2714 2347 2785 diSpusitiones,
2375 2721 2430 2768 ut
2459 2714 2577 2769 date
2605 2710 2796 2767 mediae
2819 2721 2997 2782 partes
3020 2711 3119 2767 sibi
3141 2710 3534 2781 respondeant,

1944 2817 2070 2880 post
2098 2822 2225 2863 vero
2254 2821 2372 2879 qua:
2402 2820 2561 2876 super
2592 2790 2731 2875 ipsas
2762 2811 2887 2858 sunt
2917 2802 3018 2859 sibi
3052 2801 3279 2859 invicem
3311 2816 3537 2857 conver-

1950 2908 2149 2966 tantur,
2188 2908 2352 2970 atque
2382 2895 2487 2952 hoc
2508 2896 2648 2952 idem
2683 2896 2775 2950 fiat
2803 2897 2977 2951 donec
3017 2904 3245 2965 uterque
3277 2892 3537 2949 terminus

1951 2996 2318 3053 extremitates
2366 2993 2625 3049 incurrat.
2671 2990 2906 3046 Ponatur
2951 2987 3096 3045 enim
3147 2989 3349 3059 pariter
3393 2990 3537 3059 paris

1951 3088 2213 3157 ordo,ab
2244 3102 2350 3143 uno
2379 3100 2547 3157 usque
2571 3084 2709 3151 l28,
2742 3082 3112 3151 bocmodol,
3139 3081 3205 3150 2,
3232 3083 3302 3151 4,
3336 3080 3537 3149 8,16,

1952 3183 2053 3250 ⁸52,
2085 3183 2175 3251 64,
2210 3182 2332 3248 128,
2362 3189 2417 3237 et
2450 3195 2514 3236 ea
2546 3179 2615 3235 sit
2655 3193 2859 3234 summa
2885 3178 3134 3233 maxima.
3168 3176 3225 3232 In
3256 3176 3358 3233 hoc
3382 3177 3539 3248 igitur

238 3280 336 3321 sus
362 3266 623 3322 medietas
652 3279 753 3323 est.
790 3269 902 3324 Hoc
933 3270 1073 3324 idem
1100 3271 1154 3324 in
1184 3273 1431 3327 omnibus
1460 3275 1698 3329 numeris
1722 3291 1843 3332 eve-
1871 3249 1921 3315 Ο
1950 3277 2202 3347 quoniam
2230 3288 2386 3348 pares
2413 3272 2793 3345 dispositiones
2822 3281 2969 3338 sunt,
3007 3284 3111 3325 una
3136 3268 3393 3324 medietas
3429 3282 3538 3323 non

238 3360 348 3425 nit,
376 3374 543 3430 usque
566 3360 692 3415 dum
722 3360 786 3415 ad
817 3362 1036 3416 unitatis
1058 3364 1342 3417 terminum
1374 3367 1641 3433 perveniri
1662 3376 1843 3437 queat.

238 3450 375 3506 Sola
402 3451 545 3505 enim
577 3454 751 3507 unitas
772 3452 972 3508 circum
997 3467 1055 3507 se
1077 3453 1212 3513 duos
1241 3456 1500 3512 terminos
1532 3472 1636 3513 non
1660 3458 1843 3530 habet,

236 3555 407 3617 atque
440 3546 559 3601 ideo
581 3546 717 3616 ejus,
753 3548 841 3618 qui
871 3556 955 3603 est
974 3562 1139 3617 prope
1164 3564 1243 3613 se,
1276 3550 1442 3607 solius
1463 3560 1543 3608 est
1563 3553 1841 3611 medietas.

237 3636 382 3697 Nam
408 3638 560 3710 juxta
594 3654 756 3695 unum
788 3640 937 3695 solus
968 3649 1051 3695 est
1090 3640 1331 3698 binarius
1370 3646 1687 3702 naturaliter
1712 3664 1844 3704 con-

238 3733 486 3799 stitutus,
517 3732 671 3803 cujus
702 3731 879 3788 unitas
929 3732 1103 3788 media
1134 3750 1255 3804 pars
1298 3746 1400 3791 est.
1433 3737 1608 3803 Quare
1638 3750 1848 3795 constat

240 3828 477 3897 primam
501 3841 622 3883 esse
645 3827 902 3883 unitatem
925 3867 939 3891 ,
984 3836 1299 3883 cunctorum
1331 3832 1420 3900 qui
1452 3840 1579 3886 sunt
1611 3833 1662 3885 in
1695 3844 1847 3887 uatu-

242 3919 352 3975 rali
406 3919 758 3991 dispositione
808 3936 1179 3988 numerorum,
1225 3931 1279 3977 et
1337 3924 1496 3978 etiam
1545 3926 1644 3979 rite
1686 3926 1847 3981 totius

249 4016 503 4084 quamvis
532 4016 774 4088 prolixae,
808 4016 1127 4089 genitricem
1163 4017 1482 4087 pluralitatis
1512 4019 1748 4092 agnosci.

848 4108 1074 4164 CAPUT
1122 4108 1251 4163 VIII.

742 4202 937 4258 Divisio
966 4202 1107 4273 paris
1138 4204 1335 4255 numeri

321 4293 476 4349 Paris
501 4305 683 4351 autem
714 4298 925 4352 numeri
959 4294 1167 4365 Species
1199 4305 1324 4349 sunt
1354 4296 1404 4350 5.
1452 4297 1544 4352 Est
1572 4299 1712 4353 enim
1741 4314 1845 4354 una

244 4402 374 4457 quae
402 4386 595 4443 dicitur
615 4390 815 4461 pariter
839 4404 951 4460 par,
971 4390 1072 4443 alia
1099 4404 1226 4444 vero
1252 4389 1449 4458 pariter
1472 4389 1665 4461 impar,
1692 4394 1845 4449 tertia

244 4482 531 4552 impariler
557 4498 671 4553 par.
708 4484 770 4537 Et
800 4484 1068 4539 contraria
1100 4483 1336 4553 quidem,
1362 4483 1581 4554 locaque
1604 4486 1849 4542 obtinen-

244 4579 325 4635 tia
357 4577 750 4643 summitatum,
782 4576 1025 4631 videntur
1046 4592 1165 4630 esse
1192 4576 1393 4645 pariter
1421 4593 1535 4644 par,
1562 4587 1618 4633 et
1651 4581 1849 4648 pariter

245 4672 447 4742 impar.
508 4667 765 4722 Medietas
818 4676 994 4723 autem
1046 4669 1290 4738 quaedam
1342 4683 1464 4737 qua:
1504 4665 1851 4743 utrorumque

243 4760 563 4835 participat,
596 4770 681 4816 est
710 4776 962 4817 numerus
989 4764 1078 4832 qui
1113 4775 1334 4821 vocatur
1366 4768 1641 4835 intpariter
1664 4782 1778 4838 par.

885 4855 1110 4913 CAPUT
1150 4857 1240 4915 IX.

366 4947 445 5001 De
470 4964 680 5003 numero
706 4949 899 5017 pariter
928 4951 1039 5019 pari
1083 4952 1295 5023 ejusque
1320 4952 1739 5021 proprietatibus.

326 5040 540 5096 Pariter
582 5056 677 5109 par
723 5055 978 5096 numerus
1024 5052 1107 5096 est
1156 5044 1246 5112 qui
1281 5052 1459 5114 potest
1484 5043 1535 5099 in
1569 5044 1676 5099 duo
1705 5047 1853 5116 paria

1877 4628 1932 4693 D

1951 3380 2122 3443 potest
2150 3369 2394 3425 inveniri.
2430 3370 2566 3424 Sunt
2593 3366 2749 3438 igitur
2785 3368 2927 3432 duae,
2955 3364 3007 3422 id
3038 3374 3120 3421 est
3152 3365 3185 3421 8
3212 3375 3264 3420 e‘t
3298 3362 3384 3427 l6,
3418 3376 3539 3434 qua:

1949 3463 2349 3521 considerandae
2372 3472 2516 3525 sunt,
2558 3458 3007 3531 quemadmodum
3042 3448 3173 3528 ipsa:
3194 3456 3296 3512 sibi
3318 3470 3539 3527 respon-

1948 3559 2129 3615 deant.
2158 3558 2343 3614 Totius
2368 3559 2512 3614 enim
2551 3571 2796 3622 summae,
2848 3554 2898 3610 id
2930 3561 3013 3609 est
3043 3554 3168 3620 128,
3200 3562 3387 3608 octava
3416 3565 3541 3622 pars

1948 3662 2029 3707 est
2058 3653 2144 3718 l6,
2172 3660 2324 3707 sexta
2349 3650 2555 3705 decima
2585 3648 2636 3704 8.
2667 3647 2871 3702 Rursus
2892 3660 3055 3716 super
3084 3646 3177 3701 has
3210 3654 3388 3713 partes
3419 3658 3537 3713 quae

1948 3759 2094 3818 sunt,
2123 3749 2252 3818 ipsae
2278 3747 2376 3801 sibi
2399 3745 2625 3800 invicem
2658 3741 3079 3814 respondebunt,
3115 3736 3164 3793 id
3189 3746 3273 3794 est
3302 3738 3371 3794 52
3401 3745 3455 3791 et
3482 3736 3537 3793 4.

1946 3844 2079 3901 Nam
2112 3844 2180 3900 32
2203 3850 2385 3912 quarta
2416 3854 2538 3909 pars
2573 3848 2657 3893 est
2688 3839 2849 3893 totius
2874 3849 3117 3903 summae,
3152 3835 3184 3888 4
3224 3847 3351 3888 vero
3381 3830 3541 3899 trige-

1947 3936 2084 3991 sima
2114 3931 2371 3990 secunda.
2406 3930 2610 3985 ltursus
2638 3943 2800 3998 super
2841 3925 2935 3981 bas
2974 3935 3151 3996 partes
3182 3924 3269 3989 64,
3309 3920 3539 3976 secunda

1948 4042 2072 4098 pars
2096 4036 2199 4092 est,
2236 4026 2270 4080 ‘2
2296 4038 2425 4079 vero
2463 4021 2794 4093 sexagesima
2822 4029 3030 4092 quarta.
3069 4018 3249 4073 Donec
3283 4013 3539 4071 extremi-

1948 4131 2085 4178 tates
2121 4119 2343 4175 limitem
2375 4116 2590 4181 iaciant,
2621 4129 2755 4186 quas
2802 4115 3019 4171 dubium
3068 4127 3173 4167 non
3220 4120 3303 4166 est
3350 4108 3539 4165 eadem

1947 4213 2303 4283 responsione
2329 4210 2585 4280 gaudere.
2620 4207 2714 4263 Est
2737 4208 2879 4262 enim
2909 4204 3084 4261 omnis
3115 4214 3343 4270 summa,
3376 4200 3542 4256 semel

1952 4304 2077 4369 128,
2125 4318 2261 4358 unus
2308 4316 2458 4366 vero,
2509 4299 2833 4355 centesimus
2879 4296 3165 4366 vigesimus
3204 4303 3443 4349 octavus.
3485 4290 3541 4347 Si

1956 4406 2133 4452 autem
2165 4397 2398 4463 impares
2443 4391 2703 4447 terminos
2761 4403 3042 4461 ponamus,
3095 4385 3147 4440 id
3193 4394 3274 4440 est
3306 4396 3544 4437 summas

1953 4487 2117 4557 (idem
2140 4485 2280 4539 enim
2310 4481 2589 4548 terminos,
2614 4478 2754 4549 quod
2778 4492 3035 4545 summas,
3066 4473 3330 4544 nomino),
3355 4488 3544 4529 secun-

1954 4583 2079 4638 dum
2100 4580 2320 4651 imparis
2351 4589 2618 4643 naturam,
2651 4583 2825 4646 potest
2855 4587 2958 4627 una
2988 4570 3244 4626 medietas
3276 4568 3501 4623 inveniri
3527 4607 3544 4634 ,

1964 4687 2124 4747 atque
2151 4690 2254 4729 una
2283 4674 2384 4729 sibi
2412 4674 2523 4742 ipsa
2553 4680 2635 4727 est
2665 4682 3005 4739 responsura.
3050 4665 3107 4721 Si
3137 4665 3279 4719 enim
3321 4672 3547 4735 ponatur

1963 4770 2047 4823 ltic
2076 4766 2209 4822 ordo
2244 4766 2293 4831 1,
2337 4766 2392 4831 9,
2424 4763 2477 4831 4,
2512 4765 2562 4829 8,
2598 4762 2683 4828 16,
2710 4761 2798 4824 52,
2836 4760 2926 4827 64,
2958 4775 3059 4829 uua
3081 4760 3181 4815 erit
3207 4756 3319 4813 sola
3344 4754 3547 4810 medie-

1964 4872 2068 4931 tas,
2102 4860 2153 4916 id
2181 4868 2265 4914 est
2290 4858 2343 4915 8.
2380 4856 2478 4925 Qui
2502 4856 2534 4910 8
2557 4868 2778 4909 summa:
2809 4853 2970 4908 totius
2997 4867 3118 4924 pars
3146 4858 3228 4905 est
3258 4858 3463 4913 octava,
3495 4851 3550 4901 et

1963 4952 2064 5007 sibi
2094 4952 2191 5025 ipsi
2220 4949 2285 5005 ad
2316 4947 2806 5003 denominationem
2847 4946 3302 5016 quantitatemque
3327 4952 3550 4993 conver-

1961 5044 2112 5099 titur.
2139 5040 2471 5110 {Eodemque
2493 5037 2673 5105 modo,
2716 5038 2853 5092 sicut
2900 5036 3165 5108 superius,
3207 5032 3346 5087 circa
3374 5031 3548 5101 ipsum

225 5132 449 5197 dividi,
473 5129 697 5203 ejusque
722 5146 847 5203 pars
874 5133 927 5188 in
950 5134 1054 5188 alia
1085 5133 1190 5189 duo
1223 5136 1366 5205 paria
1384 5177 1401 5204 ,
1436 5137 1709 5207 partisque
1730 5153 1855 5208 pars

227 5229 309 5283 in
334 5222 443 5277 alia
467 5221 575 5278 duo
594 5224 764 5293 paria,
790 5234 848 5278 ut
873 5227 971 5279 hoc
990 5226 1184 5281 totiens
1205 5228 1494 5301 ﬁat,usque
1517 5228 1641 5283 dum
1665 5229 1856 5286 divisio

222 5317 496 5391 partium
532 5315 599 5371 ad
653 5316 1031 5373 indivisibilem
1078 5321 1394 5374 naturaliter
1431 5321 1708 5389 perveniat
1736 5321 1857 5377 uni-

224 5421 453 5467 tatem.
489 5407 558 5465 Ut
588 5408 657 5465 64
688 5424 946 5473 numerus
975 5409 1134 5465 liabet
1176 5410 1512 5469 medietatem
1534 5412 1625 5481 52,
1661 5411 1746 5467 hic
1768 5428 1860 5469 au-

215 5521 366 5566 tem
400 5504 743 5562 medietatem
772 5504 858 5567 16,
886 5504 971 5559 hic
993 5520 1120 5559 vero
1147 5504 1202 5567 8,
1234 5505 1373 5559 buuc
1403 5520 1613 5575 quoque
1643 5516 1863 5575 quater-

212 5600 456 5659 narius
499 5598 551 5651 in
582 5612 734 5672 aequa
770 5597 996 5666 partitur
1018 5638 1032 5661 ,
1066 5596 1156 5664 qui
1186 5596 1377 5651 hinarii
1407 5597 1601 5668 duplus
1630 5608 1732 5666 est,
1762 5599 1861 5656 sed

206 5690 515 5753 binarius
538 5688 755 5743 unitatis
786 5688 1071 5745 medietate
1103 5688 1380 5756 dividitur,
1410 5707 1528 5761 quae
1558 5693 1737 5749 unitas
1768 5709 1861 5749 na-

212 5801 239 5845 ι
255 5781 517 5842 uraiiter
538 5780 826 5852 singularis
847 5824 863 5849 ,
897 5798 1001 5839 non
1039 5784 1226 5854 recipit
1268 5785 1581 5841 sectionem.
1606 5785 1740 5842 Huic
1763 5804 1861 5843 nu-

198 5899 301 5945 gr.
313 5892 419 5933 ero
438 5876 651 5931 videtur
673 5877 923 5933 accidere
940 5919 954 5945 ,
981 5888 1036 5933 ut
1051 5891 1379 5949 quaecunque
1400 5876 1516 5949 ejus
1534 5877 1692 5933 fuerit
1716 5893 1857 5949 pars,

1962 5135 2050 5205 qui
2078 5142 2202 5189 sunt
2234 5132 2485 5196 termini,
2516 5126 2715 5186 donant
2745 5129 2849 5186 sibi
2874 5139 3057 5185 mutua
3084 5124 3318 5191 nomina,
3362 5136 3552 5177 secun-

1970 5226 2095 5282 dum
2128 5228 2371 5297 proprias
2393 5225 2742 5294 quantitates,
2770 5221 3195 5289 vocabulumque
3224 5223 3550 5286 permutant.

1968 5318 2100 5375 Nam
2133 5321 2166 5374 4
2189 5328 2342 5374 sexta
2370 5316 2576 5373 decima
2604 5331 2725 5387 pars
2753 5322 2836 5371 est
2864 5314 3024 5371 totius
3048 5324 3292 5375 summae,
3330 5307 3397 5371 16
3426 5320 3553 5360 vero

1971 5418 2175 5479 quarta.
2231 5410 2298 5463 Et
2336 5421 2520 5463 rursus
2561 5422 2721 5479 super
2768 5405 2866 5463 hos
2912 5403 3190 5468 terminos,
3221 5400 3291 5456 32
3319 5398 3551 5455 secunda

1971 5516 2097 5576 pars
2118 5512 2202 5557 est
2230 5502 2391 5556 totius
2419 5514 2664 5564 summas,
2690 5500 2723 5553 Ξ
2744 5512 2874 5553 vero
2900 5495 3173 5567 trigesima
3202 5491 3434 5550 secunda
3456 5536 3469 5560 ,
3500 5500 3555 5547 et

1966 5594 2137 5651 semel
2170 5604 2279 5649 tota
2308 5607 2513 5651 summa
2545 5592 2615 5648 64
2651 5597 2797 5655 sunt,
2838 5586 3173 5657 sexagesima
3210 5594 3398 5655 quarta
3427 5598 3555 5638 vero

1972 5687 2146 5743 unitas
2175 5686 2467 5743 invenitur.
2518 5684 2631 5741 Hoc
2679 5682 2840 5751 igitur
2886 5688 2968 5735 est
3014 5676 3157 5749 quod
3205 5676 3403 5733 dictum
3448 5682 3553 5741 est,

1970 5794 2162 5836 omnes
2192 5780 2307 5851 ejus
2353 5787 2530 5850 partes
2570 5785 2625 5833 et
2672 5773 2888 5831 nomine
2936 5780 2991 5829 et
3034 5769 3331 5842 quantitate
3357 5767 3556 5842 pariter

1968 5898 2126 5952 pares
2162 5882 2411 5937 inveniri.
2463 5881 2576 5937 Hoc
2616 5891 2829 5950 quoque
2874 5877 3042 5933 multa
3092 5872 3554 5939 consideratione,
