4022 6366
500 350 636 408 1087

1725 340 1836 398 AN.
1875 338 2086 398 MANL.
2127 335 2276 397 SEV.
2318 333 2544 396 BOETll

3638 333 3661 389 1
3675 331 3782 391 038

498 467 772 538 multaque
818 464 1120 522 constantia
1171 459 1466 518 divinitatis
1513 457 1806 530 perlectum
1853 466 1969 524 est,
2022 463 2080 511 ut
2107 455 2362 527 Apartes
2405 455 2638 526 atqualcs
2680 455 2871 526 recipit
2899 455 3228 522 sectionem,
3268 463 3449 527 partes
3495 467 3628 509 vero
3661 456 3782 523 ejus

496 557 778 613 ordinatim
810 556 1085 624 dispositae
1117 556 1357 610 minores
1390 567 1612 608 summae
1638 552 1689 605 in
1723 553 1823 606 hoc
1854 565 2078 606 numero

495 659 552 706 et
593 665 752 719 super
797 651 1004 720 seipsas
1058 657 1385 704 coacervatze
1448 646 1692 717 sequenti
1740 645 1918 700 minus
1975 659 2081 699 uno

495 757 709 812 semper
735 752 1030 814 aequentur.
1081 742 1137 797 Si
1171 742 1312 796 enim
1346 756 1507 797 unum
1535 739 1727 809 jungas
1758 738 1842 792 bis
1868 738 1957 808 qui
1990 752 2079 793 se-

493 846 734 906 quuntur
765 834 993 902 duobus,
1041 834 1171 889 fiunt
1200 835 1252 902 5,
1285 833 1334 888 id
1361 841 1461 896 est,
1487 831 1578 900 qui
1608 846 1716 885 uno
1742 830 1920 885 minus
1944 844 2080 900 qua-

493 928 728 984 ternario
753 927 974 982 cadunt.
1009 925 1076 980 Et
1111 925 1154 980 si
1183 923 1548 996 superioribus
1573 922 1740 978 addas
1779 920 1842 987 4,
1873 927 1999 976 sunt
2023 921 2078 985 7,

492 1020 582 1090 qui
611 1019 679 1073 ab
703 1018 980 1074 octonario
1000 1026 1260 1088 sequente
1278 1016 1393 1072 sola
1414 1015 1613 1071 unitate
1642 1015 1942 1070 vincuntur.
1971 1012 2078 1068 Sed

491 1111 538 1166 si
569 1110 786 1168 eosdem
820 1111 852 1166 8
882 1110 1203 1181 supradictis
1235 1109 1562 1181 adjunxeris,
1599 1106 1664 1163 15
1696 1107 1842 1172 (ient,
1866 1105 1954 1175 qui
1983 1119 2079 1174 par

493 1202 562 1257 16
585 1204 791 1260 numeri
819 1202 1077 1259 existeret
1100 1202 1412 1274 quantitati,
1442 1201 1543 1256 nisi
1575 1201 1751 1255 minor
1780 1199 1956 1254 unitas
1980 1197 2078 1253 im-

491 1296 716 1365 pediret.
769 1296 880 1352 Hoc
909 1304 1086 1352 autem
1117 1295 1290 1365 prima
1337 1294 1496 1349 etiam
1541 1291 1747 1348 numeri
1793 1290 2077 1361 progenies

492 1397 671 1442 servat
697 1395 856 1459 atque
885 1386 1135 1443 custodit.
1163 1385 1399 1457 Namque
1421 1384 1595 1439 unitas
1625 1398 1744 1454 qum
1775 1383 1944 1452 prima
1969 1391 2074 1450 est,

492 1479 702 1544 duobus
726 1479 1174 1550 subsequentibus
1219 1478 1330 1532 sola
1375 1485 1458 1532 est
1498 1476 1702 1531 unitate
1727 1476 2074 1531 contractior.

491 1569 648 1626 Unde
695 1570 824 1625 nihil
855 1572 1046 1626 mirum
1095 1579 1198 1636 est,
1253 1577 1422 1624 totum
1464 1582 1689 1622 summa;
1739 1576 2075 1623 crementum

490 1664 711 1732 proprio
752 1662 1057 1718 consentire
1096 1661 1376 1730 principio.
1412 1660 1533 1714 Haec
1560 1667 1736 1714 autem
1767 1659 1920 1714 nobis
1947 1673 2076 1713 con-

489 1753 744 1808 sideratio
793 1753 1022 1808 maxime
1073 1753 1330 1820 proderit,
1383 1752 1437 1806 in
1487 1752 1569 1807 his
1610 1753 1846 1807 numeris
1876 1766 2076 1822 cogno-

2188 547 2707 604 moxindivisibiles
2761 557 2921 617 atque
2984 546 3298 602 insecabiles
3348 546 3778 616 permanebunt,

2187 650 2245 697 ut
2274 651 2398 696 sunt
2427 640 2480 710 6,
2514 641 2597 707 10,
2635 640 2719 705 11,
2754 641 2844 710 18,
2875 639 2968 706 22,
3009 649 3064 694 et
3093 639 3174 692 his
3205 638 3428 694 similes.
3471 638 3592 693 Mox
3627 640 3780 694 enim

2186 734 2284 788 hos
2325 749 2578 789 numeros
2607 733 2650 787 si
2697 734 2748 788 in
2777 733 2986 803 gemina
3021 732 3184 786 {ueris
3224 731 3487 786 divisione
3519 731 3776 799 partitus,

2186 826 2416 882 incurris
2448 825 2500 881 in
2534 827 2815 896 imparem,
2847 838 3004 895 quem
3039 838 3227 880 secare
3249 838 3354 878 non
3381 821 3578 892 possis.
3611 819 3777 876 Acci-

2183 919 2264 974 dit
2302 927 2478 974 autem
2509 918 2590 973 his
2615 918 2757 989 quod
2793 932 2980 972 omnes
3021 925 3201 988 partes
3231 916 3499 972 contrarie
3523 913 3777 969 denomi-

2183 1023 2334 1071 natas
2357 1014 2575 1081 habent,
2605 1027 2762 1083 quam
2787 1019 2913 1067 sunt
2935 1011 3257 1082 quantitates
3277 1009 3513 1080 ipsarum
3536 1007 3780 1078 partium

2181 1121 2300 1178 quae
2330 1105 2764 1160 denominantur.
2815 1102 2998 1172 Neque
3039 1115 3272 1172 unquam
3318 1099 3436 1154 ﬁeri
3475 1106 3658 1169 potest
3718 1105 3778 1152 ut

2179 1197 2427 1270 quaelibet
2458 1212 2582 1268 pars
2611 1197 2770 1266 hujus
2826 1194 3034 1250 numeri
3086 1193 3328 1265 ejusdem
3356 1192 3569 1263 generis
3601 1191 3776 1246 deno-

2179 1292 2528 1347 minatiouem
2568 1290 3028 1362 quantitatemque
3057 1286 3331 1357 suscipiat.
3361 1286 3588 1355 Semper
3624 1285 3774 1339 enim

2179 1382 2223 1437 si
2251 1381 2614 1436 denominatio
2635 1380 2792 1436 fuerit
2815 1394 2928 1448 par,
2960 1377 3224 1449 quantitas
3254 1376 3419 1445 partis
3440 1375 3542 1430 erit
3568 1377 3772 1445 impar,

2178 1481 2233 1528 et
2260 1474 2302 1528 si
2331 1473 2489 1529 fuerit
2516 1471 2881 1529 denominatio
2908 1470 3096 1540 impar,
3133 1469 3399 1539 quantitas
3423 1469 3527 1524 erit
3557 1483 3686 1537 par,
3714 1477 3772 1522 ut

2177 1569 2229 1624 in
2256 1569 2341 1624 18.
2374 1566 2619 1621 Secunda
2642 1565 2757 1635 ejus
2783 1578 2909 1636 pars
2933 1573 3048 1626 est,
3080 1562 3129 1617 id
3155 1569 3238 1616 est
3265 1560 3461 1626 media,
3489 1559 3636 1631 quod
3670 1575 3768 1628 pa-

2177 1659 2350 1716 ritatis
2380 1674 2572 1715 nomen
2605 1666 2685 1713 est
2711 1658 2764 1723 9,
2799 1672 2920 1727 quae
2947 1655 3119 1724 impar
3152 1664 3233 1710 est
3259 1653 3548 1724 quantitas.
3581 1652 3770 1707 Tertia

2178 1769 2306 1810 vero
2342 1769 2458 1824 quae
2495 1753 2669 1823 impar
2698 1759 2780 1806 est
2807 1749 3172 1805 denominatio
3193 1761 3308 1815 sex,
3341 1746 3427 1802 cui
3458 1761 3550 1816 par
3579 1745 3768 1815 plura-

489 1844 702 1899 scendis
717 1859 850 1913 quos
867 1843 1166 1912 superﬂuos
1189 1843 1598 1899 velimminutos
1624 1843 2074 1914 imperfectosque
2107 1834 2155 1894 B
2182 1848 2301 1902 litas
2330 1855 2432 1901 est.
2483 1845 2686 1900 Rursus
2731 1843 2777 1898 si
2819 1851 3122 1908 convertas,
3169 1850 3320 1895 sexta
3363 1855 3484 1907 pars
3515 1854 3639 1910 qua:
3672 1854 3767 1909 par

490 1937 926 1992 monstrabimus.
971 1938 1082 1993 Illic
1112 1938 1255 1993 enim
1305 1948 1620 1994 coacervata
1651 1940 1919 2010 quantitas
1954 1955 2075 2010 par-

487 2027 616 2082 tium
641 2030 847 2084 numeri
873 2030 1034 2084 totius
1058 2030 1294 2085 termino
1316 2039 1676 2100 comparatur.
1708 2031 1838 2086 Illud
1861 2045 2074 2102 quoque

487 2121 630 2175 nulla
662 2135 946 2189 possumus
975 2121 1250 2178 oblivione
1292 2124 1688 2190 transmittere,
1719 2125 1858 2194 quod
1889 2124 1942 2179 in
1972 2124 2074 2181 hoc

487 2227 712 2268 numero
742 2213 1190 2283 respondentibus
1219 2215 1320 2270 sibi
1352 2215 1584 2271 invicem
1621 2216 1860 2285 partibus
1890 2218 2074 2272 multi-

487 2303 718 2373 plicatis,
746 2305 916 2373 major
933 2307 1243 2361 extremitas
1263 2306 1504 2376 ejusdem
1531 2308 1737 2362 numeri
1759 2321 2073 2379 summaque

488 2397 788 2454 conﬁcitur.
823 2397 892 2453 Et
924 2399 1150 2466 primum
1183 2400 1226 2454 si
1257 2415 1412 2468 pares
1451 2399 1650 2456 iuerint
1672 2401 2069 2474 dispositiones,

488 2490 650 2545 medii
673 2477 1114 2560 multiplicantur,
1144 2502 1303 2564 atque
1326 2493 1448 2548 inde
1470 2493 1558 2563 qui
1581 2510 1741 2563 super
1759 2496 1901 2563 ipsos
1924 2504 2068 2565 sunt,

488 2597 657 2652 usque
684 2582 749 2636 ad
790 2582 1124 2652 supradictos
1171 2586 1558 2640 extremitates.
1610 2586 1664 2642 Si
1708 2587 1850 2641 enim
1877 2586 2072 2642 fuerint

487 2689 643 2744 pares
685 2674 1088 2745 dispositiones,
1143 2677 1434 2731 secundum
1481 2686 1724 2732 naturam
1759 2677 1897 2747 paris
1935 2677 2071 2733 duos

486 2767 541 2822 in
571 2767 750 2822 medio
781 2768 1038 2823 terminos
1068 2769 1440 2834 continebunt,
1472 2779 1532 2824 ut
1555 2771 1605 2824 in
1636 2785 1696 2824 ca
1720 2770 2071 2839 dispositione

486 2873 832 2915 numerorum
872 2861 926 2914 in
965 2875 1071 2930 qua
1099 2869 1370 2916 extremus
1415 2863 1672 2916 terminus
1720 2861 1820 2917 128
1866 2862 2066 2916 linitur.

485 2951 544 3008 In
567 2953 667 3008 hoc
687 2954 829 3008 enim
856 2967 1081 3008 numero
1106 2955 1418 3009 medietates
1445 2963 1570 3008 sunt
1593 2953 1642 3020 8,
1671 2954 1894 3020 scilicet,
1928 2963 1978 3009 et
2005 2956 2070 3010 16

485 3059 603 3114 quae
635 3044 687 3098 in
728 3057 787 3098 se
831 3043 1202 3114 multiplicata:
1258 3044 1474 3114 majoris
1502 3059 1764 3100 summam
1795 3052 2069 3098 crescente

484 3136 788 3206 pluralitate
823 3135 1130 3190 conlicient.
1160 3136 1340 3193 Octies
1366 3137 1508 3191 enim
1541 3137 1626 3201 16,
1661 3137 1742 3191 vel
1768 3137 2005 3193 sedecies
2034 3138 2067 3191 8

2177 1948 2261 1997 est
2297 1937 2681 2005 denominatio,
2711 1947 2820 1992 tres
2850 1944 2994 2003 sunt,
3026 1935 3119 1990 sed
3147 1934 3415 1990 ternarius
3456 1932 3634 2002 impar
3661 1940 3766 1986 est.

2179 2032 2244 2089 Et
2274 2046 2414 2087 nona
2445 2045 2588 2102 pars,
2620 2029 2761 2100 quod
2793 2030 2967 2097 impar
3002 2035 3086 2082 est
3115 2025 3448 2088 vocabulum,
3488 2024 3521 2077 2
3544 2024 3640 2091 qui
3674 2039 3768 2092 par

2177 2137 2433 2180 numerus
2460 2131 2561 2178 est.
2596 2124 2768 2192 Atque
2795 2120 2937 2176 idem
2988 2119 3041 2174 in
3090 2118 3209 2173 aliis
3248 2118 3453 2172 cunctis
3497 2116 3588 2186 qui
3639 2126 3768 2170 sunt

2176 2218 2378 2288 pariter
2401 2217 2633 2286 impares
2656 2214 2946 2269 invenitur.
2967 2212 3151 2281 Neque
3166 2225 3401 2280 unquam
3425 2210 3533 2262 fieri
3559 2216 3766 2276 potest,

2177 2318 2235 2364 ut
2265 2308 2553 2378 cujuslibet
2609 2307 2794 2378 partis,
2845 2305 2916 2360 sit
2960 2303 3198 2374 ejusdem
3242 2301 3451 2372 generis
3480 2314 3672 2354 nomen
3711 2307 3768 2354 et

2174 2416 2454 2459 numerus.
2487 2400 2570 2454 Fit
2612 2408 2789 2454 autem
2822 2397 3014 2452 horum
3048 2393 3345 2466 procreatio
3390 2406 3767 2458 numerorum,

2173 2499 2220 2552 si
2260 2496 2328 2551 ab
2358 2508 2464 2549 uno
2495 2493 2866 2563 disponantur,
2908 2491 3212 2561 quicunque
3251 2487 3455 2543 duobus
3479 2485 3769 2553 dill'erunt,

2174 2587 2228 2643 id
2258 2597 2342 2642 est
2368 2586 2612 2641 omnibus
2658 2584 2952 2652 imparibus
3006 2581 3233 2637 naturali
3273 2581 3542 2651 sequentia
3599 2585 3769 2648 atque

2173 2679 2361 2734 ordine
2389 2676 2713 2733 constitutis.
2746 2675 2983 2745 Namque
3013 2674 3067 2729 hi
3119 2674 3167 2729 si
3216 2688 3312 2742 per
3356 2670 3624 2727 binarium
3655 2687 3766 2727 nu-

2175 2785 2379 2826 merum
2426 2768 2848 2837 multiplicentur
2872 2808 2886 2833 ,
2921 2780 3108 2822 omnes
3134 2765 3332 2836 pariter
3357 2764 3624 2834 impares,
3656 2763 3770 2819 rite

2172 2861 2450 2932 pluralitas
2481 2861 2720 2915 dimensa
2752 2857 2969 2915 efﬁciet.
3003 2857 3234 2913 Ponatur
3266 2856 3407 2911 enim
3433 2856 3605 2925 prima
3636 2859 3766 2910 uni-

2172 2961 2274 3018 tas,
2307 2953 2358 3006 id
2385 2961 2466 3006 est
2489 2953 2512 3006 1
2539 2992 2553 3018 ,
2587 2960 2641 3006 et
2667 2959 2788 3020 post
2815 2950 2951 3004 hanc
2975 2949 3066 3016 qui
3095 2948 3163 3004 ab
3192 2947 3293 3003 hac
3319 2947 3526 3003 duobus
3551 2947 3765 3014 ditl'ert,

2171 3043 2224 3098 id
2256 3054 2339 3098 est
2365 3043 2418 3107 5,
2451 3052 2505 3097 et
2535 3052 2654 3112 post
2676 3042 2817 3097 hunc
2843 3041 2928 3112 qui
2957 3056 3143 3096 rursus
3173 3055 3204 3093 a
3224 3040 3497 3110 superiore
3517 3040 3767 3106 duobus,

2173 3136 2222 3191 id
2247 3146 2331 3192 est
2357 3136 2409 3201 5,
2427 3145 2480 3191 et
2510 3138 2610 3190 hoc
2631 3137 2684 3190 in
2702 3134 3766 3205 inlinitum.Etsithujusmodidispositio

483 3227 528 3283 si
557 3228 906 3298 multiplices,
939 3227 1040 3283 128
1083 3243 1286 3282 summa
1319 3229 1638 3284 concrescit.
1681 3229 1854 3298 Atque
1882 3229 1935 3282 hi
1967 3245 2067 3282 nu-
2095 3222 2143 3288 C
2175 3228 2226 3292 1,
2255 3228 2307 3292 5,
2340 3229 2395 3292 5,
2428 3228 2481 3294 7,
2515 3227 2571 3290 9,
2602 3227 2688 3292 11,
2718 3227 2807 3290 15,
2841 3226 2930 3293 15,
2972 3227 3058 3292 17,
3091 3226 3174 3281 19.
3205 3225 3268 3281 lli
3295 3241 3421 3296 ergo
3443 3227 3768 3280 naturaliter

483 3321 614 3374 meri
639 3320 728 3391 qui
757 3334 919 3390 super
959 3319 1178 3374 eosdem
1213 3329 1360 3386 sunt,
1395 3321 1440 3373 si
1488 3321 1907 3390 multiplicentur
1929 3321 2067 3376 idem

483 3411 702 3464 faciunt.
728 3409 857 3464 Nam
881 3410 914 3463 4
936 3418 992 3466 et
1010 3410 1081 3465 52
1104 3410 1154 3465 in
1180 3425 1239 3466 se
1268 3409 1313 3464 si
1337 3411 1680 3480 multiplices,
1705 3412 2069 3481 supradictam

485 3504 680 3558 facient
705 3504 1122 3570 extremitatem,
1155 3504 1189 3556 4
1220 3503 1362 3557 enim
1396 3503 1579 3571 trigies
1609 3513 1660 3557 et
1692 3503 1791 3570 bis,
1824 3505 1909 3559 vel
1941 3520 2071 3574 qua-

484 3607 564 3651 ter
590 3597 659 3650 52
681 3596 851 3663 ducti,
877 3596 979 3651 128
1011 3596 1329 3652 immutabili
1361 3598 1682 3652 necessitate
1705 3599 2064 3668 complebunt.

483 3689 657 3758 Atque
687 3687 792 3743 hoc
824 3702 990 3756 usque
1022 3687 1088 3742 ad
1119 3695 1388 3742 extremos
1423 3689 1684 3744 terminos
1709 3689 1871 3756 cadit,
1906 3689 1956 3744 id
1987 3704 2071 3746 est

484 3779 506 3831 1
543 3788 596 3834 et
636 3781 759 3836 128.
794 3778 974 3834 Semel
1023 3777 1167 3832 enim
1210 3787 1484 3833 extremus
1529 3781 1788 3835 terminus
1838 3781 1936 3836 128
1965 3791 2065 3836 est.

479 3868 693 3923 Centies
716 3868 884 3938 vigies
913 3875 1072 3938 atque
1101 3867 1269 3922 octies
1301 3865 1503 3922 unitate
1530 3868 1903 3939 multiplicata,
1935 3869 2067 3925 nihil

477 3963 544 4017 de
574 3963 752 4032 priore
798 3961 1102 4031 quantitate
1143 3960 1456 4016 mutabitur.
1509 3960 1563 4016 Si
1615 3969 1792 4017 autem
1838 3964 2067 4031 impares

478 4053 677 4107 iuerint
705 4053 1116 4122 dispositiones,
1149 4067 1284 4106 unus
1316 4052 1525 4108 medius
1570 4054 1832 4108 terminus
1862 4053 2067 4108 inveni-

481 4153 585 4208 tur,
616 4152 775 4214 atque
819 4145 933 4213 ipse
969 4144 1071 4198 sibi
1120 4143 1336 4213 prepria
1364 4143 1808 4213 multiplicatione
1840 4159 2065 4213 respon-

477 4234 588 4291 det.
624 4235 679 4290 In
705 4250 770 4291 eo
800 4249 1027 4306 namque
1051 4234 1241 4289 ordine
1271 4250 1639 4304 numerorum,
1667 4235 1754 4290 ubi
1784 4245 2065 4292 extremus

477 4330 735 4386 terminus
773 4328 841 4384 64
885 4329 1185 4399 pluralitate
1222 4328 1592 4395 concluditur,
1642 4330 1754 4384 sola
1798 4329 2064 4384 invenitur

480 4439 581 4477 una
605 4422 882 4486 medietas,
915 4422 965 4475 id
996 4429 1078 4476 est
1106 4422 1158 4476 8.
1190 4422 1359 4488 Quam
1392 4421 1437 4474 si
1468 4421 1668 4489 octies,
1704 4421 1756 4476 id
1786 4431 1866 4476 est
1895 4422 1945 4474 in
1977 4435 2063 4476 se-

477 4513 760 4581 metipsam
784 4512 1106 4580 multiplices
1137 4512 1205 4568 6-1
1232 4513 1542 4582 explicabit.
1574 4515 1751 4583 Atque
1778 4513 1916 4568 idem
1940 4513 2063 4568 red-

2173 3328 2458 3390 sequentes
2491 3320 2726 3387 impares
2772 3327 2915 3384 sunt,
2958 3333 3092 3386 quos
3133 3318 3308 3372 nullus
3352 3319 3402 3372 in
3455 3318 3633 3372 medio
3663 3334 3766 3387 par

2173 3427 2425 3467 numerus
2471 3410 2788 3480 distinguit:
2825 3411 2922 3464 hos
2951 3409 2997 3465 si
3037 3425 3131 3480 per
3159 3409 3422 3464 binarium
3468 3426 3766 3466 numerum

2173 3504 2516 3572 multiplices,
2549 3502 2753 3558 efﬁcies
2785 3501 2886 3557 hoc
2915 3501 3092 3568 modo,
3135 3502 3217 3556 bis
3245 3517 3436 3568 unum,
3468 3501 3519 3554 id
3558 3512 3642 3556 est
3668 3504 3763 3572 qui

2171 3598 2423 3653 dividitur
2454 3598 2692 3668 quidem,
2724 3597 2817 3653 sed
2849 3598 2965 3666 ejus
2994 3607 3172 3668 partes
3203 3597 3552 3652 indivisibiles
3596 3614 3763 3668 repe-

2171 3691 2379 3746 riuntur
2427 3698 2642 3761 propter
2674 3690 2977 3746 insecabilis
3021 3690 3237 3745 unitatis
3280 3700 3549 3744 naturam.
3583 3691 3670 3746 Bis
3699 3694 3761 3757 5,

2169 3781 2252 3836 bis
2274 3781 2326 3845 5,
2357 3781 2436 3836 bis
2471 3783 2523 3851 7,
2559 3781 2640 3836 bis
2671 3781 2724 3846 9,
2753 3781 2834 3835 bis
2860 3771 2944 3847 11,
2975 3789 3030 3836 et
3053 3779 3323 3850 deinceps,
3347 3780 3625 3850 exquibus
3656 3797 3763 3836 na:

2168 3885 2390 3928 scuntur
2439 3873 2527 3941 hi,
2567 3874 2630 3938 2,
2661 3874 2722 3938 6,
2769 3874 2855 3940 10,
2903 3874 2989 3939 14,
3021 3872 3107 3938 18,
3155 3872 3245 3926 22.
3279 3872 3422 3940 Quos
3449 3873 3493 3927 si
3521 3873 3760 3939 dividas,

2170 3981 2330 4020 unam
2381 3967 2644 4035 rccipiunt
2689 3966 3020 4034 sectionem,
3083 3975 3332 4021 caateram
3380 3967 3759 4038 repudiantes,

2167 4059 2309 4128 quod
2332 4060 2562 4113 secunda
2586 4060 2777 4114 divisio
2805 4060 2870 4116 ab
2898 4060 3115 4129 imparis
3144 4060 3428 4115 medietate
3461 4064 3630 4131 partis
3659 4079 3760 4117 ex-

2166 4149 2416 4204 cluditur.
2465 4149 2556 4203 llis
2601 4159 2778 4204 autem
2805 4152 3041 4205 numeris
3081 4150 3148 4204 ad
3177 4164 3237 4206 se
3263 4151 3492 4206 invicem
3525 4163 3759 4223 quater-

2168 4242 2300 4295 narii
2325 4241 2437 4295 sola
2462 4240 2712 4296 distantia
2736 4252 2838 4296 est.
2862 4241 3099 4312 Namque
3122 4244 3260 4298 inter
3283 4243 3319 4296 2
3338 4253 3390 4298 et
3413 4243 3445 4298 6
3472 4261 3758 4310 numeros,

2166 4337 2200 4390 4
2231 4343 2373 4388 sunt.
2405 4334 2608 4388 Rursus
2638 4333 2776 4389 inter
2804 4335 2836 4389 6
2866 4343 2920 4389 et
2960 4333 3048 4400 10,
3097 4345 3150 4389 et
3183 4335 3324 4391 inter
3365 4337 3434 4390 10
3477 4345 3532 4391 et
3565 4337 3626 4392 14
3649 4383 3663 4406 ,
3696 4349 3763 4393 et

2167 4425 2306 4480 inter
2336 4427 2403 4480 14
2429 4435 2483 4480 et
2511 4426 2595 4490 18,
2642 4426 2779 4481 idem
2821 4428 3193 4496 quaternarius
3215 4428 3573 4484 differentiam
3602 4432 3757 4485 facit.

2169 4517 2230 4571 lli
2283 4532 2513 4586 namque
2560 4533 2749 4573 omnes
2798 4519 3134 4587 quaternaria
3189 4533 3308 4575 sese
3364 4522 3764 4578 numerositate

475 4607 606 4660 dunt
652 4607 724 4660 illi
764 4609 852 4677 qui
880 4619 1038 4676 super
1067 4608 1202 4662 hanc
1229 4607 1570 4663 medietatem
1605 4617 1749 4676 sunt,
1777 4616 1834 4662 ut
1859 4608 2056 4664 dudum
2089 4604 2144 4666 D
2171 4609 2573 4664 transcendunt.
2606 4610 2757 4678 Quod
2786 4609 2990 4667 idcirco
3011 4613 3290 4682 contingit,
3311 4614 3563 4683 quoniam
3589 4617 3762 4684 primi

475 4697 528 4752 hi
560 4698 647 4766 qui
677 4711 836 4767 super
876 4697 1007 4753 duas
1038 4698 1195 4768 positi
1228 4699 1512 4754 faciebant.
1560 4699 1690 4754 Nam
1731 4708 1920 4770 quater
1959 4699 2051 4768 16,

476 4790 546 4846 64
589 4801 732 4855 sunt,
782 4799 836 4844 et
884 4789 1123 4845 seJccies
1151 4792 1185 4845 4
1228 4790 1370 4846 idem
1408 4791 1699 4862 complent.
1737 4791 1942 4846 Rursus
1974 4791 2055 4846 bis

473 4883 566 4951 52,
601 4883 720 4936 lacti
750 4897 780 4936 a
801 4881 870 4938 64
899 4897 1006 4938 non
1033 4881 1351 4950 discedunt,
1384 4893 1437 4939 et
1464 4885 1642 4954 trigies
1669 4883 1749 4938 bis
1773 4884 1898 4951 duo,
1934 4900 2055 4940 eos-

472 4978 596 5033 dem
627 4976 915 5048 cumulant,
949 4987 1001 5032 et
1029 4979 1194 5035 semel
1213 4979 1316 5046 64,
1344 4979 1428 5035 vel
1461 4981 1633 5034 unitas
1667 4981 1908 5050 sexagies
1931 4997 2057 5050 qua-

473 5078 554 5124 ter
585 5069 931 5140 multiplicata
958 5109 972 5136 ,
1007 5070 1255 5127 eumdem
1295 5086 1573 5127 numerum
1607 5072 1722 5127 sine
1746 5072 1855 5127 ulla
1885 5074 2056 5130 varie-

473 5167 583 5215 tate
614 5160 920 5216 restituent.

1090 5247 1314 5304 CAPUT
1356 5249 1422 5303 X.

544 5339 620 5394 De
650 5355 857 5393 numero
896 5340 1091 5409 pariter
1118 5340 1304 5411 impari
1332 5343 1541 5413 ejusque
1567 5343 1978 5410 preprietatibus.

465 5414 472 5420 ’
545 5431 752 5487 Pariter
776 5441 957 5486 autem
997 5430 1169 5502 impar
1201 5445 1454 5486 numerus
1482 5440 1565 5487 est
1590 5434 1677 5501 qui
1709 5441 1762 5488 et
1797 5433 1910 5502 ipse
1941 5434 2056 5503 qui-

471 5525 593 5580 dem
625 5525 870 5594 paritatis
900 5533 1142 5579 naturam
1190 5524 1653 5594 substantiamque
1684 5525 1907 5580 sortitus
1951 5533 2049 5594 cst,

472 5617 566 5670 sed
613 5616 667 5671 in
707 5617 975 5672 contraria
1011 5616 1294 5683 divisione,
1339 5625 1544 5672 natura:
1601 5619 1808 5674 numeri
1856 5619 2050 5688 pariter

472 5706 617 5774 paris
645 5706 946 5776 opponitur.
999 5707 1287 5763 Docebitur
1329 5721 1559 5777 namque
1588 5721 1747 5777 quam
1789 5708 1945 5777 longe
1971 5707 2053 5762 hic

474 5796 716 5851 dissimili
745 5798 953 5852 ratione
971 5798 1253 5853 dividatur.
1287 5799 1419 5855 Nam
1455 5801 1708 5871 quoniam
1743 5815 1842 5871 par
1872 5808 1975 5868 est,
2002 5801 2055 5858 in

2163 4701 2252 4771 qui
2297 4701 2451 4770 positi
2480 4711 2622 4767 sunt,
2659 4702 2758 4756 hoc
2798 4711 2884 4757 est
2908 4718 3090 4758 eorum
3123 4703 3486 4772 fundamenta,
3538 4707 3761 4763 binario

2162 4808 2221 4848 se
2253 4809 2477 4848 numero
2509 4795 2897 4862 praecedebant,
2922 4811 3054 4866 quos
3081 4797 3331 4868 quoniam
3353 4811 3452 4867 per
3478 4798 3762 4856 binarium

2163 4885 2668 4955 multiplicavimus,
2710 4887 2761 4940 in
2807 4888 3202 4956 quaternarium
3249 4904 3534 4944 numerum
3577 4895 3767 4947 crevit

2161 4977 2250 5031 illa
2275 4978 2600 5047 progressio.
2630 4977 2742 5031 Duo
2771 4979 2912 5033 enim
2941 4994 3034 5048 per
3057 4979 3138 5034 bis
3165 4979 3502 5047 multiplicati
3532 4991 3767 5048 quater-

2159 5068 2508 5123 nariifaciunt
2537 5082 2820 5123 summam.
2849 5069 3013 5139 Igitur
3038 5070 3092 5124 in
3123 5071 3379 5125 naturalis
3405 5072 3613 5126 numeri
3636 5058 3770 5127 dis-

2158 5159 2455 5229 positione,
2498 5160 2699 5231 pariter
2734 5160 2964 5230 impares
3001 5165 3208 5216 numeri
3233 5162 3422 5231 quinto
3463 5162 3582 5216 loco
3628 5178 3658 5215 a
3690 5179 3771 5221 se

2157 5253 2377 5322 distant,
2409 5255 2535 5309 solis
2564 5256 2595 5309 1
2637 5269 2693 5309 se
2719 5255 3060 5324 praecedunt,
3093 5257 3125 5311 5
3166 5253 3219 5309 in
3251 5255 3432 5312 medio
3461 5265 3773 5311 transeun-

2159 5351 2260 5407 tes,
2292 5359 2385 5414 per
2421 5345 2682 5400 binarium
2713 5360 2989 5400 numerum
3029 5345 3396 5416 multiplicatis
3423 5347 3766 5416 imparibus,

2158 5437 2749 5505 procreati.Contrarize
2773 5452 2900 5492 vero
2920 5453 3039 5493 esse
3063 5438 3311 5493 dicuntur
3323 5439 3405 5492 ha:
3423 5441 3627 5508 species
3648 5457 3774 5493 ηυ-

2162 5541 2458 5592 mererum,
2492 5528 2543 5582 id
2573 5537 2654 5582 est
2679 5530 2878 5598 pariter
2908 5545 3020 5599 par,
3056 5538 3108 5584 et
3139 5531 3336 5599 pariter
3366 5531 3559 5599 impar,
3597 5536 3772 5601 quod

2162 5622 2215 5675 in
2238 5637 2464 5676 numero
2493 5623 2902 5692 pariterimpari
2934 5624 3042 5678 sola
3065 5620 3386 5679 divisionem
3416 5625 3603 5694 recipit
3628 5641 3776 5680 ειη,

2157 5712 2230 5782 io:
2270 5714 2603 5780 extremitas,
2629 5715 2679 5768 in
2709 5715 2801 5770 illo
2826 5731 2954 5771 vero
2983 5716 3128 5770 solus
3159 5717 3331 5772 minor
3362 5718 3626 5772 terminus
3660 5733 3778 5775 εθ-

2161 5805 2337 5861 ctione
2359 5807 2567 5864 solutus
2591 5815 2691 5876 est,
2725 5815 2780 5863 et
2799 5807 2940 5883 quod
2967 5809 3018 5863 in
3049 5807 3218 5863 forma
3248 5809 3446 5880 pariter
3467 5809 3608 5879 paris
3641 5826 3774 5868 nu-
