4022 6366
207 388 320 448 1089
1391 383 1480 441 DE
1516 377 1812 440 ARITHME

1918 375 1981 433 1A
2010 376 2136 435 us.
2169 344 2215 435 ι’
3299 375 3438 435 ιοθο

204 510 316 565 meri
337 508 398 564 ab
422 505 856 564 extremitatibus
883 503 1180 576 incipienti,
1213 512 1269 561 et
1288 515 1456 573 usque
1484 500 1551 556 ad
1580 497 1757 556 media
1783 496 1841 559 Α
1860 492 2027 547 sectio
2065 492 2152 547 illa
2182 506 2292 547 non
2322 492 2584 562 pervenit,
2612 491 2706 550 sed
2745 501 2870 551 ante
2891 493 3152 551 unitatem
3174 493 3445 552 invenitur

204 602 557 674 progredienti,
588 599 731 672 quod
750 599 1057 656 continetur
1082 598 1183 654 sub
1211 597 1465 654 extremis
1490 595 1756 661 terminis,

1922 584 2143 650 rminus,
2174 598 2334 654 quem
2377 599 2562 640 secare
2605 600 2711 641 non
2757 585 2953 655 possis.
3001 586 3217 643 Obtinet
3262 596 3441 644 autem

205 695 326 751 idem
350 703 429 751 est
448 693 522 750 illi
546 692 686 764 quod
710 693 1014 750 continetur
1033 692 1132 748 sub
1159 690 1299 747 intra
1320 705 1380 746 se
1403 690 1591 759 positis
1620 705 1764 745 sum—
1863 694 1984 748 quae
2015 679 2089 735 illi
2115 694 2326 751 quoque
2354 680 2638 750 recipiunt,
2672 681 2814 750 quod
2844 680 3084 753 quaedam
3117 690 3298 752 partes
3323 683 3446 753 ejus

204 788 358 843 mulis,
375 788 549 856 mque
583 784 683 840 hoc
714 785 854 840 idem
886 801 1053 855 usque
1081 784 1209 840 dum
1240 784 1306 839 ad
1345 784 1476 839 duas
1504 782 1766 838 medietas
1866 772 2210 841 respondent,
2236 772 2752 843 denominanturque
2777 775 3068 830 secundum
3096 790 3265 846 genus
3289 792 3447 833 suum

206 886 274 934 tes
295 876 439 931 fuerit
460 886 698 941 ventum,
729 875 781 930 in
806 874 1250 946 dispositionibus
1290 875 1492 931 scilicet
1521 871 1761 943 paribus.
1864 861 1932 917 ad
1961 862 2232 933 PTOPI‘iam
2278 862 2652 930 (luamilalem.
2686 864 2750 918 ad
2783 865 3208 932 Simililudillem.
3242 868 3451 923 sailicet

203 972 251 1027 Si
277 980 436 1025 autem
477 969 931 1039 luerintimpares
960 968 1362 1039 dispositiones,
1390 964 1531 1033 quod
1562 966 1630 1019 ab
1656 979 1763 1020 una
1867 954 2069 1023 Ρὲίτίῑθτ
2099 954 2240 1023 Paris
2284 953 2513 1009 ηυηιθτῖ·
2546 954 2679 1008 Alii”
2715 969 2841 1010 νθτο
2889 967 3070 1026 Panes
3121 959 3448 1014 θουιηΐίθω

154 1045 163 1055 ’
205 1060 465 1116 medietate
493 1061 797 1126 conficitur,
830 1059 931 1116 hoc
957 1060 1095 1115 idem
1126 1058 1228 1115 sub
1264 1057 1579 1113 altrinsecus
1621 1054 1763 1125 posi-

1918 1047 2356 1101 mominationem
2386 1056 2606 1101 sumunt
2636 1047 2865 1117 propriae
2892 1050 3227 1117 quantitatis,
3260 1050 3327 1105 ad
3359 1064 3452 1119 pa-

206 1154 268 1209 ιίε
295 1153 526 1223 panibus
554 1161 889 1222 procreatur,
912 1152 1086 1222 Atque
1116 1150 1218 1205 huc
1247 1148 1542 1219 usquedum
1571 1146 1639 1202 ad
1668 1162 1761 1202 ex-
1864 1138 1997 1193 riter
2025 1137 2245 1209 imparis
2285 1137 2487 1193 scilicet
2536 1136 2784 1192 formam.
2818 1138 2873 1193 In
2901 1138 2971 1193 24
3011 1140 3155 1195 enim
3199 1155 3450 1207 numero,

206 1245 478 1300 tremitates
509 1242 784 1313 pl'OCCSsiO
808 1244 917 1297 liat.
945 1242 1000 1297 ln
1032 1256 1092 1297 ea
1111 1241 1251 1296 enim
1269 1239 1622 1309 dispositione
1642 1252 1763 1308 quas
1865 1242 1967 1297 Da?
1993 1238 2077 1285 εει
2105 1239 2374 1299 quantitas
2405 1228 2567 1298 Pariis
2598 1243 2629 1282 ³
2672 1228 2785 1297 iiari
2830 1244 3053 1285 ηυηιθΐο
3084 1229 3449 1286 ἀθυοωίιιθιέο

206 1347 280 1393 est
303 1336 352 1404 2,
380 1338 432 1401 1,
472 1336 526 1402 8,
561 1336 647 1399 16,
691 1334 829 1389 idem
861 1332 1090 1389 reddunt
1114 1333 1151 1387 2
1177 1348 1273 1402 per
1302 1331 1367 1387 16
1394 1330 1762 1400 multiplicati,

1918 1335 1999 1375 am
2037 1330 2235 1391 quarta
2253 1320 2307 1387 6,
2338 1320 2571 1375 secunda
2602 1334 2730 1375 vero
2770 1319 2856 1387 12,
2887 1330 3038 1375 sexta
3075 1334 3204 1377 vero
3233 1322 3297 1388 4,
3322 1323 3455 1377 duo-

205 1429 332 1501 quod
352 1429 382 1483 4
406 1444 500 1499 per
523 1428 855 1483 octonarium
882 1443 1159 1482 numerum
1181 1426 1346 1483 ducti.
1372 1425 1606 1497 Utroque
1622 1426 1764 1481 enim

1918 1411 2079 1467 ecima
2103 1412 2157 1475 2,
2193 1427 2312 1481 qute
2364 1411 2624 1466 vocabulo
2653 1411 2881 1481 partium
2919 1426 2951 1465 a
2979 1412 3289 1481 quantitatis
3318 1414 3457 1481 pari-

207 1521 439 1577 modo3g
470 1522 619 1575 ηθιη,
651 1520 804 1587 ρυοά
833 1520 876 1574 si
910 1521 1079 1588 impar
1120 1519 1189 1573 si;
1230 1519 1385 1588 οτάο,
1420 1528 1477 1573 ιιι
1501 1527 1585 1573 εει
1621 1518 1677 1585 2,
1710 1516 1765 1580 4,
1874 1513 1979 1559 tate
2012 1521 2115 1559 non
2157 1505 2486 1575 discrepant.
2531 1503 2829 1560 Contrariae
2858 1520 2985 1561 vero
3023 1505 3458 1569 denominautur,

206 1615 258 1681 8,
302 1616 432 1670 idem
479 1615 674 1668 facient
701 1612 927 1668 extremi
959 1612 1099 1682 quod
1146 1602 1425 1667 medietas.
1456 1611 1545 1666 Bis
1567 1608 1710 1665 enim
1737 1610 1772 1665 8

1918 1610 1995 1650 um
2029 1596 2184 1651 tertia
2214 1612 2336 1665 pars
2364 1608 2509 1661 octo,
2534 1605 2720 1651 octava
2749 1611 2879 1652 vero
2917 1599 2969 1663 '5,
3001 1598 3255 1667 vigesima
3281 1608 3459 1653 autem

205 1715 322 1761 sunt
347 1706 429 1772 16,
462 1714 683 1775 quatuor
705 1713 893 1773 quater
916 1712 1040 1757 sunt
1072 1704 1156 1769 l6,
1186 1704 1274 1774 qui
1307 1717 1559 1757 numerus
1585 1716 1613 1754 a
1643 1716 1772 1771 qua-

1918 1697 2063 1743 uarta
2106 1692 2155 1755 1,
2189 1706 2308 1759 quae
2334 1690 2799 1748 denominationes
2838 1706 2957 1747 cum
3003 1706 3159 1761 pares
3182 1693 3290 1747 sint
3318 1695 3462 1747 inve-

154 1840 163 1850 .
207 1797 428 1853 ternario
458 1798 510 1853 in
539 1812 599 1852 se
623 1797 782 1851 ducto
813 1797 1106 1866 perficitur.
1140 1795 1196 1849 In
1222 1811 1447 1851 numero
1477 1810 1605 1850 vero
1629 1793 1772 1864 pari-
1801 1804 1812 1866 1

1918 1780 2098 1837 iuntur
2123 1782 2355 1852 impares
2382 1785 2725 1853 quantitates,
2756 1792 2813 1840 et
2838 1798 2961 1839 cum
3004 1787 3112 1840 sint
3136 1798 3291 1855 pares
3318 1799 3462 1840 sum-

205 1898 281 1945 ιει.
304 1890 507 1959 impari,
538 1890 582 1944 Si
612 1889 771 1945 [υετίι
800 1905 938 1945 unus
970 1890 1021 1944 ει,
1050 1889 1227 1944 ,ηεάίο
1260 1890 1539 1956 terminus,
1564 1887 1767 1943 circum
1873 1885 1997 1935 mae,
2019 1882 2143 1927 sunt
2175 1872 2408 1944 impares
2434 1875 2918 1931 denominationes.
2952 1875 3253 1932 Nascuntur
3281 1888 3462 1933 autem

204 1982 567 2052 sepositum",
591 1980 945 2037 mrminorum
975 1980 1018 2035 si
1053 1982 1107 2035 ίη
1141 1996 1301 2035 unum
1329 1980 1638 2050 redigantur
1666 1993 1770 2034 me.
1872 1964 2010 2019 tales
2036 1968 2243 2021 numeri
2312 1968 2414 2034 ita,
2449 1975 2508 2021 ut
2543 1968 2892 2023 substantiam
2930 1978 3279 2039 naturamque
3314 1983 3463 2025 suam

205 2074 365 2130 dictas
387 2052 490 2129 est.
522 2075 589 2128 Et
613 2074 753 2130 idem
781 2088 967 2129 eorum
989 2088 1201 2144 quoque
1223 2073 1314 2143 qui
1342 2071 1624 2141 superbos
1644 2081 1770 2128 sunt
1872 2057 1931 2114 in
1962 2059 2075 2129 ipsa
2102 2060 2263 2115 ειίοιῐη
2292 2063 2505 2131 Propria
2533 2062 2882 2132 Βθηετειίοηθ
2912 2062 3214 2133 “Signiam:
3239 2078 3302 2119 εἰ
3326 2064 3464 2132 Ρπί·

206 2166 448 2220 terminos
477 2164 735 2221 medietas
763 2174 865 2221 est.
899 2164 1071 2235 Atque
1092 2164 1196 2220 hoc
1226 2179 1391 2234 usque
1413 2164 1477 2220 ad
1500 2172 1770 2219 extremos
1877 2158 1961 2205 ῑθτ
2009 2150 2227 2222 paribus
2257 2161 2310 2207 ει
2339 2153 2542 2222 imiter
2585 2152 2881 2223 imparibus
2930 2155 3214 2232 Ρζοετεδιίο
3265 2154 3466 2210 Parim

205 2258 433 2313 omnium
464 2260 838 2326 terminorum,
870 2266 927 2312 ut
952 2257 1004 2313 in
1035 2273 1101 2313 eo
1130 2258 1318 2313 ordine
1347 2259 1436 2328 qui
1460 2269 1542 2313 est
1572 2258 1772 2327 pariter

1918 2241 2019 2297 nim
2050 2243 2302 2314 impares,
2333 2245 2539 2299 cunctis
2568 2243 2768 2299 dudum
2809 2243 3095 2299 ordinatim
3129 2244 3321 2314 positis
3364 2244 3468 2298 imA

206 2353 476 2423 imparia,“
504 2368 848 2409 numerorum
876 2355 931 2418 ε,
962 2354 1014 2420 δν
1049 2352 1134 2416 ιο,
1155 2353 1371 2423 juncms
1396 2352 1633 2408 binarius
1653 2366 1774 2407 cum
1884 2332 2119 2402 paribus,
2151 2336 2544 2401 nascebantur,
2578 2335 2777 2405 pariter
2808 2349 2936 2389 vero
2966 2350 3121 2404 pares
3162 2351 3228 2391 ex
3268 2334 3470 2404 duplici

204 2446 415 2502 denario
444 2447 513 2501 12
537 2447 751 2515 explet,
801 2445 952 2516 cujus
992 2447 1239 2501 senarius
1288 2446 1544 2501 medietas
1574 2444 1781 2499 inveni-

1922 2426 2279 2493 r0gressione.
2317 2425 2682 2496 Disponantur
2728 2426 2888 2496 igitur
2924 2441 3114 2484 omnes
3142 2426 3194 2482 in
3226 2428 3470 2483 ordinem

206 2550 308 2595 ιω..
348 2538 403 2596 εί
434 2553 560 2595 γεω
604 2537 805 2595 fuerim
848 2515 968 2593 dum
1015 2538 1332 2593 medietates
1375 2536 1596 2607 iunctm,
1652 2537 1781 2605 ipsa,
1884 2515 2201 2569 naturaliter
2228 2516 2483 2584 impares,
2526 2525 2581 2572 et
2609 2517 2709 2572 sub
2735 2516 2820 2572 his
2848 2527 3130 2588 aquatuor
3160 2518 3472 2575 inchoantes

208 2644 437 2704 utraeque
465 2633 699 2704 tit-quales
719 2645 875 2689 erunt
903 2647 1066 2702 super
1091 2647 1153 2688 se
1184 2628 1426 2686 terminis
1453 2631 1776 2688 constitutis.
1883 2622 2078 2706 (ἔξωθε
2102 2607 2364 2706 dvplices,
2391 2617 2445 2662 εί
2470 2609 2576 2664 Si"!
2600 2610 2711 2705 hoc.
2730 2610 2888 2665 ίηοδο
2916 2627 2946 2706 ³-
3052 2697 3065 2706 ,

208 2724 370 2781 Utest
400 2726 450 2779 iu
481 2723 583 2779 hoc
612 2724 820 2791 ordine,
848 2724 904 2791 2,
940 2722 994 2789 6,
1032 2724 1116 2786 10,
1150 2724 1235 2778 id.
1269 2722 1449 2779 Juncti
1489 2723 1631 2777 enim
1668 2723 1703 2776 2
1728 2733 1781 2778 et

1918 2720 2590 2791 ξιὶξηηιψὲῴτ
2681 2722 2812 2791 ιᾲ9
2897 2722 2907 2783 |
2980 2721 3051 2791 1b
3105 2723 3137 2791 Ι·
3186 2725 3325 2791 15A]

206 2816 295 2883 14,
325 2817 378 2872 in
412 2816 479 2872 16
504 2825 771 2886 crescunt,
801 2816 1201 2886 quossenarius
1230 2815 1778 2884 cumdenariocopu-
2032 2804 2039 2863 Ι
2128 2804 2159 2850 4
2250 2803 2258 2863 |
2346 2806 2377 2851 8
2467 2802 2475 2863 |
2554 2804 2613 2853 16
2684 2802 2828 2865 Ι“52
2896 2807 2909 2867 l
2979 2807 3040 2854 δι
3104 2806 3113 2866 l
3174 2806 3263 2854 138
3320 2808 3329 2866 l

207 2908 340 2963 latus
365 2907 581 2963 efficiet.
617 2912 791 2977 Atque
822 2909 922 2961 hoc
958 2907 1009 2961 in
1047 2906 1504 2962 numerosioribus
1536 2904 1781 2961 terminis
1885 2906 1982 2961 His
2006 2907 2165 2977 igitur
2192 2910 2261 2962 ita
2303 2910 2513 2979 positis,
2548 2910 2593 2964 si
2619 2911 2820 2979 primus
2851 2911 3007 2979 primi
3040 2910 3477 2982 multiplicatione

207 2997 362 3054 in'tio
387 3008 601 3071 sumpto
626 3014 659 3055 a
687 2998 876 3056 mediis
895 2998 1095 3065 evenit,
1115 3014 1287 3069 usque
1304 2998 1428 3055 dum
1451 2999 1515 3053 ad
1543 3007 1781 3055 extrema
1886 3015 2219 3072 concrescat,
2252 3005 2303 3059 id
2323 3016 2403 3060 est
2424 3006 2469 3060 si
2491 3005 2817 3077 quaternarii
2847 3004 3133 3071 ternarins,
3158 3003 3241 3059 vel
3262 3003 3306 3059 si
3336 3002 3476 3058 idem

209 3091 471 3147 veniatur.
1810 3124 1858 3188 ο
1890 3096 2091 3164 primus
2122 3096 2366 3163 secundi,
2418 3097 2470 3152 id
2502 3106 2585 3152 est
2638 3096 2898 3153 octonarii
2944 3095 3248 3164 ternarius,
3301 3094 3387 3149 vel
3434 3094 3480 3151 si

1894 3185 2035 3241 idem
2064 3188 2265 3257 primus
2290 3188 2453 3254 tertii,
2480 3188 2532 3243 id
2555 3198 2635 3243 est
2664 3187 2729 3245 16
2750 3187 3034 3257 ternarius,
3062 3196 3117 3243 et
3142 3185 3282 3242 idern
3310 3200 3482 3256 usque

1898 3278 1965 3332 ad
1990 3280 2254 3347 ultimum,
2284 3282 2366 3337 vel
2397 3282 2442 3336 si
2468 3282 2733 3337 secundus
2756 3280 2912 3352 primi
2940 3292 2995 3337 et
3034 3282 3276 3348 secundi,
3324 3281 3407 3336 vel
3435 3280 3481 3337 si

1899 3370 2167 3425 secundus
2197 3372 2359 3440 tcrtii,
2389 3381 2443 3428 et
2471 3373 2656 3428 eadem
2689 3387 2856 3443 usque
2885 3372 2951 3428 ad
2981 3380 3277 3429 extremum
3308 3372 3501 3427 multiv

1902 3462 2116 3533 plicatio
2148 3465 2483 3533 proferatur,
2516 3466 2599 3522 vel
2649 3467 2695 3521 si
2748 3468 2935 3523 tertius
2964 3482 2994 3521 a
3024 3466 3200 3537 primo
3227 3465 3486 3522 inchoans

1904 3570 2070 3626 usque
2113 3557 2164 3611 in
2217 3565 2515 3613 extremum
2568 3564 2826 3615 tranSeat.
2882 3560 3054 3629 Atque
3083 3560 3153 3614 ita
3185 3568 3405 3631 quartus
3431 3566 3489 3615 et

1902 3663 2089 3730 omnes
2119 3649 2171 3704 in
2196 3651 2437 3706 ordinem
2465 3651 2770 3721 superiores
2790 3650 3139 3720 multiplicent
3166 3666 3260 3707 eos
3280 3652 3366 3722 qui
3389 3650 3489 3705 sub

1903 3734 2034 3809 'psis
2086 3740 2138 3795 in
2182 3742 2536 3812 dispositione
2581 3752 2725 3809 sunt,
2781 3757 2970 3798 omnes
3016 3742 3288 3810 impariter
3334 3757 3489 3811 pares

1904 3830 2284 3901 procr'eabunt.
2318 3831 2487 3901 llujus
2512 3842 2689 3888 autem
2734 3833 2811 3887 rei
2855 3832 2959 3886 tale
3007 3846 3281 3886 sumamus
3312 3846 3490 3886 exem-

1910 3926 2078 3995 plum,
2126 3925 2172 3979 si
2206 3936 2312 3980 tres
2343 3934 2531 3995 quater
2559 3925 2896 3995 multiplices,
2944 3923 3012 3977 12
3040 3924 3197 3989 ﬁent;
3244 3924 3325 3978 vel
3370 3924 3415 3977 si
3460 3922 3493 3976 5

822 3182 1048 3240 CAPUT
1088 3182 1177 3237 XI.

207 3275 285 3333 De
329 3293 539 3332 numero
575 3277 840 3347 impariter
875 3278 989 3345 pari
1033 3278 1245 3347 ejusque
1281 3276 1701 3347 proprietatibus,
1742 3288 1789 3332 et

276 3370 631 3438 descriptionis
669 3370 737 3423 ad
782 3369 1047 3437 impariter
1090 3370 1255 3439 paris,
1296 3370 1349 3422 in
1405 3369 1705 3435 latitudine,
1737 3370 1791 3422 in

278 3464 620 3535 longitudine,
663 3464 731 3517 ad
758 3464 951 3535 pariter
992 3463 1134 3532 poris
1178 3469 1413 3516 naturam
1454 3462 1750 3533 pertinentis
1776 3503 1790 3529 ,

278 3556 549 3620 expositio.

284 3645 563 3716 lmpariter
592 3661 685 3717 par
714 3662 969 3702 numerus
995 3656 1077 3702 est
1102 3661 1168 3702 ex
1198 3647 1440 3717 utrisque
1497 3646 1792 3713 confectus,

207 3746 269 3794 et
300 3737 607 3793 medietatis
648 3740 766 3794 loco
813 3739 1027 3809 gemina
1068 3739 1406 3795 extremitate
1436 3739 1793 3804 concluditur,

207 3845 271 3889 ut
312 3846 422 3905 qua
467 3834 536 3887 ab
581 3844 807 3903 utroque
851 3834 1141 3902 discrepet,
1170 3833 1357 3888 eadem
1386 3833 1451 3887 ad
1480 3832 1797 3886 alterutrum

207 3908 833 3998 cognationejungatur.
883 3929 979 3983 llic
1008 3935 1183 3983 autem
1220 3928 1340 3982 talis
1365 3935 1448 3981 est
1476 3924 1567 3996 qui
1608 3924 1802 3978 dividi-

208 4030 308 4076 tur
337 4020 391 4074 in
416 4036 598 4089 inquas
621 4027 817 4089 partes,
846 4020 1106 4090 cujusque
1138 4034 1257 4091 pars
1278 4019 1331 4073 in
1360 4018 1493 4074 alias
1522 4032 1702 4088 (equas
1726 4016 1807 4070 di-

208 4113 327 4168 vidi
362 4121 566 4181 potest,
600 4123 650 4168 et
675 4113 835 4169 etiam
879 4112 1166 4183 aliquando
1206 4121 1383 4183 partes
1414 4110 1641 4183 partium
1673 4110 1810 4165 divi-

206 4206 441 4273 duntur,
472 4205 571 4262 sed
608 4222 713 4261 non
754 4214 813 4260 ut
836 4220 1006 4275 usque
1043 4204 1110 4259 ad
1151 4206 1407 4259 unitatem
1443 4204 1809 4273 progrediatur

207 4300 505 4369 aequabilis
528 4296 612 4355 illi:
635 4299 1125 4365 distinctio,utsunt
1144 4300 1215 4354 21
1240 4308 1294 4354 et
1320 4299 1411 4354 28.
1428 4298 1488 4352 lli
1516 4297 1658 4353 enim
1686 4310 1808 4365 pos-

1913 4028 2141 4089 quatuor
2171 4018 2547 4089 multiplicent,
2596 4018 2669 4075 20
2718 4031 2969 4072 numerus
2999 4026 3307 4082 excrescet;
3338 4015 3421 4070 vel
3448 4015 3494 4072 si

1913 4109 2039 4166 item
2065 4111 2094 4164 7
2118 4111 2473 4181 multiplicent
2496 4111 2549 4178 4,
2574 4112 2643 4167 28
2664 4120 2987 4179 succrescet,
3011 4121 3169 4181 atque
3197 4109 3298 4165 hoc
3328 4124 3496 4178 usque

1915 4205 1969 4259 in
2003 4205 2183 4259 finem.
2217 4205 2422 4259 ltnrsus
2444 4206 2498 4261 si
2525 4206 2557 4260 8
2601 4204 2955 4274 multiplicent
2975 4204 3029 4268 3,
3074 4211 3360 4255 nascentur
3399 4198 3494 4254 24.

1914 4294 1972 4348 Si
2003 4294 2034 4348 8
2066 4294 2117 4347 in
2150 4295 2200 4360 5,
2236 4294 2367 4349 fiunt
2395 4294 2497 4360 40;
2529 4295 2572 4348 si
2620 4294 2653 4350 8
2695 4295 2747 4349 in
2779 4295 2832 4361 7,
2860 4294 3178 4363 colligentur
3205 4291 3293 4345 56.
3325 4291 3499 4360 Atque

204 4402 355 4447 sunt
386 4392 437 4445 in
468 4391 778 4448 medietates
821 4390 1007 4458 dividi,
1039 4398 1304 4446 eteorum
1335 4405 1520 4445 rursus
1551 4396 1727 4456 partes
1756 4390 1808 4443 in
1837 4425 1891 4487 ι)
1916 4386 1983 4441 ad
2016 4386 2155 4441 hunc
2186 4388 2401 4442 modum
2429 4388 2473 4442 si
2504 4402 2689 4442 omnes
2726 4385 3011 4442 inferiores
3038 4382 3301 4455 duplices,
3345 4398 3373 4437 a
3405 4398 3500 4437 su-

205 4482 362 4538 alias
406 4482 717 4539 medietates
739 4526 755 4550 ,
796 4484 913 4539 sine
939 4483 1113 4553 aliqua
1146 4482 1475 4537 dubitatione
1509 4481 1810 4536 solvuntur.

204 4573 367 4630 Sunt
395 4574 553 4628 etiam
581 4574 795 4645 quidam
822 4574 910 4631 alii
948 4574 1157 4629 numeri
1180 4615 1209 4641 ,
1229 4589 1452 4645 quorum
1485 4584 1662 4644 partes
1690 4573 1823 4628 alias

206 4665 500 4735 recipiunt
541 4666 859 4732 divisiones,
906 4666 1001 4721 sed
1045 4667 1160 4735 ipsa
1204 4666 1396 4721 divisio
1440 4664 1506 4719 ad
1561 4668 1818 4721 unitatem

202 4774 405 4830 usque
425 4774 530 4815 non
552 4760 813 4830 pervenit.
843 4759 1006 4830 Igitur
1028 4758 1081 4813 in
1108 4773 1173 4813 eo
1189 4757 1327 4827 quod
1348 4759 1464 4827 plus
1484 4773 1642 4827 quam
1660 4773 1818 4813 unam

200 4849 459 4919 suscipit
484 4851 798 4915 sectionem,
824 4850 984 4904 habet
1003 4848 1404 4904 similitudinem
1432 4849 1630 4916 pariter
1654 4849 1818 4918 paris,

202 4941 324 4997 sed
362 4957 393 4995 a
425 4940 624 5010 pariter
654 4940 843 5011 impari
869 4952 1198 5012 segregatur.
1244 4937 1299 4994 lu
1326 4956 1390 4995 eo
1413 4955 1542 4995 vero
1563 4939 1702 5011 quod
1728 4955 1821 4995 us-

200 5050 334 5108 que
358 5035 427 5090 ad
451 5051 612 5091 unum
641 5034 809 5091 sectio
830 5033 920 5090 illa
943 5050 1049 5090 non
1068 5034 1301 5102 ducitur,
1333 5034 1531 5104 pariter
1560 5036 1818 5104 imparem

1930 4480 2226 4550 periuribus
2254 4482 2691 4553 multipliceutur,
2716 4481 2799 4536 vel
2845 4482 2890 4537 si
2938 4480 3244 4551 superiores
3281 4480 3503 4537 eosdem

1930 4572 2213 4630 inferiores
2243 4574 2629 4644 multiplicent,
2664 4582 2885 4630 cunctos
2924 4574 3012 4645 qui
3044 4574 3154 4629 nati
3184 4573 3380 4630 fuerint
3405 4574 3504 4628 im-

1929 4664 2129 4735 pariter
2172 4681 2328 4736 pares
2374 4667 2636 4723 invenies.
2687 4669 2863 4737 Atque
2906 4666 3019 4722 haec
3047 4673 3133 4721 est
3176 4666 3506 4722 admirabilis

1930 4756 2090 4827 hujus
2112 4760 2320 4814 numeri
2347 4759 2536 4826 forma,
2566 4759 2706 4829 quod
2734 4774 2855 4815 cum
2888 4758 3046 4814 fuerit
3073 4758 3186 4829 ipsa
3225 4758 3507 4827 dispositio

1923 4850 2323 4923 descriptioq‘ue
2356 4864 2635 4924 perspecta
2669 4868 3035 4920 numerorum,
3066 4852 3135 4908 ad
3170 4852 3508 4908 latitudinem

1920 4945 2124 5015 pariter
2167 4946 2486 5016 imparium,
2518 4947 2585 5002 ad
2632 4946 3015 5017 longitudinem
3057 4946 3258 5016 pariter
3302 4945 3510 5013 parium

1922 5052 2267 5093 numerorum
2296 5038 2595 5108 proprietas
2626 5039 2916 5095 invenitur.
2938 5040 3074 5096 Sunt
3096 5039 3238 5095 enim
3258 5040 3310 5093 in
3334 5037 3511 5092 latitu-

197 5141 338 5185 non
374 5127 591 5194 refutat,
623 5126 715 5183 sed
738 5143 768 5183 a
804 5128 1002 5197 pariter
1032 5126 1147 5197 pari
1186 5125 1525 5197 disiungitur.
1554 5124 1827 5195 Contingit

199 5226 417 5276 autem
448 5219 567 5276 huic
592 5235 816 5276 nurnero
843 5230 898 5276 et
928 5232 1150 5293 utraque
1201 5221 1400 5278 habere
1437 5235 1555 5291 qua:
1584 5218 1829 5291 superio-

197 5329 318 5371 res
354 5328 467 5369 non
490 5313 724 5381 habent,
756 5322 810 5370 et
849 5323 1075 5385 utraque
1121 5331 1240 5386 qua:
1270 5315 1345 5370 illi
1374 5315 1641 5386 recipiunt
1687 5313 1826 5370 obti-

214 5419 393 5461 aere.
437 5405 501 5459 Et
548 5405 708 5461 habet
752 5406 965 5475 quidem
1005 5406 1144 5476 quod
1194 5406 1404 5477 utrique
1446 5421 1552 5461 non
1602 5406 1822 5475 habent,

193 5496 382 5568 quod
423 5512 542 5571 cum
572 5496 627 5551 in
674 5511 779 5551 uno
805 5497 952 5553 solus
987 5497 1157 5567 major
1186 5498 1445 5552 terminus
1470 5496 1823 5567 divideretur,

195 5593 276 5647 in
314 5588 433 5642 alio
462 5603 591 5645 vero
620 5588 769 5645 solus
809 5588 986 5645 minor
1032 5589 1289 5645 terminus
1332 5604 1437 5645 non
1467 5588 1819 5655 divideretur,

198 5683 278 5737 in
314 5682 431 5735 hoc
457 5694 631 5750 neque
668 5680 816 5736 solus
856 5681 1025 5751 major
1056 5683 1312 5736 terminus
1339 5681 1655 5736 divisionem
1687 5683 1824 5737 reci-

196 5774 331 5845 pit,
364 5786 544 5842 neque
572 5773 747 5828 minor
782 5774 927 5830 solus
966 5773 1224 5828 terminus
1254 5787 1282 5825 a
1308 5772 1571 5827 divisione
1595 5773 1827 5843 sejungi-

193 5875 345 5925 tur.
384 5861 521 5920 Nam
549 5874 603 5921 et
631 5875 809 5934 partes
838 5864 1136 5934 solvuntur,
1181 5873 1235 5923 et
1262 5879 1431 5936 usque
1469 5864 1536 5921 ad
1567 5865 1823 5922 unitatem

1932 5128 2111 5186 dinem
2139 5129 2345 5187 duabus
2374 5132 2750 5190 medietatibus
2780 5133 3013 5205 aequales
3044 5133 3165 5188 duae
3202 5131 3512 5187 extremita-

1933 5229 2034 5286 tes,
2064 5221 2146 5277 vel
2170 5236 2271 5276 una
2302 5223 2588 5281 medietate
2617 5225 2739 5282 dua:
2768 5226 3006 5296 duplices
3035 5222 3420 5279 extremitates.
3453 5223 3510 5277 In

1932 5310 2316 5383 longitudinem
2342 5329 2489 5381 vero,
2512 5317 2711 5386 pariter
2740 5315 2879 5386 paris
2901 5312 3113 5370 numeri
3133 5328 3245 5369 rem
3274 5312 3514 5384 proprie-

1932 5411 2201 5476 tatemque
2242 5405 2505 5477 designat.
2533 5407 2685 5476 Quod
2715 5408 2857 5464 enim
2899 5407 2999 5464 sub
3026 5406 3230 5464 duabus
3256 5406 3514 5462 medieta-

1930 5494 2071 5553 tibus
2095 5498 2433 5565 continetur,
2478 5498 2683 5569 asquale
2727 5508 2811 5555 est
2855 5500 2905 5557 ei
2951 5499 3093 5571 quod
3122 5498 3225 5555 sub
3251 5498 3509 5554 extremis

1930 5589 2233 5657 conﬁcitur,
2256 5590 2341 5646 vel
2358 5592 2499 5661 quod
2519 5592 2586 5647 ab
2605 5605 2707 5646 una
2722 5590 3005 5647 medietate
3028 5592 3284 5657 nascitur,
3308 5590 3517 5660 aequale

1933 5690 2017 5737 est
2039 5680 2113 5737 illi
2145 5682 2286 5751 quod
2328 5682 2429 5737 sub
2460 5683 2696 5754 utrisque
2722 5682 3159 5739 extremitatibus
3187 5682 3516 5739 continetur.

1934 5774 2231 5845 Descriptio
2255 5785 2432 5830 autem
2463 5791 2580 5843 quae
2606 5776 2876 5845 supposita
2903 5786 2985 5832 est
3004 5818 3019 5844 ,
3057 5775 3159 5832 hoc
3187 5773 3347 5829 modo
3377 5772 3516 5828 facta

1933 5875 2034 5923 est.
2073 5865 2519 5940 Quantoscunque
2555 5868 2609 5925 in
2640 5866 2827 5927 ordine
2854 5869 3056 5942 pariter
3083 5866 3292 5940 parium
3328 5878 3522 5939 nume-
