4022 6366
502 253 634 311 1091

1734 267 1842 325 AN.
1882 268 2090 326 MANL.
2129 264 2281 329 SEV.
2327 274 2549 333 BOETII

3639 290 3807 351 4092

498 382 679 476 rerum
708 374 973 429 ternarias
1013 374 1406 447 multiplicavit,
1436 381 1739 451 quicunque
1773 398 1839 437 ex
1865 400 1929 439 eo
1962 400 2083 454 pro-
2109 394 2159 454 Α
2192 387 2311 443 dius
2342 393 2622 463 terminus,
2668 394 2721 450 id
2752 406 2834 453 est
2860 396 2964 465 48,
2996 400 3041 456 si
3068 402 3122 457 in
3153 404 3496 476 semetipsum
3525 408 3802 480 ducatur,

497 463 665 518 creati
692 472 839 532 sunt,
866 466 1044 535 primo
1083 478 1209 522 sunt
1253 481 1407 523 versu
1453 470 1717 541 dispositi.
1754 474 1959 531 Rursus
1989 479 2080 548 qui

496 555 715 610 eosdem
754 557 1144 626 multiplicante
1184 562 1431 629 quinario
1482 565 1594 619 nati
1640 575 1785 632 sunt,
1840 570 2079 625 secundo

495 646 615 702 loco
638 650 910 707 constituti
932 660 1075 706 sunt.
1111 652 1238 707 Post
1266 669 1395 709 vero
1415 671 1550 725 quos
1571 659 1903 727 septenarius
1925 672 2080 719 caete-

493 752 584 794 ros
623 740 1027 810 multiplicando
1054 746 1373 813 procreavit,
1405 749 1624 804 eosdem
1656 754 1815 808 tertio
1839 756 2079 810 conscri-

479 829 697 897 Ipsimus
722 832 840 887 loco
859 872 875 899 ,
904 843 1065 905 atque
1094 837 1233 893 idem
1278 839 1480 910 reliqua
1510 839 1883 913 descriptionis
1923 858 2099 917 parte

491 924 832 993 perfecimus.

562 1023 617 1075 tn
654 1020 753 1076 hac
792 1021 1019 1079 formula
1053 1030 1319 1097 sequenti,
1365 1030 1655 1086 similitudo
1686 1038 1885 1102 pariter
1930 1036 2076 1105 paris

490 1120 545 1166 et
571 1114 767 1181 pariter
797 1115 1034 1184 imparis,
1060 1118 1126 1171 ad
1153 1119 1428 1189 impariter
1452 1137 1654 1191 parem,
1684 1126 2005 1182 ostenditur.

490 1246 2077 1272 Μὴ

530 1270 585 1328 γι
704 1269 733 1317 5
804 1272 867 1325 .I
983 1270 1015 1318 5
1133 1273 1142 1331 Ι
1256 1274 1290 1339 77
1408 1274 1422 1335 Δ1
1542 1276 1571 1323 9
1692 1269 2010 1339 ΙΙηιρπεεξ

571 1352 582 1413 Ι
702 1354 728 1400 4
850 1352 859 1414 |
981 1357 1010 1400 8
1130 1355 1140 1416 |
1249 1356 1305 1407 16
1411 1358 1420 1417 |
1527 1359 1586 1406 δὲ
1692 1364 1699 1421 ι
1777 1352 1938 1423 Dupli.

1150 1535 1430 1600 Longitudo

1874 2226 1925 2266 ι-·

1875 2268 1915 2318 2:

1874 2320 1922 2386 ἒ

1875 2390 1925 2453 8'

905 2047 983 2168 ευ
1038 2071 1113 2161 ιτ
1135 2023 1708 2244 ·

619 2051 996 2615 ἐς
872 2045 1825 2451 una

614 2264 1817 2476 ἓςῆῆωωωΰρ

845 2504 978 2659 Elia

1083 3030 1089 3037 .
1160 2945 1386 3038 10368

1118 3080 1396 3145 Longitudo

1067 3250 1292 3307 CAPUT
1330 3250 1445 3307 XII.

462 3362 821 3433 Descriptionis
850 3364 917 3417 ad
941 3363 1206 3431 impariler
1240 3365 1401 3431 paris,
1435 3366 1488 3417 in
1518 3365 1808 3429 latitudine,
1841 3364 1897 3419 in
1925 3364 2043 3419 Ion-

525 3456 771 3525 gitudine,
805 3456 872 3509 ad
919 3456 1109 3525 pariter
1136 3457 1276 3527 paris
1300 3464 1540 3510 naturam
1568 3459 1865 3527 pertinentis
1889 3472 2046 3529 expo-

524 3549 661 3602 sitio.

524 3658 780 3729 Superius
803 3658 963 3731 igitur
985 3659 1203 3730 digesta:
1231 3658 1610 3729 descriptionis
1637 3659 1751 3716 hmc
1776 3662 1910 3716 ratio
1935 3671 2037 3717 est.

454 3748 505 3805 Si
536 3750 600 3805 ad
625 3751 960 3807 latitudinem
983 3753 1260 3822 I‘CSpICIQS,
1286 3752 1375 3806 ubi
1406 3762 1489 3807 est
1515 3752 1743 3807 duorum
1784 3756 2041 3808 termino-

451 3855 567 3900 rum
592 3860 694 3899 una
728 3845 1006 3911 medietas,
1028 3845 1282 3914 ipsosque
1316 3845 1570 3900 terminos
1597 3848 1811 3914 jungas,
1844 3844 2038 3913 duplos

449 3952 545 3993 eos
590 3939 878 3993 medietate
910 3938 1124 4008 propria
1155 3939 1409 4007 reperies,
1460 3946 1516 3991 ut
1545 3936 1614 3991 56
1646 3946 1699 3991 ‹·ι
1735 3936 1805 3991 20
1835 3937 2038 3991 faciunt

448 4030 537 4096 56,
568 4044 793 4100 quorum
819 4028 1076 4083 medietas
1105 4038 1181 4083 est
1208 4028 1299 4097 28,
1324 4028 1413 4098 qui
1436 4028 1641 4082 medius
1664 4036 1746 4082 est
1780 4029 1917 4083 inter
1938 4043 2032 4083 eos

448 4120 706 4173 terminus
750 4118 1091 4173 constitutus.
1127 4119 1191 4172 Et
1232 4133 1415 4173 rursus
1441 4119 1513 4174 28
1544 4127 1598 4173 et
1627 4119 1713 4185 l2,
1746 4120 1788 4172 si
1816 4118 2027 4189 jungas,

446 4212 643 4285 faciunt
672 4213 762 4279 40,
795 4228 1021 4283 quorum
1052 4212 1122 4267 20
1153 4212 1443 4278 medietas,
1475 4212 1681 4268 medius
1710 4228 1894 4267 eorum
1926 4222 2031 4268 ter-

2091 1713 2141 1776 Β
2182 1703 2184 1705 .

2188 483 2330 539 idem
2358 484 2498 542 2504
2527 497 2859 556 procreatur.
2899 489 2997 548 Ubi
3040 506 3221 551 autem
3259 499 3477 554 termini
3506 500 3616 557 duo
3644 503 3805 560 dvas
3830 542 3831 545 η

2188 576 2502 635 medietates
2536 581 2835 651 includunt,
2870 586 3009 655 quod
3045 588 3103 641 lit
3132 588 3494 660 multiplicatis
3523 597 3806 650 extremi-

2188 670 2403 736 tatibus,
2450 670 2552 727 hoc
2596 673 2739 730 idem
2781 677 3022 733 redditur
3068 680 3121 734 in
3167 681 3478 739 alterutram
3508 700 3802 743 summam

2184 764 2561 823 medietatihus
2585 771 2777 827 ductis.
2814 772 3110 831 Duodecies
3144 779 3286 833 enim
3310 780 3382 836 96
3413 782 3803 852 multiplicatis

2183 854 2323 911 {I52
2353 871 2725 929 procreantur,
2777 864 2899 921 dua;
2949 882 3095 923 vero
3123 884 3311 926 eorum
3353 873 3691 940 medietates,
3736 878 3800 931 id

2180 958 2267 1003 est
2292 949 2363 1004 24
2384 962 2436 1007 et
2460 951 2551 1018 48,
2582 954 2627 1009 si
2659 956 2710 1010 in
2732 958 3058 1028 semetipsas
3086 962 3522 1031 multiplicemur,
3550 968 3797 1023 eosdem
3861 1030 3869 1040 ,

2186 1038 2331 1097 “52
2360 1047 2660 1101 restituent.
2694 1046 2871 1119 Atque
2900 1051 3001 1106 hoc
3031 1061 3134 1117 est,
3163 1054 3229 1108 ad
3265 1055 3615 1113 imitationem
3642 1074 3796 1129 cog-

2186 1133 2564 1205 nationemque
2593 1144 2801 1195 numeri
2834 1143 3032 1210 pariter
3063 1145 3228 1214 paris,
3275 1161 3305 1201 a
3350 1163 3456 1218 quo
3483 1152 3795 1221 participa-

2188 1226 2331 1282 tione
2359 1237 2548 1297 tracta,
2599 1231 2714 1286 haec
2758 1232 2810 1288 ei
2863 1238 3265 1306 recognoscitur
3313 1242 3619 1310 ingenerata
3650 1259 3794 1314 pro-

2182 1319 2401 1385 prietas.
2435 1319 2501 1375 Et
2547 1322 2597 1375 in
2650 1324 2759 1379 alio
2786 1339 2916 1382 vero
2963 1329 3132 1384 latere
3174 1332 3546 1401 longitudinis,
3582 1337 3789 1392 eadem

2180 1409 2319 1463 ratio
2346 1410 2740 1485 descriptioque
2761 1428 2939 1472 notata
2969 1428 3071 1475 est.
3095 1422 3273 1489 Quare
3323 1425 3666 1482 manifestum
3690 1438 3791 1485 est

2179 1497 2322 1555 hunc
2349 1517 2629 1561 numerum
2676 1522 2741 1562 ex
2792 1510 3062 1579 prioribus
3109 1514 3318 1569 duobus
3355 1531 3478 1574 esse
3515 1534 3791 1590 procrea-

2178 1600 2310 1658 tum,
2340 1596 2592 1665 quoniam
2621 1613 2807 1654 eorum
2842 1604 3043 1658 retinet
3070 1606 3449 1676 proprietates.

2761 1735 2989 1796 CAPUT
3044 1742 3184 1799 XIII.

2434 1846 2510 1903 De
2537 1866 2745 1905 numero
2773 1853 2961 1923 impari
2984 1859 3195 1928 ejusque
3232 1859 3475 1914 divisione

2214 1974 2417 2033 stmpar
2438 1978 2654 2036 quoque
2705 1982 2961 2024 numerus
3006 1980 3110 2038 est,
3141 1974 3233 2041 qui
3272 1988 3302 2028 a
3353 1975 3498 2044 paris
3549 1978 3777 2036 numeri

2171 2064 2360 2109 natura
2390 2056 2794 2129 substantiaque
2822 2060 3123 2131 disjunctus
3141 2072 3243 2119 est.
3278 2065 3551 2137 Siquidem
3584 2069 3680 2124 ille
3715 2072 3776 2126 in

2168 2148 2379 2216 gemina
2411 2149 2654 2205 membra
2701 2165 2853 2221 aequa
2893 2153 3058 2208 dividi
3090 2164 3287 2224 potest,
3338 2158 3429 2211 hic
3468 2173 3537 2212 ne
3584 2162 3773 2215 secari

2169 2247 2349 2305 queat,
2385 2239 2605 2296 unitatis
2634 2242 2856 2311 impedit
2876 2244 3229 2302 interventus.
3263 2246 3400 2303 Tres
3424 2247 3587 2304 habet
3611 2252 3775 2305 simi-

2171 2327 2294 2384 liter
2322 2330 2738 2401 subdivisiones,
2769 2350 2996 2404 quarum
3026 2353 3129 2392 una
3153 2338 3275 2409 ejus
3299 2354 3421 2409 pars
3448 2351 3530 2396 est
3570 2342 3617 2395 is
3663 2358 3774 2397 nu-

2171 2435 2351 2475 merus
2378 2422 2471 2492 qui
2501 2434 2726 2505 vocatur
2764 2429 2965 2495 primus
2991 2439 3046 2483 et
3070 2430 3477 2500 incompositus.
3507 2433 3772 2491 Secunda

2169 2527 2319 2580 vero,
2348 2516 2437 2584 qui
2463 2525 2549 2571 est
2573 2518 2840 2577 secundus
2868 2530 2923 2577 et
2951 2524 3299 2592 compositus.
3337 2526 3403 2581 Et
3422 2527 3574 2582 tertia
3598 2529 3643 2582 is
3668 2529 3770 2598 qui

2169 2608 2396 2675 quadam
2410 2608 2600 2665 horum
2624 2613 2913 2670 medietate
2932 2617 3250 2685 coniunctus
3261 2628 3364 2685 est,
3387 2628 3444 2675 et
3469 2621 3535 2675 ab
3558 2624 3771 2677 utrius-

2170 2715 2275 2770 que
2313 2706 2631 2773 cognatione
2659 2706 2861 2777 aliquid
2892 2710 3205 2766 naturaliter
3220 2712 3405 2778 trahit,
3438 2715 3526 2783 qui
3553 2726 3641 2769 est
3660 2730 3771 2785 per

2168 2805 2228 2847 se
2254 2794 2469 2864 quidem
2499 2799 2767 2853 secundus
2793 2809 2849 2855 et
2875 2802 3225 2871 compositus,
3250 2805 3346 2859 sed
3370 2805 3436 2859 ad
3458 2806 3592 2862 alios
3608 2820 3775 2863 eum:

2169 2895 2407 2957 paratus,
2440 2890 2640 2957 primus
2665 2901 2718 2945 et
2746 2895 3133 2963 incompositus
3168 2897 3455 2953 invenitur.

2762 3048 2991 3105 CAPUT
3019 3049 3158 3105 XIV.

2586 3160 2663 3215 De
2687 3164 2852 3232 primo
2883 3173 2933 3218 et
2961 3164 3317 3236 incomposito.

2230 3274 2295 3328 Et
2321 3275 2524 3343 primus
2550 3277 2763 3347 quidem
2788 3288 2856 3333 et
2887 3279 3274 3350 incompositus
3297 3291 3402 3348 est,
3428 3284 3515 3354 qui
3548 3286 3769 3341 nullam

2152 3365 2311 3420 aliam
2353 3375 2560 3436 partem
2601 3368 2778 3435 habet,
2831 3369 2931 3425 nisi
2962 3386 3081 3425 eam
3111 3387 3228 3441 qua:
3286 3385 3313 3425 a
3367 3381 3475 3427 tota
3534 3378 3758 3431 numeri

2151 3464 2450 3532 quantitate
2496 3463 2841 3518 denominata
2889 3465 2978 3530 sit,
3012 3477 3067 3519 ut
3094 3465 3206 3535 ipsa
3238 3481 3361 3535 pars
3390 3481 3494 3521 non
3526 3469 3600 3521 sit
3645 3470 3756 3525 nisi

2162 3555 2356 3616 unitas,
2375 3564 2429 3607 ut
2448 3565 2574 3608 sunt
2598 3557 2651 3620 ὅ,
2681 3556 2804 3623 5,7,
2828 3555 2916 3622 11,
2940 3556 3025 3623 15,
3053 3557 3139 3622 I7,
3172 3556 3561 3624 {9,25,29,3I.
3583 3559 3640 3613 In
3663 3560 3755 3614 his

2147 3656 2276 3713 ergo
2306 3643 2527 3714 singulis
2546 3646 2689 3700 nulla
2719 3662 2952 3717 unquam
2982 3648 3084 3702 alia
3137 3663 3260 3718 pars
3283 3649 3613 3715 invenietur,
3638 3652 3756 3707 nisi

2143 3750 2265 3804 quae
2293 3736 2362 3791 ab
2389 3738 2518 3808 ipsis
2547 3738 2889 3796 denoininata
2916 3751 3017 3809 est,
3051 3750 3108 3797 et
3154 3743 3267 3812 ipsa
3298 3752 3507 3799 tantum
3543 3747 3753 3812 unitas,

2143 3836 2200 3881 ut
2224 3839 2385 3899 supra
2406 3830 2515 3899 jam
2543 3831 2744 3887 dictum
2770 3843 2871 3888 est.
2900 3832 2955 3889 In
2984 3834 3153 3890 tribus
3176 3836 3319 3891 enim
3352 3851 3455 3892 una
3482 3853 3608 3907 pars
3628 3840 3751 3893 sola

2140 3929 2240 3986 est,
2276 3921 2326 3977 id
2360 3930 2442 3977 est
2469 3923 2644 3991 tertia,
2700 3939 2820 3994 qua:
2848 3940 2876 3979 a
2912 3928 3084 3981 tribus
3132 3928 3334 3983 scilicet
3391 3928 3752 3985 denominata

2139 4025 2242 4079 est,
2271 4024 2323 4068 et
2354 4016 2467 4084 ipsa
2499 4019 2657 4071 tertia
2695 4033 2821 4088 pars
2863 4023 3057 4074 unitas.
3092 4018 3404 4092 Eodemque
3437 4024 3601 4076 modo
3624 4023 3752 4092 qui-

2139 4104 2274 4159 naril
2304 4107 2417 4160 sola
2448 4108 2633 4177 quinta
2657 4123 2780 4179 pars
2808 4120 2910 4178 est,
2941 4120 2997 4168 ει
3031 4111 3147 4168 htec
3176 4113 3378 4179 unitas,
3405 4127 3571 4185 atque
3593 4116 3745 4168 idem

2135 4192 2188 4250 in
2220 4196 2442 4267 singulis
2471 4212 2805 4269 consequens
2838 4203 3156 4271 reperietur.
3193 4203 3394 4257 Dicitur
3420 4217 3607 4259 autem
3632 4208 3751 4274 pri-

443 4304 617 4359 minus
645 4305 928 4360 invenitur.
955 4306 1022 4358 At
1046 4319 1173 4358 vero
1194 4304 1283 4359 ubi
1308 4304 1440 4359 duas
1462 4304 1782 4359 medietates
1808 4305 2026 4371 habent,

2155 4304 2254 4344 nus
2283 4300 2339 4345 et
2367 4290 2775 4361 incompositus,
2799 4286 2950 4364 quod
2968 4295 3147 4349 nullus
3168 4309 3287 4351 eum
3315 4296 3453 4350 alter
3476 4310 3751 4354 numerus

442 4404 681 4467 utraeque
708 4398 1074 4453 extremitates
1101 4398 1298 4468 juncta:
1322 4439 1336 4461 ,
1383 4400 1623 4468 utrisque
1653 4398 2026 4453 medietatibus

441 4489 671 4557 mquales
698 4490 847 4555 tiunt,
872 4497 932 4544 ut
958 4490 1025 4544 I2
1052 4498 1106 4544 et
1133 4488 1201 4543 56
1228 4504 1347 4542 cum
1376 4489 1620 4557 iunxeris
1652 4488 1783 4543 fiunt
1803 4487 1890 4553 48,
1926 4488 2023 4543 hoc

440 4594 558 4632 rum
588 4580 631 4633 si
664 4580 978 4635 medietates
1003 4581 1222 4635 sibimet
1252 4580 1640 4651 applicaveris,
1688 4580 1735 4632 id
1764 4590 1847 4635 est
1871 4580 1941 4634 20
1972 4591 2026 4636 et

440 4671 527 4731 28,
564 4671 703 4727 idem
734 4674 855 4739 erit,
886 4682 1046 4743 atque
1075 4674 1126 4727 in
1160 4672 1261 4727 alia
1293 4683 1441 4742 parte
1472 4672 1788 4736 latitudinis.
1831 4674 2021 4729 eodem

441 4762 627 4818 ordine
648 4763 736 4833 qui
762 4762 889 4817 ﬁant
920 4762 1146 4829 numeri,
1174 4764 1341 4817 notati
1368 4772 1510 4817 sunt.
1542 4762 1724 4832 Neque
1753 4763 1861 4817 ulla
1889 4764 1940 4817 in
1964 4778 2023 4818 re

437 4856 574 4911 ratio
606 4856 844 4926 utrisque
875 4848 1168 4911 latitudinis
1198 4856 1541 4927 discrepabit,
1572 4856 1820 4926 idemque
1850 4857 1902 4911 in
1930 4871 2023 4912 εο-

436 4950 556 5004 dem
588 4948 778 5004 ordine
822 4947 874 5002 in
924 4950 1134 5003 caneris
1175 4950 1411 5003 numeris
1443 4948 1768 5017 pernotabis,
1817 4957 1873 5004 et
1923 4951 2022 5004 hoc

436 5040 726 5096 secundum
760 5039 983 5094 formam
1012 5040 1210 5109 pariter
1237 5040 1459 5111 imparis
1496 5040 1703 5094 numeri
1732 5040 1808 5105 ﬁt,
1842 5039 1895 5095 in
1920 5055 2026 5111 quo

434 5132 568 5188 hanc
603 5133 978 5205 proprietatem
1007 5146 1126 5187 esse
1154 5147 1313 5202 supra
1339 5132 1448 5202 jam
1477 5133 1731 5202 scriptum
1760 5143 1861 5189 est.
1887 5133 2022 5189 Rur-

428 5241 546 5281 sum
574 5226 617 5280 si
649 5225 714 5280 ad
762 5223 1147 5296 longitudinem
1178 5226 1471 5294 respicias,
1522 5225 1609 5279 ubi
1653 5226 1759 5280 duo
1807 5228 2018 5280 termini

428 5320 585 5373 tinam
634 5318 970 5373 medietatem
1023 5317 1240 5383 habent,
1276 5317 1419 5388 quod
1453 5318 1511 5372 ﬁt
1537 5332 1602 5373 cx
1635 5318 2008 5387 multiplicatis

421 5411 873 5476 (extremitathus,
908 5412 1007 5465 hoc
1036 5408 1095 5471 ﬁt
1118 5410 1159 5464 si
1182 5408 1675 5465 mediusterminus
1704 5424 1813 5464 sum
1835 5409 2010 5477 capiat

2137 4389 2406 4454 metiatur,
2439 4398 2635 4459 praeter
2662 4390 2859 4456 solam,
2890 4407 3008 4461 qua:
3038 4392 3247 4447 cunctis
3277 4402 3452 4447 mater
3480 4403 3589 4459 est,
3617 4398 3751 4450 uni.

2134 4489 2316 4535 tatem.
2359 4481 2596 4552 Namque
2644 4484 2935 4539 ternarium
2963 4484 2999 4538 2
3026 4499 3131 4539 non
3183 4497 3492 4554 numerant,
3528 4488 3751 4544 ideirco

2132 4572 2383 4641 quoniam
2399 4575 2439 4627 si
2464 4574 2610 4629 solos
2624 4574 2761 4630 duos
2782 4585 2965 4631 contra
2991 4585 3099 4631 tres
3116 4592 3301 4648 compa
3311 4593 3419 4644 res,
3446 4581 3748 4649 pauciores

2133 4673 2275 4718 sunt.
2308 4664 2401 4720 Sin
2425 4681 2550 4720 vero
2580 4667 2841 4722 binarium
2872 4668 2951 4722 bis
2972 4669 3155 4736 facias,
3190 4670 3509 4741 ampliorem
3558 4674 3747 4731 tribus

2131 4758 2429 4812 concrescit
2455 4757 2507 4811 in
2537 4759 2588 4812 4.
2620 4758 2835 4814 Metitur
2860 4770 3036 4815 autem
3070 4777 3325 4817 numerus
3352 4779 3743 4832 numerorum,

2132 4850 2343 4918 quoties
2373 4851 2453 4906 vel
2485 4852 2651 4906 semei
2679 4894 2694 4917 ,
2727 4854 2812 4907 vel
2836 4851 3030 4919 bis,vel
3064 4856 3243 4924 tertio,
3267 4856 3351 4911 vel
3373 4858 3748 4925 quotieslibt'l

2130 4958 2386 4998 numerus
2410 4944 2475 5000 ad
2508 4959 2786 5000 numerum
2836 4956 3197 5016 comparatus,
3234 4962 3406 5018 neque
3456 4949 3748 5006 diminuta

2127 5050 2357 5104 summa,
2384 5052 2555 5107 neque
2582 5046 2755 5102 aucta,
2780 5037 2845 5091 ad
2868 5040 3162 5108 comparati
3186 5040 3395 5095 numeri
3429 5044 3747 5102 terminum

2126 5146 2295 5201 usque
2342 5130 2609 5202 pervenit,
2665 5140 2722 5186 ut
2753 5131 2860 5186 duo
2887 5132 2931 5187 si
2961 5133 3025 5186 ad
3059 5132 3092 5187 6
3118 5148 3424 5202 compares,
3478 5136 3751 5193 hinarius

2125 5236 2378 5277 numerus
2408 5223 2674 5278 senarium
2726 5222 2881 5278 tertio
2919 5225 3189 5279 metietur.
3248 5222 3457 5280 Primos
3485 5241 3618 5297 ergo
3680 5240 3751 5287 et

2124 5315 2506 5384 incompositos
2561 5316 2740 5371 nullus
2769 5331 3023 5372 numerus
3049 5317 3320 5383 metietur,
3353 5328 3555 5387 praeter
3597 5323 3748 5375 uni—

2121 5419 2283 5464 tatem
2315 5412 2508 5475 solam,
2537 5410 2787 5482 quoniam
2815 5425 2882 5466 ex
2903 5410 3063 5467 nullis
3090 5409 3208 5465 aliis
3223 5411 3459 5465 numeris
3489 5427 3611 5465 com
3626 5430 3743 5481 po-

2116 5502 2208 5558 sitl
2234 5512 2376 5567 sunt,
2412 5503 2503 5558 sed
2536 5511 2738 5557 tantum
2763 5515 2829 5557 ex
2861 5502 3151 5556 unitatibus
3188 5502 3241 5555 in
3280 5503 3587 5573 semetipsis
3622 5523 3745 5562 au.

2118 5597 2219 5651 ctis
2248 5596 2719 5666 multiplicatisquc
2750 5604 3118 5665 procreantur.
3152 5595 3259 5650 Ter
3310 5596 3452 5650 cnim
3485 5612 3633 5650 unus
3672 5602 3743 5668 5,

2117 5696 2171 5745 ει
2197 5690 2479 5759 quinquies
2508 5704 2647 5743 unus
2674 5686 2729 5754 5,‘
2764 5695 2817 5742 et
2846 5690 3046 5756 septies
3081 5698 3219 5741 unus
3250 5688 3281 5742 7
3312 5688 3573 5743 fecerunt.
3667 5694 3744 5753 Et

2115 5782 2205 5839 alii
2236 5782 2475 5853 quidem,
2498 5795 2633 5854 quos
2667 5795 2828 5850 supra
2871 5778 3278 5849 descripsimus,
3325 5781 3515 5836 eodem
3549 5786 3745 5848 mode

423 5504 744 5573 pluralitatis
763 5486 1069 5573 augmenta.
1099 5503 1228 5557 Nam
1253 5503 1540 5558 duodecies
1562 5502 1631 5557 48
1658 5503 1856 5558 faciunt
1875 5503 2003 5559 576.

423 5595 627 5652 Medius
656 5612 787 5652 vero
818 5613 1001 5652 eorum
1033 5598 1312 5664 terminus,
1344 5597 1395 5651 id
1439 5606 1523 5651 est
1546 5596 1640 5660 24,
1672 5600 1715 5652 si
1748 5598 2010 5669 multipli-

420 5698 589 5754 cetur,
635 5691 852 5745 eosdem
898 5706 1084 5745 rursus
1115 5691 1220 5746 576
1252 5689 1575 5759 procreabit.
1624 5690 1691 5745 Et
1747 5705 1935 5745 rursus
1964 5692 2010 5746 si

420 5783 493 5835 24
524 5786 574 5837 in
603 5784 670 5838 96
698 5784 1134 5854 multiplicemur,
1181 5784 1381 5841 iaciunt
1426 5782 1591 5842 2504.
1629 5784 1867 5853 Quorum
1896 5800 2012 5842 me-
