4022 6366
201 328 325 394 1095
1408 335 1492 390 DE
1533 320 1998 390 Alil'l'liME’l'lCA
2036 325 2162 383 LIB.
2204 328 2243 382 Ι.
3316 316 3465 383 {094'

198 457 499 505 nascuntur.
555 449 616 504 lli
647 457 823 505 autem
852 448 906 504 in
934 450 1252 518 semetipsos
1301 450 1634 519 multiplicati
1693 448 1771 502 fa-
1796 443 2071 507 A-tninata
2102 448 2205 495 est.
2236 440 2368 495 Nam
2412 440 2468 495 in
2506 441 2800 498 novenarlo
2828 454 2970 501 nona
2994 449 3101 509 est,
3134 440 3187 495 in
3210 440 3281 495 i5
3306 440 3473 512 vigor

198 546 336 598 riunt
388 544 521 597 alios
579 556 830 597 numeros
887 542 1030 599 Velut
1074 543 1249 611 primi,
1299 557 1498 612 eosque
1546 544 1769 612 primam
1875 532 2008 587 Simo
2040 531 2243 603 quinta.

197 650 372 693 rerum
402 640 751 691 substantiam
782 636 994 706 vimque
1028 638 1263 702 sortitos,
1316 646 1629 693 cunctorum
1658 651 1687 690 a
1714 652 1781 692 se

198 738 597 799 procreatorutn
622 729 764 783 velut
792 728 1035 797 quadam
1069 728 1333 784 elementa
1367 730 1627 798 reperies,
1649 731 1770 800 quia

198 823 419 891 scilicet,
449 830 504 877 et
531 820 869 891 incompositi
901 829 1045 886 sunt,
1084 828 1140 875 et
1163 821 1389 890 simplici
1431 822 1774 891 generatione

201 916 431 982 formati,
456 927 613 985 atque
638 915 713 986 ~iu
748 930 840 970 eos
870 929 1058 969 omnes
1087 916 1389 984 quicunque
1441 930 1507 971 ex
1542 917 1621 971 his
1654 931 1776 985 pro.

186 1010 290 1064 [lati
320 1018 443 1063 sunt
471 1010 676 1062 numeri
709 1015 1071 1071 resolvuntur,
1097 1008 1194 1075 ipsi
1218 1022 1343 1061 vero
1372 1022 1543 1078 neque
1567 1024 1629 1063 ex
1658 1008 1776 1063 aliis

202 1098 584 1169 producuntur,
616 1113 788 1166 neque
818 1098 870 1153 in
886 1098 984 1151 alia
1014 1098 1363 1153 reducuntur.

789 1211 1014 1267 CAPUT
1064 1210 1178 1267 XV.

624 1304 698 1359 De
734 1304 954 1358 secundo
982 1314 1028 1356 et
1058 1306 1355 1373 composito.

2443 624 2665 682 CAPUT
2726 625 2885 681 XVII.

1878 718 1955 774 De
1986 718 2138 789 primi
2162 726 2211 773 et
2240 718 2581 786 incontpositi,
2609 720 2819 771 secundi
2848 727 2895 771 et
2923 719 3211 789 compositi,
3239 725 3287 772 et
3318 717 3384 770 ad
3406 731 3459 770 re

1946 812 2155 883 quidem
2174 810 2385 866 secundi
2410 819 2457 865 et
2479 812 2766 878 compositi,
2792 812 2859 869 ad
2889 814 3193 866 alterutrum
3218 827 3331 865 vero
3348 810 3459 882 pri-

1949 906 2019 957 mi
2049 912 2098 958 at
2133 902 2457 970 incompositi
2494 904 2858 972 procreationis.

1897 1012 1905 1021 '
1953 994 2243 1053 Generatio
2269 1003 2446 1048 autem
2479 994 2715 1062 ipsorum
2760 1004 2923 1064 atque
2951 1003 3101 1049 ortus
3156 994 3459 1064 huiusmodi

1880 1092 2293 1161 investigatione
2317 1088 2604 1158 colligitur,
2627 1101 2785 1158 quam
2822 1086 3024 1143 scilicet
3079 1088 3461 1144 Eratosthenes

1884 1184 2119 1240 cribrum
2151 1180 2481 1245 nominabat,
2514 1180 2652 1248 quod
2684 1177 2890 1232 cunctis
2930 1178 3219 1246 imparibus
3267 1178 3320 1232 in
3353 1194 3463 1232 me-

1886 1274 1977 1328 dio
2006 1274 2299 1337 collocatis,
2333 1286 2428 1341 per
2449 1286 2566 1326 eam
2592 1284 2753 1339 quam
2784 1268 3031 1322 tradituri
3059 1282 3245 1324 sumus
3272 1277 3465 1333 artem,

1886 1366 1977 1435 qui
2011 1364 2189 1433 primi,
2247 1364 2407 1433 quive
2457 1360 2699 1425 secundi,
2755 1360 2953 1430 quique
2984 1359 3126 1413 tertii
3156 1362 3365 1427 generis
3393 1360 3466 1413 vi-

1888 1457 2114 1515 deantur
2137 1469 2279 1529 esse,
2307 1452 2670 1529 distinguitur.
2693 1452 3049 1529 Disponautur
3065 1452 3206 1512 enim
3235 1466 3262 1510 a
3293 1464 3470 1512 terna-

1890 1556 1972 1609 rio
2003 1569 2226 1608 numero
2257 1564 2435 1607 cuncti
2469 1555 2520 1605 in
2552 1554 2796 1606 ordinem
2827 1555 3081 1619 lmpares,
3111 1550 3162 1603 in
3182 1549 3470 1619 quamlibet

274 1641 466 1657 Ilua-ua
489 1641 588 1669 νου,
620 1641 713 1658 ουυ
745 1641 938 1659 uuuulu
972 1641 1022 1659 lu
1072 1641 1131 1660 ου
1179 1641 1373 1663 ιτιιιιει
1426 1641 1780 1671 διινδιιιιιιιιιιιι

274 1695 285 1714 ξ
341 1695 545 1714 κὲηΑΙμμ
614 1712 706 1714 --η
771 1712 778 1714 _
823 1697 856 1714 9-
908 1713 916 1714 κ
1124 1709 1132 1714 .
1296 1701 1344 1714 ιο.
1592 1703 1603 1714 ο
1692 1703 1702 1714 ι

1899 1646 2263 1713 longissimam
2320 1643 2741 1714 porrectionem,
2800 1644 2853 1707 ‘5,
2885 1642 2938 1705 5,
2967 1643 3021 1709 7,
3050 1642 3105 1708 9,
3139 1641 3226 1708 11,
3263 1642 3350 1708 15,
3383 1641 3471 1704 15,

203 1696 577 1805 principalem,
603 1697 1032 1805 compositusque
1058 1709 1137 1805 est
1163 1715 1227 1805 ex
1258 1701 1377 1756 aliis
1401 1703 1655 1805 numeris,
1691 1703 1779 1767 ha-
1836 1786 1839 1787 ν
1892 1696 2598 1805 56,-2.1,
2644 1696 2741 1799 29"
2770 1696 2857 1803 δή
2892 1696 2981 1801 3'5,
3136 1696 3226 1803 57"
3255 1696 3349 1799 ως
3382 1696 3472 1801 ﬂ;

202 1789 401 1856 lietque
431 1799 624 1857 partes,
653 1798 703 1843 et
724 1805 750 1842 a
778 1791 957 1861 seipso
976 1801 1027 1844 et
1045 1791 1111 1845 ab
1132 1793 1306 1846 alieno
1327 1794 1587 1849 vocabulo
1612 1796 1780 1849 deno-

202 1882 551 1949 minatas,sed
569 1898 597 1938 a
612 1898 669 1938 se
692 1884 804 1953 ipso
818 1884 1211 1940 deuominatam
1230 1903 1289 1955 pa
1300 1890 1625 1951 rtem,solam
1644 1904 1782 1943 sem-

202 1988 302 2045 per
326 1976 374 2028 in
396 1976 476 2029 his
500 1976 737 2030 invenies
761 1980 1037 2047 unitatem,
1066 1980 1132 2032 ab
1155 1980 1328 2034 alieno
1354 1996 1480 2035 vero
1500 1982 1783 2049 vocabulo,

203 2052 293 2119 vel
327 2082 505 2133 unam,
537 2068 617 2121 vel
649 2068 920 2137 quodlibet
958 2072 1113 2137 alias,
1143 2072 1324 2139 quanti
1356 2072 1557 2129 fuerint
1581 2076 1785 2130 scilicet

203 2162 417 2214 numeri
457 2162 646 2230 quibus
675 2163 763 2217 ille
791 2167 1102 2235 compositis
1122 2178 1449 2235 procreatur,
1480 2179 1539 2224 ut
1563 2182 1687 2225 sunt
1708 2172 1786 2241 hi,

204 2249 263 2313 9,
296 2250 381 2317 15,
409 2250 499 2317 21,
534 2253 624 2320 25,
656 2252 745 2315 27,
773 2255 864 2320 55,
898 2257 983 2312 59.
1014 2258 1351 2329 liorumergo
1378 2261 1570 2333 singuli
1595 2263 1792 2320 habent

205 2341 421 2409 quidem
451 2358 480 2396 a
508 2357 565 2396 se
594 2343 965 2401 denominalas
1023 2360 1201 2418 partes
1234 2391 1249 2417 ,
1292 2353 1536 2423 preprias
1585 2354 1793 2410 scilicet

275 1417 549 1473 Secundus
579 1433 703 1471 vero
732 1428 784 1473 et
807 1419 1155 1487 compositus,
1191 1428 1245 1473 et
1273 1420 1386 1489 ipse
1416 1418 1629 1489 quidem
1681 1420 1779 1475 im-

204 1526 300 1580 par
328 1519 428 1576 est,
459 1524 739 1584 propterea
783 1510 922 1582 quod
956 1512 1141 1569 eadem
1185 1514 1401 1587 imparis
1461 1515 1783 1589 proprietate

203 1604 466 1657 formatus
489 1612 588 1669 est,
620 1604 713 1658 sed
745 1603 938 1659 nullam
972 1606 1022 1659 in
1072 1622 1131 1660 se
1179 1609 1373 1663 retinet
1426 1610 1780 1671 substantiam

1813 1835 1860 1897 Β
1888 1831 1978 1896 45,
2009 1828 2100 1896 45,
2132 1830 2228 1895 47,
2251 1831 2341 1885 19.
2392 1830 2484 1884 llis
2514 1830 2673 1899 igitur
2703 1830 2769 1882 ita
2800 1828 3077 1899 dispositis
3124 1828 3472 1883 consideran-

1891 1922 2015 1977 dum
2049 1922 2253 1992 primus
2311 1935 2568 1975 numerus
2598 1934 2755 1990 quem
2802 1934 2990 1975 eorum
3021 1920 3109 1987 qui
3155 1930 3279 1974 sunt
3308 1919 3360 1973 in
3389 1934 3473 1973 or-

1891 2015 2017 2069 dine
2047 2014 2202 2084 positi
2257 2013 2485 2082 primum
2515 2013 2693 2066 metiri
2726 2015 2914 2079 possit,
2967 2012 3062 2066 sed
3091 2010 3300 2066 duobus
3331 2025 3472 2080 prte-

1896 2106 2089 2172 teritis,
2121 2106 2269 2160 illum
2298 2105 2387 2173 qui
2422 2114 2539 2172 post
2568 2117 2659 2157 eos
2690 2113 2775 2157 est
2820 2102 3048 2172 positus,
3085 2116 3202 2156 mox
3236 2102 3474 2158 metitur.

1897 2198 1963 2253 Et
1993 2198 2036 2251 si
2065 2206 2185 2267 post
2213 2197 2461 2250 eumdem
2493 2194 2662 2263 ipsum
2695 2208 2852 2264 quem
2881 2207 3097 2247 mensus
3122 2201 3225 2254 est,
3250 2192 3340 2245 alii
3368 2191 3477 2245 duo

1896 2289 2200 2345 transmissi
2230 2298 2377 2353 sunt,
2411 2288 2558 2341 illurn
2586 2288 2673 2355 qui
2699 2296 2812 2355 post
2836 2286 2970 2339 duos
2999 2294 3081 2339 est
3110 2298 3295 2338 rursus
3324 2284 3477 2338 meti.

1898 2389 2005 2435 tur.
2040 2382 2104 2434 Et
2131 2380 2322 2434 eodem
2353 2381 2515 2431 modo
2541 2378 2587 2432 si
2617 2376 2752 2431 duos
2779 2376 2902 2445 quis
2930 2376 3223 2445 reliquerit,
3249 2382 3479 2444 posteos

205 2434 464 2501 unitates,
491 2445 547 2491 ut
576 2436 629 2505 9,
671 2454 863 2493 nouam
887 2481 901 2505 ,
935 2442 985 2496 id
1035 2452 1117 2497 est
1162 2446 1223 2511 l;
1260 2446 1344 2512 15,
1378 2447 1616 2516 quintam
1643 2447 1791 2503 deci-

206 2539 376 2590 mam,
408 2528 649 2582 eamdem
682 2545 867 2584 rursus
897 2532 1175 2601 unitatem,
1224 2544 1279 2591 et
1312 2537 1363 2590 in
1406 2538 1615 2592 caneris
1662 2553 1795 2608 quos

204 2634 372 2687 supra
399 2619 780 2691 descripsimus
805 2622 942 2678 idem
984 2628 1251 2682 convenit.
1284 2628 1494 2684 Habent
1536 2631 1695 2686 etiam
1729 2630 1797 2685 ab

205 2708 389 2763 alieno
417 2712 676 2765 vocabulo
706 2726 933 2783 partem,
966 2724 1021 2769 ut
1043 2719 1098 2784 9,
1134 2719 1365 2786 tertiam,
1412 2720 1462 2775 id
1493 2732 1577 2777 est
1620 2731 1799 2776 terna-

204 2805 375 2871 rium,
405 2816 459 2859 et
485 2804 570 2871 15,
604 2810 836 2885 tertiam,
875 2809 924 2863 id
954 2820 1035 2868 est
1064 2813 1115 2877 5,
1141 2822 1194 2867 et
1221 2815 1480 2883 quintam,
1517 2816 1567 2869 id
1590 2826 1693 2883 est,
1725 2819 1793 2883 ὃς

205 2893 277 2949 21
306 2910 432 2950 vero
457 2897 759 2964 tertiam,id
790 2911 871 2955 est
896 2904 942 2966 7,
977 2905 1279 2972 septimam,
1315 2907 1437 2972 5,et
1465 2908 1514 2960 in
1547 2907 1798 2961 omnibus

206 2987 331 3040 aliis
360 2988 546 3042 eadem
579 2993 958 3059 consequentia
988 3006 1089 3048 est.
1133 2996 1411 3051 Secundus
1441 3004 1617 3050 autem
1643 3004 1800 3052 voca-

207 3085 301 3131 tur
328 3076 413 3131 bie
436 3093 712 3146 numerus,
752 3083 999 3151 quoniam
1046 3100 1149 3139 non
1182 3087 1294 3141 sola
1326 3087 1529 3143 unitate
1560 3090 1796 3161 metitur,

1896 2471 1989 2541 qui
2018 2479 2117 2532 eat,
2151 2486 2179 2521 a
2219 2470 2390 2538 primo
2419 2482 2644 2522 numero
2688 2465 2988 2521 metiendos
3033 2475 3137 2519 est.
3171 2464 3481 2533 Eodemque

1898 2563 2061 2619 modo
2088 2561 2294 2616 relictis
2323 2574 2538 2627 semper
2564 2558 2794 2623 duobus,
2843 2573 2870 2609 a
2925 2556 3099 2626 primo
3126 2556 3179 2610 in
3210 2555 3477 2610 infinitum

1898 2661 2181 2723 pergentes
2210 2648 2515 2706 metientur.
2544 2648 2652 2703 Sed
2687 2649 2737 2703 id
2769 2663 2874 2703 non
2902 2648 3061 2717 vulgo
3087 2661 3259 2717 neque
3286 2645 3478 2701 confu-

1898 2758 1980 2798 se.
2015 2742 2145 2797 Nam
2176 2742 2376 2811 primus
2404 2754 2659 2795 numerus
2696 2740 2843 2795 illum
2899 2740 2989 2809 qui
3037 2746 3122 2794 est
3168 2748 3290 2807 post
3342 2738 3477 2792 duos

1901 2832 2196 2900 secundum
2226 2848 2285 2887 se
2332 2832 2532 2887 locatos
2560 2845 2654 2900 per
2680 2845 2831 2885 suam
2862 2836 3211 2898 quantitatem
3241 2830 3477 2884 metitur.

1902 2908 2193 2981 Terharius
2220 2926 2362 2981 enim
2393 2938 2647 2981 numerus
2676 2923 2835 2979 tertio
2863 2924 2897 2978 9
2922 2923 3159 2979 metitur.
3219 2922 3275 2979 Si
3304 2933 3481 2983 autem

1903 3028 2022 3089 post
2053 3018 2403 3074 novenarium
2430 3017 2565 3071 duos
2595 3017 2886 3087 reliquero,
2942 3016 3032 3086 qui
3061 3017 3189 3071 mihi
3222 3026 3342 3085 post
3365 3016 3485 3071 illos

1904 3113 2214 3181 iacmerit,
2247 3126 2275 3165 a
2307 3111 2483 3180 primo
2510 3111 2814 3165 metiendus
2834 3121 2938 3175 est,
2972 3125 3067 3179 per
3113 3110 3333 3164 secundi
3386 3110 3487 3163 im-

206 3168 310 3280 :0‘1
336 3168 628 3280 θῑῖδέηὶθιίιξ
672 3187 894 3280 "umet?
921 3192 946 3226 ³
978 3191 1083 3244 (illo
1112 3177 1663 3280 Sfii'iFleoniuncws
1692 3189 1795 3236 θεῖ’
1829 3216 1877 3280 ο
1909 3205 2053 3276 paris
2075 3168 2446 3272 quantitatem,
2486 3200 2534 3255 id
2566 3208 2649 3254 est
2678 3214 2771 3268 per
2792 3168 3112 3268 quintarium.
3141 3200 3273 3255 Nam
3302 3201 3345 3254 si
3371 3209 3505 3269 post

206 3259 403 3330 Neque
436 3261 595 3315 habet
618 3264 667 3316 in
688 3279 745 3318 se
766 3265 1051 3337 quidquam
1078 3267 1385 3338 principalis
1417 3272 1801 3341 intelligentiae.

207 3348 352 3404 Nam
384 3365 445 3404 ex
478 3353 597 3407 a!iis
626 3354 862 3408 numeris
918 3365 1247 3426 procreatur,
1304 3360 1336 3411 9
1386 3359 1600 3427 quidem
1646 3376 1710 3416 ex
1749 3361 1804 3425 '5,

206 3440 286 3495 15
319 3455 448 3495 vero
478 3456 539 3495 ex
569 3443 601 3496 5
629 3455 679 3497 et
709 3445 763 3508 5,
794 3454 845 3497 et
876 3444 934 3497 “il
968 3460 1035 3500 ex
1070 3444 1102 3497 5
1129 3456 1182 3500 et
1210 3448 1264 3515 7,
1311 3456 1365 3502 et
1412 3450 1591 3503 creteri
1618 3451 1809 3507 eodem

206 3530 408 3586 modo.
437 3528 777 3601 Compositus
825 3544 1001 3589 autem
1052 3536 1265 3601 dicitur,
1322 3552 1386 3591 eo
1425 3539 1565 3609 quod
1618 3540 1809 3595 resolvi

209 3629 405 3690 potest
430 3622 481 3675 in
512 3623 729 3677 eosdem
759 3624 904 3693 ipsos
937 3642 964 3678 a
1013 3627 1203 3695 quibus
1226 3627 1418 3682 dicitur
1446 3644 1569 3684 esse
1595 3645 1811 3699 compo-

207 3718 382 3777 situs,
427 3716 477 3769 in
501 3731 593 3770 eos
623 3719 824 3773 scilicet
856 3720 943 3789 qui
991 3723 1343 3791 cowpositum
1392 3740 1671 3778 numerum
1702 3741 1814 3780 me-

208 3806 453 3859 tiuntur.
484 3805 620 3861 Nihil
652 3820 823 3863 autent
856 3811 994 3880 quod
1021 3812 1241 3867 dissolvi
1272 3824 1448 3883 potest
1489 3816 1815 3886 incomposi-

1910 3298 1947 3352 9
1972 3296 2108 3351 duos
2139 3297 2456 3364 relinquam,
2486 3295 2537 3349 id
2567 3304 2668 3360 est,
2704 3294 2763 3348 11
2810 3304 2863 3348 et
2891 3296 2981 3358 15,
3008 3295 3270 3348 ternarius
3298 3308 3489 3348 nume-

1911 3404 2004 3447 rus
2034 3387 2102 3443 15
2128 3388 2373 3444 metietur
2405 3401 2498 3455 per
2529 3385 2746 3440 secundi
2775 3386 3386 3467 numeri'quantitatem,
3437 3385 3507 3439 id'

1914 3492 1998 3539 eat
2020 3496 2117 3551 per
2137 3479 2388 3548 quinarii,
2420 3479 2673 3548 quoniam
2703 3488 2967 3533 tertianus
2986 3473 3052 3531 15
3073 3477 3354 3547 quinquies
3382 3491 3493 3530 me~

1915 3575 2064 3631 titur.
2099 3573 2302 3626 Rursus
2332 3572 2398 3635 si,
2427 3584 2459 3624 a
2478 3569 2833 3639 quindenario
2854 3568 3135 3632 inchoatis,
3168 3569 3306 3623 duos
3329 3568 3496 3621 inter-

1917 3666 2134 3726 misero,
2166 3664 2258 3734 qui
2289 3665 2553 3730 posterior
2582 3663 2787 3730 positus
2807 3669 2909 3723 est,
2932 3660 3046 3729 eius
3075 3660 3281 3728 primus
3311 3676 3507 3714 nume:

1918 3774 2032 3823 rus,
2062 3769 2314 3811 mensura
2333 3764 2414 3808 est
2438 3769 2533 3822 per
2560 3754 2701 3809 tertii
2722 3752 2940 3822 imparis
2957 3752 3333 3821 pluralitatem.
3366 3752 3497 3807 Nam

1860 3873 1869 3884 ο
1920 3852 1967 3905 si
1995 3858 2113 3919 post
2144 3848 2209 3901 15
2239 3846 2579 3901 inlermisero
2625 3845 2691 3900 17
2732 3853 2788 3901 et
2830 3842 2918 3909 19,
2946 3844 3175 3901 incurrlt
3203 3842 3294 3908 21,
3340 3857 3511 3911 quem-

1924 3942 2191 4005 ternarius
2216 3952 2471 3994 numerus
2522 3935 2819 3993 secundum
2849 3936 3211 4004 septenarium
3262 3936 3499 3999 metitur,

1922 4034 1989 4089 2i
2021 4033 2165 4088 enim
2191 4027 2397 4085 numeri
2436 4026 2701 4083 ternarias
2730 4028 2967 4094 septima
2993 4042 3117 4097 pars
3165 4037 3269 4082 est.
3330 4029 3503 4095 Atque

1927 4127 2030 4182 hoc
2060 4128 2110 4179 in
2142 4124 2405 4178 inﬁnitum
2437 4120 2657 4187 faciens,
2687 4121 2900 4188 reperio
2938 4120 3165 4189 primum
3198 4133 3503 4181 numerum,

1929 4220 1974 4273 si
2007 4218 2160 4273 binos
2190 4216 2550 4279 intermisero,
2577 4228 2766 4269 omnes
2794 4221 3077 4279 sequentes
3100 4210 3219 4280 pos’t
3245 4224 3304 4266 se
3330 4210 3506 4266 metiri

1928 4309 2216 4366 secundum
2257 4305 2607 4378 quantitatem
2660 4305 2954 4375 positorum
3008 4303 3193 4357 ordine
3222 4300 3507 4369 imparium

206 4399 436 4471 posito,
467 4408 521 4452 et
544 4398 780 4452 secundo
810 4410 863 4452 et
891 4401 1208 4469 composito,
1266 4410 1320 4454 et
1346 4401 1570 4455 naturali
1601 4400 1827 4456 diversi-
1930 4418 2297 4461 numerorum.
2329 4403 2385 4455 Si
2414 4416 2541 4455 vero
2576 4398 2852 4469 quinarius
2882 4412 3155 4463 numerus,
3205 4396 3295 4465 qui
3343 4396 3393 4449 in
3421 4409 3508 4450 se-

204 4502 347 4545 tate
372 4489 676 4557 disjunt-tis,
705 4490 838 4541 alius
871 4490 921 4542 in
950 4491 1124 4545 mvdio
1173 4491 1563 4557 consideratur,
1595 4491 1681 4560 qui
1711 4491 1827 4560 ipse
1933 4498 2108 4563 eundo
2156 4496 2272 4549 loco
2301 4502 2385 4549 est
2411 4492 2730 4548 constitutus
2752 4531 2769 4557 ,
2829 4491 2957 4548 velit
3006 4488 3127 4559 quis
3155 4488 3307 4558 cujus
3339 4487 3510 4556 prima

202 4579 462 4650 quidem
488 4580 814 4647 compositus
839 4583 927 4645 sit,
952 4596 1002 4635 et
1028 4582 1315 4648 secundus,
1355 4591 1408 4637 et
1438 4581 1658 4635 alterius
1688 4581 1828 4636 reci-
1853 4600 1910 4661 ι)
1935 4601 1998 4655 ac
2027 4586 2278 4653 deinceps
2308 4585 2376 4638 sit
2403 4597 2656 4638 mensura
2692 4579 2954 4646 inVenire.
3001 4579 3326 4635 transmissis
3354 4580 3386 4633 4
3417 4579 3511 4633 im-

203 4676 400 4746 pieus
453 4672 805 4739 mensionem,
851 4682 1010 4742 atque
1038 4674 1177 4739 ideo,
1209 4682 1262 4727 et
1290 4674 1456 4741 partis
1480 4672 1638 4727 alieni
1670 4686 1831 4727 voca-
1938 4676 2171 4746 paribus.
2221 4674 2441 4744 quintus
2465 4672 2539 4739 ei,
2584 4686 2742 4741 quem
2794 4671 2966 4726 metiri
3024 4670 3213 4739 possit,
3258 4670 3512 4724 occurrit.

201 4769 349 4823 buli
388 4781 577 4836 capax,
612 4766 704 4821 sed
729 4781 849 4820 cum
883 4766 1038 4821 fuerit
1064 4765 1129 4819 ad
1159 4766 1324 4819 alium
1352 4765 1591 4836 ejusdem
1613 4764 1830 4835 generis
1938 4766 2360 4823 intermittantur
2388 4765 2529 4819 enim
2559 4760 2593 4816 4
2620 4754 2876 4832 impares,
2911 4763 2961 4817 id
2984 4772 3067 4818 est
3096 4762 3125 4816 7
3151 4773 3206 4818 et
3228 4762 3261 4817 9
3289 4771 3342 4817 et
3370 4764 3428 4817 11
3464 4773 3514 4821 et

196 4877 532 4921 numerum
564 4871 925 4931 comparatus,
961 4861 1101 4916 nulla
1132 4875 1252 4915 cum
1292 4874 1358 4914 eo
1384 4860 1655 4913 communi
1679 4873 1831 4913 men-
1942 4856 2033 4918 15.
2078 4866 2193 4925 post
2223 4856 2321 4910 hos
2359 4865 2441 4910 est
2493 4855 2711 4925 quintus
2759 4853 3019 4921 decimus,
3052 4868 3212 4923 quem
3242 4852 3515 4922 quinarius

195 4974 367 5015 sura
402 4954 765 5023 conjungitur,
827 4969 925 5007 nec
978 4952 1251 5008 habebunt
1293 4961 1469 5021 partes
1510 4949 1832 5020 mquivocas,
1941 4947 2177 5011 metitur,
2210 4948 2501 5001 secundum
2529 4944 2914 5015 primiscilicet
2937 4945 3309 5015 quantitatem,
3354 4943 3407 4998 id
3436 4951 3516 4999 est

194 5060 271 5105 ut
312 5054 462 5099 sunt
509 5044 541 5099 9
592 5043 657 5097 ad
700 5045 789 5108 9.3,
847 5043 987 5096 nulla
1017 5042 1114 5098 hos
1164 5041 1465 5097 communis
1490 5052 1834 5095 numerorum
1945 5037 2185 5103 ternarii,
2210 5037 2444 5107 quinque
2474 5038 2614 5092 enim
2641 5036 2730 5102 15,
2755 5040 2913 5092 tertio
2938 5036 3519 5092 metiuntur.,Acdeinv

192 5152 507 5198 mensura
564 5138 818 5203 metitur,
879 5136 980 5191 nisi
1026 5136 1160 5191 forte
1204 5136 1380 5190 unitas
1423 5149 1543 5204 qua:
1591 5130 1831 5188 omnium
1944 5142 2070 5197 ceps
2097 5128 2139 5182 si
2169 5138 2393 5199 quatuor
2426 5130 2762 5197 intermittat,
2794 5145 2913 5183 eum
2944 5130 3033 5199 qui
3062 5137 3185 5196 post
3230 5126 3349 5183 illos
3374 5129 3519 5181 loca-

187 5241 598 5289 numerorum
631 5241 877 5280 mensura
909 5225 1208 5281 communis
1236 5234 1339 5280 est.
1390 5224 1457 5278 Et
1512 5222 1565 5278 hi
1618 5219 1833 5293 quidem
1947 5231 2031 5274 tus
2050 5228 2154 5283 est,
2182 5219 2469 5287 secundus,
2503 5218 2552 5274 id
2584 5229 2666 5274 est
2688 5219 2965 5290 quinarius
2986 5219 3069 5274 sui
3096 5221 3388 5289 quantitate
3410 5233 3519 5274 mea

186 5339 342 5381 non
394 5318 590 5371 habent
624 5320 924 5387 :Bquivocas
957 5330 1151 5387 partes.
1180 5317 1308 5372 Nam
1338 5331 1457 5387 quae
1488 5317 1541 5371 in
1590 5317 1621 5371 9
1676 5315 1833 5370 tertia
1949 5312 2093 5365 titur.
2126 5310 2255 5371 Nam
2284 5324 2401 5379 post
2432 5311 2732 5378 quindecim
2760 5311 3078 5367 intermissis
3101 5311 3163 5365 l7
3193 5319 3247 5364 et
3274 5309 3341 5365 19
3375 5319 3428 5367 et
3453 5309 3517 5367 21

179 5424 333 5480 εει,
384 5409 444 5463 in
474 5406 543 5462 25
573 5425 675 5463 llOll
707 5418 809 5474 est,
842 5417 896 5464 et
922 5424 1037 5476 quae
1065 5409 1118 5463 in
1146 5408 1216 5463 ΞΒ
1244 5410 1424 5479 quinta
1454 5418 1559 5474 est,
1592 5407 1644 5460 in
1676 5421 1839 5460 nove-
1948 5411 2001 5457 et
2030 5402 2117 5469 25,
2172 5412 2291 5472 post
2320 5417 2412 5457 eos
2436 5402 2507 5457 ‘25
2531 5402 2760 5471 reperio,
2814 5416 2947 5471 quos
2998 5401 3272 5471 quinarius
3320 5402 3522 5458 scilicet

180 5507 409 5567 "ario
439 5518 543 5557 non
574 5511 673 5555 est.
711 5496 850 5571 Ergo
881 5503 930 5555 hi
964 5518 1055 5572 per
1085 5512 1324 5555 naturam
1378 5501 1587 5571 utrique
1619 5497 1836 5553 secundi
1951 5512 2200 5555 numerus
2243 5512 2336 5551 sua
2387 5496 2692 5566 pluralitate
2744 5495 2979 5549 metitur.
3030 5494 3322 5565 Quinquies
3377 5498 3535 5557 enim,

174 5616 251 5663 et
287 5595 619 5664 ϐοτηροείιί
639 5604 785 5663 sunt,
807 5596 1098 5665 comparati
1130 5610 1252 5649 vero
1274 5593 1339 5647 ad
1362 5594 1661 5648 seinvicem
1688 5590 1842 5660 primi
1952 5590 2193 5658 quinario
2224 5588 2595 5657 multiplicato,
2629 5586 2700 5643 25
2724 5598 3090 5649 succrescunt.
3132 5584 3189 5641 Si
3233 5601 3359 5642 vero
3405 5596 3524 5655 post

142 5664 707 5754 (incompositique
738 5664 1052 5750 redduntur,
1085 5683 1223 5754 quod
1280 5692 1532 5751 utrosque
1559 5680 1703 5735 nulla
1733 5678 1836 5734 alia
1950 5681 2723 5751 huncquilibetsintermittat,
2750 5678 2935 5735 eadem
2949 5680 3373 5735 ordinisservata
3397 5696 3525 5736 con-

166 5792 511 5847 mensura
539 5778 778 5845 metitur,
830 5776 925 5831 nisi
958 5776 1131 5829 unitas
1161 5790 1277 5845 qua:
1310 5775 1376 5829 ab
1407 5772 1641 5847 utrisque
1669 5770 1837 5826 deno-
1940 5770 3526 5844 stantia,quieossequitur,secundumtertii,idestseptenarii

208 3904 341 3951 tum
364 3904 469 3962 eSt,
495 3900 588 3953 sed
618 3902 759 3955 omni
788 3916 963 3956 rerum
993 3904 1311 3959 necessitate
1335 3904 1706 3974 compositum.

824 4013 1047 4067 CAPUT
1098 4013 1237 4068 XVI.

302 4099 387 4154 De
414 4118 471 4156 eo
496 4102 582 4171 qui
612 4118 699 4173 per
714 4118 767 4156 se
788 4105 1036 4158 secundus
1060 4116 1107 4157 et
1136 4104 1467 4175 compositus,
1491 4106 1560 4159 ad
1588 4106 1749 4159 alium

629 4196 822 4265 primus
863 4204 904 4248 et
942 4198 1302 4263 incompositus
1337 4208 1429 4250 est.

304 4307 409 4362 His
430 4323 558 4362 vero
588 4318 770 4361 contra
812 4324 871 4363 se
902 4311 1109 4378 positis,
1146 4309 1196 4362 id
1226 4319 1309 4365 est
1335 4311 1508 4379 primo
1537 4320 1591 4364 et
1620 4310 1825 4366 incom-
