4022 6366
532 344 676 409 1095

1765 334 1877 392 AN.
1917 332 2129 403 usus.
2169 330 2327 407 sev.
2368 330 2592 390 nomn

3682 322 3818 385 1096

532 465 740 528 numeri
761 472 1049 529 summam,
1075 472 1109 515 a
1130 454 1376 529 quinario
1395 452 1665 511 metietur.
1694 450 1871 522 Atque
1900 438 2018 508 haec
2036 459 2121 509 est
2147 454 2203 513 Α
2228 458 2313 508 est
2338 450 2587 522 cognatio
2617 445 2919 505 communis
2935 458 3221 502 mensurae.
3249 443 3456 500 Rursus
3477 443 3512 500 5
3527 453 3583 499 et
3601 443 3661 509 7,
3677 457 3817 514 quos

531 563 736 621 inﬁnita
759 555 1052 629 processio.
1081 551 1141 610 Si
1166 565 1300 608 vero
1326 550 1514 607 tertius
1545 560 1800 604 numerus
1827 558 1988 616 quem
2006 559 2121 601 me-

530 655 616 709 tiri
642 651 809 722 possit
835 645 1153 718 exquiritur,
1179 657 1273 700 sex
1300 638 1565 713 inmmedio
1612 637 2007 707 relinquentur,
2066 639 2123 689 et

528 760 689 818 quem
716 742 1003 812 septimum
1024 736 1158 794 ordo
1180 732 1580 801 monstraverit,
1609 728 1697 787 hic
1726 744 1822 800 per
1837 727 2000 800 primi
2019 742 2125 783 nu-

530 837 689 903 meri,
715 834 769 890 id
797 843 901 900 est,
931 829 1155 889 ternarii
1179 827 1533 901 quantitatem
1562 821 1870 880 metiendos
1902 829 2005 878 est.
2052 818 2123 876 Et

528 937 650 999 post
678 928 826 982 illum
849 938 944 981 sex
969 924 1089 979 aliis
1136 918 1489 991 interpositis,
1542 931 1703 987 quem
1748 922 1872 984 post
1898 927 1992 968 eos
2021 927 2121 968 nu-

528 1020 663 1076 meri
688 1019 856 1074 series
883 1014 1051 1081 dabit,
1087 1028 1184 1082 per
1212 1010 1541 1083 quinarium,
1598 1007 1652 1062 id
1682 1006 1775 1061 j'est
1804 1020 1899 1075 per
1926 1018 2122 1060 secun-

528 1113 677 1178 dum,
710 1110 855 1167 tertii
886 1123 1007 1164 eum
1036 1119 1288 1163 mensura
1346 1108 1644 1173 percurret.
1697 1099 1754 1154 Si
1802 1111 1933 1153 vero
1985 1095 2121 1153 alios

529 1217 715 1260 rursus
737 1216 832 1257 sex
855 1200 910 1256 in
934 1197 1114 1254 medio
1142 1196 1262 1268 quis
1291 1192 1579 1263 relinquat,
1611 1190 1706 1245 ille
1730 1189 1823 1259 qui
1853 1186 2117 1258 sequitur,

529 1312 627 1367 per
652 1293 1015 1365 scptenarium
1040 1303 1322 1346 numerum
1353 1286 1422 1342 ab
1448 1283 1639 1341 eodem
1670 1282 1979 1352 septenario
2006 1295 2119 1335 me-

528 1388 741 1445 tiendus
760 1396 867 1455 est,
887 1386 950 1439 id
979 1392 1063 1441 est
1094 1398 1188 1453 per
1237 1380 1380 1436 tertii
1406 1378 1780 1447 quantitatem.
1811 1374 1987 1444 Atque
2031 1372 2120 1429 hic

528 1498 698 1554 usque
728 1484 782 1537 in
810 1491 1107 1537 extremum
1155 1485 1304 1533 ratus
1356 1473 1497 1530 ordo.
1531 1469 1909 1543 progredituré
1937 1469 2120 1524 Susci-

528 1576 677 1647 pient
703 1588 831 1644 ergo
858 1569 1115 1627 metiendi
1165 1566 1618 1630 vicissitudinem,
1663 1561 2116 1634 quemadmodum

529 1676 655 1723 sunt
684 1668 735 1722 in
758 1665 1000 1721 ordinem
1049 1661 1366 1718 naturaliter
1416 1661 1648 1729 impares
1676 1655 1973 1713 constituti.
2005 1654 2117 1709 Me-

2227 549 2511 613 procreant
2562 541 2609 597 si
2657 554 2959 610 compares,
2998 537 3053 593 bi
3083 552 3293 609 quoque
3326 537 3815 607 Lincommensura-

2226 633 2364 690 biles
2384 642 2557 689 erunt.
2589 632 2883 702 Quinquies
2904 630 3046 687 enim
3075 628 3309 699 quinque
3337 627 3357 701 (
3376 638 3437 683 ut
3464 628 3673 683 dictum
3694 636 3812 701 est)

2226 726 2317 792 25,
2359 726 2559 797 septies
2610 727 2641 781 7
2699 724 2899 781 iaciunt
2952 723 3041 779 49.
3070 724 3304 789 Quorum
3359 737 3619 778 mensura
3671 722 3816 777 nulla

2226 821 2530 877 communis
2554 828 2656 886 est,
2688 819 2787 875 nisi
2822 817 2958 873 forte
2988 818 3227 874 omnium
3258 816 3446 872 horum
3472 816 3814 888 procreatrix

2222 923 2276 969 ct
2303 924 2473 970 mater
2512 912 2706 968 unitas.

2780 1003 3008 1061 CAPUT
3061 1003 3244 1058 XVIII.

2223 1095 2302 1152 De
2341 1098 2623 1152 inventione
2652 1112 2826 1152 eorum
2858 1113 3201 1163 numerorum,
3231 1098 3321 1167 qui
3347 1098 3415 1151 ad
3433 1114 3489 1152 se
3511 1096 3725 1151 secundi
3768 1103 3813 1151 ει

2292 1190 2557 1255 compositi
2599 1198 2739 1257 sunt,
2784 1188 2993 1267 adplios
3043 1205 3158 1244 vero
3216 1190 3384 1253 relati,
3440 1189 3596 1259 primi
3637 1199 3686 1243 et
3738 1191 3811 1242 in-

2291 1282 2574 1349 compositi.

2291 1375 2409 1441 Qua
2436 1390 2560 1430 vero
2589 1375 2798 1431 ratione
2829 1375 2962 1430 tales
2985 1389 3236 1431 numeros
3254 1373 3496 1430 invenire
3512 1377 3809 1445 possmus,

2220 1469 2264 1523 si
2290 1470 2409 1539 quis
2436 1469 2594 1525 nobis
2621 1468 2844 1524 eosdem
2877 1478 3159 1538 proponat,
3178 1478 3233 1524 et
3254 1468 3487 1537 imperet
3516 1482 3809 1538 agnoscere

2221 1570 2397 1617 utrum
2455 1563 2633 1632 aliqua
2681 1577 2939 1618 mensura
2983 1562 3499 1620 commensurabilcs
3550 1563 3687 1629 sint,
3745 1578 3811 1619 an

2218 1665 2365 1712 certe
2384 1656 2499 1711 sola
2530 1658 2707 1712 unitas
2756 1666 3014 1727 utrosque
3054 1658 3337 1726 metiatur,
3384 1657 3696 1727 reperiendi
3728 1671 3811 1711 ars

536 1759 740 1814 tientur
766 1766 967 1825 autem,
1005 1755 1050 1809 si
1092 1769 1185 1824 per
1210 1767 1368 1823 pares
1422 1764 1672 1808 numeros
1718 1764 1750 1804 a
1800 1750 2008 1805 hinario
2036 1748 2116 1803 in-
2143 1756 2194 1819 Β
2221 1748 2342 1803 talis
2367 1759 2469 1803 est.
2506 1748 2654 1805 Datis
2692 1750 2835 1805 enim
2885 1750 3093 1806 duobus
3143 1750 3386 1806 numeris
3428 1749 3809 1819 inaequalibus,

528 1853 808 1917 choantes,
842 1849 1046 1919 positos
1066 1848 1207 1903 inter
1226 1862 1284 1903 se
1303 1846 1537 1917 impares
1567 1853 1681 1901 rata
1712 1842 2114 1900 intermissione

526 1944 849 2010 transiliant,
882 1950 941 1998 ut
971 1942 1174 2013 primus
1198 1940 1255 2007 2,
1287 1939 1555 1995 secundus
1576 1938 1634 2006 4,
1667 1937 1856 1994 tertius
1876 1939 1930 2004 6,
1954 1952 2115 2007 quar-

526 2044 613 2092 tus
645 2037 698 2103 8,
730 2036 949 2107 quintus
975 2034 1066 2091 10.
1101 2033 1198 2090 Vel
1226 2032 1271 2089 si
1294 2034 1442 2089 locos
1469 2047 1598 2089 suos
1624 2032 2027 2100 conduplicent,
2057 2039 2115 2087 et

527 2128 819 2185 secundum
849 2126 1267 2199 duplicationem
1314 2127 1575 2182 terminos
1616 2125 1994 2192 intermittant,
2054 2133 2115 2180 ut

527 2219 793 2276 ternarius
833 2219 923 2290 qui
977 2218 1182 2289 primus
1235 2226 1319 2273 est
1370 2231 1627 2273 numerus
1655 2224 1709 2271 et
1739 2230 1877 2272 unus
1905 2215 2118 2286 (omnis

526 2313 667 2368 enim
689 2311 918 2382 primus,
949 2322 1091 2366 unus
1112 2316 1195 2366 est
1214 2311 1257 2379 ),
1282 2309 1365 2364 bis
1385 2309 1558 2364 locum
1588 2322 1743 2364 suum
1769 2307 2112 2376 multiplicet,

526 2401 795 2473 faciatque
824 2401 907 2457 bis
935 2416 1125 2456 unum.
1158 2399 1258 2469 Qui
1287 2415 1408 2455 cum
1439 2398 1546 2455 duo
1586 2401 1719 2467 sint,
1746 2399 1950 2469 primus
1978 2399 2117 2457 duos

528 2494 736 2552 medios
764 2502 1025 2551 transeat.
1059 2493 1268 2549 Rursus
1296 2491 1589 2560 secundus,
1620 2491 1672 2547 id
1695 2500 1777 2548 est
1807 2491 2113 2562 quinarius,

527 2588 573 2645 si
601 2587 775 2643 locum
801 2601 955 2643 suum
987 2585 1246 2657 duplicet,
1274 2586 1310 2641 4
1340 2585 1664 2659 explicabit:
1721 2584 1811 2640 hic
1838 2600 2054 2656 quoque
2080 2583 2118 2638 4

528 2680 866 2737 intermittat.
895 2680 1028 2736 Item
1058 2680 1103 2735 si
1147 2680 1503 2750 septenarius,
1554 2681 1645 2751 qui
1676 2679 1871 2736 tertius
1897 2690 2002 2746 est,
2032 2680 2116 2736 lo-

529 2790 649 2831 cum
681 2790 838 2831 suum
866 2774 1127 2844 duplicet,
1157 2788 1252 2829 sex
1281 2773 1524 2830 creabit:
1577 2772 1661 2828 bis
1688 2773 1834 2830 enim
1882 2771 1917 2826 3
1964 2787 2123 2829 sena-

528 2865 668 2922 rium
687 2866 954 2938 jungunt;
1013 2866 1100 2923 hic
1145 2880 1274 2935 ergo
1302 2866 1359 2921 in
1387 2865 1631 2921 ordinem
1686 2878 1781 2921 sex
1826 2864 2118 2935 relinquat.

532 2960 764 3028 Quartus
791 2972 1003 3029 quoque
1031 2958 1077 3012 si
1107 2957 1284 3013 locum
1334 2971 1489 3012 suum
1544 2956 1806 3026 duplicet,
1838 2957 1870 3012 8
1898 2970 2119 3012 succre-

2218 1841 2429 1896 auferre
2466 1839 2533 1896 de
2556 1841 2758 1911 majore
2784 1841 3046 1897 minorem
3076 1842 3371 1912 oportebit,
3399 1851 3454 1898 et
3474 1843 3561 1912 qui
3589 1842 3813 1896 relictus

2220 1934 2396 2002 fuerit,
2425 1936 2471 1992 si
2512 1933 2686 2004 major
2715 1942 2821 1999 est,
2853 1935 3067 1991 auferre
3096 1950 3162 1990 ex
3185 1950 3251 1989 eo
3278 1950 3469 1990 rursus
3519 1935 3809 2000 minorem,

2218 2028 2264 2083 si
2292 2042 2420 2083 vero
2452 2027 2625 2082 minor
2654 2024 2832 2094 fuerit,
2886 2041 3009 2081 eum
3040 2041 3107 2081 ex
3154 2027 3361 2096 reliquo
3392 2025 3597 2095 majore
3628 2024 3813 2080 detra-

2219 2121 2368 2179 here.
2402 2123 2571 2192 Atque
2600 2120 2701 2176 hoc
2727 2136 2792 2176 eo
2820 2135 2990 2191 usque
3038 2118 3364 2186 faciendum,
3410 2120 3583 2190 quoad
3631 2118 3812 2172 unitas

2218 2213 2404 2268 ultima
2445 2214 2617 2268 vicem
2670 2212 3005 2268 retractionis
3060 2211 3338 2282 impediat,
3366 2220 3457 2265 aut
3479 2209 3675 2279 aliquis
3710 2226 3815 2265 nu-

2219 2321 2400 2364 merus
2426 2307 2602 2375 impar
2626 2304 2957 2370 necessario,
3006 2303 3053 2357 si
3080 2303 3293 2372 utrique
3338 2303 3541 2357 numeri
3572 2301 3814 2372 impares

2219 2408 2607 2471 proponantur.
2670 2398 2774 2453 Sed
2824 2413 2944 2453 eum
2999 2397 3089 2467 qui
3143 2396 3465 2466 relinquitur
3495 2410 3813 2463 numerum,

2219 2493 2320 2548 sibi
2350 2492 2451 2562 ipsi
2480 2490 2686 2546 videbis
2729 2490 3009 2559 aequalem.
3051 2488 3192 2559 Ergo
3222 2491 3267 2545 si
3300 2491 3350 2543 in
3377 2504 3533 2543 unum
3563 2490 3816 2546 incurrat

2218 2586 2455 2642 vicissim
2484 2586 2585 2639 ista
2608 2585 2925 2651 subtractio,
2976 2584 3131 2653 primi
3164 2593 3353 2639 contra
3394 2600 3453 2640 se
3498 2587 3817 2641 necessario

2222 2679 2431 2735 numeri
2460 2677 2726 2742 dicentur,
2740 2685 2792 2732 et
2807 2677 2949 2731 nulla
2963 2677 3063 2731 alia
3080 2691 3330 2732 mensura
3352 2676 3448 2731 nisi
3465 2675 3580 2731 sola
3610 2678 3818 2735 unitate

2227 2771 2521 2841 conjuncti.
2550 2771 2607 2826 Si
2638 2786 2767 2826 vero
2790 2769 2856 2824 ad
2881 2770 3109 2839 aliquem
3135 2784 3414 2825 numerum
3437 2769 3531 2840 (ut
3561 2770 3819 2840 superius

2228 2864 2429 2921 dictum
2462 2866 2583 2932 est)
2632 2862 2754 2917 finis
2781 2861 3153 2916 diminutionis
3203 2861 3508 2926 incurrerit,
3555 2861 3665 2915 erit
3695 2862 3820 2930 ejus

2227 2971 2483 3013 numerus
2508 2956 2595 3025 qui
2620 2955 2871 3011 metiatur
2903 2961 3156 3025 utrasque
3184 2969 3445 3021 summas,
3477 2962 3639 3023 atque
3662 2970 3821 3009 eum-

528 3058 717 3108 scent:
751 3050 840 3106 ille
868 3063 1080 3121 quoque
1125 3049 1159 3105 8
1215 3048 1520 3114 transiliat;
1576 3056 1737 3119 atque
1773 3048 1875 3102 hoc
1901 3046 2117 3117 quidem
2144 3060 2191 3124 ο
2224 3051 2345 3107 dem
2368 3050 2541 3121 ipsum
2560 3049 2650 3120 qui
2672 3049 2993 3105 remanserit
3012 3048 3255 3104 dicemus
3284 3058 3638 3119 utrorumque
3666 3064 3819 3104 com.

528 3143 585 3197 in
614 3140 827 3199 caeteris
856 3139 1309 3213 perspiciendum.
1344 3139 1555 3195 Modum
1594 3150 1772 3194 autem
1822 3140 2117 3195 mensionis

529 3232 825 3291 secundum
873 3231 1119 3288 ordinem
1158 3230 1543 3287 collocaton
1573 3232 1691 3302 ipsa
1720 3231 1895 3287 series
1944 3230 2113 3286 dabit.

527 3324 664 3381 Nam
693 3326 918 3396 primus,
943 3324 1173 3395 primum
1196 3339 1355 3394 quem
1381 3332 1653 3393 numerat,
1681 3324 1976 3381 secundum
2002 3326 2117 3394 pri-

528 3430 677 3473 mum
706 3424 980 3484 numerat,
1010 3414 1063 3471 id
1089 3424 1174 3471 est
1227 3416 1527 3474 secundum
1571 3431 1652 3483 se,
1709 3428 1764 3473 et
1817 3417 2114 3473 secundum

528 3509 736 3580 primus
762 3522 925 3578 quem
956 3515 1225 3573 numerat,
1269 3522 1364 3577 per
1394 3507 1687 3564 secundum
1744 3518 2011 3573 numerat,
2061 3516 2119 3564 et

530 3599 749 3656 tertium
796 3612 893 3669 per
920 3597 1162 3666 tertium,
1195 3607 1251 3655 et
1280 3606 1531 3669 quartum
1560 3599 1688 3655 item
1717 3613 1813 3669 per
1842 3608 2114 3670 quartum.

528 3692 662 3749 Cum
683 3701 863 3748 autem
880 3690 1148 3748 secundus
1171 3693 1503 3749 mensionem
1520 3694 1837 3764 susceperit,
1859 3692 2114 3763 primum,

527 3801 685 3859 quem
716 3796 985 3853 numerat,
1016 3785 1309 3843 secundum
1351 3787 1582 3858 primum
1631 3788 1869 3852 metitur,
1922 3802 2119 3844 secun-

528 3881 653 3938 dum
682 3896 812 3938 vero
836 3896 995 3953 quem
1027 3891 1296 3947 numerat,
1330 3897 1424 3953 per
1453 3896 1533 3953 se,
1578 3880 1630 3938 id
1674 3891 1759 3938 est
1789 3896 1885 3951 per
1916 3898 2115 3938 secun-

526 3975 674 4039 dum.
704 3984 760 4031 et
811 3975 1027 4031 tertium
1058 3989 1152 4044 per
1182 3976 1419 4037 tertium.
1471 3984 1526 4031 et
1575 3975 1631 4029 in
1662 3974 1871 4029 caeteris
1926 3974 2113 4031 eadem

526 4067 880 4125 similitudine
930 4081 1184 4124 mensura
1212 4067 1502 4123 constabit.
1533 4066 1684 4121 Alios
1711 4081 1840 4137 ergo
1867 4067 1913 4122 si
1942 4067 2115 4135 respi-

528 4163 658 4227 cias,
681 4160 765 4217 vel
806 4161 897 4232 qui
926 4160 1062 4216 alios
1089 4160 1265 4216 mensi
1286 4169 1432 4225 sunt,
1490 4160 1577 4216 vel
1635 4160 1726 4230 qui
1767 4160 1869 4231 ipsi
1900 4161 1966 4216 ab
1992 4162 2113 4217 aliis

525 4252 838 4318 metiuntur,
870 4251 1111 4307 invenies
1131 4240 1373 4307 omnium
1407 4251 1568 4307 simul
1596 4256 1938 4307 communem
1962 4266 2113 4307 men-

2226 3159 2439 3200 munem
2480 3157 2601 3199 esse
2648 3156 2977 3198 mensuram.
3034 3141 3148 3211 Age
3175 3141 3317 3196 enim
3371 3141 3507 3196 duos
3557 3156 3823 3197 numeros

2225 3236 2529 3307 propositos
2571 3235 2884 3300 habeamus,
2917 3247 3051 3303 quos
3089 3232 3371 3302 jubeamnr
3398 3247 3695 3303 agnoscere
3748 3249 3820 3289 an

2222 3344 2317 3387 eos
2344 3331 2522 3400 aliqua
2549 3342 2802 3384 mensura
2836 3322 3160 3383 communis
3210 3328 3481 3383 metiatur.
3536 3327 3721 3395 Atque
3765 3325 3821 3384 hi

2220 3421 2330 3476 sint
2349 3420 2383 3476 9
2412 3420 2619 3476 scilicet
2659 3428 2715 3475 et
2746 3417 2837 3484 29,
2869 3417 2971 3475 hoc
3002 3418 3161 3488 igitur
3201 3418 3456 3474 faciemus
3485 3420 3651 3474 modo
3680 3418 3819 3474 reci.

2218 3516 2436 3584 prodam
2489 3509 2921 3567 diminutionem.
2956 3511 3279 3567 Auferamus
3305 3510 3372 3566 de
3395 3511 3604 3580 majore
3644 3511 3818 3565 mino-

2218 3624 2354 3678 rem,
2388 3608 2491 3664 hoc
2518 3618 2601 3664 est
2622 3609 2690 3665 de
2710 3608 2779 3664 29
2804 3609 3177 3679 novenarium,
3212 3609 3589 3680 relinquentur
3614 3603 3707 3666 20.
3739 3609 3819 3668 Ex

2220 3700 2306 3756 his
2335 3716 2465 3771 ergo
2490 3700 2561 3757 20
2592 3716 2781 3757 rursus
2811 3701 3073 3756 minorem
3118 3701 3489 3767 detrahamus,
3548 3701 3603 3757 id
3649 3711 3737 3757 est
3761 3704 3821 3767 9,

2223 3800 2277 3847 et
2305 3789 2678 3863 relinquentur
2706 3792 2795 3848 ll.
2828 3792 2904 3847 Ex
2940 3792 3023 3847 his
3053 3807 3239 3848 rursus
3268 3794 3496 3849 detraho
3531 3794 3592 3860 9,
3637 3795 3819 3851 relicti

2220 3895 2345 3941 sunt
2368 3883 2419 3939 2.
2448 3885 2593 3953 Quos
2615 3886 2661 3941 si
2690 3884 2913 3942 detraho
2951 3888 3265 3955 novenario,
3298 3897 3353 3943 et
3378 3888 3553 3944 relicti
3595 3898 3722 3943 sunt
3761 3889 3821 3947 7.

2221 3978 2373 4046 Quod
2399 3979 2442 4034 si
2467 3979 2573 4033 duo
2602 3994 2787 4035 rursus
2812 3981 3117 4051 septenario
3139 3982 3494 4053 dempserim,
3525 3993 3819 4053 supersunt

2220 4074 2274 4140 5,
2307 4084 2468 4147 atque
2508 4090 2572 4132 ex
2606 4075 2687 4130 his
2716 4076 2852 4130 alios
2897 4076 3056 4143 duos,
3100 4087 3209 4132 tres
3248 4093 3463 4133 rursum
3489 4078 3821 4147 exuberant,

2218 4181 2354 4236 quos
2395 4165 2499 4222 alio
2540 4166 2752 4223 hinario
2780 4167 3097 4235 diminutos,
3152 4168 3267 4226 sola
3314 4170 3493 4225 unitas
3536 4182 3823 4241 superstes

2218 4256 2509 4326 egreditur.
2559 4258 2763 4314 Rursus
2794 4259 2836 4313 si
2869 4276 2933 4315 ex
2965 4260 3173 4316 duobus
3226 4277 3390 4316 unum
3442 4262 3710 4329 auferam,
3767 4264 3823 4320 in

526 4356 704 4401 suram
749 4359 870 4401 esse
912 4359 1020 4400 non
1052 4358 1235 4416 posse,
1290 4357 1466 4415 neque
1494 4353 1551 4400 ut
1570 4358 1762 4400 omnes
1786 4360 2108 4416 quemquam
2142 4384 2196 4445 Ι)
2219 4363 2324 4404 uno
2344 4349 2605 4404 terminus
2625 4350 2975 4406 detractionis
2994 4351 3237 4419 haerebit,
3260 4367 3417 4423 quem
3441 4352 3672 4409 duorum
3693 4354 3827 4409 illo-

527 4436 686 4491 alium
718 4436 876 4491 simul
895 4444 1199 4503 numerent,
1224 4436 1484 4508 quosdam
1511 4444 1689 4491 autem
1713 4451 1781 4492 ex
1809 4436 1892 4492 his
1921 4437 1989 4492 ab
2009 4438 2115 4494 alio

526 4539 683 4598 posse
720 4528 921 4597 metiri,
964 4529 1039 4585 ita
1104 4537 1160 4586 ut
1214 4529 1284 4584 ab
1310 4544 1420 4585 uno
1475 4538 1679 4585 tantum
1734 4540 2114 4598 numerentur,

525 4618 661 4675 alios
691 4634 820 4675 vero
868 4628 926 4675 ut
959 4621 1122 4675 etiam
1148 4635 1179 4674 a
1207 4621 1472 4692 pluribus,
1531 4620 1793 4692 quosdam
1851 4632 2027 4678 autem
2056 4629 2117 4678 ut

526 4717 723 4779 praeter
750 4709 1009 4766 unitatem
1058 4726 1241 4767 eorum
1271 4712 1415 4769 nulla
1444 4725 1702 4769 mensura
1731 4714 1820 4768 sit.
1854 4713 1954 4781 Qui
1982 4727 2114 4784 ergo

526 4803 723 4858 nullam
775 4817 1080 4859 mensuram
1131 4814 1327 4875 praeter
1356 4805 1622 4863 unitatem
1675 4807 1963 4878 recipiunt,
2013 4807 2115 4864 hos

524 4898 725 4969 primos
752 4908 809 4954 et
842 4899 1225 4970 incompositos
1248 4899 1573 4972 judicamus,
1602 4902 1692 4973 qui
1719 4916 1849 4957 vero
1878 4903 2112 4973 aliquam

523 5004 828 5046 mensuram
860 4998 1055 5061 praeter
1096 4992 1377 5061 unitatem,
1434 4994 1519 5050 vel
1573 4994 1890 5066 alienigenae
1940 4997 2111 5065 partis

522 5082 842 5138 vocabulum
869 5086 1184 5149 sortiuntur.
1237 5101 1331 5142 eos
1376 5088 1786 5158 pronuntiemus
1838 5089 2105 5145 secundos

520 5182 681 5246 atque
707 5176 1055 5248 compositos.
1090 5178 1329 5235 Tertium
1371 5195 1501 5237 vero
1553 5181 1683 5238 illud
1726 5198 1896 5255 genus
1926 5198 2022 5253 per
2048 5197 2110 5240 se

518 5270 744 5326 secundi
766 5280 820 5328 et
853 5273 1155 5345 compositi,
1216 5277 1371 5345 primi
1401 5290 1531 5331 vero
1560 5286 1615 5332 et
1646 5277 1985 5348 incompositi
2035 5277 2106 5333 ad

518 5360 834 5419 alterutrum
860 5365 1177 5437 comparati,
1202 5365 1302 5422 hac
1317 5366 1600 5436 inquisitor
1618 5368 1829 5425 ratione
1851 5369 2105 5435 reperiet.

518 5453 573 5507 Si
599 5454 741 5510 enim
770 5456 1037 5526 quoslibet
1064 5456 1183 5513 illos
1207 5474 1459 5514 numeros
1516 5458 1811 5515 secundum
1852 5475 2003 5516 suam
2054 5460 2107 5517 in
2156 5534 2161 5539 τ

517 5547 837 5615 semetipsos
861 5549 1182 5620 multiplices
1202 5552 1575 5622 quantitatem,
1616 5552 1704 5621 qui
1754 5562 2105 5620 procreantur

518 5636 583 5689 ad
599 5638 913 5695 alterutrum
939 5642 1251 5711 comparati,
1282 5643 1426 5697 nulla
1449 5657 1702 5698 mensura
1725 5645 2106 5702 communione

518 5724 831 5794 junguntur.
860 5730 993 5786 Tres
1020 5734 1164 5788 enim
1190 5744 1242 5789 ct
1270 5734 1303 5789 5
1324 5736 1368 5789 si
1398 5735 1744 5803 multiplices,
1798 5746 1906 5791 tres
1948 5737 2105 5792 tertio

520 5812 557 5869 9
587 5814 804 5887 iaciunt,
830 5831 884 5876 et
912 5823 1191 5894 quinquies
1220 5826 1253 5882 5
1281 5825 1507 5883 reddent
1528 5826 1619 5884 25.
1653 5826 1745 5883 His
1775 5827 1940 5899 igitur
1955 5829 2100 5886 nulla

2221 4457 2340 4498 rum
2372 4457 2741 4511 numerorum,
2774 4443 2826 4499 id
2855 4453 2938 4501 est
2959 4446 2992 4501 9
3019 4454 3074 4501 et
3101 4443 3193 4515 29,
3229 4446 3400 4501 solum
3445 4463 3623 4518 neque
3648 4448 3824 4505 alium

2223 4544 2437 4591 constat
2456 4550 2578 4592 esse
2610 4550 2938 4592 mensuram.
2963 4537 3072 4595 Hos
3099 4554 3226 4610 ergo
3254 4549 3444 4595 contra
3502 4556 3566 4595 se
3610 4540 3827 4612 primos

2226 4627 2553 4682 vocabimus.
2588 4627 2695 4684 Sed
2725 4628 2834 4684 sint
2864 4629 2951 4684 alii
2986 4632 3195 4692 numeri
3222 4631 3376 4687 nobis
3397 4618 3591 4688 eadem
3622 4633 3827 4687 condi-

2225 4725 2367 4782 tione
2390 4726 2666 4795 propositi,
2702 4725 2752 4781 id
2784 4733 2866 4781 est
2891 4724 2953 4782 2i
2988 4734 3042 4781 et
3082 4724 3133 4790 9,
3175 4733 3233 4779 ut
3260 4725 3451 4793 quales
3481 4724 3536 4779 bi
3584 4726 3693 4780 sint
3742 4726 3829 4781 in-

2227 4815 2562 4886 vestigentur
2588 4832 2708 4871 cum
2741 4816 2957 4872 sibimet
2995 4816 3190 4871 iuerint
3227 4816 3457 4871 invicem
3488 4818 3827 4887 comparati.

2220 4906 2427 4963 Rursus
2452 4909 2637 4964 aufero
2677 4908 2744 4964 de
2775 4908 2976 4979 majore
3021 4908 3244 4964 minoris
3275 4908 3490 4964 numeri
3544 4909 3832 4979 quantita-

2218 5009 2345 5072 tem,
2376 5002 2429 5057 id
2459 5010 2542 5057 est
2569 5002 2603 5058 9
2631 5002 2697 5058 de
2723 5001 2815 5067 2i,
2866 5001 3244 5073 relinquentur
3266 5000 3355 5058 l2.
3397 5002 3477 5057 Ex
3508 5002 3594 5058 his
3625 5020 3831 5061 rursus

2217 5093 2374 5149 demo
2402 5091 2457 5161 9,
2488 5104 2776 5164 supersunt
2801 5094 2853 5149 5.
2878 5093 2982 5161 Qui
3020 5094 3064 5150 si
3110 5110 3175 5149 ex
3205 5095 3503 5150 novenario
3531 5094 3836 5151 reti-aban-

2216 5191 2322 5252 tur,
2351 5183 2597 5239 senarius
2624 5185 2977 5255 relinquetur.
3009 5183 3211 5251 Quibus
3240 5185 3365 5240 item
3397 5186 3442 5240 si
3483 5186 3605 5255 quis
3631 5172 3834 5242 terna-

2216 5274 2353 5330 rium
2382 5274 2584 5345 demat,
2615 5275 2649 5329 5
2671 5277 3063 5346 relinquentur,
3105 5274 3172 5330 de
3202 5275 3396 5345 quibus
3430 5286 3543 5331 tres
3593 5276 3836 5334 detrahi

2216 5378 2515 5438 nequeunt,
2539 5377 2697 5440 atque
2709 5367 2797 5424 hic
2819 5376 2902 5423 est
2918 5367 3019 5423 sibi
3036 5367 3137 5438 ipsi
3155 5368 3399 5439 aequalis.
3412 5368 3547 5423 Nam
3562 5369 3700 5440 3qui
3716 5372 3837 5426 de.

2213 5459 2583 5529 trahebantur,
2611 5477 2779 5532 usque
2800 5461 2867 5518 ad
2897 5461 3186 5518 ternarium
3226 5478 3508 5519 numerum
3544 5478 3840 5535 pervene-

2209 5562 2355 5621 runt,
2387 5569 2417 5609 a
2445 5569 2573 5624 quo,
2606 5554 2857 5624 quoniam
2892 5555 3126 5625 aequales
3172 5564 3317 5623 sunt,
3366 5556 3579 5611 detrahi
3610 5556 3841 5614 minui-

2213 5659 2317 5716 que
2342 5662 2451 5702 non
2482 5654 2751 5716 poterunt.
2782 5646 2894 5702 Hos
2936 5647 3099 5717 igitur
3137 5650 3651 5705 commensurabiles
3683 5666 3844 5719 pro-

2214 5739 2595 5804 nuntiabimus,
2629 5748 2682 5793 et
2710 5748 2793 5794 est
2830 5752 3014 5797 eorum
3041 5738 3132 5812 qui
3157 5747 3240 5797 est
3268 5740 3509 5814 reliquus
3532 5744 3841 5804 ternarias

2212 5846 2462 5891 mensura
2482 5830 2802 5889 communis.
