4022 6366
269 278 402 333 1097

852 386 1078 442 CAPUT
1117 386 1257 440 XIX.

333 483 449 535 Alia
467 478 674 550 partitio
692 478 832 546 paris
853 478 1131 530 secundum
1153 478 1418 548 perfectos,
1451 478 1770 547 imperfectos

687 581 732 622 et
772 571 908 621 ultra
955 587 1106 636 quant
1156 575 1422 638 perfectos.

333 689 409 740 Ac
435 685 502 739 de
527 682 818 752 imparibus
841 681 1098 743 numeris,
1147 691 1402 750 quantum
1435 681 1841 738 introductionis

262 777 606 846 permittebat
630 774 885 840 brevitas,
911 773 1216 842 expeditum
1264 783 1366 829 est.
1413 775 1617 829 Rursus
1647 790 1838 829 nume-

263 886 442 925 rerum
476 868 680 938 parium
723 867 800 920 sic
830 865 888 920 ﬁt
917 867 1151 920 secunda
1176 867 1385 922 divisio.
1444 870 1548 923 Alii
1577 869 1718 924 enim
1743 883 1838 923 eo-

258 958 378 1014 rum
407 969 529 1012 sunt
550 954 801 1026 superﬂui
819 995 834 1019 ,
860 955 946 1009 alii
971 957 1240 1024 diminuti,
1267 959 1556 1013 secundum
1587 969 1840 1029 utrasque

261 1049 598 1104 habitudines
630 1049 1027 1116 inmquaiitatis.
1057 1049 1242 1101 Omnis
1266 1049 1458 1117 quippe
1481 1049 1834 1118 iumqualitas,

258 1150 349 1193 aut
381 1141 432 1193 in
475 1140 786 1208 majoribus,
844 1149 935 1193 aut
987 1140 1038 1192 in
1095 1140 1390 1195 minoribus
1443 1142 1835 1195 consideratur.

259 1231 336 1284 Illi
368 1232 510 1284 enim
536 1230 880 1284 immoderata
911 1230 1302 1298 quodammodo
1338 1231 1682 1299 plenitudine,
1708 1247 1836 1302 pro-

262 1324 359 1392 prii
388 1324 626 1391 corporis
652 1322 890 1388 modum,
931 1323 1159 1390 partium
1192 1337 1410 1376 suarum
1457 1325 1837 1378 numerositate

259 1415 583 1484 prmcedunt.
629 1415 752 1469 Illos
773 1422 948 1468 autem
979 1415 1144 1468 veluti
1171 1423 1488 1483 paupertate
1528 1416 1712 1485 inopes
1742 1431 1836 1484 op-

258 1520 600 1575 pressosque,
630 1505 856 1572 quadam
889 1514 1092 1559 natura:
1113 1521 1223 1560 sua:
1255 1505 1452 1575 inopia,
1482 1507 1654 1560 minor
1675 1520 1833 1575 quam

258 1597 360 1664 ipsi
392 1604 514 1649 sunt
540 1596 764 1664 partium
794 1609 998 1649 summa
1025 1599 1314 1664 componit,
1341 1606 1499 1666 atque
1524 1598 1597 1651 illi
1620 1597 1833 1664 quidem

258 1701 484 1753 quorum
518 1697 691 1753 partes
717 1686 850 1738 ultra
873 1702 1030 1754 quam
1056 1687 1183 1740 satis
1205 1698 1283 1740 est
1310 1702 1430 1742 sese
1455 1697 1827 1753 porrexerunt,

1479 273 1567 328 DE
1606 271 2070 328 ARITHIIETICA
2112 270 2237 324 LIB.
2282 271 2320 323 I.

1873 387 1922 444 Α
1947 383 2224 452 septimam
2254 383 2308 446 4,
2341 395 2438 436 nec
2458 388 2605 436 caret
2625 388 2833 452 quarta,
2860 369 2910 434 id
2931 388 3012 434 est
3035 381 3086 443 7,
3112 379 3349 449 possidet
3365 394 3528 448 quar-

3385 273 3520 326 1098

1945 481 2049 525 tam
2080 472 2339 526 decimam
2370 471 2425 534 2,
2457 480 2510 526 et
2536 473 2772 540 reperies
2824 472 2874 525 in
2920 486 2986 526 eo
3034 470 3340 524 vicesimam
3383 481 3530 524 octa-

1945 578 2059 616 vam
2095 565 2143 626 1,
2171 578 2286 630 quze
2311 563 2362 615 in
2393 577 2555 616 unum
2591 563 2846 625 redactm,
2876 567 3044 613 totum
3076 559 3316 628 partibus
3331 573 3531 627 corpus

1943 654 2246 723 aequabunt,
2277 653 2344 707 28
2376 653 2516 706 enim
2543 654 2741 720 juncta:
2773 661 2950 720 partes
2987 652 3237 704 efficient.

2544 760 2768 815 CAPUT
2809 760 2926 813 XX.

2264 849 2339 903 De
2381 851 2700 918 generatione
2731 851 2930 903 numeri
2969 851 3200 919 perfecti.

2014 943 2107 995 Est
2142 950 2319 994 autem
2352 940 2402 992 in
2430 939 2509 992 his
2535 954 2750 1007 quoque
2773 953 2960 1007 magna
2996 939 3288 993 similitudo
3317 941 3528 994 virtutis

1940 1046 1993 1088 et
2015 1032 2148 1086 vitii.
2180 1031 2452 1085 Perfectos
2475 1030 2626 1083 enim
2660 1045 2912 1084 numeros
2947 1045 3068 1083 raro
3098 1031 3363 1097 invenies,
3395 1046 3521 1085 eos-

1939 1137 2042 1191 que
2072 1122 2226 1175 facile
2253 1123 2649 1187 numerabiles,
2694 1123 2891 1191 quippe
2945 1124 3033 1192 qui
3082 1125 3232 1192 pauci
3271 1135 3426 1187 suut,
3460 1132 3516 1178 et

1939 1211 2097 1264 nimis
2127 1213 2391 1264 constanti
2431 1212 2621 1266 ordine
2649 1213 2947 1279 procreati;
2978 1220 3030 1265 at
3055 1227 3184 1267 vero
3219 1214 3523 1280 superﬂuos

1938 1315 2002 1354 ac
2030 1301 2321 1355 diminutos
2353 1301 2506 1370 longe
2537 1305 2733 1355 multos
2763 1301 3106 1370 infinitasque
3134 1305 3390 1370 reperies,
3423 1319 3523 1359 nec

1939 1391 2061 1445 ullis
2090 1392 2366 1446 ordinibus
2403 1393 2601 1460 passim
2656 1391 3065 1460 inordinathue
3109 1392 3417 1458 dispositos,
3466 1403 3523 1447 et

1937 1497 1966 1536 a
1990 1484 2136 1537 nullo
2165 1493 2313 1537 certo
2344 1484 2449 1537 line
2469 1491 2774 1552 generatos.
2802 1484 2932 1536 Sunt
2960 1492 3134 1537 autem
3171 1483 3394 1552 perfecti
3424 1499 3523 1537 nu-

1938 1571 2092 1634 meri,
2127 1571 2265 1624 intra
2296 1571 2575 1626 denarium
2604 1587 2884 1625 numerum
2907 1573 2960 1635 6,
2987 1572 3121 1625 intra
3152 1573 3524 1626 centenarium

1935 1663 2025 1729 28,
2060 1665 2198 1719 intra
2253 1665 2611 1719 millenarium
2669 1679 2947 1717 numerum
2979 1663 3104 1729 496,
3158 1666 3294 1718 intra
3334 1665 3522 1718 decem

256 1775 511 1843 superum
544 1776 899 1838 nominantur.
935 1784 992 1828 ιη
1025 1785 1146 1829 sum
1206 1777 1272 1829 12
1316 1777 1516 1832 “319.4.
1572 1777 1635 1832 Hi
1683 1778 1823 1832 enim
1859 1756 1904 1814 B
1933 1757 2094 1809 millia
2120 1756 2280 1810 8128.
2325 1756 2392 1809 Et
2432 1770 2644 1824 semper
2699 1756 2751 1808 Ili
2809 1756 3014 1808 numeri
3045 1755 3251 1809 dmillus
3301 1756 3522 1824 paribus

255 1868 370 1921 suis
399 1866 637 1934 partibus
667 1868 980 1935 comparati,
1019 1868 1273 1935 majorem
1311 1871 1537 1936 partium
1569 1885 1830 1924 summam

255 1963 367 2010 toto
394 1970 616 2024 corpore
638 1957 950 2010 sortiuntur.
985 1956 1080 2010 Est
1105 1958 1247 2010 enim
1279 1958 1592 2012 duodenarii
1632 1959 1831 2013 medie-

257 2057 336 2100 tas
364 2046 419 2113 6,
459 2061 580 2114 pars
630 2048 782 2102 tertia
834 2047 886 2114 4,
945 2063 1064 2116 pars
1103 2058 1287 2116 quarta
1340 2049 1393 2114 5,
1448 2063 1570 2118 pars
1600 2059 1747 2104 sexta
1773 2049 1828 2115 2,

255 2152 378 2204 pars
402 2137 717 2191 duodecima
749 2139 770 2191 1
800 2146 897 2192 est.
928 2137 1217 2207 Omnisque
1246 2138 1333 2192 hic
1367 2141 1612 2193 cumulus
1639 2140 1834 2194 redun-

253 2227 344 2279 dat
371 2227 426 2280 in
456 2227 540 2291 16,
577 2236 630 2280 et
659 2228 821 2282 totius
869 2230 1111 2295 corporis
1140 2230 1220 2282 sui
1267 2231 1662 2285 multitudinem
1715 2233 1834 2286 vin-

253 2324 402 2370 cunt.
437 2317 640 2370 Rursus
678 2318 748 2371 24
779 2318 987 2371 numeri
1042 2319 1298 2372 medietas
1329 2329 1411 2373 est
1459 2322 1543 2383 l2,
1579 2323 1734 2376 tertia
1779 2323 1830 2389 8,

253 2413 439 2473 quarta
471 2405 523 2470 6,
548 2416 703 2460 sexta
733 2406 788 2470 4,
820 2415 1014 2460 octava
1042 2409 1097 2471 3,
1127 2407 1440 2462 duodecima
1473 2410 1526 2474 2,
1583 2410 1834 2464 vicesima

253 2504 442 2561 quarta
471 2496 520 2558 1,
563 2496 650 2563 qui
700 2510 886 2550 omnes
941 2497 1154 2564 triginta
1198 2507 1252 2550 et
1281 2512 1373 2551 sex
1402 2498 1721 2566 rependunt.
1775 2501 1833 2554 In

253 2599 358 2653 qua
387 2600 444 2638 re
463 2585 801 2640 manifestum
827 2594 911 2640 est
951 2587 1091 2655 quod
1136 2601 1340 2640 summa
1388 2589 1616 2655 partium
1667 2590 1837 2657 major

252 2684 356 2738 est,
383 2685 440 2729 et
459 2690 617 2744 supra
674 2675 948 2744 proprium
1004 2691 1198 2744 corpus
1229 2677 1483 2730 exundat.
1517 2679 1691 2748 Atque
1746 2679 1836 2734 hic

252 2765 468 2835 quidem
511 2767 764 2834 quoniam
805 2768 1116 2835 composita:
1154 2776 1331 2834 partes
1374 2769 1534 2820 totius
1573 2783 1835 2823 summam

249 2856 464 2912 numeri
511 2859 765 2922 vincunt,
823 2858 1120 2926 superﬂuus
1163 2858 1475 2926 appellatur.
1532 2858 1836 2912 Diminutus

251 2963 383 3003 vero
406 2950 514 3012 ille,
546 2949 694 3019 cujus
716 2951 903 3004 eodem
933 2951 1092 3004 modo
1131 2951 1445 3019 composita:
1476 2964 1652 3018 partes
1677 2952 1837 3006 totius

251 3040 470 3093 termini
521 3041 858 3094 multitudine
911 3053 1246 3109 snperantur,
1283 3052 1339 3095 ut
1367 3043 1400 3098 8
1441 3043 1523 3097 vel
1569 3045 1600 3096 9
1635 3061 1646 3096 :
1680 3043 1838 3098 habet

1940 1848 2339 1901 terminantur6
2368 1857 2422 1900 et
2450 1848 2504 1912 8,
2539 1856 2591 1901 et
2613 1861 2827 1914 semper
2856 1847 3160 1899 alternatim
3205 1847 3258 1900 in
3289 1847 3384 1900 hos
3422 1862 3520 1899 nu-

1937 1957 2136 2007 meros,
2168 1957 2499 1996 summarum
2533 1944 2666 1997 lines
2692 1943 3025 2010 perveniunt.
3057 1945 3187 1996 Nam
3212 1953 3265 1997 et
3293 1945 3522 2013 primum

1937 2050 2053 2099 sex,
2085 2035 2276 2089 deinde
2302 2035 2395 2089 28.
2429 2035 2558 2088 Post
2580 2035 2678 2088 hos
2703 2035 2832 2101 496,
2867 2035 3006 2088 idem
3039 2035 3278 2089 senarius
3309 2036 3395 2104 qui
3416 2037 3520 2104 pri-

1938 2142 2077 2192 mus,
2097 2137 2214 2195 post
2235 2142 2390 2196 quem
2421 2127 2583 2189 8l28,
2609 2127 2747 2181 idem
2779 2128 3084 2180 octonarius
3115 2129 3200 2195 qui
3233 2130 3518 2182 secundus.

1938 2216 2222 2270 Generatio
2280 2226 2454 2270 autem
2492 2215 2898 2285 procreatioque
2950 2230 3135 2270 eorum
3180 2227 3263 2270 est
3301 2217 3400 2269 fixa
3429 2219 3522 2270 tir-

1939 2324 2148 2376 muquc,
2183 2324 2281 2364 nec
2306 2323 2412 2378 quo
2460 2309 2568 2362 alio
2615 2308 2773 2361 modo
2807 2309 2919 2360 fieri
2958 2309 3184 2376 possint.
3242 2324 3341 2363 nec
3378 2317 3436 2362 ut
3482 2307 3528 2360 si

1940 2399 2041 2452 hoc
2062 2401 2220 2453 modo
2249 2400 2397 2464 fiant,
2429 2400 2570 2453 aliud
2603 2399 2855 2468 quiddam
2887 2400 2994 2453 ullo
3013 2400 3172 2453 modo
3201 2400 3373 2455 valeat
3397 2414 3528 2468 pro~

1937 2492 2127 2545 creari.
2163 2491 2464 2560 Dispositos
2505 2492 2645 2545 enim
2674 2490 2742 2543 ab
2771 2504 2876 2544 uno
2924 2504 3112 2544 omnes
3143 2492 3343 2559 pariter
3370 2505 3529 2560 pares

1940 2597 2190 2636 numeros
2209 2583 2261 2635 in
2285 2583 2527 2636 ordinem
2557 2595 2833 2651 quousque
2853 2582 3109 2647 volueris,
3141 2583 3314 2651 primo
3336 2597 3530 2637 secun-

1938 2674 2063 2727 dum
2090 2674 2421 2742 aggregabis,
2447 2681 2501 2725 et
2529 2673 2574 2726 si
2605 2671 2808 2740 primus
2835 2688 3088 2726 numerus
3113 2683 3168 2726 et
3197 2672 3525 2740 incomposi-

1941 2775 2022 2818 tus
2058 2779 2124 2818 ex
2152 2765 2237 2817 illa
2266 2765 2678 2818 coacervatione
2709 2763 2878 2817 factus
2928 2765 3014 2828 sit,
3050 2773 3213 2818 totam
3263 2780 3525 2819 summam

1941 2858 1992 2912 in
2024 2858 2171 2911 illum
2203 2856 2605 2926 multiplicabis,
2631 2871 2788 2926 quem
2819 2857 3086 2924 pOSIerius
3114 2872 3523 2927 aggregaveras.

1939 2949 1996 3004 Si
2023 2963 2149 3003 vero
2174 2952 2588 3002 coacervatione
2611 2948 2767 3010 facta,
2801 2948 3002 3016 primus
3048 2958 3102 3002 et
3137 2949 3524 3018 incompositus

1940 3056 2044 3095 nou
2069 3041 2315 3094 iuventus
2334 3039 2511 3102 fuerit,
2533 3039 2625 3093 sed
2648 3040 2973 3108 compositus
2997 3047 3052 3094 et
3071 3041 3359 3108 secundus,
3382 3041 3524 3096 hunc

247 3133 398 3188 enim
429 3135 732 3187 octonarius
764 3144 966 3201 partem
998 3134 1257 3198 mediani,
1305 3135 1355 3188 id
1399 3144 1480 3189 est
1509 3135 1564 3195 4;
1599 3136 1758 3190 habet
1785 3146 1839 3191 et
1868 3132 1912 3192 C
1944 3130 2337 3201 transgredere,
2389 3139 2548 3199 atque
2590 3130 2752 3183 alium
2779 3131 2870 3200 qui
2900 3131 3140 3200 sequitur
3183 3132 3519 3201 aggregabis.

245 3232 518 3292 quartam,
547 3223 596 3276 id
625 3231 704 3276 est
732 3222 867 3287 duo;
896 3222 1055 3277 habet
1079 3233 1132 3277 et
1169 3233 1432 3287 octavam,
1457 3225 1508 3278 id
1537 3235 1618 3278 est
1649 3242 1833 3292 unum,

245 3326 376 3383 qua:
401 3321 606 3366 cuncta:
634 3313 686 3365 in
717 3327 879 3366 unum
929 3313 1159 3369 redactae
1189 3315 1219 3370 7
1250 3315 1526 3383 colligunt,
1575 3318 1834 3373 minorem

245 3407 457 3461 scilicet
486 3420 748 3460 summam
777 3414 888 3460 toto
931 3421 1158 3475 corpore
1186 3409 1592 3464 concludentes.
1633 3410 1836 3465 Rursus

245 3497 322 3552 11
373 3497 570 3551 habent
595 3492 954 3564 medietatem,
1004 3498 1055 3551 id
1095 3506 1178 3552 est
1204 3500 1594 3568 septenarium;
1643 3500 1838 3557 habent

249 3586 565 3654 septimam,
595 3585 646 3638 id
673 3586 834 3651 est2;
869 3586 1066 3642 habent
1093 3600 1334 3657 quartam
1361 3590 1645 3657 decimam,
1671 3592 1724 3645 id
1755 3602 1837 3647 est

246 3678 308 3742 1,
342 3690 464 3745 qua:
492 3676 548 3730 in
590 3689 750 3731 unum
799 3679 842 3731 si
901 3678 1137 3734 collecta:
1188 3681 1314 3745 sint,
1367 3682 1572 3737 denarii
1627 3685 1834 3740 numeri

240 3782 462 3822 summa
493 3769 807 3836 concrescit,
833 3777 942 3824 toto
964 3770 1169 3825 scilicet
1191 3773 1418 3826 termino
1441 3775 1634 3827 minor.
1661 3774 1835 3843 Atque

241 3857 307 3911 hi
338 3857 555 3926 quidem
591 3857 691 3912 hoc
720 3860 880 3913 modo
906 3868 1050 3923 sunt,
1082 3868 1140 3913 ut
1192 3860 1338 3928 prior
1377 3860 1467 3915 ille
1512 3877 1669 3930 quem
1726 3879 1835 3920 suae

237 3959 440 4018 partes
470 3958 727 4018 superant
756 3950 875 4004 talis
919 3950 1182 4014 videatur,
1215 3959 1461 4020 tauquam
1492 3951 1538 4006 si
1559 3953 1676 4022 quis
1699 3957 1835 4007 mul-

236 4043 321 4096 tis
350 4052 514 4110 super
543 4050 784 4095 naturam
815 4041 1062 4095 manibus
1084 4050 1259 4107 natus,
1295 4051 1346 4095 ut
1377 4043 1712 4099 centimanus
1740 4045 1832 4099 Gi-

232 4148 374 4203 gas,
398 4133 484 4188 vel
514 4133 708 4202 triplici
737 4133 1057 4201 conjunctus
1086 4148 1332 4203 corpore,
1350 4144 1401 4187 ut
1423 4133 1635 4205 Geryon
1664 4144 1830 4205 terge-

229 4223 459 4287 minus,
503 4221 592 4276 vel
648 4220 903 4290 quidquid
952 4235 1183 4289 unquam
1217 4233 1618 4278 monstruosum
1647 4235 1833 4280 natura

223 4314 300 4367 in
340 4313 577 4380 partium
605 4312 1049 4381 multiplicatione
1094 4313 1369 4382 surripuit.
1417 4315 1513 4371 Ille
1540 4333 1668 4372 vero
1700 4330 1756 4373 ut
1787 4323 1832 4375 si

221 4401 572 4456 naturaliter
599 4401 824 4470 quadam
869 4402 1172 4456 necessaria
1221 4415 1372 4472 parte
1422 4404 1680 4476 detracta,
1742 4420 1836 4464 aut

1938 3224 1991 3278 Si
2017 3239 2144 3278 vero
2175 3222 2400 3278 necdum
2422 3221 2582 3276 fuerit
2605 3221 2809 3290 primus
2833 3230 2884 3275 et
2907 3221 3313 3290 incompositus,
3355 3222 3520 3276 alium

1937 3330 2122 3370 rursus
2151 3315 2404 3384 adjunge,
2438 3323 2492 3368 et
2523 3314 2642 3368 vide
2685 3312 2810 3383 quid
2853 3312 2961 3366 fiat.
3021 3312 3174 3380 Quod
3217 3313 3262 3366 si
3292 3313 3524 3383 primum

1939 3409 2465 3478 incompositumque
2503 3407 2762 3476 reperies,
2823 3414 2947 3459 tunc
2977 3404 3030 3460 in
3059 3405 3256 3460 ultimze
3289 3407 3525 3460 multitu-

1937 3501 2115 3555 dinem
2155 3513 2378 3554 summzc
2413 3497 2870 3552 coacervationem
2902 3496 3303 3565 multiplicabis.
3338 3496 3526 3565 Dispo-

1941 3603 2136 3647 nantur
2157 3593 2300 3645 enim
2331 3605 2517 3644 omnes
2543 3591 2742 3658 pariter
2759 3603 2914 3659 pares
2941 3589 3169 3657 numeri,
3198 3591 3300 3644 hoc
3329 3589 3526 3644 modo:

1938 3683 1990 3744 1,
2019 3682 2075 3743 2,
2107 3681 2163 3746 4,
2195 3682 2248 3746 8,
2285 3680 2372 3744 16,
2405 3681 2492 3743 52,
2522 3679 2613 3744 64,
2649 3680 2771 3733 128.
2804 3679 2993 3733 Facies
3045 3695 3171 3748 ergo
3218 3680 3325 3736 ita:
3361 3696 3528 3749 pones

1939 3771 1991 3835 1,
2026 3769 2182 3838 eique
2204 3767 2516 3837 aggregabis
2555 3768 2624 3832 2;
2679 3777 2804 3823 tunc
2833 3768 3090 3836 respicies
3119 3783 3184 3821 ex
3212 3769 3309 3822 hac
3339 3785 3526 3838 aggre-

1936 3862 2149 3930 gatione
2187 3860 2277 3929 qui
2325 3873 2579 3913 numerus
2622 3859 2789 3914 factus
2819 3859 2888 3912 sit
2920 3875 2934 3912 :
2967 3867 3092 3911 sunt
3117 3857 3170 3924 5,
3204 3860 3291 3927 qui
3321 3860 3528 3916 scilicet

1938 3950 2140 4019 primus
2189 3959 2244 4004 et
2292 3949 2676 4018 incompositus
2709 3956 2810 4014 est,
2866 3956 2920 4002 et
2968 3957 3087 4017 post
3117 3948 3373 4002 unitatem
3405 3949 3526 4004 ulti-

1937 4058 2081 4098 mum
2114 4042 2378 4096 binarium
2402 4054 2684 4094 numerum
2709 4052 3121 4108 aggregaveras.
3149 4037 3203 4092 Si
3237 4039 3394 4108 igitur
3422 4048 3526 4093 ter-

1938 4136 2168 4199 narium,
2202 4135 2254 4189 id
2283 4133 2486 4203 estqui
2541 4147 2608 4186 ex
2657 4129 3067 4187 coacervatione
3109 4130 3369 4184 collectus
3415 4140 3524 4195 est,

1938 4240 2033 4294 per
2056 4224 2321 4278 binarium
2353 4221 2691 4291 multiplices,
2724 4224 2813 4290 qui
2842 4229 2924 4276 est
2942 4221 3158 4273 ultimus
3185 4229 3523 4289 aggregatus,

1939 4311 2206 4381 perfectus
2232 4312 2349 4365 sine
2378 4310 2484 4365 ulla
2525 4309 2855 4365 dubitatione
2901 4315 3167 4363 nascetur.
3203 4308 3288 4360 Bis
3316 4309 3456 4362 enim
3490 4310 3524 4362 5

1940 4404 2138 4458 faciunt
2161 4404 2214 4467 6,
2243 4403 2332 4472 qui
2357 4402 2558 4456 habent
2594 4416 2754 4456 unam
2809 4399 3025 4469 quidem
3050 4414 3077 4451 a
3102 4415 3162 4453 se
3211 4399 3522 4453 denomina-

216 4491 432 4546 minus
458 4490 612 4543 oculo
633 4497 958 4554 nasceretur,
990 4499 1046 4543 ut
1072 4489 1349 4560 Cyclopea:
1381 4492 1572 4549 frontis
1600 4497 1830 4553 dedecus

1940 4505 2043 4548 tam
2095 4503 2319 4562 partem,
2373 4493 2425 4547 id
2464 4503 2546 4548 est
2575 4503 2806 4554 sextam,
2859 4500 2970 4545 tres
3024 4505 3154 4544 vero
3185 4490 3522 4545 medietatem

212 4580 374 4644 fuit,
405 4577 487 4631 vel
511 4592 616 4646 quo
644 4578 750 4632 alio
788 4587 1024 4633 curtatus
1075 4580 1336 4646 membro,
1388 4584 1630 4638 naturale
1671 4588 1829 4642 totius
1936 4584 2233 4637 secundum
2263 4582 2594 4646 dualitatem,
2625 4591 2678 4635 at
2707 4595 2832 4635 vero
2854 4581 2957 4634 duo
2978 4583 3270 4635 secundum
3298 4595 3521 4636 coacer-

207 4684 364 4727 suae
391 4667 735 4737 plenitudinis
761 4668 1102 4736 dispendium
1123 4670 1423 4724 sortiretur.
1455 4672 1596 4726 Inter
1619 4674 1715 4730 hos
1735 4691 1827 4730 au-
1936 4673 2224 4739 vationem,
2259 4673 2309 4726 id
2337 4683 2418 4728 est
2450 4672 2741 4727 secundum
2766 4672 3080 4738 ternarium,
3121 4672 3369 4741 quoniam
3397 4687 3518 4727 coa-

207 4771 387 4824 tem,
418 4755 567 4810 velut
593 4756 730 4810 inter
759 4757 990 4826 aequales
1019 4757 1477 4825 intemperantias,
1504 4765 1662 4816 medii
1686 4774 1821 4820 tem-
1933 4765 2133 4818 cervati
2182 4773 2313 4828 tres,
2373 4763 2704 4832 multiplicati
2752 4771 2895 4816 sunt.
2945 4762 3144 4832 Viginti
3187 4774 3308 4817 octo
3339 4775 3516 4818 autem

197 4854 623 4920 per-amentum
656 4844 836 4899 limitis
859 4846 1078 4899 sortitus
1100 4854 1181 4900 est
1211 4846 1299 4900 ille
1321 4858 1572 4903 numerus
1598 4854 1686 4921 qui
1711 4868 1827 4921 per-
1934 4857 2125 4908 eodem
2151 4852 2310 4906 modo
2331 4862 2637 4906 nascuntur.
2670 4852 2724 4908 Si
2757 4853 2900 4907 enim
2927 4868 3090 4922 super
3120 4871 3280 4907 unum
3307 4863 3362 4908 et
3389 4854 3518 4914 duo.

191 4939 427 4994 fectus
481 4934 692 4998 dicitur,
745 4935 962 4989 virtutis
990 4936 1536 5003 scilicet,a:mulator,
1586 4941 1674 5009 qui
1727 4957 1828 4997 nec
1934 4943 2023 5010 qui
2053 4949 2180 4995 sunt
2203 4952 2330 5006 tres,
2361 4941 2524 4995 addas
2553 4951 2868 5010 sequentem
2903 4943 3098 5011 pariter
3130 4959 3334 5012 parem,
3365 4945 3415 4997 id
3437 4957 3519 4998 est

189 5040 581 5099 supervacua
636 5027 1007 5095 progressione
1055 5029 1361 5097 porrigitur,
1403 5045 1502 5083 nec
1551 5040 1825 5088 contracta
1935 5035 1989 5097 4,
2018 5031 2373 5100 septenariam
2400 5047 2661 5085 summam
2693 5033 2891 5098 facies;
2931 5033 3024 5088 sed
3057 5035 3297 5088 ultimum
3330 5049 3521 5088 nurne-

181 5132 440 5179 rursus
463 5117 812 5172 diminutione
846 5118 1150 5182 remittitur,
1194 5119 1288 5173 sed
1336 5120 1640 5178 medietatis
1684 5124 1825 5178 obti-
1936 5137 2052 5175 rum
2074 5121 2871 5191 quaternariumconsequenter
2889 5123 3346 5190 adjunxeras;per
3371 5123 3512 5176 hunc

180 5224 386 5270 neris
415 5210 720 5273 terminum,
753 5209 862 5262 suis
909 5224 1090 5278 aequus
1128 5211 1390 5278 partibus,
1425 5228 1520 5266 nec
1561 5223 1827 5270 crassatur
1934 5213 2092 5281 igitur
2121 5214 2164 5267 si
2205 5214 2348 5266 illam
2383 5201 2836 5270 coacervationem
2886 5217 3342 5284 multiplicaveris,
3398 5233 3513 5285 per-

171 5300 595 5364 abundantia,
623 5315 720 5353 nec
745 5311 866 5369 eget
918 5300 1116 5368 inopia,
1150 5311 1207 5355 ut
1234 5318 1325 5356 sex
1357 5304 1438 5357 ve'l
1467 5305 1556 5358 28.
1590 5306 1828 5377 Namque
1932 5301 2099 5355 fectus
2127 5316 2380 5356 numerus
2410 5313 2742 5370 procreatur.
2772 5306 2979 5373 Septies
3008 5304 3150 5359 enim
3179 5305 3234 5370 4,
3265 5306 3334 5359 28
3364 5319 3511 5365 sunt.

167 5391 494 5454 senarius
520 5391 679 5446 habet
732 5403 934 5460 partem
965 5392 1214 5458 mediam.
1248 5394 1296 5446 id
1327 5402 1408 5448 est
1437 5397 1491 5458 5,
1517 5407 1570 5451 et
1598 5400 1826 5465 tertiam,
1929 5390 2018 5458 qui
2041 5399 2122 5444 est
2144 5391 2254 5447 suis
2284 5391 2522 5459 partibus
2551 5407 2668 5461 par,
2701 5394 2902 5447 habens
2929 5409 3090 5447 unum
3117 5410 3147 5446 a
3173 5409 3231 5449 se
3262 5393 3510 5449 denomi~

157 5490 244 5546 id
292 5489 417 5539 est
439 5480 495 5543 2,
528 5491 581 5534 et
606 5489 832 5544 sextam,
861 5481 910 5537 id
941 5492 1022 5538 est
1046 5480 1095 5547 1,
1129 5496 1248 5549 quae
1291 5481 1344 5535 in
1375 5498 1532 5537 unam
1563 5499 1826 5542 summam
1930 5491 2132 5545 natum,
2167 5481 2218 5534 id
2242 5491 2322 5535 est
2345 5482 2659 5550 vigesimum
2690 5493 2963 5550 octavum;
2992 5486 3332 5540 medietatem
3382 5502 3512 5540 vero

155 5578 227 5634 si
273 5569 554 5628 redacta:
582 5570 707 5631 sint,
743 5584 836 5636 par
867 5579 1032 5624 totum
1059 5570 1262 5623 numeri
1296 5584 1489 5640 corpus
1522 5573 1632 5627 suis
1665 5577 1828 5643 parti-
1927 5571 2220 5626 secundum
2248 5571 2510 5627 binarium
2544 5575 2628 5638 11,
2671 5576 2962 5630 secundum
3005 5581 3403 5645 qualernarium
3457 5584 3512 5643 7,

150 5673 312 5726 bus
405 5660 689 5712 invenitur.
740 5660 810 5711 28
867 5675 993 5711 vero
1056 5660 1213 5714 habet
1270 5661 1605 5717 medietatem
1652 5665 1735 5732 H,
1771 5674 1827 5720 et
1929 5661 2206 5730 septimam
2242 5676 2370 5718 vero
2399 5666 2688 5720 secundum
2738 5669 3100 5737 septenarium
3132 5673 3183 5732 4,
3216 5677 3509 5730 secundum

495 5751 764 5808 ΡΛτιιοι.
803 5747 1026 5808 LXIII.
2996 5759 3071 5819 ζιὸ
