4022 6366
484 291 620 346 1099

484 490 740 546 vocabulo
771 489 1069 543 medietatis
1116 487 1419 557 opponitur.
1460 487 1598 555 Ergo
1628 501 1748 540 cum
1782 485 1830 539 lti
1867 487 2065 553 reperti

482 581 610 649 sint,
641 580 684 635 si
717 581 850 633 alios
873 579 1114 634 invenire
1144 578 1384 645 secteris,
1408 579 1593 633 eadem
1624 587 1834 647 oportet
1861 578 2069 632 ratione

483 683 539 725 ut
570 671 818 739 vestiges.
863 671 1033 724 Ponas
1061 670 1205 726 enim
1246 685 1409 725 unum
1444 670 1643 731 licebit,
1692 678 1747 724 et
1776 679 1896 737 post
1926 669 2070 722 hunc

482 762 595 814 ﬁet
624 760 678 824 4,
724 760 812 829 qui
845 761 897 813 iu
924 760 1282 829 septenarium
1328 760 1695 824 cumulantur,
1728 757 1824 812 sed
1852 758 1918 812 de
1967 758 2070 812 hoc

482 851 681 905 dudum
714 850 920 906 exstitit
948 851 1018 906 28
1046 851 1312 920 perfectus
1337 865 1611 906 numerus.
1650 850 1779 904 lluic
1802 850 1962 918 igitur
1982 848 2070 918 qui

483 944 724 1013 sequitur
756 948 954 1014 pariter
985 961 1099 1014 par,
1127 945 1177 1000 id
1209 955 1290 1000 est
1310 946 1362 1011 8,
1392 946 1676 1000 continens
1702 946 1957 1015 jungatur
1984 959 2072 1000 ac-

485 1035 677 1099 cessio,
709 1034 798 1103 qui
828 1035 1095 1103 prioribus
1122 1036 1527 1104 superveniens,
1571 1035 1639 1089 i5
1671 1037 1922 1091 restituit.
1968 1036 2073 1092 Sed

488 1126 571 1178 hic
603 1125 805 1193 primus
829 1134 881 1180 et
906 1126 1288 1195 incompositus
1313 1142 1416 1180 non
1436 1133 1539 1180 est.
1568 1126 1739 1180 Habet
1757 1127 1899 1181 enim
1918 1140 2074 1195 gene-

486 1215 559 1270 ris
590 1217 807 1273 alterius
834 1227 1041 1285 partem
1072 1232 1233 1285 super
1257 1217 1422 1282 illam,
1467 1230 1588 1285 quae
1618 1225 1700 1271 est
1727 1231 1757 1270 a
1785 1217 2073 1287 semetipsa

489 1306 850 1371 denominata,
891 1307 1132 1376 quintam
1175 1308 1475 1373 decimam,
1534 1306 1739 1360 scilicet
1794 1306 2069 1361 unitatem.

489 1399 641 1452 Hunc
665 1397 845 1467 igitur,
902 1398 1156 1467 quoniam
1183 1398 1451 1453 secundus
1483 1405 1565 1451 est
1590 1397 1921 1465 compositus
1945 1411 2075 1466 prte-

489 1492 668 1556 terito,
699 1500 751 1544 et
784 1490 1013 1559 adjunge
1044 1488 1409 1557 superioribus
1456 1490 1820 1542 continentem
1876 1488 2075 1555 pariter

488 1593 671 1647 parem
701 1594 1004 1644 numerum,
1063 1579 1227 1632 idest
1264 1577 1352 1632 16.
1386 1577 1485 1644 Qui
1541 1591 1662 1631 eum
1723 1577 1789 1630 15
1840 1578 2075 1644 junctus,

492 1684 653 1729 unum
678 1683 738 1723 ac
761 1669 828 1723 '50
848 1668 1113 1724 conlicict.
1134 1667 1241 1723 Sed
1262 1668 1346 1721 hic
1367 1669 1576 1736 primus
1600 1681 1785 1721 rursus
1810 1676 1864 1723 et
1886 1668 2081 1721 incom-

492 1762 696 1829 positus
722 1769 821 1814 est.
856 1760 1004 1815 Hunc
1040 1758 1348 1828 igiturcum
1377 1758 1609 1813 extremi
1638 1757 1905 1827 aggregati
1935 1771 2082 1810 sum-

490 1866 577 1904 ma
602 1850 909 1919 multiplica,
941 1860 997 1905 ut
1025 1850 1154 1904 ﬁant
1169 1850 1408 1905 sedecies
1431 1850 1489 1904 5|
1507 1890 1520 1913 ,
1547 1850 1634 1920 qui
1659 1850 1765 1905 496
1788 1849 2075 1918 explicant.

493 1939 620 1994 Hazc
648 1948 825 1997 autem
856 1950 938 1995 est
960 1941 1097 1995 intra
1126 1940 1487 1995 millenarium
1512 1955 1795 1997 numerum
1821 1938 2076 2007 perfecta,

493 2042 546 2087 et
575 2033 687 2086 suis
718 2033 955 2101 partibus
982 2048 1133 2103 aqua
1157 2033 1537 2087 numerositas.
1573 2034 1738 2101 igitur
1775 2034 1941 2101 prima
1962 2033 2078 2087 uni-

495 2133 574 2176 tas
604 2124 798 2177 virtute
819 2131 979 2193 atque
1010 2124 1266 2192 potentia,
1296 2138 1397 2178 non
1432 2125 1596 2179 etiam
1636 2132 1756 2178 actu
1790 2124 1875 2177 vel
1898 2138 1978 2189 re,
2024 2134 2074 2178 et

495 2215 607 2283 ipsa
635 2214 866 2284 perfecta
890 2224 992 2271 est.
1028 2216 1157 2270 Nam
1187 2216 1235 2271 si
1267 2217 1489 2285 primam
1512 2216 1682 2285 ipsam
1712 2230 1991 2282 sumpsero
2014 2216 2080 2269 de

493 2306 771 2373 preposito
800 2306 987 2359 ordine
1033 2320 1403 2370 numerorum,
1454 2306 1610 2360 video
1661 2304 1887 2374 primam
1923 2315 2082 2374 atque

496 2395 921 2463 incompositam,
950 2409 1108 2465 quam
1138 2396 1178 2449 si
1214 2411 1307 2463 per
1344 2395 1573 2462 seipsam
1624 2395 1942 2463 multiplico,
1993 2409 2083 2448 ca-

496 2484 617 2539 dem
646 2484 773 2538 milti
796 2484 970 2539 unitas
994 2492 1323 2554 procreatur.
1356 2484 1532 2539 Semel
1558 2484 1700 2538 enim
1727 2499 1887 2538 unum
1919 2482 2087 2537 solam

497 2574 661 2631 efﬁcit
686 2574 965 2639 unitatem,
993 2590 1112 2643 quae
1143 2574 1385 2643 partibus
1409 2575 1520 2627 suis
1541 2575 1763 2643 wqualis
1787 2582 1871 2627 est
1899 2584 2089 2642 poten-

485 2668 566 2721 tia
596 2666 791 2731 solum,
821 2667 1031 2720 caeteris
1061 2666 1219 2720 etiam
1264 2675 1389 2720 actu
1413 2674 1573 2734 atque
1600 2679 1765 2731 Opere
1814 2662 2084 2732 perfectis.

492 2755 666 2823 Recte
694 2755 852 2824 igitur
876 2754 1053 2809 unitas
1084 2755 1293 2823 propria
1330 2755 1522 2808 virtute
1555 2737 1793 2822 perfecta
1814 2760 1916 2817 est,
1947 2750 2086 2821 quod

498 2858 552 2921 et
582 2848 749 2916 prima
781 2856 862 2902 est
883 2856 936 2902 et
962 2848 1333 2915 incomposita,
1365 2856 1418 2901 et
1452 2860 1546 2914 per
1568 2845 1798 2914 seipsam
1830 2842 2087 2912 multipli-

499 2949 612 2993 cata
643 2952 764 2993 sese
794 2936 909 3007 ipsa
953 2945 1254 2993 conservat.
1285 2936 1391 2991 Sed
1422 2934 1673 3004 quoniam
1717 2934 1784 2989 de
1824 2948 1886 2988 ea
1919 2948 2085 3003 quan-

501 3031 651 3085 titate
671 3045 791 3100 quze
820 3045 915 3100 per
938 3044 998 3084 se
1026 3030 1097 3084 sit
1116 3029 1324 3087 dictum
1354 3040 1459 3090 est,
1511 3027 1691 3096 operis
1751 3027 2081 3097 sequentiatn

503 3124 569 3195 ad
598 3122 743 3175 illam
773 3136 892 3191 qua:
918 3120 1150 3177 refertur
1177 3119 1243 3174 ad
1273 3118 1471 3188 aliquid
1499 3116 1903 3171 transferamus.

1083 3266 1310 3325 CAPUT
1361 3267 1500 3321 XXI.

826 3387 899 3439 De
921 3386 1080 3438 relata
1119 3385 1187 3437 ad
1216 3384 1414 3452 aliquid
1456 3385 1757 3449 quantitate.

574 3498 653 3552 Ad
680 3496 877 3565 aliquid
900 3511 1029 3551 vero
1053 3496 1389 3566 quantitatis,
1422 3494 1614 3563 duplex
1639 3503 1722 3549 est
1750 3494 1922 3562 prima
1956 3492 2092 3548 divi-

503 3585 602 3640 sio.
636 3588 805 3640 Umne
831 3586 993 3651 enim,
1012 3594 1120 3639 ~aut
1139 3584 1343 3653 aequale
1373 3592 1477 3650 est,
1506 3590 1596 3637 aut
1622 3582 1906 3652 inaequale,
1934 3583 2089 3651 quid-

502 3678 628 3748 quid
651 3676 871 3732 alterius
890 3677 1290 3746 comparatione
1307 3676 1542 3731 metitur.
1571 3675 1637 3730 Et
1653 3675 1857 3745 aequale
1879 3672 2093 3743 quidem

502 3780 605 3837 est,
629 3770 769 3841 quod
789 3770 856 3826 ad
878 3770 1076 3842 aliquid
1102 3780 1490 3840 comparatunt,
1514 3785 1691 3841 neque
1716 3772 1926 3825 minore
1953 3785 2094 3824 sum-

501 3879 587 3919 ma
613 3865 748 3918 infra
774 3871 876 3928 est,
909 3864 1315 3933 nequemajore
1370 3862 1785 3932 transgreditur,
1822 3874 1878 3915 ut
1928 3861 2093 3915 dena-

504 3956 613 4011 rius
638 3955 882 4020 denario,
911 3954 994 4008 vel
1028 3954 1291 4007 ternarius
1325 3953 1583 4016 ternario,
1626 3953 1707 4007 vel
1733 3952 1970 4005 cubitum
1997 3964 2092 4005 cu-

503 4046 639 4112 bito,
671 4047 752 4100 vel
780 4060 874 4114 pes
903 4044 1046 4112 pedi,
1097 4051 1151 4098 et
1176 4044 1258 4097 itis
1299 4043 1517 4097 similia.
1575 4043 1699 4097 Haec
1743 4054 1922 4097 autem
1965 4056 2089 4110 pars

506 4138 689 4199 relatae
712 4137 776 4190 ad
803 4134 1003 4206 aliquid
1025 4135 1360 4205 quantitatis,
1386 4134 1437 4189 id
1464 4142 1568 4201 est,
1616 4133 1912 4202 aequalitas,
1937 4142 2091 4186 natu-

507 4231 691 4285 raliter
717 4231 942 4285 indivisa
968 4237 1071 4284 est.
1123 4228 1311 4283 Nullus
1349 4227 1494 4282 enim
1524 4226 1704 4280 dicere
1732 4232 1908 4295 potest
1951 4225 2091 4294 quod

512 4322 832 4393 aequalitatis
855 4321 955 4375 hoc
983 4319 1202 4391 quidem
1223 4318 1327 4373 tale
1342 4328 1441 4383 est,
1468 4316 1596 4388 illud
1616 4330 1741 4370 vero
1764 4314 2091 4385 hujusmodi.

509 4415 698 4469 Omnis
742 4413 885 4468 enim
916 4411 1193 4480 aequalitas
1236 4423 1396 4463 unam
1426 4416 1610 4463 servat
1656 4408 1707 4461 in
1739 4404 1950 4474 prepria
1982 4418 2095 4457 mo—

510 4505 787 4559 deratione
817 4517 1146 4557 mensuram.
1184 4500 1317 4554 Illud
1352 4504 1511 4553 etiam
1537 4498 1677 4567 quod
1707 4512 1824 4566 quae
1850 4496 1896 4549 ei
1928 4508 2098 4564 quan-

513 4601 637 4650 titas
666 4604 1024 4660 comparatur.
1056 4608 1162 4647 non
1191 4592 1296 4645 alio
1344 4589 1603 4645 vocabulo
1650 4599 1811 4656 atque
1866 4586 1975 4655 ipsa
2007 4583 2095 4637 cui

510 4696 851 4753 comparatur
897 4686 1145 4740 edicitur.
1209 4682 1343 4736 Nam
1396 4678 1845 4750 quemadmodum
1894 4675 2097 4730 amicus

516 4780 687 4831 amico
741 4776 943 4828 amicus
995 4783 1100 4837 est,
1155 4774 1464 4841 vicinusque
1515 4768 1723 4833 vicino,
1777 4767 1849 4822 ita
1902 4764 2100 4819 dicitur

520 4868 741 4937 .t-qualis
779 4864 986 4933 εεψωιὶ.
1039 4862 1324 4931 Inaequalis
1354 4875 1485 4916 vero
1532 4856 1845 4928 quantitatis
1884 4855 2096 4924 gemina

513 4959 707 5012 divisio
733 4966 829 5009 est.
865 4954 1089 5008 Secatur
1115 4953 1259 5007 enim
1288 4950 1432 5021 quod
1471 4947 1734 5017 inaequale
1782 4954 1866 5002 est
1896 4947 1949 4999 itt
1976 4958 2097 4999 ma-

512 5055 595 5119 jus
619 5061 777 5119 atque
828 5048 1027 5114 minus,
1056 5060 1177 5117 quae
1203 5042 1475 5100 contraria
1530 5040 1745 5095 sibimet
1784 5037 2096 5093 denomina-

514 5146 657 5195 tiune
690 5141 997 5207 funguntur.
1045 5136 1285 5204 Namque
1331 5132 1503 5200 majus
1553 5129 1759 5183 minore
1789 5126 1962 5194 majus
1986 5131 2092 5192 est,

513 5242 567 5286 et
599 5234 773 5285 minus
804 5228 1009 5297 majore
1033 5226 1208 5280 minus
1231 5212 1334 5286 est,
1382 5229 1437 5277 et
1464 5228 1687 5289 utraque
1731 5232 1837 5272 non
1890 5214 2093 5271 eisdem

516 5322 826 5386 vocabulis,
875 5316 1326 5387 quemadmodum
1380 5311 1673 5370 secundum
1734 5309 2093 5379 aequalitatem

512 5419 711 5470 diutum
742 5424 843 5475 est,
874 5412 968 5468 sed
999 5410 1224 5465 diversis
1248 5406 1675 5471 distantibusque
1705 5402 1915 5471 signata
1944 5408 2089 5465 sunt,

511 5509 575 5560 ad
608 5506 823 5560 modum
845 5501 1099 5557 discentis
1120 5497 1344 5561 scilicet,
1375 5496 1455 5551 vel
1477 5494 1741 5558 docentis,
1771 5492 1851 5545 vel
1878 5489 2092 5545 eaeden-

513 5601 599 5657 tis,
636 5598 721 5649 vel
755 5592 1072 5662 vapulantis,
1108 5588 1191 5643 vel
1220 5598 1551 5656 quaecunque
1582 5581 1647 5634 ad
1679 5580 1879 5649 aliquid
1908 5579 2094 5635 relata.

518 5691 668 5742 aliter
697 5683 1054 5740 denominatis
1078 5677 1360 5735 contrariis
1382 5679 1781 5767 comparamur.

1599 239 1616 255 .
1702 288 1813 342 AN.
1857 285 2062 342 MANL.
2107 284 2258 344 επεν.
2301 286 2521 343 BOETII

480 400 720 456 omnium
766 398 1157 467 collectionem,
1191 404 1440 467 quartum
1470 396 1760 460 decimum,
1787 397 1916 462 duo,
1978 397 2068 466 qui
2100 401 2149 458 Α

3624 294 3757 348 1100

2238 486 2243 491 ἢ
2747 400 2971 459 CAPUT
3019 402 3186 459 XXII.

2290 493 2366 547 De
2397 493 2653 564 speciebus
2684 496 2897 565 majoris
2935 497 3299 565 ianualitatis
3342 509 3387 551 et
3419 501 3652 555 minoris.

2256 610 2468 679 Majoris
2502 626 2630 666 vero
2679 612 3055 682 inatqualitatis
3100 614 3336 684 quinque
3390 626 3571 684 partes
3618 629 3763 675 sunt.

2181 702 2273 757 Est
2303 702 2443 757 enim
2469 717 2570 757 una
2595 718 2714 772 quae
2746 714 2965 759 vocatur
2993 704 3300 774 multiplex,
3343 707 3445 760 alia
3484 723 3772 777 superpar-

2180 793 2440 859 ticularis,
2474 794 2630 847 tertia
2658 796 3081 864 superpsrtiens,
3123 807 3309 865 quarta
3357 798 3639 865 multiplex
3680 815 3770 853 su-

2181 885 2638 952 perparticularis,
2669 886 2850 954 quinta
2886 887 3163 954 multiplex
3200 890 3627 955 superpartiens.
3676 889 3773 943 His

2176 974 2342 1043 igitur
2361 975 2598 1045 quinque
2620 977 2838 1045 majoris
2869 979 3132 1045 partibus,
3179 980 3437 1046 opposita:
3484 991 3613 1035 sunt
3652 981 3771 1035 alia

2178 1066 2411 1135 qttittque
2444 1076 2624 1135 partes
2645 1068 2889 1134 minoris,
2925 1069 3375 1138 Quemadmodum
3402 1070 3576 1140 ipsum
3604 1073 3773 1139 majus

2181 1159 2371 1212 minori
2402 1173 2619 1229 semper
2645 1161 2952 1230 oppetiitur,
2996 1174 3113 1231 qua:
3146 1163 3373 1217 minoris
3424 1165 3658 1232 species,
3703 1165 3772 1219 ita

2181 1250 2490 1319 singillatim
2520 1254 2803 1322 speciebus
2824 1254 3063 1324 quinque
3086 1255 3304 1324 majoris
3332 1257 3415 1312 bis
3446 1274 3567 1326 qum
3591 1273 3773 1327 supra-

2182 1342 2345 1398 dictm
2373 1352 2499 1397 sunt
2552 1354 2919 1414 opponuntur,
2954 1355 3013 1399 ut
3044 1345 3247 1401 eisdem
3301 1349 3609 1403 nominibus
3640 1365 3773 1404 nun-

2182 1445 2464 1504 cupentur,
2512 1436 2626 1491 sola
2672 1446 2875 1491 tantum
2919 1438 3017 1492 sub
3062 1441 3439 1507 pra'positione
3494 1441 3770 1497 distantes.

2184 1529 2386 1585 Dicitur
2408 1532 2549 1585 enim
2573 1531 2978 1599 submultiplex,
3002 1534 3632 1604 Subsuperparticularis,
3656 1540 3771 1594 sub-

2184 1623 2605 1691 superpartiens,
2667 1623 2943 1690 multiplex
3002 1624 3651 1697 subsuperparticularis,
3725 1639 3772 1687 et

2188 1713 2459 1783 multiplex
2493 1715 3023 1784 subsuperparliens.

2762 1826 2845 1880 CA
2859 1827 2987 1882 PUT
3028 1828 3212 1883 XXI".

2259 1916 2334 1971 De
2367 1917 2633 1986 multiplici
2667 1919 2876 1988 ejusque
2909 1918 3195 1987 speciebus,
3245 1938 3522 1994 earumque
3556 1944 3709 1999 gene-

2824 2013 3127 2066 rationibus.

2258 2122 2460 2175 ltursus
2482 2121 2761 2189 multiplex
2782 2132 2877 2203 ,ρει
2909 2125 3077 2192 prima
3102 2141 3227 2196 pars
3260 2129 3481 2195 majoris
3505 2132 3775 2202 inmquali-

2194 2213 2334 2276 tatis,
2365 2214 2571 2267 cunctis
2592 2214 2711 2268 aliis
2732 2216 3000 2285 antiquior
3020 2229 3313 2289 naturaque
3340 2226 3701 2291 praestantior,
3726 2236 3776 2281 ut

2192 2307 2346 2374 paulo
2373 2316 2491 2375 post
2517 2306 3027 2363 demonstrabimus.
3059 2311 3153 2366 llic
3174 2321 3351 2367 autem
3376 2329 3636 2371 numerus
3685 2319 3776 2370 bu~

2186 2397 2419 2466 jusmodi
2443 2404 2546 2465 est,
2571 2406 2627 2451 ut
2647 2410 2986 2467 comparatus
3016 2416 3137 2456 cum
3164 2402 3357 2469 altero,
3412 2405 3562 2460 illum
3594 2418 3779 2462 contra

2195 2502 2352 2555 quem
2377 2499 2717 2556 comparatus
2739 2499 2842 2554 est,
2866 2489 3065 2546 habeat
3086 2492 3203 2560 plus
3229 2510 3387 2563 quam
3410 2498 3601 2553 semel.
3625 2498 3778 2565 Quod

2197 2578 2427 2646 primum
2456 2579 2506 2632 in
2537 2579 2790 2634 naturalis
2818 2583 3024 2636 numeri
3072 2583 3424 2650 diSpositinne
3466 2593 3781 2657 conveniet,

2194 2684 2425 2739 namque
2455 2669 2518 2723 ad
2549 2686 2710 2725 unum
2735 2673 2909 2727 cuncti
2930 2674 3020 2743 qui
3057 2687 3370 2745 sequuntur,
3402 2682 3639 2734 omnium
3696 2698 3781 2735 or-

2194 2758 2319 2813 dine
2360 2761 2736 2829 multiplicium
2785 2766 3092 2833 sequentias
3152 2769 3548 2839 varietatesque
3598 2782 3781 2828 custo-

2190 2848 2358 2902 diunt.
2393 2849 2471 2904 Ad
2507 2851 2732 2919 primum
2780 2854 2944 2919 enim,
2995 2856 3046 2909 id
3081 2866 3161 2911 est
3191 2858 3473 2925 unitatem,
3504 2862 3782 2930 2duplus,

2189 2941 2223 2994 3
2251 2940 2457 3007 triplus,
2489 2940 2523 2993 4
2549 2943 2895 3013 quadruplus,
2920 2953 3081 3015 atque
3108 2947 3179 3001 ita
3202 2949 3254 3002 in
3284 2951 3523 3007 ordinem
3558 2968 3783 3023 progrec

2192 3031 2442 3099 dientes,
2500 3048 2691 3088 omnes
2748 3044 3000 3090 texuntur
3050 3030 3375 3107 multiplices
3429 3044 3785 3111 quantitates.

2120 3159 2164 3219 Ο
2194 3125 2345 3192 Quod
2368 3133 2543 3211 autem
2567 3124 2767 3180 dictum
2793 3134 2895 3189 est,
2928 3128 3043 3195 plus
3064 3143 3220 3197 quam
3256 3132 3448 3198 semel,
3484 3134 3531 3185 id
3563 3149 3591 3186 a
3622 3136 3785 3190 bina-

2196 3218 2276 3271 rio
2314 3233 2537 3272 numero
2561 3217 2879 3289 principium
2907 3220 3072 3288 capit,
3097 3229 3159 3274 et
3188 3222 3238 3274 in
3263 3222 3523 3278 infinitum
3553 3242 3645 3292 per
3668 3236 3787 3283 ter-

2193 3310 2399 3365 narium
2426 3311 2953 3380 quaternariumque,
2984 3324 3039 3367 et
3068 3324 3381 3370 creterorum
3412 3318 3661 3374 ordinem
3701 3335 3787 3378 se-

2194 3402 2574 3471 quentiamque
2616 3402 2974 3472 progreditur.
3004 3402 3202 3459 Contra
3226 3407 3366 3463 hunc
3412 3424 3543 3464 vero
3578 3411 3789 3466 discri-

2195 3492 2429 3547 minatus
2457 3500 2538 3547 est
2566 3492 2654 3547 ille
2691 3494 2778 3560 qui
2832 3504 3053 3549 vocatur
3102 3497 3501 3566 submultiplex,
3554 3510 3607 3554 et
3666 3502 3787 3557 hac

2195 3596 2407 3652 quoque
2440 3581 2607 3650 prima
2656 3584 2876 3638 minoris
2914 3587 3226 3652 quantita:is
3263 3591 3467 3656 Species
3516 3599 3617 3643 est.
3688 3593 3790 3646 lii:

2198 3682 2373 3726 autem
2407 3688 2662 3729 numerus
2689 3673 2993 3741 bujusmodi
3022 3686 3125 3755 est,
3164 3678 3254 3747 qui
3277 3679 3329 3732 in
3355 3680 3574 3734 alterius
3622 3697 3793 3738 como

2199 3764 2475 3833 paratione
2500 3764 2808 3833 productus,
2832 3767 2949 3833 plus
2972 3782 3129 3837 quam
3151 3771 3317 3824 semel
3340 3772 3554 3839 majoris
3578 3788 3792 3830 nume-

2201 3865 2283 3911 rat
2310 3870 2592 3922 summam,
2624 3871 2719 3911 sua
2745 3858 2947 3913 scilicet
2991 3861 3286 3928 quantitate
3314 3877 3433 3917 cum
3460 3878 3527 3917 eo
3555 3868 3791 3933 atq-nli-

2200 3953 2282 3999 ter
2313 3944 2591 4011 incboans,
2620 3948 3000 4017 aequaliterque
3016 3948 3401 4007 determinans.
3432 3952 3573 4006 Idem
3594 3965 3793 4013 autem

2198 4039 2319 4094 dico
2342 4049 2588 4094 numerat
2614 4039 2755 4108 quod
2782 4041 3018 4095 metitur.
3041 4042 3097 4098 Si
3130 4043 3285 4113 igitur
3310 4044 3390 4099 bis
3419 4046 3590 4100 solum
3609 4050 3792 4116 majm

2199 4147 2314 4185 rem
2347 4146 2627 4186 numerum
2658 4132 2834 4186 minor
2864 4148 3115 4187 numerus
3163 4137 3431 4202 metiatur,
3480 4138 3795 4207 subdnplus

2200 4221 2500 4285 vocabitur,
2532 4224 2575 4275 si
2619 4235 2747 4276 vero
2799 4232 2877 4276 ter
2906 4222 3219 4292 subtriplus,
3262 4227 3305 4280 si
3336 4239 3524 4293 quater
3550 4229 3794 4297 subqua-

2202 4311 2444 4380 druplus,
2471 4320 2526 4366 et
2558 4311 2615 4365 fit
2640 4327 2732 4379 per
2761 4312 2876 4366 brec
2903 4312 2953 4366 itt
2987 4314 3248 4369 infinitum
3283 4319 3602 4387 progressio,
3634 4321 3793 4375 addi

2205 4412 2360 4473 taque
2374 4420 2468 4460 eos
2489 4420 2702 4473 semper
2720 4406 2817 4459 sub
2835 4407 3199 4473 propositione
3220 4408 3549 4473 nominabis,‘
3568 4418 3625 4462 ut
3652 4428 3799 4468 unus

2204 4494 2435 4548 duorum
2473 4495 2789 4562 subduplus,
2818 4497 2976 4549 trium
3008 4497 3323 4566 subtriplus,
3379 4497 3413 4549 4
3452 4499 3801 4567 subquad-ru.

2205 4587 2327 4655 plus
2350 4588 2668 4654 appelletur,
2700 4596 2755 4641 et
2781 4599 3191 4656 consequenter.
3222 4591 3351 4643 Cum
3399 4600 3577 4644 autem
3625 4604 3799 4645 natu-

2206 4677 2389 4730 raliter
2417 4676 2776 4744 ntultiplicitas
2825 4687 2879 4731 et
2924 4678 3388 4747 subtnultiplicitas
3438 4681 3644 4735 infinita
3704 4686 3804 4749 sit,

2205 4779 2390 4819 eorum
2420 4780 2630 4835 quoque
2679 4770 2884 4834 species
2907 4782 3001 4833 per
3028 4768 3270 4836 proprias
3308 4771 3691 4837 generationes
3750 4773 3805 4829 in

2204 4855 2409 4910 inﬁnita
2440 4857 2870 4911 consideratione
2896 4868 3194 4914 versantur.
3244 4860 3298 4914 Si
3338 4864 3479 4915 enim
3512 4864 3716 4929 positis
3750 4868 3809 4924 in

2206 4946 2431 5000 naturali
2458 4948 2835 5002 constitutione
2853 4949 3108 5013 numeris,
3133 4951 3372 5017 singulos
3397 4966 3490 5019 per
3514 4967 3643 5004 suas
3662 4970 3811 5009 con~

2203 5037 2509 5106 sequentias
2531 5052 2685 5105 pares
2705 5038 2887 5105 eligas,
2909 5036 3144 5091 omnium
3168 5039 3233 5091 ab
3255 5054 3363 5092 uno
3386 5041 3591 5107 parium
3627 5054 3812 5111 atque

2202 5125 2486 5195 imparium
2518 5139 2637 5180 sese
2666 5126 3000 5191 sequentium
3029 5125 3271 5193 duplices
3295 5136 3471 5193 erunt,
3521 5137 3569 5181 et
3632 5130 3815 5198 hujus

2205 5214 2587 5285 speculationis
2617 5215 2873 5269 terminus
2904 5230 3009 5269 non
3037 5216 3237 5270 deficit.
3271 5216 3502 5269 Ponatur
3529 5219 3687 5271 enim
3717 5238 3814 5273 na-

2204 5306 2389 5361 turalis
2437 5322 2688 5360 numerus
2714 5307 2813 5360 hoc
2840 5307 3021 5373 modo,
3062 5307 3114 5370 1,
3145 5305 3202 5371 2,
3234 5309 3285 5371 3,
3312 5309 3362 5369 4,
3391 5308 3443 5369 5,
3476 5307 3533 5372 6,
3562 5308 3615 5371 7,
3650 5310 3717 5371 8.
3755 5314 3817 5377 9,

2204 5398 2290 5462 10,
2326 5399 2413 5464 11,
2445 5399 2532 5465 12,
2567 5398 2655 5463 15,
2684 5396 2775 5461 14,
2807 5395 2889 5461 15,
2930 5398 3135 5462 16,17,
3172 5398 3259 5461 18,
3308 5399 3393 5464 19,
3435 5398 3525 5452 20.
3578 5399 3816 5457 Horum

2203 5502 2331 5556 ergo
2353 5489 2397 5542 si
2433 5490 2659 5556 primum
2688 5502 2867 5541 sumas
2888 5502 3095 5556 parem,
3130 5488 3182 5541 id
3204 5497 3286 5541 est
3318 5488 3369 5552 2,
3400 5489 3554 5556 primi
3584 5490 3818 5559 duplus

2205 5581 2331 5644 erit,
2361 5579 2411 5633 id
2442 5587 2524 5633 est
2548 5577 2785 5632 unitatis.
2810 5576 2869 5632 Si
2897 5591 3025 5631 vero
3050 5587 3358 5642 sequentem
3386 5592 3587 5644 parem,
3630 5581 3689 5632 id
3718 5595 3817 5637 est

2206 5671 2257 5735 4,
2284 5671 2499 5725 secundi
2528 5671 2721 5741 duplus
2741 5681 2838 5737 est,
2872 5671 2922 5725 id
2951 5678 3035 5727 est
3058 5669 3306 5724 duorum.
3338 5666 3394 5721 Si
3416 5682 3538 5720 vero
3560 5671 3817 5725 tertium
