4022 6366
254 348 387 408 HO!

1450 338 1538 393 DE
1586 331 2048 391 ARITRMETICA
2088 330 2218 385 LIB.
2257 328 2297 383 1.

3356 320 3495 373 H03

247 478 429 532 parem
458 473 659 525 sumas,
692 458 743 511 id
765 464 847 512 est
873 457 925 521 6,
958 456 1098 511 tertii
1130 454 1333 509 numeri
1362 453 1412 506 in
1443 450 1669 505 naturali
1689 462 1814 503 con-
1847 451 1897 507 Α
1926 441 2184 532 tenditur.
2220 440 2361 532 Voeo
2384 447 2558 493 autem
2584 437 2814 532 majores
2836 447 3087 527 numeros
3114 431 3496 532 dli-ecfemino-

246 555 520 610 stitutione
548 552 741 619 duplus
763 560 867 617 est,
911 550 962 603 id
994 560 1076 603 est
1106 548 1342 603 ternarii.
1375 546 1432 601 Si
1487 560 1613 599 vero
1652 559 1813 613 quar-

248 654 361 700 tum
391 659 573 714 parem
604 642 875 711 inspicias,
908 641 957 695 id
989 650 1072 695 est
1100 639 1151 705 8,
1185 638 1357 709 quarti
1387 636 1614 701 numeri,
1658 634 1708 688 id
1734 644 1817 690 est

247 734 573 804 quaternarii
602 732 791 800 duplus
820 740 922 785 est.
954 731 1197 800 Idemque
1228 732 1279 783 in
1316 729 1522 783 caeteris
1558 728 1609 781 in
1640 725 1815 779 infini-

248 833 360 878 tum
390 821 745 885 sumentibus,
778 820 893 875 sine
921 821 1098 889 aliquo
1148 818 1526 888 impedimento
1554 815 1810 883 procedit.

248 916 512 986 Triplices
536 925 711 971 autem
742 924 1048 978 nascuntur,
1082 916 1126 969 si
1176 914 1226 968 in
1255 914 1439 967 eadem
1470 910 1819 980 dispositione

250 1005 479 1063 naturali
505 1005 611 1060 duo
639 1020 850 1074 semper
879 1003 1319 1068 intermittantur,
1350 1014 1405 1058 et
1436 1003 1523 1072 qui
1575 1010 1693 1072 post
1715 1001 1821 1056 duo

250 1105 375 1149 sunt
398 1094 462 1148 ad
490 1094 784 1150 naturalem
832 1108 1110 1148 numerum
1138 1102 1535 1160 comparentur,
1594 1100 1823 1159 excepto

252 1182 506 1248 ternario,
539 1182 629 1253 qui
660 1192 717 1236 ut
744 1182 957 1236 unitatis
1000 1181 1189 1250 triplus
1227 1182 1314 1249 sit,
1347 1181 1517 1234 solum
1562 1179 1821 1249 binarium

251 1267 630 1343 praetermittit.
657 1274 780 1328 Post
812 1290 973 1328 unum
1005 1283 1058 1328 et
1085 1273 1211 1336 duo,
1243 1273 1277 1327 5
1318 1280 1463 1338 ευηι,
1494 1271 1580 1341 qui
1635 1269 1823 1339 triplus

254 1369 410 1421 unius
431 1376 532 1421 est.
564 1368 766 1421 Rursus
789 1378 907 1436 post
946 1367 979 1421 4
1004 1376 1057 1421 ει
1110 1368 1164 1434 5,
1199 1376 1322 1421 ειιηι
1368 1367 1421 1431 6,
1472 1366 1560 1435 qui
1603 1364 1820 1421 secundi

254 1455 485 1524 numeri,
519 1455 570 1509 id
597 1464 678 1510 est
705 1456 928 1510 duorum
984 1455 1170 1522 triplus
1202 1464 1301 1511 est.
1347 1455 1550 1508 Rursus
1601 1460 1717 1521 post
1762 1452 1816 1521 6,

254 1558 377 1599 sunt
404 1547 509 1601 7et
534 1547 585 1609 8,
612 1557 665 1601 et
694 1556 812 1617 post
842 1547 939 1601 hos
959 1547 1011 1613 9,
1045 1548 1132 1617 qui
1190 1548 1331 1601 tertii
1367 1546 1596 1610 numeri,
1647 1545 1698 1599 id
1742 1552 1825 1599 est

257 1637 477 1689 ternarii
524 1636 709 1704 triplus
734 1644 834 1690 est.
869 1636 1041 1706 Atque
1070 1637 1169 1690 boc
1201 1637 1337 1691 idem
1372 1637 1423 1689 in
1468 1624 1730 1689 inﬁnitum
1777 1633 1822 1688 si

257 1718 380 1795 quis
406 1728 581 1792 faciat,
611 1727 725 1781 sine
756 1727 859 1780 ulla
883 1726 1174 1781 otl‘ensione
1201 1724 1458 1796 procedit.
1492 1725 1822 1793 Quadruple-

1923 530 2274 609 res.comites.
2332 523 2905 598 Superparticulariuin
2936 540 3149 595 quoque
3182 522 3384 577 inﬁnita
3414 531 3497 574 est

1923 620 2223 687 multitudo,
2255 619 2323 673 ob
2346 634 2463 674 eam
2493 635 2606 674 rem
2643 619 2783 688 quod
2825 618 3063 686 ejusdem
3095 615 3299 685 species
3329 614 3495 665 inter-

1923 709 2159 763 minabili
2186 709 2554 779 progressione
2578 709 2886 777 funguntur.
2918 708 3155 774 Namque
3176 704 3499 773 sesquialter

1926 801 2142 856 habebit
2171 800 2383 870 quidem
2414 802 2575 855 duces
2607 815 2793 854 omnes
2821 809 2939 869 post
2971 799 3261 853 ternarium
3311 813 3500 852 nume.

1928 908 2041 946 rum
2068 892 2383 945 naturaliter
2413 892 2671 959 triplices.
2702 890 2934 944 Comites
2980 904 3128 952 vero,
3172 903 3357 943 omnes
3386 898 3505 957 post

1930 984 2190 1037 binarium
2220 982 2529 1037 naturaliter
2557 998 2731 1050 pares,
2757 983 2855 1035 hoc
2884 982 3062 1042 modo,
3091 993 3145 1034 ut
3169 981 3370 1048 primus
3395 980 3503 1047 pri-

1934 1088 2040 1137 mo,
2066 1072 2331 1127 secundus
2361 1071 2614 1134 secundo,
2642 1071 2829 1124 tertius
2860 1070 3015 1125 tertio
3046 1080 3408 1139 comparetur,
3452 1080 3507 1122 et

1932 1161 2203 1231 deinceps.
2238 1161 2611 1217 Describautur
2635 1160 2777 1215 enim
2800 1160 3093 1223 longissimi
3118 1175 3304 1214 versus
3332 1158 3505 1228 tripli-

1930 1253 2072 1305 cium
2131 1252 2386 1307 naturalis
2414 1252 2619 1307 numeri
2668 1262 2826 1321 atque
2880 1250 3191 1320 duplicium,
3231 1262 3282 1305 et
3311 1253 3379 1304 sit
3407 1251 3508 1305 hoc

1932 1342 2092 1396 modo
2115 1358 2130 1396 :

2962 1597 3275 1607 —____._

3281 1595 3512 1609 Ἢ

1934 1451 3331 1527 4W

2098 1532 3332 1595 I5l6[9ll2ll$|l8|2l|2t|27|30|

2100 1612 3333 1677 te[tteleuetteittjiettsieot

1931 1724 2137 1778 Primus
2160 1726 2322 1797 igitur
2362 1740 2545 1779 versus
2585 1726 2825 1780 continet
2868 1740 3146 1778 numerum
3194 1721 3511 1786 naturalem,

260 1810 379 1872 rum
428 1834 551 1873 vero
581 1818 851 1887 generatio
879 1817 1063 1887 incipit
1084 1858 1099 1878 ,
1153 1818 1196 1872 si
1248 1817 1365 1886 quis
1415 1826 1522 1870 tres
1573 1829 1823 1869 numeros
1858 1801 2195 1873 Bsecundus
2221 1820 2336 1885 ejus
2363 1819 2649 1887 triplicem,
2677 1820 2863 1874 tertius
2884 1834 3014 1873 vero
3040 1817 3329 1887 duplicem,
3357 1827 3517 1884 atque

258 1906 594 1963 intermittat.
628 1909 753 1963 Post
779 1924 939 1962 unum
967 1909 1161 1978 quippe
1192 1916 1243 1961 et
1264 1907 1297 1959 2
1319 1917 1372 1961 et
1400 1908 1453 1969 5,
1490 1914 1612 1959 sunt
1650 1903 1704 1971 ιι,
1738 1904 1827 1974 qui

258 2000 415 2069 primi
442 2040 457 2066 ,
489 2000 539 2054 id
562 2009 645 2055 est
682 2000 857 2067 unius,
888 2000 1215 2068 quadruplus
1240 2009 1340 2053 εει.
1372 1998 1575 2052 Rursus
1599 1998 1641 2052 si
1670 1998 1832 2052 inter-

259 2092 457 2145 misere
485 2089 1120 2159 quinarium,senarium,
1164 2097 1218 2143 et
1258 2088 1642 2156 septenarium,
1684 2096 1834 2143 octo-

262 2182 443 2236 narius
486 2182 612 2235 mibi
647 2190 867 2251 quartus
903 2181 1164 2249 occurrit,
1207 2180 1374 2234 tribus
1412 2179 1617 2235 scilicet
1662 2178 1828 2233 inter-

261 2273 461 2336 tnissis,
492 2273 580 2337 qui
613 2272 823 2335 biuarii,
856 2272 905 2326 id
930 2282 1011 2327 est
1065 2272 1284 2326 secundi
1329 2272 1557 2335 numeri,
1598 2270 1833 2339 quadru-

262 2362 384 2430 plus
406 2372 505 2416 est.
536 2362 604 2415 At
631 2377 757 2417 vero
786 2363 829 2417 si
860 2370 978 2430 post
998 2371 1118 2416 octo
1151 2370 1257 2416 tres
1288 2362 1545 2415 terminos
1588 2360 1829 2414 intermi-

263 2467 408 2518 sero,
438 2452 489 2507 id
518 2454 650 2509 est9
679 2464 731 2509 et
764 2454 829 2509 10
858 2463 911 2509 ει
940 2454 1026 2517 ll,
1078 2452 1436 2507 duodenarius
1474 2452 1564 2521 qui
1596 2451 1834 2521 sequitur

264 2544 485 2598 ternarii
507 2546 714 2599 numeri
742 2544 1066 2614 quadruplus
1114 2551 1215 2599 est.
1249 2548 1419 2610 Atque
1448 2532 1549 2597 hoc
1575 2543 1715 2597 idem
1778 2544 1831 2597 in

264 2631 527 2687 inﬁnitum
556 2635 849 2703 progressis
874 2648 1096 2689 necesse
1138 2642 1219 2689 est
1251 2634 1485 2696 evenire,
1516 2649 1835 2703 semperque

265 2738 370 2777 una
399 2725 742 2779 terminorum
780 2724 1173 2779 intermissione
1228 2725 1273 2778 si
1328 2732 1534 2779 crescat
1584 2724 1833 2791 adjectio,

266 2814 538 2869 ordinatas
565 2825 616 2871 te
641 2815 943 2885 multiplicis
960 2818 1166 2871 numeri
1188 2817 1331 2871 vices
1354 2817 1592 2871 invenire
1614 2816 1841 2871 mirabe-

267 2904 365 2961 ris.
396 2905 451 2960 Si
480 2906 621 2960 enim
660 2905 695 2958 4
722 2907 1063 2973 intermittas,
1095 2906 1419 2975 quineuplus
1450 2908 1739 2969 invenitur,
1794 2906 1839 2961 si

269 2999 501 3070 quinque
520 2999 827 3069 sexeuplus,
843 3000 888 3054 si
910 3014 1002 3055 sex
1025 3000 1323 3069 septuplus,
1338 3014 1655 3069 semperque
1674 3000 1841 3068 ipsius

268 3089 678 3158 multiplicitatis
706 3091 919 3144 nomine
937 3105 1043 3144 uno
1064 3091 1239 3145 minus
1259 3091 1669 3147 intermissionis
1691 3106 1841 3146 voca-

1934 1912 1985 1962 in
2017 1924 2081 1963 eo
2105 1910 2149 1963 si
2174 1910 2437 1964 ternarius
2460 1910 2686 1977 binario,
2710 1911 2794 1964 vel
2822 1910 2865 1964 si
2890 1909 3130 1963 senarius
3150 1906 3515 1979 quaternario.

1935 2002 2015 2053 vel
2049 2001 2367 2054 novenarius
2424 2000 2633 2054 senario
2680 2009 3043 2066 comparetur,
3092 2001 3167 2054 rel
3202 2013 3391 2051 omnes
3422 1998 3517 2050 tri-

1936 2091 2103 2159 plices
2125 2093 2431 2159 superiores
2462 2093 2505 2145 si
2538 2092 2837 2158 duplicibus
2868 2094 3103 2146 numeris
3142 2092 3519 2160 consequenti-

1938 2182 2038 2238 bus
2069 2191 2428 2251 opponantur,
2466 2182 2735 2249 bemiolia,
2770 2183 2821 2237 id
2866 2199 2897 2237 e
2930 2191 2950 2237 t
3000 2184 3343 2251 sesquialtera
3402 2196 3520 2247 [1'0-

1939 2271 2115 2339 portio
2157 2280 2429 2337 nascetur,
2471 2280 2582 2325 tres
2632 2273 2772 2327 enim
2806 2272 3003 2327 habent
3052 2273 3187 2326 intra
3216 2287 3275 2326 se
3314 2272 3442 2335 duo,
3470 2283 3521 2325 et

1938 2378 2125 2417 eorum
2159 2362 2385 2416 mediam
2412 2372 2637 2432 partem,
2664 2363 2715 2416 id
2741 2372 2823 2417 est
2855 2364 2904 2424 l,
2948 2377 3039 2417 sex
3090 2376 3299 2431 quoque
3351 2362 3520 2413 conti-

1942 2460 2068 2506 nent
2095 2453 2231 2505 intra
2268 2466 2325 2506 se
2349 2454 2402 2521 4,
2433 2464 2485 2507 et
2516 2468 2698 2506 eorum
2734 2454 3105 2515 medietatem,
3157 2453 3205 2505 id
3254 2461 3337 2507 est
3365 2452 3419 2514 2,
3469 2466 3525 2503 et

1940 2557 2129 2595 novem
2162 2542 2297 2609 intra
2331 2558 2390 2596 se
2410 2543 2678 2596 senarium
2727 2544 3000 2607 claudunt,
3034 2552 3087 2597 et
3133 2543 3249 2612 ejus
3292 2542 3520 2596 mediam

1936 2643 2165 2701 pzrtem,
2194 2634 2244 2686 id
2268 2642 2350 2687 est
2379 2636 2434 2697 5,
2468 2635 2762 2703 eodemque
2788 2634 2943 2687 modo
2986 2635 3037 2688 in
3074 2635 3301 2687 creteris.
3338 2633 3524 2686 Dicen-

1942 2722 2067 2776 dum
2100 2739 2227 2777 vero
2258 2725 2300 2777 si
2348 2724 2470 2792 quis
2516 2726 2804 2777 secundam
2847 2725 3082 2793 speciem
3131 2725 3524 2791 superparticu-

1942 2818 2070 2871 laris
2103 2820 2307 2872 numeri
2332 2819 2676 2873 considerare
2708 2819 2999 2883 desideret,
3043 2818 3092 2871 id
3122 2828 3201 2871 est
3232 2819 3525 2887 sesqu'ter-

1941 2911 2093 2980 tiam,
2139 2912 2277 2981 quali
2332 2912 2537 2966 ratione
2587 2911 2837 2979 reperiat.
2892 2911 2966 2965 Ac
3015 2909 3255 2964 definitio
3310 2910 3522 2973 quidem

1944 3002 2103 3070 hujus
2133 3002 2551 3069 comparationis
2579 3001 2701 3055 talis
2748 3009 2849 3054 est.
2881 2998 3263 3069 Sesquitertius
3293 3008 3393 3062 est,
3436 3001 3527 3067 qui

1954 3092 2147 3145 minori
2179 3102 2539 3159 comparatus,
2568 3091 2725 3144 habet
2754 3105 2875 3143 eum
2907 3089 3070 3144 semel
3099 3101 3149 3142 et
3180 3089 3293 3157 ejus
3318 3089 3529 3141 tertiam

267 3182 398 3238 bulo
428 3192 788 3250 procreantur.
822 3182 952 3237 Nam
979 3182 1171 3252 duplus
1198 3199 1359 3238 unum
1394 3183 1715 3249 intermittit,
1749 3184 1841 3238 tri-
1870 3152 1917 3218 Ο
1952 3191 2185 3251 partem;
2210 3184 2301 3237 sed
2325 3183 2377 3235 lti
2400 3183 2743 3237 inveniuntur
2770 3182 3098 3247 si,omnibus
3129 3196 3157 3232 a
3190 3182 3532 3249 quaternario

268 3278 392 3345 plus
417 3276 472 3339 2,
503 3276 824 3345 quadruplus
845 3277 897 3339 5,
924 3276 1242 3345 quineuplus
1286 3277 1341 3331 4.
1388 3277 1454 3330 Et
1495 3277 1748 3346 deinceps
1777 3276 1842 3331 ad

270 3365 520 3421 eumdem
551 3364 789 3419 ordinem
825 3367 1099 3434 sequentia
1145 3374 1246 3419 est.
1297 3366 1363 3419 Et
1402 3380 1588 3419 omnes
1630 3366 1842 3432 q-iidem

271 3456 420 3525 dupli
450 3454 738 3509 secundum
771 3456 1012 3522 pr0prias
1036 3454 1338 3525 sequentias
1365 3456 1569 3524 parium
1591 3470 1841 3510 numero-

272 3561 392 3601 rum
424 3560 578 3615 pares
604 3554 745 3599 sunt.
775 3546 940 3613 Tripli
965 3561 1111 3610 vero,
1141 3562 1275 3600 unus
1304 3561 1516 3615 semper
1544 3563 1637 3615 par
1666 3550 1847 3601 termi~

274 3650 400 3701 nus,
429 3636 602 3705 impar
625 3635 759 3690 alius
782 3637 1067 3690 invenitur.
1124 3637 1416 3705 Quadrupli
1468 3653 1617 3701 vero,
1665 3654 1848 3693 rursus

276 3740 493 3794 semper
519 3740 699 3795 parem
728 3724 1034 3779 custodiunt
1073 3726 1443 3793 quantitatem.
1498 3725 1847 3779 Constituun-

277 3824 472 3884 turque
494 3830 525 3870 a
556 3825 743 3885 quarto
774 3831 1017 3880 numero,
1047 3830 1152 3870 uno
1180 3831 1243 3869 ex
1271 3816 1541 3883 prioribus
1580 3830 1673 3882 per
1710 3817 1853 3869 ordi-

279 3920 408 3961 nem
438 3906 627 3974 positis
650 3906 866 3973 paribus
894 3906 1221 3973 intermisso,
1246 3906 1418 3974 primo
1467 3906 1581 3974 pari
1629 3906 1853 3973 bittario,

279 4004 405 4065 post
428 3995 566 4049 hunc
590 3994 623 4049 8
646 3995 947 4049 intermisso
986 3996 1218 4063 senario,
1278 4004 1397 4063 post
1425 3994 1567 4049 hunc
1600 3997 1665 4049 i2
1688 4005 1859 4051 trans-

280 4086 453 4139 misso
502 4085 741 4139 denario.
772 4088 943 4155 Atque
971 4086 1071 4140 hoc
1100 4085 1238 4140 idem
1276 4086 1325 4139 in
1358 4087 1591 4142 caeteris.
1626 4086 1858 4151 Quincu-

278 4175 357 4245 pli
382 4189 510 4229 vero
532 4174 839 4244 propositio,
875 4175 1162 4229 secundum
1190 4176 1411 4244 triplicis
1432 4176 1857 4242 similitudimm,

277 4267 589 4320 alternatim
606 4281 687 4336 par
703 4267 819 4323 ibus
836 4279 994 4337 atque
1019 4268 1307 4336 imparibus
1325 4269 1532 4337 positis,
1564 4269 1858 4322 ordinatur.

856 4358 1079 4415 CAPUT
1114 4360 1305 4413 XXIV.

1956 3287 2181 3326 numero
2210 3273 2559 3325 continuatim
2586 3271 2895 3342 quadruplis
2922 3271 3247 3337 constitutis,
3297 3286 3325 3323 a
3357 3281 3532 3325 terna-

1954 3364 2034 3417 rio
2062 3380 2285 3419 numero
2318 3365 2551 3432 triplices
2605 3375 3004 3432 comparentur,
3060 3374 3321 3432 eruntque
3374 3363 3535 3418 duces

1952 3454 2256 3524 quadrupli,
2284 3455 2506 3510 comites
2538 3456 2700 3525 tripli.
2734 3456 2813 3511 Sit
2836 3456 2979 3510 enim
3004 3454 3057 3508 in
3085 3456 3271 3510 ordine
3300 3454 3398 3507 ltoc
3423 3469 3536 3507 mo-

1952 3544 2022 3598 do
2044 3561 2299 3600 numerus
2328 3546 2608 3610 naturalis,
2637 3558 2691 3600 ut
2720 3548 2819 3600 sub
2846 3562 2911 3600 eo
2938 3546 3241 3613 quadrupli,
3274 3553 3329 3599 et
3351 3544 3447 3597 sub
3469 3558 3537 3598 eo

1954 3636 2097 3704 tripli
2126 3636 2253 3699 sint,
2299 3651 2504 3704 suppon
2526 3646 2629 3690 itur
2660 3638 2755 3690 sub
2792 3637 2975 3706 primo
3010 3636 3305 3704 quadruplo
3339 3637 3538 3701 primus

1958 3728 2167 3794 triplus,
2202 3728 2300 3781 sub
2330 3728 2573 3780 secundo
2601 3728 2887 3788 secundus,
2930 3728 3028 3779 sub
3060 3726 3215 3779 tertio
3247 3726 3452 3783 tertius,
3486 3734 3539 3777 et

1961 3816 2149 3870 eodem
2181 3816 2342 3869 modo
2380 3818 2556 3869 cuncti
2587 3817 2825 3885 ejusdem
2875 3816 3030 3884 primi
3082 3830 3267 3869 versus
3308 3816 3447 3882 tripli
3485 3817 3535 3867 in

1963 3906 2203 3960 ordinem
2224 3906 2535 3975 dirigantur.

2030 4000 2239 4009 _...————.

1986 4002 3541 4087 "TT—FW

2144 4098 3381 4158 |t|s|12|teleoletl28l32|

2096 4180 3379 4240 .tsletsltzttsltstetlatt

3182 4243 3545 4255 ———————

1967 4280 2129 4349 Igitur
2152 4284 2379 4349 primum
2415 4285 2587 4350 primo
2615 4284 2657 4337 si
2684 4298 2989 4353 compares,
3038 4284 3377 4351 sesquitertia
3409 4285 3544 4335 ratio

1969 4376 2345 4430 continebitur.
2377 4376 2506 4430 Nam
2535 4378 2579 4431 si
2608 4378 2640 4432 4
2668 4378 2834 4432 tribus
2865 4391 3162 4444 compares,
3194 4375 3457 4430 habebunt
3489 4375 3543 4427 in

360 4450 440 4504 De
467 4451 935 4521 superparticulari,
969 4452 1175 4521 ejusque
1203 4452 1483 4520 speciebus,
1525 4467 1796 4521 earumque

1972 4483 2031 4522 se
2056 4470 2112 4534 4,
2147 4478 2313 4523 telum
2343 4469 2631 4523 ternarium
2654 4478 2708 4523 et
2735 4470 2851 4537 ejus
2876 4469 3087 4523 tertiam
3134 4476 3359 4537 partem,
3394 4468 3442 4521 id
3466 4477 3549 4521 est

872 4543 1300 4614 generationibus.

289 4632 293 4635 ⁷
360 4634 873 4705 Snperpartieularis
928 4650 1055 4689 vero
1098 4646 1179 4689 est
1229 4652 1483 4691 numerus
1532 4638 1597 4691 ad
1629 4638 1860 4693 alterum

273 4734 654 4794 comparatus,
688 4727 929 4795 quotiens
954 4726 1110 4779 habet
1145 4726 1195 4779 in
1227 4741 1285 4780 se
1317 4736 1483 4781 totum
1518 4730 1778 4785 minorem
1817 4739 1871 4785 et

277 4824 503 4885 partem
534 4816 648 4884 ejus
679 4815 927 4886 aliquam.
961 4815 1056 4880 Qui
1103 4816 1146 4868 si
1180 4816 1402 4871 minoris
1450 4817 1642 4872 habeat
1672 4818 1872 4873 medie-

275 4916 488 4970 tatem,
515 4914 733 4959 vocatur
776 4905 1114 4975 sesquialter,
1140 4905 1183 4959 si
1222 4921 1349 4960 vero
1398 4908 1606 4961 tertiam
1638 4917 1868 4976 partem,

270 4998 524 5051 ‘vocatur
576 4995 964 5064 sesquitertius,
997 4996 1038 5048 si
1073 5011 1199 5049 vero
1225 5004 1486 5065 quartam,
1514 5007 1733 5051 vocatur
1760 5014 1873 5054 ses-

200 5138 223 5176 Χ
269 5084 638 5155 quiquartus,
660 5092 716 5136 et
735 5083 780 5137 si
805 5084 1065 5152 quintam,
1087 5095 1307 5139 vocatur
1328 5088 1745 5157 scsquiquintus.
1780 5090 1874 5143 At-

266 5191 406 5246 que
434 5174 517 5228 his
538 5176 842 5229 nominibus
878 5177 929 5229 in
980 5177 1241 5232 inﬁnitum
1271 5179 1374 5234 duc
1401 5182 1467 5247 is,
1525 5183 1577 5234 in
1616 5182 1879 5237 iulittitum

262 5278 517 5336 quoque
571 5265 1129 5333 superpartieularium
1184 5268 1351 5322 forma
1402 5273 1757 5340 progreditur.
1814 5274 1880 5329 Et

261 5359 535 5424 majores
561 5357 772 5425 quidem
803 5359 1005 5413 numeri
1037 5359 1135 5412 hoc
1160 5360 1315 5414 modo
1342 5374 1618 5431 vocantur,
1640 5362 1877 5418 minores

259 5458 438 5504 vero
465 5446 551 5513 qui
576 5445 836 5499 habentur
875 5448 969 5499 toti
1019 5458 1071 5502 et
1120 5464 1306 5502 eorum
1333 5450 1510 5519 aliqua
1560 5468 1705 5519 pars,
1739 5470 1875 5508 unus

257 5536 746 5601 subsesmialter,
778 5536 914 5589 alter
942 5538 1431 5604 subsesquitertius,
1477 5542 1611 5593 alius
1662 5543 1876 5597 subses-

255 5626 640 5697 qniquartus,
673 5626 808 5680 alius
838 5642 964 5681 vero
992 5628 1507 5697 subsesqniquintus,
1548 5642 1704 5699 atque
1737 5636 1873 5688 idem

248 5708 601 5776 secundum
630 5716 886 5785 majorum
926 5733 1159 5773 normam
1210 5720 1706 5790 multitudinemque
1754 5741 1876 5792 pro-

1972 4563 2023 4624 1,
2056 4568 2110 4613 ει
2135 4559 2180 4615 si
2207 4559 2497 4614 secundum
2520 4560 2778 4626 secundo,
2809 4562 2856 4615 id
2881 4571 2959 4616 est
2983 4562 3312 4616 octonarium
3335 4560 3549 4614 senario

1971 4665 2267 4717 compares,
2312 4650 2449 4705 idem
2481 4652 2719 4707 invenies
2752 4652 3004 4707 :ltabebil
3048 4654 3189 4715 enim
3238 4654 3550 4711 octonarius
3628 4715 3645 4727 .

1974 4740 2242 4795 senarium
2274 4749 2462 4806 totum,
2491 4750 2545 4796 et
2568 4743 2682 4809 ejus
2726 4743 2936 4797 tertiam
2969 4754 3197 4812 partem,
3226 4744 3279 4797 id
3301 4752 3382 4799 est
3409 4745 3466 4809 2,
3496 4752 3553 4797 et

1976 4842 2070 4895 per
2098 4828 2341 4883 eamdem
2367 4832 2697 4899 sequentiam
2742 4848 2909 4902 usque
2943 4835 2993 4887 in
3038 4833 3301 4889 inﬁnitum
3334 4848 3552 4900 progre-

1974 4918 2226 4973 diendum
2258 4931 2363 4976 est.
2396 4922 2693 4978 Notandum
2723 4940 2935 4992 quoque
2962 4926 3203 4993 estquod
3248 4928 3281 4978 3
3329 4923 3553 4979 comites

1975 5017 2119 5072 sunt,
2151 5008 2313 5063 duces
2344 5010 2398 5063 ι.
2425 5011 2625 5066 Rursus
2659 5013 2956 5080 Geomites,
2995 5014 3158 5069 duces
3197 5012 3250 5076 8,
3282 5022 3335 5066 et
3366 5013 3415 5064 in
3462 5025 3554 5071 εο-

1975 5100 2095 5153 dem
2125 5099 2309 5153 ordine
2328 5103 2507 5156 caeteri
2532 5104 2690 5157 simili
2712 5104 2870 5158 modo
2888 5112 3144 5159 vocantur
3167 5102 3327 5156 duces
3350 5102 3554 5169 sesqui-

1983 5196 2088 5242 tcrt
2113 5187 2148 5251 i,
2180 5191 2402 5244 comites
2423 5191 2870 5261 subsesquitertii,
2894 5195 3015 5248 etin
3038 5192 3243 5247 cunctis
3266 5191 3553 5245 secundum

1985 5276 2125 5330 ltunc
2152 5279 2369 5332 modum
2403 5282 2571 5348 posita
2598 5283 2849 5337 convenit
2893 5298 3107 5337 servare
3134 5282 3414 5347 vocabula.

2560 5373 2786 5429 CAPUT
2827 5374 2984 5427 XXV.

1989 5457 2063 5514 De
2114 5460 2338 5531 quodam
2386 5461 2498 5514 utili
2526 5464 2593 5514 ad
2633 5464 2969 5531 cognitionem
3010 5461 3559 5533 superparticularibm

2622 5552 2899 5605 accidente.

2058 5638 2169 5693 Hoc
2190 5649 2367 5693 autem
2398 5640 2712 5695 admirabile.
2742 5640 3322 5711 profundissimumque
3354 5643 3405 5694 in
3435 5642 3558 5692 istn-

1987 5747 2101 5785 rmn
2134 5733 2410 5788 ordinibus
2452 5734 2736 5796 invenitur,
2769 5732 2909 5799 quod
2962 5734 3162 5801 primus
3194 5734 3296 5787 dux
3332 5734 3560 5801 primus-
