4022 6366
473 318 613 393 tto:

1700 333 1808 388 AN.
1841 332 2045 387 MANL.
2086 331 2237 386 SEV.
2285 331 2506 385 BOETH

3593 334 3736 388 “0A

470 468 575 523 quo
604 468 783 509 comes
810 452 875 508 ad
902 467 960 507 se
988 451 1213 506 invicem
1248 448 1392 505 nulla
1433 421 1641 505 numeri
1690 449 2044 505 intermissio-
2077 452 2127 511 Α
2221 450 2386 504 εἰιιὺιιι
2416 450 2751 517 antiquiorem
2793 465 2902 503 em
2926 447 3275 517 multiplicem,
3307 457 3354 502 et
3385 448 3595 518 digestae
3615 451 3727 521 for-

471 561 540 599 ne
568 545 903 614 copulantur.
948 542 1077 596 Nam
1107 542 1261 610 primi
1302 557 1361 596 se
1413 542 1555 596 nullo
1584 541 1636 595 in
1667 540 1843 596 medio
1871 541 2045 610 posito

471 643 765 704 transeunt,
801 634 1019 689 secundi
1055 634 1399 703 interponunt
1426 632 1478 696 1,
1510 632 1650 686 tertii
1681 632 1838 697 duos,
1864 630 2039 701 quarti

469 729 522 789 5,
563 735 616 779 et
656 724 909 794 deinceps
939 738 1041 778 una
1072 738 1285 792 semper
1332 725 1535 778 minore
1578 738 1736 791 quam
1787 722 1887 791 ipsi
1919 733 2043 776 sunt

470 814 862 870 intermissione
889 823 1251 870 succrescunt.
1281 814 1452 883 Atque
1477 814 1577 868 hoc
1601 816 1681 868 vel
1714 815 1766 867 in
1790 813 2046 883 sesquial-

470 907 617 969 teris,
654 906 735 960 vel
766 907 817 960 in
844 906 1217 977 sesquitertiis,
1248 905 1329 961 vel
1356 907 1406 959 itt
1437 905 1556 959 aliis
1596 904 2045 974 superparticula-

467 996 541 1049 ris
571 997 809 1064 partibus
841 1011 1062 1051 necesse
1082 1009 1164 1052 est
1190 996 1435 1051 inveniri.
1480 996 1719 1066 Namque
1748 1004 1806 1050 ut
1831 1004 2046 1066 quater—

469 1085 647 1140 narius
678 1095 862 1141 contra
910 1087 1202 1142 ternarium
1234 1097 1593 1156 comparetur,
1643 1086 1844 1140 nullum
1877 1086 2044 1140 inter—

468 1175 733 1242 misimus,
761 1188 884 1246 post
909 1178 941 1233 5
969 1178 1111 1231 enim
1142 1193 1264 1232 mox
1293 1178 1325 1231 4
1357 1188 1498 1232 sunt.
1545 1180 1613 1231 At
1657 1192 1784 1231 vero
1812 1176 1844 1231 6
1865 1186 2046 1232 contra

466 1268 522 1333 8,
554 1269 606 1323 in
636 1273 872 1324 secundo
900 1270 1104 1325 scilicet
1133 1271 1497 1340 sesquitertio,
1541 1285 1643 1324 una
1687 1268 1825 1324 facta
1856 1278 1939 1325 est
1970 1270 2044 1323 in-

468 1359 756 1414 termissio.
810 1360 955 1414 Inter
1000 1360 1034 1414 6
1087 1361 1228 1415 enim
1256 1371 1309 1415 et
1338 1362 1371 1415 8
1405 1360 1558 1415 solus
1603 1370 1685 1414 est
1716 1347 2049 1429 septenarius

466 1449 557 1515 qui
600 1449 941 1505 transmissus
997 1459 1078 1505 est
1128 1465 1401 1505 numerus.
1452 1450 1658 1504 Rursus
1685 1458 1742 1502 ut
1790 1449 1822 1503 9
1862 1458 2048 1503 contra

468 1542 538 1596 12
558 1556 959 1611 comparemus,
986 1543 1073 1612 qui
1102 1552 1227 1597 sunt
1257 1544 1311 1596 in
1346 1542 1697 1611 dispositione
1722 1541 1889 1607 tertii,
1917 1540 2051 1595 duo-

467 1647 583 1685 rum
606 1632 901 1687 mediorum
929 1642 1013 1688 est
1050 1632 1186 1687 facta
1218 1634 1569 1687 transmissio.
1603 1632 1744 1685 Inter
1765 1632 1796 1684 9
1825 1632 1968 1685 enim
1996 1640 2050 1685 et

466 1725 534 1776 H
580 1732 702 1778 sunt
733 1726 799 1779 tu
827 1732 881 1779 et
911 1725 1019 1790 11;
1062 1724 1351 1779 secundum
1398 1723 1541 1777 hunc
1592 1724 1807 1777 modum
1860 1732 2045 1792 quarta

468 1814 749 1882 dispositio
775 1816 826 1881 ὅ,
869 1815 1052 1885 quinta
1080 1817 1111 1870 4
1142 1816 1467 1869 intermittit.

1027 1905 1250 1961 CAPUT
1296 1905 1486 1959 XXVI.

471 1998 756 2067 Descriptio
780 2016 868 2070 per
891 2017 1042 2069 quam
1067 2002 1274 2053 docetur
1312 2001 1506 2053 arteria
1540 1998 1899 2065 ina’qualitatis
1941 2011 2054 2063 spc-

1164 2129 1201 2177 Τ
1208 2138 1435 2181 etragona

1021 2313 1056 2366 ες

1012 2394 1057 2456 ’ἐ

1021 2497 1056 2568 ἓ

1026 2592 1274 2611 hl-I————

1010 2619 1058 2655 Ω-

1011 3299 1057 3376 ἓ

1019 3395 1059 3411 -δ

1016 3418 1059 3446 ’.τι

1025 3453 1058 3476 at

1012 3481 1058 3515 δὲ

1501 3813 1884 3827 ----ι---
1898 3813 2093 3827 I—

1172 4237 1394 4288 Secunda
1419 4241 1577 4290 unitas

1015 4360 1242 4417 CAPUT
1280 4360 1494 4416 XXVII.

676 4455 831 4508 Ratio
858 4463 1009 4525 atque
1054 4455 1303 4523 expositio
1333 4454 1541 4525 digesta:
1570 4454 1825 4522 formulae.

546 4543 606 4599 Si
634 4542 796 4613 igitur
823 4545 929 4599 duo
953 4545 1121 4615 prima
1153 4546 1319 4601 latera
1343 4546 1626 4614 pr0positze
1663 4546 1906 4601 formula
1931 4560 2050 4615 qua:

388 4694 401 4703 ,
470 4634 673 4691 faciunt
701 4636 976 4706 angulum,
1009 4637 1075 4691 ab
1102 4652 1210 4692 uno
1236 4637 1303 4691 ad
1342 4632 1430 4701 1οζ
1490 4646 1544 4692 et
1590 4638 1657 4692 10
1704 4637 2048 4706 procedentia

472 4726 850 4795 respiciantur,
881 4735 937 4783 et
956 4728 1039 4783 his
1054 4728 1385 4785 subteriores
1408 4728 1625 4783 ordines
1651 4737 2047 4797 comparentur,

468 4817 556 4887 qui
586 4816 789 4873 scilicet
816 4834 846 4873 a
874 4820 909 4873 ι
938 4819 1186 4888 angulum
1237 4819 1576 4897 incipientes,
1604 4819 1658 4873 in
1689 4819 1911 4887 vigenos
1943 4827 2049 4874 ter-

468 4909 671 4963 minum
701 4917 926 4977 ponunt,
956 4907 1173 4978 duplex,
1206 4908 1260 4963 id
1285 4917 1369 4964 est
1408 4909 1582 4977 prima
1628 4910 1839 4977 species
1869 4909 2050 4963 multi-

467 4999 718 5071 plicitatis
746 4997 1063 5065 ostenditur,
1093 4997 1165 5053 ita
1208 5006 1267 5053 ut
1308 4999 1511 5068 primus
1540 4999 1774 5067 primum
1822 4998 1935 5053 sola
1960 5014 2047 5053 su-

468 5097 617 5158 peret
672 5091 895 5155 unitate,
949 5098 1008 5144 ut
1060 5088 1166 5144 duo
1195 5103 1382 5156 unum,
1431 5088 1701 5145 secundus
1751 5088 2048 5145 secundum

466 5180 676 5235 binario
703 5179 1046 5249 supervadat,
1074 5186 1132 5234 ut
1158 5180 1529 5250 quaternarius
1549 5179 1839 5247 binarium,
1862 5179 2049 5236 tertius

466 5269 681 5324 tertium
712 5269 905 5333 tribus,
936 5277 995 5323 ut
1020 5267 1266 5324 senarius
1297 5270 1613 5334 ternarium,
1642 5276 1860 5338 quartus
1889 5283 2048 5337 quar—

452 5346 609 5425 Itum,
672 5358 1002 5428 quaternarii
1058 5358 1443 5414 numerositate
1500 5359 1870 5425 transcendat,
1914 5367 1974 5413 ut
2015 5358 2050 5416 8

432 5450 892 5519 "quaternarium,
920 5456 974 5505 et
999 5465 1097 5521 per
1116 5449 1357 5505 eamdem
1377 5449 1553 5504 cuncti
1572 5450 1904 5520 sequentiam
1925 5464 2045 5505 sese

455 5542 693 5635 lminoris
718 5541 1024 5611 pluralitate
1053 5550 1394 5611 praetereant.
1426 5540 1484 5596 Si
1505 5556 1633 5595 vero
1664 5542 1852 5596 tertius
1876 5556 2044 5611 angu-

467 5634 549 5687 lus
571 5634 877 5700 aspiciatur,
904 5633 993 5703 qui
1016 5633 1082 5687 a’b
1102 5634 1135 5688 9
1154 5632 1437 5700 inchoans,
1458 5631 1838 5701 longitudinem
1861 5632 2044 5687 latitu-

470 5724 759 5793 dinemque
787 5725 1007 5783 tricenis
1035 5722 1352 5803 altrinsecus
1396 5724 1634 5782 numeris
1678 5723 1939 5792 extendit,
1994 5729 2049 5778 et

1936 2124 2203 2183 Longuudo

1934 4240 2202 4304 Longitudo

2228 542 2380 595 mula:
2400 542 2531 595 ratio
2548 550 2595 594 et
2615 542 2883 610 expositio.

2226 633 2486 700 Quoniam
2512 640 2689 686 autem
2720 629 3031 685 naturaliter
3059 637 3111 684 et
3134 629 3427 684 secundum
3456 630 3730 699 propriam

2156 727 2358 784 ordinis
2370 725 2824 795 consequentiam,
2854 723 3196 792 multiplicem
3219 721 3597 791 intequalitatis
3614 737 3741 790 spec

2155 820 2288 876 ciem
2317 818 2523 874 cunctis
2549 816 2958 885 praeposuimus,
2992 815 3324 883 primamque
3350 811 3590 882 speciem
3617 826 3742 867 esse

2156 909 2591 973 monstravimus,
2625 906 2746 960 licet
2774 907 2874 959 hoc
2906 903 3060 958 nobis
3099 902 3408 972 posterioris
3435 906 3613 969 Opt'r's
3643 916 3737 954 or-

2154 1000 2278 1061 dine
2295 1006 2575 1068 clarescat,
2591 1003 2675 1057 hic
2696 1016 2906 1071 quoque
2929 1000 3349 1069 perstringentes
3372 998 3422 1051 id
3445 995 3586 1065 quod
3614 1008 3739 1061 pro-

2158 1100 2429 1167 posuimus
2449 1094 2753 1163 plauissime
2782 1095 3113 1161 breviterque
3137 1092 3443 1146 doceamus.
3489 1087 3569 1142 Sit
3595 1087 3741 1141 enim

2159 1189 2276 1244 talis
2294 1186 2602 1254 descriptio,
2619 1186 2669 1238 in
2684 1199 2783 1253 qua
2803 1192 3028 1254 ponatur
3042 1183 3093 1236 in
3107 1181 3370 1244 ordinem,
3386 1194 3554 1248 usque
3577 1177 3645 1230 ad
3658 1178 3744 1231 de-

2157 1280 2363 1333 narium
2396 1290 2698 1341 numerum,
2726 1272 2964 1327 coutinui
2992 1273 3198 1326 numeri
3226 1271 3359 1325 ordo
3381 1269 3669 1331 naturalis,
3692 1276 3745 1321 et

2159 1367 2394 1422 secundo
2430 1368 2610 1429 versu,
2657 1363 2849 1432 duplus
2874 1361 3006 1417 ordo
3055 1371 3283 1426 texatur,
3339 1360 3500 1414 tertio
3526 1359 3738 1427 triplus,

2157 1469 2350 1528 quarto
2363 1456 2710 1526 quadruplus,
2727 1453 2895 1509 ethoc
2907 1452 3150 1522 usquead
3172 1451 3479 1520 decuplum.
3497 1450 3583 1504 Sic
3594 1448 3739 1503 enim

2158 1560 2542 1617 cognoscemus
2563 1544 3009 1614 quemadmodum
3051 1540 3525 1612 superparticulari
3550 1548 3607 1594 et
3650 1554 3739 1593 su-

2156 1655 2338 1711 perpat
2356 1639 2526 1701 tienti,
2549 1637 2821 1691 etcunctis
2844 1635 2963 1689 aliis
2986 1635 3234 1704 princeps
3258 1632 3580 1701 eritspecies
3603 1631 3742 1685 mul-

2154 1734 2371 1800 tiplicis,
2395 1744 2445 1785 et
2476 1730 2720 1799 quaedam
2751 1729 2852 1783 alia
2883 1729 3040 1783 simul
3061 1726 3408 1796 inspiciemus
3424 1733 3485 1778 et
3520 1723 3590 1777 ad
3612 1722 3741 1778 sub-

2156 1825 2259 1878 tillt
2279 1831 2401 1875 item
2433 1820 2761 1880 tenuissima,
2788 1828 2842 1873 et
2872 1818 2937 1873 ad
2960 1819 3237 1872 scientiam
3268 1816 3578 1882 utilissima,
3601 1822 3657 1870 et
3674 1812 3743 1868 ad

2160 1913 2599 1968 exercitationem
2633 1909 2823 1962 tuentis
2860 1908 3262 1976 iocundissima.

2638 2121 2862 2169 Secunda
2885 2123 3043 2168 unitas

1097 2226 1190 2321 ἰ1
1280 2214 1288 2394 Ι
1372 2273 1401 2317 '2
1582 2273 1610 2320 3
1784 2271 1813 2318 ι
1989 2272 2017 2318 5
2096 2201 2105 2393 1
2193 2267 2222 2314 6
2395 2266 2421 2313 7
2601 2267 2630 2313 8
2805 2264 2835 2312 9
2997 2264 3052 2311 10

1244 2349 1266 2378 x
1558 2348 1559 2351 π
1918 2346 3112 2406 _________-__‘__________

1171 2476 1200 2521 2
1281 2415 1328 2599 ,λ
1378 2476 1403 2521 ι
1582 2474 1611 2521 6
1786 2475 1816 2518 8
1977 2471 2033 2520 10
2180 2471 2237 2518 12
2389 2468 2441 2515 ll
2591 2468 2649 2516 16
2794 2466 2853 2516 18
2994 2466 3055 2514 20

1451 2547 1476 2580 Χ
2322 2591 3117 2608 .———,—~«—-——._————_o

1171 2678 1201 2723 3
1282 2604 1534 2801 ..ἵ-ι
1579 2677 1608 2723 9
1775 2677 1831 2724 i2
1979 2673 2034 2720 15
2183 2678 2237 2724 18
2305 2601 2314 2922 Ι
2381 2670 2436 2719 21
2589 2671 2649 2719 21
2793 2670 2851 2721 27
2996 2672 3057 2721 50

1656 2750 3110 2810 x‘_______________________

1172 2880 1201 2926 ι
1374 2879 1403 2925 8
1570 2877 1627 2927 12
1692 2814 1736 3005 Ιχ
1776 2878 1829 2926 16
1972 2876 2032 2923 20
2181 2878 2239 2925 21
2304 2926 2312 3007 Ι
2383 2877 2443 2922 28
2587 2873 2647 2919 52
2794 2875 2855 2923 36
2954 2876 3057 2924 -50

1250 2953 3119 3026 -_____J__-____

1170 3082 1199 3129 5
1362 3080 1420 3128 10
1566 3081 1624 3128 15
1770 3081 1829 3128 20
1917 3035 2086 3186 ἰεὶκχ
2178 3082 2237 3128 50
2305 3014 2314 3209 Ι
2384 3083 2444 3130 :5
2590 3077 2649 3125 ιο
2792 3079 2854 3130 ιδ
2997 3078 3056 3127 5)

2270 3361 2290 3392 κ

1171 3485 1198 3531 7
1368 3484 1423 3531 14
1564 3485 1617 3533 21
1768 3489 1827 3536 28
1970 3487 2032 3534 35
2118 3416 2494 3593 ἷιιθχ
2584 3485 2645 3534 56
2791 3489 2853 3536 63
2997 3488 3057 3536 70

1074 3604 3117 3737 ΙΤΤΙῙῖῙῙῙῖᾶ-Ἷζῗῗ

1171 3889 1202 3937 9
1364 3888 1420 3936 18
1560 3891 1620 3939 27
1767 3891 1828 3939 se
1972 3892 2032 3940 ιδ
2177 3895 2233 3942 st
2302 3818 2311 4017 Ι
2381 3894 2441 3941 es
2503 3818 2518 4061 ι
2589 3895 2651 3944 7s
2716 3818 2761 4013 lx
2791 3890 2847 3939 81
2994 3892 3056 3942 eo

1657 3974 1667 3984 .
2881 3968 2905 4001 χ
3138 3968 3147 3978 .

1163 4096 1222 4148 to
1361 4092 1421 4141 ao
1565 4081 1627 4144 3i)
1770 4098 1830 4146 to
1972 4097 2031 4146 se
2176 4098 2237 4147 eo
2301 4031 2311 4211 Ι
2380 4097 2442 4147 7o
2512 4068 2520 4211 Ι
2584 4097 2645 4147 80
2708 4033 2722 4211 Ι
2789 4097 2850 4146 eo
2938 4052 3105 4204 xtoolli

1491 4185 1497 4211 I

3142 3289 3188 3351 8

3152 3353 3187 3382 β

3138 3386 3188 3440 ’Ξ

3139 3444 3187 3507 ἒι

3148 3755 3184 3809 ἓ

2114 3811 2512 3831 -η-Ια--υἵ
2530 3821 2693 3831 —————-
2716 3811 3185 3831 1--1--Ιυ

3140 3836 3184 3879 ’Ξ

3151 3884 3185 3913 :a

3138 3935 3185 3980 .2

3148 4006 3183 4061 ὅ

2228 4226 2237 4234 ¹
2266 4208 3139 4249 -¹““-“--““-1-ι“
2715 4208 2719 4219 Ι
2771 4242 2810 4249 .-

2771 4242 3043 4304 Tetragoria

2075 4362 2119 4422 C
2155 4359 2239 4415 hic
2262 4376 2384 4415 cum
2411 4362 2580 4429 prima
2629 4360 2907 4415 latitudine
2937 4368 2991 4416 et
3013 4357 3342 4431 longitudine
3370 4363 3748 4425 comparetur,

2155 4451 2345 4521 triplex
2392 4452 2612 4522 species.
2652 4453 3061 4524 multiplicitatis
3102 4451 3353 4515 occurrit,
3412 4449 3478 4503 ita
3539 4456 3597 4501 ut
3641 4449 3751 4503 ista

2152 4544 2480 4612 comparatio
2508 4560 2602 4613 per
2625 4543 2671 4597 X
2694 4544 2923 4599 litteram
2949 4544 3057 4598 ﬁat.
3084 4543 3251 4614 llique
3270 4558 3331 4597 se
3352 4541 3557 4595 numeri
3575 4555 3751 4608 supe-

2153 4636 2348 4691 rabunt
2388 4636 2681 4691 secundum
2714 4637 2955 4706 paritatis
3005 4637 3196 4691 factam
3238 4633 3551 4689 naturaliter
3596 4646 3749 4685 con-

2154 4727 2461 4781 nexioncm.
2499 4727 2707 4780 Primus
2734 4728 2876 4781 enim
2909 4728 3138 4797 primum
3162 4725 3368 4779 duobus
3406 4730 3657 4791 superat,
3689 4731 3751 4774 ut

2155 4834 2318 4874 unum
2350 4821 2405 4885 5,
2450 4819 2714 4875 secundus
2747 4818 3038 4873 secundum
3067 4815 3427 4887 quaternario,
3476 4822 3535 4865 ut
3578 4810 3755 4865 bina-

2154 4910 2291 4963 rium
2318 4910 2587 4973 senarius,
2618 4909 2805 4964 tertius
2828 4910 3040 4963 tertium
3069 4914 3276 4973 sex,pt
3300 4902 3588 4959 ternarium
3648 4918 3756 4957 no.

2156 4999 2423 5066 venarius,
2446 5008 2502 5056 et
2526 5000 2591 5055 ad
2613 5000 2861 5056 eumdem
2884 5000 3066 5055 czeteri
3095 4998 3312 5053 modum
3339 4992 3757 5064 progressionis

2155 5101 2468 5163 augescunt.

2222 5184 2390 5250 Quam
2417 5198 2530 5239 rem
2556 5183 2730 5248 nobis,
2759 5182 2991 5250 scilicet,
3013 5190 3067 5237 et
3098 5181 3214 5249 ipsa
3243 5176 3500 5234 naturalis
3535 5175 3759 5244 objecit

2152 5268 2450 5339 integritas,
2481 5272 2615 5326 nihil
2634 5271 2786 5327 nobis
2808 5280 2958 5326 extra
2982 5267 3429 5331 macltinantibus,
3451 5273 3511 5318 ut
3535 5264 3589 5318 in
3620 5265 3760 5334 ipso

2154 5360 2371 5414 modulo
2400 5360 2774 5430 descriptionis
2806 5368 3046 5429 apparet.
3078 5359 3132 5415 Si
3178 5359 3300 5429 quis
3345 5365 3521 5411 autem
3552 5357 3759 5423 quarti

2152 5450 2329 5520 anguli
2360 5452 2646 5507 terminum
2676 5452 2767 5521 qui
2796 5451 3029 5507 sedecim
3059 5447 3268 5504 numeri
3306 5445 3611 5518 quantitate
3644 5460 3761 5501 no-

2151 5548 2291 5595 tatus
2320 5549 2419 5605 est,
2446 5550 2498 5595 et
2535 5539 2919 5610 longitudinem
2947 5538 3391 5607 latitudinemque
3419 5535 3470 5589 in
3497 5534 3759 5603 quadra-

2150 5644 2316 5699 genos
2346 5630 2689 5698 determinat,
2716 5630 2845 5685 velit
2869 5629 3244 5700 superioribus
3267 5637 3604 5694 comparare.
3645 5639 3760 5689 ne!

2153 5722 2200 5778 Χ
2222 5722 2408 5779 littera:
2430 5720 2655 5780 formam
2682 5720 3026 5792 proportione
3052 5719 3269 5787 collata,
3293 5712 3570 5785 quadrupli
3592 5714 3760 5770 mub
