4022 6366
309 310 339 362 4
354 311 452 363 105

1513 316 1598 369 ι)ἱί
1639 315 2104 374 ARITIIMETICA
2148 321 2276 376 LIB.
2317 323 2354 375 Ι.

3435 327 3570 381 Ηοῦ

311 424 593 480 titudinem
629 429 952 494 pernotabit.
979 429 1177 501 [lisque
1203 441 1282 486 est
1312 432 1626 488 ordinabilis
1649 449 1809 503 super
1834 449 1892 488 se
1920 437 1971 493 Α
1999 448 2154 487 secus
2175 435 2375 504 anguli,
2403 435 2664 491 secundas
2695 437 2923 492 habeant
2965 437 3212 502 unitates,
3263 447 3316 492 et
3347 438 3451 492 duo
3479 457 3572 492 an-

310 516 636 585 progressio,
671 529 726 572 ut
758 520 960 587 primus
1004 524 1229 588 primum
1261 523 1426 576 tribus
1465 534 1701 592 superet,
1755 533 1814 579 ut
1855 528 1884 579 4

311 609 595 663 unitatem.
621 609 900 664 Secundus
922 615 1214 666 secundum
1244 616 1457 670 senario
1474 616 1668 684 vincat,
1695 627 1889 672 utocto

311 697 599 752 binarium.
661 700 872 753 Tertius
919 705 1134 757 tertium
1185 708 1476 760 novenarin
1528 716 1778 774 transeat,
1836 719 1892 765 ut

311 787 672 842 duodenarius
705 792 1019 857 ternarium,
1039 804 1091 848 et
1109 807 1396 864 sequentes
1419 801 1700 854 summula:
1729 801 1886 854 trium

312 894 370 934 se
400 894 614 949 semper
643 880 848 949 adjecta
905 884 1202 950 quantitate
1247 889 1562 943 transiliant.
1597 891 1663 944 Et
1701 892 1744 944 si
1773 893 1888 960 quis

311 971 642 1025 subteriores
672 972 1150 1041 aspiciatangulos,
1175 976 1312 1032 idem
1342 994 1436 1046 per
1480 995 1666 1035 omnes
1713 983 1886 1036 multi-

311 1063 560 1131 plicitatis
593 1064 821 1130 species,
877 1079 1043 1132 usque
1075 1066 1140 1120 ad
1170 1067 1450 1136 decuplum
1482 1071 1885 1140 dispositissima

313 1156 650 1212 ordinatione
683 1161 979 1225 perveniet.
1028 1159 1082 1214 Si
1114 1162 1231 1228 quis
1257 1177 1386 1216 vero
1436 1165 1486 1217 in
1539 1164 1638 1220 bac
1690 1166 1894 1222 descri-

313 1248 515 1314 ptione,
561 1251 1066 1317 superparticularis
1095 1253 1301 1321 species
1333 1258 1583 1323 requirat,
1621 1259 1710 1312 tali
1735 1260 1893 1314 modo

314 1339 568 1406 reperiet.
599 1339 652 1394 Si
677 1341 817 1394 enim
843 1343 1135 1398 secundum
1163 1345 1416 1412 angulum
1439 1359 1607 1418 notet,
1642 1353 1791 1419 cujus
1813 1363 1895 1406 est

317 1429 523 1484 initium
565 1435 961 1502 quaternarius,
993 1436 1150 1504 eique
1176 1439 1476 1507 superjacet
1507 1442 1762 1509 binarius,
1815 1455 1895 1500 at-

313 1536 421 1590 que
473 1523 612 1578 hunc
650 1537 964 1593 sequentem
1019 1531 1140 1597 quis
1191 1534 1556 1589 accommodet
1608 1537 1893 1602 ordinem,

316 1612 662 1680 sesquialtera
696 1618 968 1684 proportio
997 1619 1372 1677 declarabitur.
1407 1625 1534 1678 Nam
1562 1629 1746 1681 tertius
1804 1642 1890 1684 se—

317 1704 480 1756 eundi
503 1719 706 1772 versus,
739 1710 1062 1778 sesquialter
1090 1722 1192 1777 est,
1221 1724 1278 1768 ut
1307 1722 1416 1770 tres
1445 1718 1510 1770 ad
1542 1718 1668 1783 duo,
1693 1719 1771 1772 vel
1801 1735 1890 1774 sex

1999 525 2264 592 gularium
2294 535 2690 596 tetragonorum
2741 529 2938 598 anguli,
2972 543 3176 597 mquuui
3205 527 3401 582 iaciunt
3432 541 3569 596 quon
3642 573 3644 575 μ
3737 528 3742 532 ’

1997 614 2096 668 sub
2119 615 2247 681 ipsis
2280 619 2601 683 continetur,
2642 619 2715 671 illi
2757 619 2894 686 quod
2926 617 2982 672 lit
3013 619 3078 671 ab
3107 633 3211 671 uno
3235 619 3444 672 illorum
3482 622 3568 688 qui

1997 714 2078 758 est
2104 706 2423 761 altrinsecus
2456 710 2792 777 angulorum.
2820 709 2979 764 Multa
3010 711 3149 763 enim
3175 718 3300 762 sunt
3325 710 3424 762 alia
3454 727 3571 777 qua!

1998 797 2050 850 in
2100 796 2200 851 hac
2245 799 2608 867 descriptione
2668 801 2811 854 utilia
2868 813 3087 869 possunt
3134 800 3572 865 admirabiliaque

1998 889 2274 956 perpendi,
2307 903 2424 956 qum
2450 891 2658 943 interim
2707 901 2923 960 pr0pter
2972 892 3280 959 castigatam
3325 890 3566 943 introdu-

1997 978 2149 1031 cendi
2181 977 2496 1032 brevitatem
2528 979 2703 1048 ignota
2734 995 2850 1036 esse
2878 981 3251 1048 permittimus.
3278 980 3422 1034 Nunc
3447 994 3570 1034 vero

1997 1070 2063 1122 ad
2095 1071 2367 1138 sequentia
2397 1071 2722 1137 propositum
2749 1080 3142 1124 convertamus.

2532 1160 2756 1215 CAPUT
2799 1159 3029 1213 XXVIII.

2003 1248 2079 1302 De
2093 1252 2244 1302 tertia
2265 1251 2627 1318 iua'qunlilaiis
2649 1251 2812 1317 specie
2833 1266 2945 1317 qua:
2961 1251 3146 1302 dicitur
3171 1251 3568 1318 supcrpartiens,

2095 1321 2259 1386 deque
2285 1323 2541 1389 specfebus
2574 1323 2701 1390 ijus,
2743 1336 3015 1388 carumque
3044 1320 3472 1389 generationibus.

2073 1409 2234 1477 Igitur
2263 1419 2382 1477 post
2421 1410 2554 1462 duas
2587 1411 2780 1479 primas
2803 1409 3137 1463 habitudines
3171 1410 3489 1479 multiplices
3518 1419 3570 1462 et

2001 1499 2534 1568 supcrparticulares,
2560 1511 2612 1554 ει
2641 1515 2730 1554 eas
2757 1517 2874 1570 qua:
2901 1501 3000 1574 sub
3031 1501 3158 1567 ipsis
3185 1509 3306 1553 sunt
3333 1500 3570 1554 submut-

2000 1591 2207 1660 tiplices
2235 1603 2288 1646 et
2317 1593 2963 1663 subsuperparticulares,
3008 1593 3162 1646 tertia
3197 1592 3570 1660 inaequalitatis

2003 1685 2209 1750 species
2249 1685 2538 1750 invenitur,
2584 1701 2702 1754 quae
2748 1701 2777 1738 a
2819 1686 2972 1739 nobis
3007 1685 3250 1752 superius
3293 1700 3573 1753 superpar-

317 1796 386 1849 ad
425 1807 670 1865 quatuor,
710 1800 791 1852 vel
815 1773 938 1856 9'ad
970 1803 1021 1866 6’
1055 1805 1139 1858 vel
1166 1773 1229 1859 η
1251 1807 1314 1860 ad
1344 1809 1396 1860 8.
1441 1773 1677 1879 “emam;
1700 1811 1752 1865 in
1788 1773 1894 1866 cui;
1929 1806 1975 1864 Β
2003 1775 2139 1828 tiens
2169 1773 2310 1879 dic-ta
2351 1786 2452 1829 est.
2492 1775 2616 1829 Haec
2643 1786 2726 1829 est
2759 1786 2956 1879 autem,
2997 1790 3115 1844 quae
3145 1778 3201 1828 lit
3237 1790 3358 1879 cum
3390 1790 3574 1879 nume-

294 1886 448 1941 teris
469 1891 554 1956 qui
585 1900 707 1945 sunt
728 1892 778 1945 in
804 1894 991 1949 eadem
1041 1897 1180 1950 serie
1229 1901 1463 1968 numeri,
1487 1901 1528 1954 si
1561 1902 1680 1956 talis
1703 1904 1890 1970 conju-

313 1979 456 2047 gatio
495 1981 800 2048 misceatur,
840 1986 979 2040 nulla
1012 1989 1288 2044 varietatis
1310 1990 1689 2048 dissimilitudo
1725 1998 1892 2050 surri-

316 2073 446 2139 piet.
483 2073 681 2129 Eadem
714 2084 891 2132 tamen
916 2092 1241 2135 summarum
1295 2089 1661 2154 supergressio
1705 2099 1788 2143 est
1840 2090 1891 2144 In

287 2211 290 2213 Α
316 2161 421 2216 hoc
449 2179 680 2236 quoque,
714 2182 833 2235 quae
855 2169 906 2222 in
934 2170 1231 2237 duplicibus
1251 2173 1365 2229 fuit.
1389 2177 1594 2231 Primus
1619 2180 1759 2232 enim
1785 2183 1892 2248 pri-

289 2269 485 2320 _mum,
517 2256 567 2310 id
595 2267 676 2313 est
708 2261 972 2316 ternarius
1003 2263 1262 2319 binarium
1288 2283 1392 2322 uno
1422 2279 1658 2339 superat,
1704 2287 1890 2327 secun-

315 2346 418 2400 dus
443 2362 569 2402 vero
600 2351 916 2418 secundum,
939 2354 1145 2408 duobus
1177 2358 1381 2424 tertius,
1439 2362 1652 2415 tertium
1699 2364 1886 2428 tribus,

315 2446 370 2490 ct
399 2439 672 2507 deinceps.
703 2442 759 2496 Si
792 2458 916 2497 vero
940 2455 1158 2513 quartus
1181 2448 1314 2502 ordo
1345 2450 1502 2504 tertio
1530 2463 1883 2519 comparetur,

287 2580 290 2582 .
317 2535 377 2579 ut
397 2527 431 2580 4
455 2529 518 2580 ad
544 2530 597 2593 5,
626 2539 678 2583 ει
705 2532 892 2587 eodem
935 2543 1158 2590 creteros
1188 2538 1376 2594 ordine
1402 2544 1748 2608 consecteris,
1777 2558 1892 2596 ses-

316 2619 566 2686 quitertia
597 2625 929 2691 comparatio
967 2627 1255 2696 colligitur,
1291 2639 1344 2683 ut
1365 2632 1397 2684 4
1420 2631 1483 2684 ad
1507 2634 1558 2696 3,
1587 2633 1666 2685 vel
1689 2633 1721 2685 8
1748 2634 1810 2686 ad
1838 2635 1890 2695 6,

315 2719 372 2763 et
420 2710 484 2764 12
526 2713 590 2765 ad
639 2716 693 2783 9,
752 2717 970 2772 videsne
1003 2729 1058 2773 ut
1085 2720 1137 2773 in
1169 2721 1420 2776 omnibus
1446 2723 1528 2778 his
1558 2726 1890 2794 sesquitcrtia

315 2805 647 2871 comparatio
676 2809 1065 2863 conservetur?
1096 2811 1357 2866 Praeterea
1386 2828 1479 2868 eos
1518 2816 1604 2884 qui
1641 2816 1739 2870 sub
1768 2816 1894 2885 ipsis

315 2904 460 2958 sunt,
494 2895 537 2948 si
571 2895 708 2950 idem
740 2898 935 2954 faciens
957 2913 1241 2968 sequentes
1261 2919 1444 2959 versus
1463 2906 1732 2960 alterutris
1749 2922 1894 2961 com-

314 2991 615 3055 paraveris,
648 3005 834 3046 omnes
864 2993 978 3047 sine
1004 2995 1110 3048 ullo
1141 2996 1520 3064 impedimento
1568 3001 1774 3067 species
1798 3015 1890 3054 su-

313 3081 750 3146 perparticularis
771 3097 1049 3151 agnosces.
1071 3085 1180 3139 lloc
1201 3095 1376 3141 autem
1413 3091 1463 3142 in
1502 3089 1598 3142 hac
1618 3099 1699 3143 est
1715 3091 1893 3156 dispo-

314 3169 509 3223 sitione
571 3171 855 3239 divinum,
911 3176 1051 3245 quod
1106 3191 1294 3232 omnes
1348 3181 1630 3249 angulares
1685 3183 1886 3235 numeri
1921 3172 1964 3231 C

315 3264 576 3330 tetragoni
601 3271 740 3317 sunt.
774 3264 1103 3335 Tetragonus
1132 3279 1308 3324 autem
1351 3272 1560 3337 dicitur,
1594 3283 1650 3327 ut
1685 3274 1889 3328 brevis-

314 3353 457 3408 sime
485 3355 679 3421 dicam,
709 3357 850 3424 quod
876 3368 993 3425 post
1021 3359 1175 3414 latius
1201 3363 1578 3431 explicabitur,
1603 3381 1756 3435 quem
1785 3367 1888 3422 duo

313 3444 551 3506 mquales
579 3447 783 3500 numeri
808 3448 1180 3518 multiplicant,
1215 3462 1270 3506 ut
1314 3454 1364 3508 in
1407 3454 1505 3510 hac
1553 3471 1760 3526 quoque
1798 3459 1890 3512 dc-

313 3533 604 3601 scriptione
651 3545 759 3601 est;
815 3554 950 3593 unus
1000 3542 1142 3596 enim
1173 3545 1360 3612 semel,
1403 3561 1538 3601 unus
1567 3558 1668 3612 est,
1720 3559 1772 3603 et
1811 3560 1892 3605 est

313 3632 579 3691 potestate
607 3634 933 3696 tetragnnus.
977 3631 1103 3685 Item
1141 3635 1220 3688 bis
1242 3636 1346 3689 duo
1393 3639 1426 3691 4
1472 3648 1613 3691 sunt.
1648 3639 1752 3693 Ter
1776 3638 1808 3690 3
1835 3641 1888 3705 9,

312 3729 450 3779 quos
507 3716 557 3769 in
606 3721 921 3788 semetipsas
961 3725 1432 3792 multiplicationes
1483 3729 1637 3796 primi
1690 3730 1890 3785 ordinis

311 3804 611 3873 perfecere.
636 3806 846 3862 Circum
871 3813 1012 3878 ipsos
1039 3828 1169 3867 vero
1189 3816 1274 3884 qui
1301 3826 1442 3878 sunt,
1475 3817 1523 3870 id
1565 3827 1646 3871 est
1690 3821 1887 3875 circum

313 3897 620 3964 angulares,
651 3900 945 3969 Iongilateri
976 3905 1181 3959 numeri
1216 3917 1358 3961 sunt.
1393 3908 1758 3978 Longilateros
1799 3929 1889 3967 au-

315 3996 427 4041 tem
453 4003 603 4058 voco,
631 4007 765 4061 quos
793 4009 898 4048 uno
927 4010 986 4050 se
1010 3999 1475 4066 supergredientes
1502 4003 1706 4058 numeri
1757 4005 1890 4059 mul-

314 4079 581 4146 tiplicant.
615 4082 821 4138 Circum
859 4087 890 4140 4
920 4088 1058 4140 enim
1087 4087 1122 4140 2
1149 4100 1271 4144 sunt
1316 4101 1370 4145 et
1414 4092 1467 4159 6,
1514 4095 1605 4148 sed
1638 4096 1743 4150 duo
1796 4115 1887 4154 na-

313 4178 542 4223 scuntur
564 4187 626 4226 ex
655 4188 759 4227 uno
784 4186 835 4229 et
861 4175 1085 4243 duobus,
1113 4194 1232 4234 cum
1273 4197 1434 4237 unurn
1464 4185 1544 4240 bis
1573 4189 1890 4256 multiplica-

313 4261 483 4328 veris,
515 4262 607 4316 sed
635 4268 806 4320 unitas
854 4281 882 4318 a
933 4267 1138 4325 binario
1190 4272 1389 4329 unitate
1421 4278 1756 4344 praeceditur.
1790 4281 1892 4336 Sex

313 4363 502 4434 veroa
525 4351 733 4409 duobus
754 4366 804 4410 et
837 4357 1023 4424 tribus,
1057 4359 1138 4416 bis
1165 4364 1304 4417 enim
1347 4373 1454 4420 tres
1484 4370 1750 4424 senarium
1775 4371 1895 4425 red-

314 4441 475 4495 dunt.
509 4441 863 4502 Novenarium
897 4464 1042 4513 vero,
1090 4466 1181 4506 sex
1214 4465 1266 4508 et
1301 4455 1366 4508 12
1393 4457 1666 4522 claudunt,
1700 4461 1786 4528 qui
1831 4462 1895 4515 12

313 4547 388 4587 ex
421 4533 588 4590 tribus
618 4549 910 4594 nascuntur
950 4552 1005 4596 et
1036 4546 1088 4599 4.
1126 4545 1231 4599 Ter
1259 4548 1399 4601 enim
1429 4548 1462 4601 4
1492 4549 1623 4604 iiunt
1675 4552 1760 4606 19.
1802 4552 1895 4608 Se-

314 4624 504 4679 narius
531 4642 681 4696 vero,
716 4645 779 4684 ex
805 4631 1012 4686 duobus
1043 4643 1096 4688 et
1122 4636 1427 4703 tribus,'bis
1464 4629 1668 4695 enim'5
1697 4642 1894 4697 faciunt

314 4713 377 4768 6.
424 4713 522 4780 Qui
568 4730 774 4782 omnes,
824 4737 931 4776 uno
986 4724 1278 4791 majoribus
1330 4727 1582 4783 lateribus
1631 4733 1894 4796 procreati

312 4814 466 4859 sunt.
497 4806 627 4862 Nam
651 4824 772 4863 cum
804 4811 836 4866 6
865 4827 928 4866 ex
959 4813 1171 4869 binario
1201 4817 1540 4887 ternarioque
1583 4832 1890 4890 nascuntur,

319 4905 438 4950 tres
464 4897 727 4954 binarium
751 4917 1027 4958 numerum
1057 4919 1162 4960 uno
1188 4916 1462 4976 superant.
1489 4908 1782 4982 Cunczique
1804 4914 1894 4967 alii

314 4989 561 5056 ejusdem
576 4992 717 5046 modi
733 5003 875 5060 sunt,
893 5005 948 5048 ut
960 4998 1132 5065 primo
1144 5009 1197 5054 et
1213 5000 1448 5055 secundo
1459 5001 1645 5058 ordine
1663 5005 1726 5057 ad
1746 5006 1900 5060 alter

316 5089 503 5134 utrum
563 5083 926 5152 multiplicatis
990 5090 1232 5144 terminis
1290 5102 1666 5160 procreentur,
1725 5095 1794 5148 ita
1845 5105 1901 5149 ut

286 5171 466 5262 ‘quod
490 5174 723 5230 nascitur
749 5191 813 5230 ex
839 5179 1045 5233 duobus
1067 5179 1395 5250 Iongilateris
1421 5184 1736 5240 altrinsecus
1761 5187 1900 5254 posi-

314 5264 414 5329 tis,
442 5273 494 5317 et
519 5264 602 5319 bis
627 5267 804 5322 medio
828 5276 1124 5338 tetragono,
1155 5281 1462 5342 tetragonus
1501 5275 1588 5328 sit.
1620 5274 1685 5329 Et
1714 5290 1898 5330 rursus

315 5354 465 5422 quod
491 5371 555 5409 ex
589 5356 795 5412 duobus
822 5360 1137 5416 altrinsecus
1168 5368 1478 5433 tetragonis,
1512 5375 1565 5421 et
1596 5383 1698 5420 uno
1722 5369 1898 5423 medio

316 5447 642 5514 Iongilateru
665 5451 745 5505 bis
769 5450 907 5506 facto
938 5456 1196 5520 nascitur,
1219 5457 1332 5525 ipse
1362 5474 1572 5528 quoque
1595 5469 1896 5529 tetragonus

315 5541 414 5592 sit.
442 5537 506 5592 Et
535 5550 590 5594 ut
611 5543 922 5611 angulorum
949 5547 1107 5599 totius
1129 5546 1503 5615 descriptionis
1523 5550 1588 5603 ad
1619 5553 1896 5620 angulares

317 5637 631 5698 tetragonos
661 5635 953 5702 positorum
986 5638 1139 5692 unius
1196 5641 1370 5708 anguli
1399 5641 1463 5695 sit
1497 5643 1665 5710 prima
1698 5645 1889 5714 unitas,

313 5723 544 5777 alterius
577 5739 702 5789 vero
734 5727 822 5793 qui
851 5739 1034 5794 contra
1063 5739 1141 5785 est
1173 5732 1351 5787 tertia.
1409 5732 1521 5788 Bini
1556 5748 1682 5789 vero
1712 5736 1893 5791 altrin-

2001 1883 2090 1922 rus
2121 1867 2187 1921 ad
2217 1868 2378 1921 alium
2405 1879 2766 1937 comparatus,
2805 1867 2964 1922 habet
2989 1883 3107 1922 eum
3133 1877 3301 1921 totum
3333 1868 3464 1920 inira
3489 1882 3568 1932 se,

1999 1969 2052 2013 et
2080 1959 2194 2028 ejus
2237 1961 2452 2028 insuper
2500 1962 2704 2029 aliquas
2733 1970 2933 2028 partes,
2979 1961 3059 2014 vel
3092 1960 3244 2026 duas,
3281 1960 3360 2013 vel
3404 1961 3454 2023 5,
3491 1961 3571 2012 vel

1997 2049 2054 2114 4,
2084 2050 2165 2102 vel
2193 2059 2323 2118 quot
2370 2053 2482 2118 ipsa
2529 2051 2712 2104 tulerit
2754 2052 3105 2118 comparatio.
3149 2051 3275 2115 Quae
3320 2050 3571 2103 habitudo

1999 2138 2184 2206 Incipit
2229 2154 2258 2191 a
2293 2140 2501 2193 duabus
2546 2140 2784 2208 partibus
2816 2140 3003 2193 tertiis.
3051 2140 3180 2194 Nam
3208 2142 3250 2193 si
3290 2140 3420 2193 duas
3469 2155 3570 2193 mea

1998 2229 2225 2284 dictates
2256 2229 2521 2295 habuerit,
2556 2231 2644 2299 qui
2683 2231 2831 2284 illum
2866 2233 3002 2285 intra
3047 2247 3105 2286 se
3135 2242 3298 2286 tntum
3335 2241 3567 2295 coercet,

1997 2318 2187 2386 duplus
2209 2335 2306 2387 pro
2324 2321 2747 2388 superpartit-nte
2767 2322 3124 2389 componitur.
3155 2322 3378 2376 Habebit
3393 2331 3569 2377 autem
3594 2369 3596 2371 .

2000 2407 2078 2459 vel
2112 2407 2242 2461 duas
2269 2411 2474 2474 tertias,
2506 2409 2588 2463 vel
2611 2409 2744 2463 duas
2765 2412 2998 2479 quintas,
3029 2410 3114 2463 vel
3141 2411 3271 2464 duas
3295 2412 3570 2480 septimas,

1997 2495 2076 2549 vel
2106 2496 2236 2551 duas
2267 2515 2454 2563 nonas,
2485 2510 2536 2553 ει
2569 2501 2638 2553 ita
2681 2501 3145 2571 progredientibus
3188 2503 3230 2556 si
3264 2503 3396 2557 duas
3431 2506 3572 2558 solas

1995 2597 2174 2656 partes
2217 2590 2442 2643 minoris
2496 2593 2701 2646 numeri
2750 2593 3186 2661 superhabuerit,
3222 2611 3315 2664 per
3356 2596 3570 2650 easdem

1996 2688 2173 2748 partes
2214 2681 2504 2747 imparibus
2559 2684 2797 2736 numeris
2849 2684 3110 2738 minorem
3159 2685 3328 2753 major
3365 2701 3568 2740 summa

2003 2770 2348 2822 transcendit.
2380 2769 2509 2822 Nam
2545 2772 2587 2824 si
2631 2786 2749 2823 eum
2779 2771 2968 2824 habeat
3002 2782 3167 2826 totum
3205 2784 3255 2827 et
3286 2775 3417 2830 duas
3456 2778 3570 2844 ejus

2000 2865 2235 2924 quartas,
2263 2859 2761 2928 super-particularis
2793 2863 3094 2915 necessario
3130 2865 3410 2932 reperitur.
3441 2866 3568 2919 Nam

2000 2946 2118 2999 dua:
2146 2959 2348 3014 quarta:
2378 2949 2637 3002 medietas
2662 2958 2764 3015 est,
2794 2960 2846 3004 et
2878 2951 2932 3003 iit
2963 2953 3315 3021 sesquialtera
3354 2970 3570 3024 compa-

2001 3035 2154 3088 ratio.
2190 3037 2244 3089 Si
2276 3051 2401 3090 vero
2431 3037 2563 3092 duas
2609 3047 2811 3103 sertas,
2845 3053 3030 3094 rursus
3075 3049 3155 3094 cst
3186 3045 3570 3111 superparticu-

2002 3123 2148 3179 laris.
2185 3126 2311 3178 Duae
2338 3127 2476 3180 enim
2520 3141 2708 3193 serue,
2746 3144 2866 3198 pars
2912 3131 3068 3184 tertia
3100 3141 3198 3184 est.
3235 3133 3386 3198 Quod
3436 3135 3479 3188 si
3519 3137 3568 3188 in

1996 3217 2398 3285 comparatione
2427 3229 2672 3285 ponatur,
2708 3220 3066 3288 sesquitertiaa
3111 3220 3434 3277 habitudinis
3458 3225 3571 3278 eiii-

1996 3307 2102 3360 cict
2126 3306 2376 3361 fortnam.
2408 3308 2532 3362 Post
2564 3307 2660 3362 hos
2700 3319 2992 3364 nascuntur
3035 3314 3278 3378 comites,
3314 3317 3401 3382 qui
3447 3317 3568 3368 sub-

1993 3398 2453 3466 superpartientes
2477 3409 2768 3465 vocantur;
2801 3401 2852 3454 hi
2887 3409 3063 3456 autem
3097 3412 3218 3456 sunt
3247 3405 3335 3472 qui
3371 3405 3568 3459 haben-

2001 3497 2083 3540 tur
2112 3490 2178 3542 ab
2208 3490 2312 3544 alio
2348 3506 2591 3556 numero,
2625 3501 2677 3545 et
2705 3506 2889 3546 eorum
2924 3493 3004 3546 vel
3031 3492 3172 3558 duae,
3201 3497 3282 3549 vel
3310 3497 3363 3557 5,
3401 3497 3483 3550 vel
3516 3499 3568 3562 4,

1999 3580 2083 3633 vel
2110 3583 2374 3650 quotlibet
2399 3583 2518 3636 alim
2551 3592 2752 3652 partes.
2787 3583 2841 3638 Si
2871 3599 3000 3654 ergo
3031 3601 3283 3641 numerus
3305 3587 3464 3641 alium
3493 3590 3568 3641 in-

2002 3693 2078 3736 tra
2111 3697 2171 3736 se
2215 3696 2497 3736 numerum
2531 3680 2753 3748 habens,
2787 3682 2901 3750 ejus
2927 3684 3060 3737 duas
3096 3692 3273 3752 partes
3306 3684 3572 3749 habuerit,

2001 3776 2457 3845 superbiparticns
2482 3777 2815 3842 nominatur;
2844 3779 2885 3831 si
2912 3793 3037 3832 vero
3067 3787 3196 3844 tres,
3221 3782 3574 3849 supertripar-

1996 3867 2166 3930 tiens;
2197 3865 2336 3934 quod
2367 3865 2412 3919 si
2440 3864 2494 3931 ei,
2527 3867 3139 3936 superquadripartiens,
3165 3877 3324 3938 atque
3353 3873 3424 3924 ita
3455 3887 3576 3940 pro-

1994 3957 2364 4025 gredientibus
2394 3957 2449 4010 in
2482 3955 2746 4010 inﬁnitum
2781 3957 2978 4026 lingere
3008 3961 3221 4012 nomina
3261 3960 3400 4012 licet.
3435 3960 3575 4014 Ordo

2002 4060 2176 4107 autem
2221 4067 2410 4107 erum
2461 4050 2718 4105 naturalis
2763 4058 2862 4113 est,
2909 4050 3116 4119 quoties
3156 4050 3512 4120 disponuntur
3547 4069 3573 4105 a

2004 4146 2173 4200 tribus
2206 4157 2394 4197 omnes
2437 4157 2594 4212 pares
2620 4151 2780 4210 atque
2812 4141 3042 4211 impares
3083 4141 3292 4196 numeri
3322 4144 3576 4197 naturali—

2003 4246 2083 4292 ter
2125 4235 2423 4300 constituti,
2475 4242 2528 4288 et
2579 4233 2678 4288 sub
2729 4233 2814 4287 his
2857 4240 3106 4303 aptantur
3134 4233 3222 4286 alii
3259 4234 3347 4300 qui
3390 4243 3512 4288 sunt
3547 4254 3575 4289 a

2003 4328 2246 4397 quinario
2293 4339 2517 4378 numero
2575 4324 2890 4391 incipientes
2943 4335 3130 4375 omnes
3177 4322 3426 4389 impares.
3487 4324 3576 4379 llis

2005 4417 2258 4487 igiturita
2300 4415 2596 4484 dispositis,
2637 4414 2681 4466 si
2715 4413 2917 4482 primus
2946 4411 3144 4481 primo,
3190 4413 3455 4468 secundus
3493 4429 3576 4469 se-

2003 4509 2202 4573 cundo,
2235 4508 2425 4562 tertius
2467 4505 2646 4568 tertio,
2698 4514 2751 4557 et
2789 4504 2969 4557 caeteri
3003 4504 3220 4557 caneris
3264 4517 3578 4572 comparen.

1926 4581 1973 4639 Π
2002 4609 2106 4665 tur,
2123 4597 2525 4666 superpartieus
2555 4593 2808 4649 habitudo
2837 4602 3167 4662 procreatur.
3196 4594 3438 4649 Sitenim
3471 4597 3578 4651 dis-

2002 4689 2195 4758 positio
2227 4689 2328 4740 hoc
2359 4688 2516 4741 modo
2543 4704 2555 4738 :

2019 4881 2708 4978 ﬁ”
2209 4894 2565 4978 ω
2591 4881 3190 4979 [iri—ir—
2981 4882 3566 4986 {tum

2009 5009 2064 5062 Si
2101 5011 2261 5077 igitur
2307 5010 2534 5078 quinarii
2581 5017 2786 5068 numeri
2818 5018 2881 5069 ad
2920 5019 3211 5072 ternarium
3251 5017 3581 5084 comparatio

2006 5098 2397 5164 consideretur,
2422 5101 2526 5155 erit
2552 5108 2951 5173 superparticns
2980 5109 3070 5162 ille
3107 5109 3194 5176 qui
3225 5118 3444 5161 vocatur
3484 5122 3576 5160 su-

2005 5189 2414 5258 perbipartiens.
2442 5192 2613 5249 llabet
2633 5197 2776 5251 enim
2804 5199 3080 5265 quinarius
3111 5207 3249 5253 totos
3280 5200 3332 5252 in
3363 5213 3421 5252 se
3447 5209 3577 5264 tres,

2009 5290 2061 5335 et
2089 5296 2271 5335 eorum
2299 5282 2431 5338 duas
2458 5295 2662 5352 partes,
2689 5287 2739 5341 id
2762 5298 2842 5342 est
2863 5289 2917 5341 2.
2953 5289 3006 5345 Si
3039 5304 3165 5343 vero
3196 5290 3260 5344 ad
3287 5289 3577 5344 secundum

2009 5373 2254 5428 ordinem
2291 5376 2586 5443 speculatio
2622 5379 2909 5445 referatur,
2953 5383 3424 5450 supertripartiens
3454 5396 3576 5449 pro-

2015 5463 2190 5532 portio
2221 5477 2595 5534 cognoscetur,
2628 5479 2791 5538 atque
2813 5472 2863 5524 in
2894 5472 3239 5540 sequentibus
3272 5487 3365 5541 per
3395 5486 3580 5525 omnes

2005 5555 2306 5625 dispositos
2344 5573 2620 5625 numeros,
2648 5575 2834 5615 omnes
2874 5562 2924 5615 in
2959 5561 3220 5616 inﬁnitum
3254 5563 3457 5632 species
3485 5563 3578 5616 ltu~

1997 5647 2084 5716 jus
2116 5648 2322 5703 numeri
2368 5651 2746 5704 convenientes
2791 5652 3168 5720 ordinatasque
3198 5655 3468 5724 reSpicics.
3510 5656 3578 5708 At

2010 5757 2137 5798 vero
2169 5740 2614 5810 quemadmodum
2661 5742 2849 5812 singuli
2879 5753 3248 5813 procreentur,
3285 5745 3326 5800 si
3363 5745 3416 5801 in
3465 5745 3577 5802 inli-

3248 4786 3580 4799 ———~
