2011 3183
238 165 305 194 “07

850 159 904 188 AN.
925 159 1027 188 MANL.
1049 156 1124 187 SEV.
1146 154 1255 185 l'OETII

1790 144 1867 178 ’tttts

237 225 321 251 nilum
343 223 403 258 quis
422 226 498 250 euret
513 227 670 257 agnoscere,
693 219 736 246 hic
755 218 851 246 modus
872 222 922 245 est.
938 217 1020 243 Ilabi-
1036 216 1061 245 Α
1074 219 1213 240 numerum
1235 212 1294 246 plus
1314 216 1393 244 quam
1421 207 1508 258 semel.
1520 205 1611 258 habet.
1623 198 1792 256 'multiplieis
1812 209 1865 232 est.

238 270 303 296 tudo
315 269 386 296 enim
399 267 658 302 superbipartientis,
674 267 695 293 si
710 266 829 301 utrisque
843 264 963 292 terminis
973 263 1019 290 du-

238 314 361 347 plicetur,
375 320 484 348 semper
503 312 733 346 supcrbipartiens
749 310 885 345 proportio
899 315 1024 343 procrea-

238 366 290 387 tur.
307 361 333 388 Si
350 361 420 387 enim
435 361 494 394 quis
509 359 626 395 duplicet
637 359 663 391 5.
675 358 752 386 faciet
768 359 815 391 10;
829 358 851 386 si
867 361 934 389 tres,
946 355 1025 382 faciet

237 406 269 433 6:
291 406 334 440 qui
358 406 389 434 10
405 411 497 433 contra
521 406 655 433 senarium
680 406 837 440 comparati,
854 403 1026 438 superbipar-

239 450 349 478 lieutem
367 452 465 478 iaciunt
487 451 680 484 habitudinem,
702 456 727 478 ct
747 451 796 478 hos
809 451 880 484 ipsos
897 456 988 476 rursus
1002 448 1024 474 si

239 496 427 531 duplicavcris,
441 497 509 523 idem
522 497 587 523 ordo
599 497 776 531 proportionis
789 495 926 522 accrescit.
939 493 1025 520 Idem-

237 549 290 577 que
304 542 326 569 si
340 542 365 568 in
387 542 517 569 infinitum
537 542 628 576 facies,
642 547 738 569 statum
755 540 849 575 prioris
864 539 1025 566 habitudinis

237 595 290 614 non
305 588 426 615 mutabit.
440 588 467 615 Si
483 595 546 615 vero
557 587 817 622 supertripartientes
830 586 949 613 invenire
960 592 1025 612 con-

238 634 342 667 tendas,
356 634 456 669 primos
468 633 739 669 supertt-ipartientes,
756 632 780 658 id
792 636 833 659 est
845 631 860 657 7
872 635 897 658 et
912 630 928 656 4
940 630 1024 664 tripli-

237 679 322 712 cabis,
337 684 365 707 et
386 679 537 714 hujusmodi
560 684 713 706 nascentur.
737 678 765 706 Si
784 685 847 704 vero
870 677 913 711 qui
932 684 964 703 ex
986 676 1026 702 his

237 725 292 752 nati
318 725 438 759 fuerint,
470 725 577 753 ternarii
605 723 823 759 multiplicatione
849 722 1023 758 produxeris,

238 769 310 797 idem
326 778 420 797 rursns
434 768 563 798 efﬁcient.
577 769 653 803 Quod
670 769 692 796 si
704 767 1026 803 superquadripartientes

238 815 464 849 quemadmodum
493 816 519 842 in
550 814 683 841 inlinitum
715 812 920 848 progrediantur
948 815 1024 846 optes

237 860 393 895 addiscere,
421 860 518 894 primas
545 866 637 887 eorum
663 858 767 886 radices
796 857 822 884 in
850 855 1024 891 quadruplum

1071 259 1131 285 illoc
1146 265 1210 285 vero
1223 242 1292 291 quod
1308 242 1438 282 minorem
1459 253 1487 279 in
1501 251 1621 279 habenda
1639 242 1715 285 par'te
1728 255 1866 277 transcen-

1075 303 1125 335 dit,
1145 299 1407 336 superparticularis.
1430 298 1467 324 Ita
1491 304 1524 323 ex
1538 300 1652 329 utroque
1666 295 1774 321 nomine
1796 294 1865 320 iacto

1076 348 1216 379 vocabulo,
1231 351 1283 379 est,
1299 346 1457 381 speciesque
1470 342 1541 370 illius
1553 341 1586 368 ad
1602 341 1721 371 illarum,
1749 340 1864 372 scilicet,

1077 396 1142 421 ﬁunt
1158 393 1300 427 imaginem
1317 390 1530 425 proportionum,
1547 394 1579 414 ex
1592 387 1688 421 quibus
1701 386 1758 420 ipse
1769 392 1865 412 nume-

1077 448 1123 468 rus
1136 439 1266 474 originem
1282 437 1373 465 trahit.
1389 435 1455 463 Nam
1471 434 1555 470 prima
1572 441 1633 467 pars
1645 432 1725 467 hujus
1740 431 1865 458 vocabuli

1077 493 1136 520 quae
1150 484 1305 518 multiplicis
1318 482 1428 509 nomine
1446 486 1569 515 possessa
1580 484 1632 511 est,
1645 477 1801 512 multiplicis
1816 485 1866 504 nu-

1078 531 1144 558 meri
1159 531 1309 565 specierum
1331 527 1464 556 vocabulo
1479 525 1643 553 nominanda
1658 529 1709 551 est.
1723 524 1789 556 Qua:
1804 529 1867 550 vero

1076 574 1328 611 superparticularis
1339 577 1391 605 est,
1407 572 1501 600 eodem
1517 570 1648 598 vocabulo
1659 567 1867 602 nuncupabitur,

1078 630 1129 657 quo
1155 620 1406 656 superparticularis
1431 617 1536 646 numeri
1564 617 1670 652 species
1693 615 1867 642 vocabantur.

1078 668 1186 695 Dicetur
1196 666 1266 694 enim
1278 666 1323 701 qui
1334 665 1467 700 duplicem
1478 663 1602 691 habuerit
1611 662 1693 689 alium
1710 667 1863 693 numerum,

1078 719 1105 742 et
1119 714 1177 748 ejus
1193 712 1307 740 mediam
1323 716 1437 747 partem,
1450 710 1547 745 duplex
1560 708 1733 744 sesquialter;
1748 706 1792 741 qui
1805 713 1868 734 vero

1078 760 1194 791 tertiam,
1221 758 1317 793 duplex
1336 756 1541 791 sesquitertius;
1557 754 1603 789 qui
1617 757 1753 788 quartam,
1767 752 1863 786 duplex

1077 806 1290 840 sesquiquartus,
1307 809 1335 832 et
1347 803 1484 838 deinceps.
1504 802 1534 830 Si
1554 808 1619 829 vero
1639 805 1681 828 ter
1696 808 1759 828 eum
1781 804 1864 827 totum

1079 852 1216 880 contineat
1235 856 1263 879 et
1277 851 1335 885 ejus
1356 850 1471 877 mediam
1487 853 1611 884 partem,’
1623 848 1665 875 vel
1688 848 1805 877 tertiam.
1827 846 1866 873 vel

238 893 398 940 multiplices
411 893 483 939 licet,
498 905 524 933 id
542 909 583 932 est
597 904 613 931 9
628 908 655 932 et
673 904 700 936 5,
716 908 743 931 et
756 911 802 930 eos
817 902 862 937 qui
883 901 925 928 illa
938 900 1026 927 multi-
1041 901 1065 930 B
1079 902 1212 934 quartam,
1225 897 1324 924 dicitur
1334 896 1429 931 triplex
1442 894 1610 930 sesquialter,
1620 894 1713 928 triplex
1726 893 1870 927 sesquitcn

238 952 382 986 plicatione
406 952 583 986 proferentur,
608 958 712 978 rursum
734 951 760 977 in
785 947 973 984 quadruplum,
999 950 1026 973 et

238 997 360 1025 eamdem
387 997 444 1024 ﬁeri
468 996 667 1031 proportionem
692 995 819 1022 inoil'eusa
840 994 965 1020 nimirum
985 1000 1027 1019 ra-

238 1044 310 1071 tione
331 1043 457 1078 reperics.
486 1043 517 1069 Et
532 1047 636 1070 craterae
651 1041 754 1076 species
770 1048 821 1067 una
839 1047 946 1073 semper
968 1038 1027 1072 plus

239 1091 461 1126 multiplicatione
475 1090 658 1118 crescentibus
673 1089 807 1116 radicibus
828 1088 960 1115 oriuntur.
975 1085 1026 1112 Ra-

239 1137 313 1164 dices
331 1142 419 1165 autem
441 1138 644 1172 proportionum
659 1144 736 1169 voc",
759 1141 886 1172 numeros
901 1134 927 1160 in
948 1140 1028 1166 supe-

239 1184 310 1211 riore
333 1182 510 1217 dispositione
536 1183 698 1217 descriptos,
720 1181 794 1216 quasi
819 1179 915 1215 quibus
941 1178 1028 1206 omnis

239 1236 342 1256 summa
366 1229 528 1263 supradictae
549 1227 757 1263 comparationis
780 1226 909 1253 innititur.
933 1224 960 1251 In
977 1224 1028 1251 hoc

240 1282 346 1310 quoque
363 1274 505 1302 ridendum
520 1278 561 1302 est
573 1273 709 1309 quoniam,
725 1280 785 1300 cum
802 1272 861 1299 dua:
875 1275 965 1305 partes
979 1268 1028 1296 mi-

240 1329 306 1349 nore
326 1321 384 1356 plus
400 1321 426 1348 in
448 1321 594 1355 majoribus
609 1324 683 1354 sunt,
700 1319 769 1347 tertii
792 1325 899 1352 semper
915 1315 1029 1343 vocabu-

240 1367 293 1394 lum
308 1367 474 1395 subauditur.
493 1367 526 1395 Ut
540 1366 770 1401 superbipartiens
780 1364 824 1399 qui
839 1363 948 1396 dicitur,
961 1369 1028 1396 quo-

240 1413 310 1440 niam
325 1413 391 1440 duas
411 1413 521 1440 minoris
541 1412 646 1440 numeri
663 1411 754 1439 tertias
768 1415 859 1445 partes
879 1409 969 1442 habet,
985 1407 1027 1435 di-

240 1462 314 1485 catur
337 1458 563 1498 superbipartiens
586 1458 687 1486 tertias.
706 1457 738 1484 Et
761 1464 822 1484 cum
846 1455 907 1483 dico
933 1461 1029 1488 super-

241 1504 410 1538 tripartiens,
436 1504 575 1532 subaudiri
601 1509 711 1531 necesse
733 1502 768 1530 sit
793 1500 1029 1536 supertripartiens

241 1554 359 1584 quartas,
381 1551 508 1585 quoniam
524 1549 610 1577 tribus
634 1548 817 1583 superquartis
835 1546 975 1575 exuberat.
997 1546 1030 1573 Et

1082 946 1143 978 tius,
1158 944 1264 978 tripler
1272 943 1483 977 sesquiquartus,
1503 945 1531 968 et
1543 940 1637 967 eodem
1653 939 1734 966 modo
1747 938 1773 964 in
1788 942 1869 965 cxte-

1080 991 1126 1017 ris.
1144 990 1306 1023 Diceturque
1327 986 1493 1023 quadruplus
1514 985 1684 1020 sesquialter,
1704 983 1870 1018 quadruplus

1080 1035 1275 1070 sesquitertius,
1291 1033 1454 1068 quadruplus
1469 1032 1682 1066 se5quiquartus.
1707 1034 1735 1057 et
1750 1029 1871 1064 quotiens

1082 1086 1165 1108 totum
1181 1087 1322 1107 numerum
1338 1079 1364 1105 in
1386 1075 1531 1112 semetipso
1550 1076 1725 1109 continuerit,
1741 1082 1791 1109 per
1802 1074 1871 1101 mul-

1082 1126 1178 1160 tiplicis
1202 1125 1306 1152 numeri
1320 1124 1425 1159 species
1446 1123 1608 1158 appellatur,
1622 1129 1702 1156 quam
1725 1128 1791 1148 vero
1809 1128 1871 1155 par-

1082 1177 1137 1199 tem
1156 1171 1303 1206 comparati
1326 1169 1432 1198 numeri
1453 1169 1589 1201 clauserit,
1613 1168 1761 1195 secundum
1776 1173 1871 1201 super-

1083 1217 1266 1251 particularem
1288 1215 1515 1250 comparationem
1537 1213 1777 1248 habitudinemque
1790 1220 1871 1240 voca-

1081 1265 1162 1291 bitur.
1182 1263 1281 1290 Hurum
1306 1266 1395 1289 autem
1418 1261 1541 1295 exempla
1560 1259 1712 1295 huiusmodi
1728 1263 1808 1286 sunt:
1822 1258 1872 1285 du-

1082 1310 1141 1345 plex
1168 1309 1328 1344 Sesquialter
1351 1313 1403 1342 est,
1429 1311 1458 1334 ut
1483 1308 1602 1342 quinque
1623 1306 1656 1333 ad
1684 1305 1748 1339 duo,
1773 1305 1872 1332 habent

1081 1356 1153 1382 enim
1169 1355 1196 1387 5,
1220 1355 1354 1381 biuarium
1370 1360 1511 1380 numerum
1528 1352 1569 1379 bis
1581 1356 1608 1379 et
1631 1351 1689 1386 ejus
1703 1350 1827 1383 mediam,
1846 1351 1874 1378 id

1084 1406 1124 1428 est
1137 1402 1161 1428 1.
1182 1401 1281 1435 Duplex
1299 1407 1361 1426 vero
1379 1398 1566 1433 scsquitcrtius
1582 1402 1622 1425 est
1634 1420 1640 1431 ,
1661 1397 1829 1431 septenarius
1840 1397 1874 1423 ad

1085 1448 1230 1475 ternarium
1247 1452 1429 1481 comparatus.
1447 1448 1478 1473 At
1502 1453 1567 1473 vero
1588 1446 1748 1473 norenarius
1762 1445 1795 1472 ad
1809 1452 1874 1479 qua-

1084 1493 1241 1524 ternarium,
1266 1492 1365 1526 duplex
1387 1491 1599 1525 scsquiquartus.
1623 1490 1650 1518 Si
1667 1497 1730 1518 vero
1746 1490 1772 1517 ll
1797 1489 1830 1517 ad
1846 1489 1875 1522 5,

1084 1538 1179 1572 duplex
1192 1537 1401 1571 sesquiquintus.
1417 1537 1448 1562 Et
1461 1536 1485 1562 hi
1500 1543 1606 1570 semper
1617 1539 1772 1568 nascentur,
1783 1535 1876 1569 dispo-

242 1580 565 1631 superquad'ripartienti,
598 1580 756 1622 subauditur
789 1592 1028 1627 supequadripnr-

1086 1584 1144 1609 sitis
1158 1583 1184 1610 in
1199 1583 1320 1609 ordinem
1334 1589 1347 1608 a
1364 1582 1468 1608 binario
1482 1589 1595 1607 numero
1607 1581 1731 1607 omnibus
1747 1580 1876 1607 naturali-

242 1640 311 1668 tiens
325 1642 443 1677 quintas,
458 1647 485 1669 et
499 1641 532 1668 ad
545 1641 669 1669 eumdem
686 1639 794 1668 modum
809 1639 836 1666 in
851 1638 967 1671 caeteris,
979 1645 1033 1665 uno

242 1692 347 1720 semper
362 1687 467 1721 adjecto
487 1693 568 1721 super
586 1686 692 1714 habitas
710 1690 812 1720 partes,
828 1683 979 1712 subauditio
994 1683 1034 1710 fa-

244 1732 336 1759 cienda
351 1737 402 1766 est,
426 1737 454 1759 ut
477 1740 570 1759 eorum
591 1739 717 1767 germana
737 1730 976 1764 convenientiaque
992 1728 1033 1755 his

244 1779 351 1806 nomina
378 1778 435 1805 haec
461 1779 526 1810 sint.
555 1782 584 1805 ut
606 1778 651 1812 qui
674 1777 773 1804 dicitur
791 1774 1029 1811 superbipartiens,

244 1823 315 1851 idem
329 1823 432 1863 dicatur
445 1823 661 1857 superbitertius.
679 1823 730 1855 Qui
744 1822 842 1850 dicitur
853 1820 1033 1855 supertripar-

245 1870 323 1903 tiens,
335 1870 357 1897 is
371 1870 405 1897 sit
425 1869 663 1904 supertriquartus,
675 1874 702 1896 et
716 1868 762 1903 qui
773 1868 871 1895 dicitur
885 1873 1032 1901 superqua-

244 1915 420 1950 dripartiens,
440 1915 510 1942 idem
530 1915 634 1942 dicatur
660 1913 967 1949 superquadriquintus,
988 1919 1032 1939 ea-

244 1961 360 1996 demque
371 1961 546 1989 similitudine
561 1968 646 1996 usque
659 1961 685 1987 in
697 1960 830 1987 inﬁnitum
852 1959 959 1986 nomina
975 1964 1035 1992 pro~

248 2006 388 2035 ducantur.

525 2053 638 2081 CAPUT
658 2052 755 2080 XXIX.

424 2098 461 2125 De
472 2099 607 2133 multiplici
620 2099 856 2134 supérparticulari.

282 2145 365 2181 Igitur
384 2146 478 2174 relatte
497 2147 531 2174 ad
552 2147 651 2182 aliquid
673 2148 840 2182 quantitatis,
861 2145 997 2181 simplices
1012 2150 1038 2173 et

248 2193 343 2227 prima:
361 2193 465 2228 species
483 2195 525 2221 ha:
537 2198 609 2221 sunt.
624 2194 688 2221 Dua:
699 2201 763 2221 vero
777 2193 847 2227 aliae,
861 2200 894 2220 ex
911 2192 952 2220 his
965 2192 1038 2219 velut

248 2245 282 2266 ex
295 2238 429 2273 aliquibus
443 2239 580 2274 principiis
595 2243 803 2274 componuntur,
825 2243 853 2265 ut
876 2237 1038 2272 multiplices

249 2285 524 2318 superparticulares,
547 2290 574 2312 ct
605 2285 767 2320 multiplices
792 2283 1037 2319 superpartientes,

250 2331 401 2365 horumque
412 2332 523 2358 comites
537 2331 749 2366 submult'plices
769 2330 1037 2365 superparticulares,

250 2380 278 2403 ct
291 2376 504 2410 submultiplices
518 2377 758 2411 superp‘trtientes.
770 2376 891 2411 Namque
910 2375 938 2403 in
955 2375 996 2402 his
1010 2380 1039 2402 ut

250 2422 277 2450 in
291 2422 424 2457 praedictis
438 2423 665 2457 proportionibus,
685 2423 803 2451 minores
818 2423 934 2454 numeri,
953 2426 980 2449 et
994 2429 1040 2449 eo-

251 2476 312 2496 rum
331 2476 437 2504 quoque
464 2470 567 2504 species
590 2477 700 2503 omnes,
730 2469 817 2496 addita
842 2469 887 2496 sub
910 2468 1038 2503 prmposi-

251 2516 334 2549 tione,
349 2515 482 2543 dicuntur.
497 2516 614 2549 Quorum
631 2515 751 2543 deﬁnitio
768 2515 827 2542 talis
843 2514 916 2542 reddi
931 2518 1018 2549 potest
1033 2523 1038 2540 :

251 2562 391 2596 multiplex
404 2561 656 2597 superparticularis
667 2566 719 2594 est,
730 2561 854 2597 quotiens
865 2564 993 2587 numerus
1008 2559 1041 2586 ad

251 2616 390 2636 numerum
412 2614 593 2644 comparatus.
613 2608 693 2636 habet
708 2616 767 2635 emn
784 2607 841 2642 plus
862 2614 941 2641 quam
957 2605 1040 2633 semel

251 2659 278 2681 ct
298 2655 356 2689 cjus
378 2662 456 2681 unam
480 2659 593 2689 partem,
610 2655 659 2681 hoc
683 2658 733 2687 est,
750 2652 828 2679 habet
850 2659 910 2679 eum
934 2655 979 2678 aut
993 2651 1042 2678 du-

252 2700 335 2734 plum,
353 2705 398 2727 aut
419 2700 536 2734 lriplum,
555 2704 600 2727 aut
616 2699 803 2735 quadruplum,
819 2702 860 2725 aut
883 2697 1041 2732 quotiensli-

252 2745 307 2778 het,
320 2750 347 2773 et
362 2746 419 2780 ejus
434 2745 581 2780 quamlibet
594 2745 708 2779 aliquam
729 2748 840 2779 partem,
858 2741 898 2769 vel
914 2741 1040 2773 mediam,

252 2790 295 2817 vel
315 2792 433 2823 tertiam,
456 2791 497 2818 vel
519 2796 651 2825 quartam,
669 2789 710 2817 vel
730 2796 895 2823 qumcunque
910 2788 961 2815 alia
983 2794 1043 2822 par-

255 2835 320 2861 tium
335 2835 526 2864 exuberatione
544 2835 694 2869 contigerit.
718 2834 765 2861 llic
787 2841 851 2868 ergo
865 2837 892 2860 ct
905 2832 1043 2866 multiplici

257 2885 282 2906 et
298 2881 532 2915 superparticulari
545 2881 674 2909 consistit.
690 2880 764 2917 Quod
777 2879 846 2907 enim
859 2882 1042 2915 comparatum

1087 1635 1126 1656 ter
1149 1629 1258 1663 paribus
1281 1628 1481 1662 imparibusque
1503 1627 1640 1659 terminis,
1665 1627 1686 1653 si
1709 1631 1802 1653 contra
1827 1633 1878 1653 eos

1085 1682 1178 1701 omnes
1194 1681 1207 1699 a
1224 1674 1346 1708 quinario
1367 1680 1478 1699 numero
1492 1673 1608 1706 impares
1626 1676 1829 1705 comparentur,
1852 1676 1878 1697 ut

1086 1720 1199 1754 primum
1216 1720 1312 1753 primo,
1337 1718 1482 1746 secundum
1498 1719 1628 1750 secundo,
1653 1718 1758 1744 textium
1782 1717 1877 1745 tertio.

1086 1770 1163 1792 caute
1179 1769 1206 1791 et
1217 1765 1358 1798 diligenter
1371 1771 1500 1798 apponas,
1515 1768 1544 1789 ut
1559 1764 1592 1789 sit
1607 1763 1746 1797 dispmilio
1758 1763 1821 1789 talis
1832 1771 1842 1788 :

1089 1927 1115 1952 Si
1131 1934 1193 1952 vero
1209 1935 1221 1951 ιι
1237 1926 1340 1951 duobus
1357 1925 1463 1957 paribus
1479 1923 1601 1950 Otttnlbus
1623 1923 1760 1956 dispositis
1782 1922 1880 1948 termi-

1090 1973 1142 2002 nis,
1160 1972 1195 1998 illi
1214 1971 1258 2003 «ιιιὶ
1275 1978 1288 1995 a
1310 1970 1431 2004 quinario
1453 1976 1563 1995 numero
1575 1969 1741 1999 inchoantes,
1755 1967 1882 2002 quinario

1091 2023 1203 2042 numero
1218 2023 1309 2041 rursus
1324 2022 1382 2041 sese
1400 2014 1554 2041 transiliunt
1568 2018 1765 2048 comparentur,
1785 2020 1882 2039 omnes

1093 2061 1209 2096 duplices
1234 2061 1424 2094 >esquialteros
1448 2063 1551 2091 creant,
1578 2064 1607 2085 ut
1629 2063 1670 2085 est
1691 2057 1811 2091 subjecta
1829 2057 1880 2084 de-

1091 2107 1210 2142 scriptio.

1748 2151 1885 2192 ῙΓΓ

1151 2204 1823 2251 ιδιιοΊίδιεοΙξεῑςδοι

1053 2273 1081 2303 Ῑ)
1092 2267 1122 2294 Si
1136 2274 1226 2305 reroa
1239 2266 1323 2293 tribus
1333 2265 1462 2292 inchoent
1473 2265 1673 2299 dispositiones,
1688 2269 1716 2291 ct
1727 2264 1813 2290 tribus
1823 2270 1887 2290 sese

1094 2312 1254 2344 transiliam,
1270 2316 1298 2339 et
1319 2306 1415 2338 ad'eos
1435 2315 1560 2345 aptentur
1583 2310 1626 2344 qui
1642 2317 1656 2336 a
1672 2308 1825 2344 septenario
1844 2309 1887 2336 in-

1093 2359 1233 2389 choantes,
1254 2357 1409 2391 septenario
1431 2363 1491 2383 sese
1511 2363 1625 2382 numero
1640 2354 1886 2388 transgrediuntur,

1093 2410 1188 2430 omnes
1209 2403 1329 2437 duplices
1344 2401 1518 2436 sesquitertii,
1537 2401 1627 2427 habita
1647 2400 1788 2434 diligenter
1808 2406 1888 2426 com-

1094 2450 1243 2483 paratione,
1261 2452 1418 2480 nascuntur,
1442 2451 1473 2475 ut
1488 2447 1606 2482 subjecta
1623 2446 1766 2480 descriptio
1781 2451 1887 2472 monet.

1150 2506 1840 2536 5l6|9|12l15|18|21

1071 2547 1886 2589 'ﬁlllIZIIQSIS’illSIlBI

1094 2610 1122 2637 Si
1134 2617 1198 2637 vero
1213 2617 1307 2636 omnes
1323 2609 1348 2635 in
1364 2609 1485 2635 ordinem
1502 2606 1643 2642 quadrupli
1658 2606 1847 2640 disponantur,
1862 2605 1889 2631 hi

1095 2655 1139 2689 qui
1155 2654 1282 2681 naturalis
1299 2654 1403 2682 numeri
1418 2653 1559 2688 quadrupli
1572 2656 1646 2684 sunt,
1659 2655 1688 2678 ut
1699 2650 1806 2678 unitatis
1818 2658 1891 2684 qua.

1095 2700 1218 2734 druplus,
1247 2705 1272 2727 et
1298 2698 1423 2731 duorum,
1453 2699 1585 2732 trimnque
1605 2701 1632 2724 et
1656 2701 1779 2731 quatuor.
1805 2701 1892 2731 atque

1095 2745 1221 2780 quinarii,
1246 2748 1272 2771 et
1293 2748 1451 2772 caeterorum
1471 2750 1531 2771 sese
1544 2742 1724 2777 sequentium,
1749 2745 1778 2767 ut
1792 2740 1826 2767 ad
1842 2748 1892 2768 eos

1096 2794 1219 2824 aptentur
1246 2797 1260 2816 a
1279 2789 1430 2817 unovenario
1453 2795 1564 2815 numero
1591 2787 1757 2818 inchoantes,
1778 2793 1893 2820 semper

1097 2842 1155 2862 sese
1178 2834 1323 2862 norenario
1346 2833 1540 2869 prmcedentes,
1568 2838 1629 2859 tunc
1650 2832 1761 2867 duplicis
1782 2832 1895 2864 sesqui-

1097 2885 1198 2916 quarta:
1213 2880 1392 2914 proportionis
1409 2879 1491 2907 forma
1510 2884 1625 2907 texetur.
