4022 6366
300 341 440 397 τιθε)

499 547 655 632 ἰΓἿ
740 571 793 615 18
869 556 879 643 ί
956 568 1012 615 ~27
1090 554 1101 630 Ι
1178 568 1239 613 3n
1313 554 1321 629 |
1404 567 1457 612 is
1531 553 1541 627 |
1617 544 1758 639 δι

301 671 377 724 Ea
406 684 535 724 vero
564 669 771 738 species
800 666 954 735 hujus
986 669 1215 731 numeri,
1248 680 1366 735 quae
1405 675 1487 718 est
1520 665 1709 733 triplex
1760 679 1871 717 ses-

300 762 485 831 quialt«
509 776 588 824 ra,
642 761 742 813 hoc
790 757 946 812 modo
979 766 1323 826 procreatur;
1371 757 1413 809 si
1464 755 1815 825 disponantur
1844 770 1874 807 a

301 852 512 907 binario
554 863 776 904 numero
806 862 991 901 omnes
1025 848 1076 900 in
1108 845 1350 900 ordinem
1382 860 1556 913 pares,
1594 855 1647 900 et
1685 845 1750 897 ad
1785 859 1876 898 eos

301 941 611 1010 septenario
644 953 869 993 numero
913 937 1250 1000 inchoantes,
1279 936 1586 1004 septenario
1633 950 1749 989 sese
1797 950 1879 989 sn-

305 1030 729 1100 pergredientes,
762 1030 920 1083 solito
958 1027 1025 1083 ad
1074 1028 1386 1081 alterutrum
1417 1026 1576 1080 modo
1605 1040 1879 1095 compara-

305 1122 467 1174 tionis
496 1129 767 1189 aptentur.

303 1231 582 1324 _-l-_._3
598 1228 746 1324 ..Δ
784 1239 1065 1319 ὴὲ...
1081 1227 1093 1324 l
1111 1223 1391 1317 ...μ
1423 1223 1878 1324 ἔφηέκ-,1-

309 1315 1070 1409 ΪᾙΪ.ἶ.....-.-.Ι
799 1315 856 1318 “
866 1315 1060 1376 "TW
1076 1315 1372 1406 L31...
1380 1315 1882 1404 _J_____l_28

305 1437 361 1491 Si
396 1448 569 1489 autem
598 1450 626 1487 a
657 1436 888 1488 ternario
930 1448 1150 1487 numero
1184 1434 1429 1502 ingressi,
1468 1440 1688 1485 cunctos
1730 1442 1880 1483 natu-

306 1524 438 1580 ralis
470 1524 673 1577 numeri
720 1522 958 1591 triplices
986 1523 1356 1591 diSponamus,
1385 1532 1437 1575 et
1467 1522 1545 1575 eis
1589 1535 1617 1573 a
1657 1518 1880 1573 denario

308 1631 537 1681 numero
564 1616 781 1669 denario
802 1630 919 1668 sese
948 1615 1414 1684 supergredientes
1444 1612 1631 1666 ordine
1655 1626 1878 1680 compa-

1033 1215 1275 1223 ———.———

439 1313 581 1321 -_.———~

337 1400 554 1410 ——-—————-—

311 1721 515 1771 remus,
562 1721 746 1760 omnes
790 1706 1024 1775 triplices
1077 1705 1399 1774 sesquitertii
1438 1704 1492 1757 in
1522 1718 1584 1757 ea
1630 1704 1877 1757 termino-
1916 1743 1960 1801 Β

311 1814 432 1855 mm
461 1800 853 1853 continuatione
878 1787 1214 1866 provenient’.

662 1905 1667 1983 slolailtel

319 1987 1881 2088 __Jw_-M:

872 2136 1096 2191 CAPUT
1140 2135 1309 2188 XXX.

309 2227 387 2279 De
416 2246 589 2283 eorum
628 2232 867 2301 exemplis
897 2230 947 2281 in
981 2230 1242 2297 superiore
1282 2228 1505 2296 formula
1546 2226 1879 2279 inveniendis.

384 2322 581 2376 llorum
624 2334 803 2377 autem
849 2338 1141 2392 eorumque
1167 2322 1257 2391 qui
1298 2331 1593 2391 sequuntur
1635 2320 1882 2390 exempla

307 2421 515 2490 integre
542 2424 807 2493 planeque
837 2435 1121 2491 possumus
1156 2429 1460 2489 pernotare,
1490 2418 1536 2471 si
1565 2419 1616 2471 in
1650 2420 1882 2488 priorem

305 2512 741 2581 descriptionem,
770 2529 924 2583 quam
951 2514 1169 2568 fecimus
1186 2527 1308 2567 cum
1330 2511 1397 2565 de
1414 2508 1883 2579 superparticulari

306 2612 364 2657 et
395 2603 673 2673 multiplici
699 2605 1063 2674 loqueremur,
1093 2604 1182 2657 ubi
1215 2604 1279 2657 ab
1310 2616 1416 2655 uno
1447 2614 1615 2669 usque
1644 2602 1695 2653 in
1722 2598 1885 2653 dena-

305 2696 447 2751 rium
500 2696 998 2765 multiplicationum
1050 2707 1256 2747 summa
1310 2691 1603 2755 concrevit,
1651 2688 1883 2757 diligens

307 2788 539 2842 velimus
577 2802 800 2841 acumen
851 2785 1149 2840 intendere.
1196 2784 1274 2837 Ad
1318 2783 1557 2849 pritnum
1597 2779 1738 2833 enim
1768 2794 1889 2833 ver-

304 2893 429 2934 sum
464 2892 651 2933 omnes
678 2879 768 2947 qui
809 2886 1104 2946 sequuntur
1146 2873 1347 2937 collati,
1382 2872 1653 2926 ordinatas
1684 2883 1884 2923 conve-

268 3014 271 3017 γ
307 2968 624 3037 nientesque
669 2967 975 3036 multiplicis
1024 2965 1231 3035 species
1283 2963 1525 3018 reddent.
1565 2961 1618 3015 Si
1654 2973 1781 3014 vero
1818 2958 1884 3013 ad

1521 336 1602 391 DE
1644 334 2101 393 ARITHMETICA
2144 333 2268 389 LI-B.
2310 332 2348 387 I.

1907 454 1944 508 Α
1985 449 2139 511 tiens,
2178 459 2232 503 et
2280 453 2465 519 triplex
2512 449 3000 519 supertriparticns,
3041 458 3093 506 et
3136 449 3321 519 triplex
3367 464 3555 517 super-

3416 331 3553 416 me

1980 540 2425 607 quadripartiens,
2461 552 2511 595 et
2540 542 2807 597 similiter.
2839 541 2906 596 Ut
2931 543 2963 596 8
3000 542 3064 594 ad
3087 543 3121 595 5
3146 546 3434 610 comparati
3470 542 3548 594 fa-

1979 630 2126 683 ciunt
2172 629 2434 696 duplicem
2483 631 3054 699 superbipartientem.
3109 639 3162 686 et
3195 631 3258 685 lG
3298 631 3360 684 ad
3408 633 3459 693 6,
3501 643 3554 694 et

1979 734 2169 773 omnes
2195 721 2495 789 quicunque
2538 724 2603 773 ab
2649 724 2682 776 8
2730 723 3068 791 incipientes,
3114 724 3389 776 octonario
3436 738 3554 777 s-“sc

1980 825 2202 865 numero
2229 812 2715 879 transgrediuntur,
2745 813 3040 881 comparati
3068 791 3134 866 ad
3168 827 3261 867 eos
3292 814 3381 881 qui
3410 828 3436 864 a
3464 817 3553 865 tri-

1981 902 2077 953 bus
2101 902 2432 959 inchoantes.
2466 903 2684 955 ternarii
2718 917 2837 956 sese
2874 905 3169 972 quantitate
3206 912 3548 972 praetereunt.

1982 992 2088 1048 Nec
2130 995 2233 1048 erit
2270 993 2480 1047 difficile
2526 993 2654 1046 alias
2679 994 2793 1061 ejus
2823 1003 3001 1063 partes
3038 995 3327 1049 secundum
3362 996 3554 1062 praedi-

1984 1092 2127 1137 ctum
2155 1084 2366 1137 modum
2398 1083 2746 1153 diligentibus
2775 1087 3029 1154 reperire.
3065 1088 3159 1141 llic
3184 1103 3395 1157 quoque
3428 1088 3553 1142 illud

1987 1174 2292 1235 meminisse
2336 1174 2591 1228 debemus
2619 1176 2759 1243 quod
2805 1178 3039 1232 minores
3084 1186 3138 1232 ct
3175 1181 3398 1233 comites
3448 1196 3554 1234 non

1987 1268 2103 1323 sine
2132 1271 2225 1320 sub
2270 1269 2646 1337 prmpositione
2678 1270 3040 1335 nominantur,
3076 1280 3131 1324 ut
3158 1270 3227 1325 sit
3258 1273 3562 1341 subduplel

1985 1358 2457 1427 superbipartiens,
2486 1359 2778 1427 subduplex
2803 1362 3299 1430 supertripartiens.

2533 1449 2753 1505 CAPUT
2798 1450 3010 1505 XXXII.

2032 1539 2408 1593 Demonstratio
2438 1544 2859 1609 quemadmodum
2898 1544 3059 1594 omnis
3091 1543 3405 1610 iua‘quali.'as
3442 1546 3503 1597 ab

2453 1614 2739 1675 a’qualitale
2769 1614 3083 1681 processerit.

2059 1700 2242 1754 Restat
2302 1711 2475 1753 autem
2539 1704 2691 1754 nobis
2752 1701 3213 1767 profundissimam
3271 1705 3551 1771 quamdam

1872 1832 1879 1835 Α
1916 1789 1958 1801 ’⁷
1987 1789 2194 1844 tradere
2222 1791 2580 1859 disciplinam,
2608 1807 2724 1859 qua:
2751 1792 2814 1845 ad
2844 1808 3056 1847 onmem
3095 1802 3295 1849 natura:
3324 1797 3428 1849 vim
3471 1794 3556 1851 re-

1986 1899 2208 1953 rumque
2236 1885 2591 1955 integritatem
2625 1887 2849 1939 maxima
2892 1892 3097 1943 rat'one
3126 1891 3403 1957 pertinent.
3447 1893 3556 1947 Ma-

1987 1990 2122 2041 gnus
2149 1975 2345 2045 qliippe
2373 1977 2425 2030 in
2458 1977 2558 2031 liae
2586 1979 2808 2031 scientia
2843 1979 3040 2033 fructus
3066 1990 3168 2043 est,
3217 1982 3261 2036 si
3302 1983 3420 2051 quis
3452 2000 3569 2038 non

1990 2066 2193 2119 nesciat
2235 2065 2374 2134 quod
2408 2067 2617 2121 b.nitas
2657 2067 2874 2122 deﬁnita
2922 2081 3005 2124 est
3046 2080 3100 2125 et
3136 2072 3234 2125 sub
3278 2074 3557 2127 scientiam

1990 2154 2205 2219 cadens,
2238 2158 2417 2209 animo
2439 2173 2521 2219 ,ue
2556 2173 2769 2226 semper
2808 2160 3077 2217 imitabilis
3121 2170 3175 2216 et
3204 2166 3559 2233 perceptibilis

1993 2247 2162 2314 prima
2206 2258 2391 2303 natura
2432 2258 2533 2312 est,
2577 2261 2629 2305 et
2669 2266 2780 2305 sua:
2810 2253 3116 2309 substantia:
3146 2255 3341 2310 decore
3372 2272 3559 2326 perpe-

1994 2347 2100 2392 tua.
2132 2337 2399 2393 Inﬁnitum
2430 2355 2555 2395 vero
2594 2342 2807 2395 malitia:
2847 2332 3081 2398 dedecus
3110 2354 3214 2411 est,
3238 2347 3400 2400 nullis
3440 2363 3560 2418 pro-

1995 2430 2123 2497 priis
2162 2432 2436 2500 principiis
2474 2434 2677 2498 nixum,
2712 2435 2804 2488 sed
2847 2443 3033 2490 natura
3078 2452 3291 2508 semper
3319 2454 3506 2495 errans
3533 2456 3562 2495 a

1990 2521 2112 2575 boni
2136 2522 2446 2579 deﬁnitione
2480 2526 2741 2593 principii,
2771 2536 3019 2597 tanquam
3040 2530 3218 2600 aliq'io
3246 2533 3399 2601 signo
3426 2534 3564 2603 opti-

1992 2627 2095 2666 ma:
2136 2611 2318 2682 ﬁgura:
2347 2614 2603 2682 impre~sa
2646 2619 3005 2686 componitur,
3048 2631 3101 2675 et
3143 2636 3207 2676 ex
3245 2623 3335 2679 illo
3363 2628 3563 2681 erroris

1998 2705 2160 2759 fluctu
2207 2707 2485 2761 retinetur.
2538 2709 2668 2762 Nam
2716 2710 2933 2765 nimiam
2971 2713 3315 2782 cupiditatem
3363 2718 3563 2787 iraeque

1998 2798 2336 2851 immodicam
2368 2798 2792 2867 effrenationem,
2824 2802 2973 2871 quasi
3001 2802 3215 2873 quldam
3247 2814 3422 2863 rector
3442 2810 3561 2863 ani-

1998 2905 2136 2955 mus,
2178 2904 2306 2958 pura
2353 2891 2696 2961 intelligentia
2728 2893 3035 2959 roboratus,
3074 2896 3338 2964 astringit,
3377 2908 3431 2952 et
3471 2898 3565 2953 has

1994 2981 2385 3051 quodammodo
2426 2983 2797 3052 iuaaqualilalis
2838 2984 3056 3053 formas,
3092 2996 3385 3056 temperata
3414 2988 3564 3044 boni-

307 3060 603 3114 secundum
640 3067 863 3114 cunctos
907 3057 995 3127 qui
1029 3056 1170 3111 tertii
1215 3065 1336 3109 sunt
1366 3053 1570 3107 ordinis
1598 3052 1883 3145 aptaveris,
1913 3054 1957 3115 C
1992 3082 2096 3125 me
2118 3072 2412 3125 constituit.
2456 3072 2568 3128 Hoc
2598 3084 2774 3128 autem
2812 3074 2916 3128 em
2940 3052 3300 3145 perspicudm’
3335 3078 3378 3131 si
3411 3080 3565 3132 Μαι.

307 3151 585 3207 ordinatas
624 3150 832 3219 species
879 3147 1379 3217 superparticularis
1410 3156 1684 3213 agnosces.
1736 3141 1885 3208 Quod

307 3242 358 3298 si
410 3241 570 3297 tertio
626 3240 823 3303 ordini,
874 3240 1177 3308 quicunque
1225 3246 1348 3291 sunt
1396 3237 1447 3288 in
1498 3234 1685 3302 quinto
1733 3245 1889 3285 versu

308 3346 625 3401 compares,
674 3329 1116 3399 superparticntis
1168 3327 1373 3381 numeri
1429 3324 1634 3394 species
1691 3323 1889 3391 positas

309 3426 697 3482 convenienter
726 3425 973 3493 aspicies.
1017 3421 1287 3489 Multipch
1317 3433 1445 3474 vero
1486 3414 1881 3486 superparticu-

307 3516 444 3571 Iaris
480 3514 800 3577 ostenditur,
833 3528 954 3567 cum
995 3511 1058 3566 ad
1106 3509 1398 3565 secundum
1445 3522 1655 3563 versum
1696 3520 1885 3563 omnes

305 3607 401 3677 qui
452 3614 574 3660 sunt
614 3604 783 3675 quinti
813 3618 1000 3658 versus
1050 3602 1190 3656 serie
1234 3606 1630 3669 comparantur,
1672 3596 1755 3651 vel
1795 3597 1884 3664 qui

306 3708 438 3753 sunt
468 3698 518 3753 in
548 3699 796 3766 septimo,
822 3698 903 3751 vel
933 3696 1024 3763 qui
1046 3704 1170 3749 sunt
1200 3696 1252 3747 in
1281 3708 1443 3757 nono,
1476 3701 1635 3761 atque
1662 3693 1731 3743 ita
1761 3692 1807 3744 si
1832 3691 1885 3742 in

306 3787 579 3842 inﬁnitum
608 3788 677 3841 sit
716 3786 814 3841 ista
842 3786 1148 3853 descriptio,
1184 3784 1233 3836 in
1266 3783 1531 3836 inﬁnitum
1576 3781 1733 3847 liujus
1766 3794 1886 3847 pro-

308 3882 575 3952 portionis
620 3881 824 3949 species
859 3878 1298 3947 procreabuntnr.
1334 3876 1665 3928 Manifestum
1708 3880 1885 3926 autem

305 3975 470 4029 etiam
498 3974 599 4028 lioc
619 3982 719 4042 est,
749 3972 890 4040 quod
928 3972 1114 4024 horum
1145 3971 1367 4024 comites
1396 3984 1607 4035 semper
1642 3982 1762 4020 eum
1794 3968 1886 4020 sub

308 4062 694 4133 prccpositione
723 4062 985 4123 dicentur,
1017 4070 1072 4113 ut
1102 4068 1183 4113 cst
1219 4059 1514 4126 subduplex
1545 4057 1884 4125 sesquialter,

258 4196 263 4199 -
304 4154 608 4223 subduplex
638 4154 1033 4223 sesquitertius,
1053 4152 1349 4222 subduplex
1380 4152 1801 4221 sesqniqnartus,
1836 4156 1891 4204 et

305 4246 492 4301 επιειί
522 4245 733 4315 quidem
763 4246 828 4299 ad
858 4244 998 4298 hunc
1027 4244 1264 4309 modum.

868 4362 1091 4416 CAPUT
1131 4360 1323 4415 XXXI.

691 4452 766 4505 De
795 4451 1061 4518 multiplici
1083 4452 1505 4518 superparticnte.

388 4542 663 4611 Multiplex
693 4556 821 4595 vero
846 4541 1248 4608 superpartiens
1271 4546 1373 4601 est,
1398 4548 1603 4605 quoties
1635 4550 1887 4588 numerus

306 4637 380 4692 ad
412 4649 690 4689 numerum
722 4642 1060 4701 comparatus
1101 4631 1263 4684 liabet
1307 4633 1357 4682 in
1410 4644 1468 4682 se
1500 4630 1660 4682 alium
1704 4642 1888 4679 nume-

306 4743 431 4784 rum
460 4736 623 4780 tolum
654 4726 767 4793 plus
789 4739 945 4793 quam
978 4722 1164 4785 semel,
1197 4730 1251 4773 et
1283 4722 1397 4788 ejus
1423 4720 1503 4771 vel
1532 4718 1684 4784 duas,
1716 4717 1798 4769 Vri
1831 4718 1886 4780 ὃ,

308 4819 399 4872 vel
446 4816 703 4884 quotlibet
748 4815 928 4883 plures
976 4812 1282 4882 particulas,
1337 4808 1628 4863 sticuanm
1678 4807 1889 4860 numeri

307 4906 760 4975 superparticntis
784 4904 1031 4974 ﬁguram.
1068 4902 1121 4955 In
1160 4901 1259 4955 lioe
1287 4916 1498 4969 quoque
1528 4906 1746 4965 propter
1769 4911 1897 4950 cau-

306 5012 429 5054 sam
461 4999 705 5065 superius
732 4995 951 5057 dictam,
984 5008 1086 5047 non
1116 5001 1273 5046 erunt
1300 4990 1416 5043 dum
1440 4988 1775 5051 medietales,
1804 5003 1895 5039 ne-

306 5106 419 5160 que
444 5089 563 5143 dum
591 5097 814 5156 quarta),
846 5100 1017 5153 neque
1040 5085 1160 5138 duae
1198 5092 1384 5147 serta),
1427 5082 1518 5135 sed
1549 5081 1666 5134 dine
1701 5080 1889 5141 tertiae,

306 5184 400 5236 vel
433 5181 552 5235 dure
579 5180 796 5250 quintae,
827 5177 910 5232 vel
935 5178 1055 5230 dum
1086 5176 1348 5245 septimm,
1383 5175 1449 5228 ad
1482 5174 1712 5242 priorem
1746 5171 1891 5224 simi-

307 5275 421 5329 lem
462 5272 921 5342 consequentiam.
951 5269 1064 5323 Non
1106 5278 1187 5322 est
1224 5278 1409 5322 autem.
1434 5266 1655 5321 difficile
1696 5279 1891 5320 secun-

305 5368 443 5421 dum
494 5366 729 5433 priorum
773 5362 1013 5430 exempla
1067 5361 1383 5428 positorum,
1436 5358 1533 5411 hos
1576 5372 1788 5427 quoque
1835 5364 1891 5409 et

312 5467 515 5529 ιιι-αξιοι·
544 5466 723 5511 nostra
753 5454 995 5523 exempla
1034 5467 1283 5506 numeros
1323 5452 1580 5506 invenire.
1614 5450 1891 5504 Vocabun-
1942 5468 1948 5477 ·

310 5566 508 5617 turque
540 5548 613 5612 III,
647 5547 939 5603 secundum
970 5545 1211 5616 proprias
1244 5552 1443 5610 partes,
1477 5542 1671 5610 duplex
1703 5555 1893 5609 super-

309 5640 642 5709 bipartiens,
671 5639 756 5694 vel
799 5638 992 5706 duplex
1044 5634 1533 5703 supertripartiens,
1587 5633 1667 5686 \el
1700 5631 1895 5700 duplex

316 5730 938 5801 superquadripzirtiens.
992 5727 1054 5781 Et
1096 5739 1279 5779 rursus
1319 5725 1508 5793 triplex
1560 5723 1899 5792 superbipar-

1994 3161 2216 3230 ﬁgamus
2262 3176 2449 3215 omnes
2479 3164 2856 3232 ina‘qualitatis
2886 3165 3113 3234 species,
3141 3165 3208 3220 ab
3248 3167 3564 3236 aequalitatis

1991 3253 2222 3307 crevisse
2255 3254 2577 3321 primordiis,
2627 3264 2683 3306 ut
2724 3255 2836 3321 ipsa
2880 3254 3275 3327 quodammodo
3318 3258 3562 3326 aequitas,

1994 3342 2178 3396 matris
2208 3353 2260 3396 ct
2301 3343 2492 3397 radicis
2519 3344 2764 3398 obtinens
2800 3346 2926 3410 vim,
2960 3346 3071 3415 ipsa
3101 3362 3289 3401 omnes
3322 3348 3563 3418 iumqua-

1994 3435 2155 3491 litatis
2184 3436 2391 3503 Species
2411 3435 2735 3506 ordinesque
2760 3437 3061 3507 profundat.
3094 3439 3209 3493 Sint
3239 3440 3381 3494 enim
3412 3440 3563 3495 nobis

1994 3532 2102 3577 tres
2143 3526 2373 3594 :cquales
2404 3526 2637 3591 termini,
2679 3527 2726 3580 id
2774 3537 2857 3582 est
2900 3536 3010 3583 tres
3055 3530 3305 3597 unitates,
3346 3531 3428 3584 vel
3459 3540 3567 3585 tres

1994 3612 2126 3681 bini,
2169 3614 2252 3668 vel
2296 3625 2402 3669 tres
2445 3618 2603 3681 terni,
2640 3618 2724 3672 vel
2772 3628 2876 3673 tres
2922 3622 3187 3688 quaterni,
3229 3621 3314 3676 vel
3343 3632 3568 3691 quantos

1996 3706 2133 3761 ultra
2176 3706 2303 3762 libet
2335 3722 2554 3775 ponere.
2587 3709 2737 3776 Quod
2770 3712 2913 3765 enim
2946 3714 2995 3764 in
3030 3713 3149 3766 unis
3192 3714 3360 3768 tribus
3389 3716 3568 3769 termi-

1994 3796 2075 3848 nis
2116 3800 2311 3863 evenit,
2344 3799 2481 3851 idem
2524 3801 2783 3869 contingit
2817 3802 2866 3853 in
2897 3802 3126 3854 caeteris.
3163 3802 3238 3854 Ex
3274 3804 3354 3856 liis
3388 3805 3565 3871 igitur,

1992 3887 2281 3940 secundum
2313 3890 2562 3956 prmccpti
2613 3888 2780 3941 nostri
2806 3889 3075 3955 ordinem,
3123 3890 3303 3944 videas
3335 3893 3564 3960 ptimum

1996 3979 2138 4031 nasci
2165 3978 2508 4046 multiplices,
2540 3986 2595 4033 et
2624 3979 2676 4032 in
2710 3979 2792 4033 liis
2822 3979 3062 4048 duplices
3087 3982 3231 4049 prius
3254 3982 3445 4036 deliine
3476 3986 3568 4035 tri-

1995 4069 2132 4136 plos,
2181 4068 2373 4123 deinde
2420 4068 2764 4138 quadruplos,
2816 4081 2870 4124 et
2918 4071 2983 4124 ad
3032 4071 3279 4126 eumdem
3324 4073 3566 4127 ordinem

1995 4167 2404 4228 consequentes.
2452 4159 2677 4223 Rursus,
2728 4160 3047 4228 multiplices
3091 4164 3134 4214 si
3166 4171 3566 4229 convertantur,

1994 4266 2055 4305 ex
2089 4248 2172 4303 his
2219 4250 2731 4318 superparticulares
2763 4250 3024 4314 orientur,
3069 4259 3122 4304 et
3167 4265 3235 4306 ex
3270 4251 3570 4319 duplicibus

1921 4342 2232 4437 unidem,
2286 4340 2642 4409 scsquialteri,
2681 4354 2747 4394 ex
2792 4339 3090 4408 triplicibus
3130 4341 3476 4408 sesquitertii,
3502 4356 3571 4395 ex

1997 4432 2308 4502 quadruplis
2336 4429 2711 4499 sesqniquarti,
2742 4438 2797 4483 et
2830 4430 3009 4482 ctetcri
3056 4430 3109 4482 in
3150 4428 3291 4484 hunc
3322 4430 3568 4493 modum.

1998 4530 2068 4580 lix
2093 4523 2667 4595 superparticularibus
2698 4536 2825 4578 vero
2852 4522 3148 4586 conversis,
3174 4524 3571 4591 superparticu-

1998 4628 2075 4673 tes
2107 4618 2251 4671 nasci
2275 4630 2493 4670 necesse
2522 4623 2626 4678 est,
2658 4612 2728 4666 ita
2758 4621 2817 4666 ut
2847 4628 2912 4667 ex
2948 4613 3299 4682 sesquialtero
3324 4622 3572 4668 nascatur
3636 4668 3647 4681 ο

2000 4709 2478 4777 ειιρει-ὶήιιαιιὶριιε,
2503 4706 3058 4775 supcrtripartientem
3088 4707 3462 4775 sesquitertius
3489 4710 3571 4777 gi-

1998 4811 2145 4872 gnat,
2170 4814 2306 4855 etex
2340 4800 2714 4869 sesquiquarto
2744 4800 3352 4869 superquadripaitiens.
3396 4800 3573 4854 Rectis

2000 4902 2177 4950 autem
2209 4893 2416 4963 positis,
2462 4908 2632 4961 neque
2662 4892 2933 4946 conversis
2975 4894 3240 4961 prioribus
3286 4907 3573 4960 superpar-

2003 4986 2331 5047 ticularilius,
2378 4984 2697 5053 multiplices
2742 4983 3257 5052 superparticulares
3306 4983 3572 5036 oriuntur.

2000 5076 2178 5130 Rectis
2208 5091 2332 5129 vero
2362 5074 2900 5144 superpartientibus,
2931 5070 3251 5143 multiplices
3279 5088 3575 5139 superpar-

2000 5171 2191 5223 tientes
2226 5169 2540 5223 efﬁcientur.
2586 5167 2855 5235 Przecepta
2902 5176 3081 5219 autem
3125 5166 3223 5219 tria
3274 5165 3389 5217 haec
3430 5174 3572 5225 sunt,

2002 5269 2055 5313 ut
2078 5262 2303 5327 primum
2335 5273 2611 5311 numerum
2646 5259 2816 5327 primo
2848 5256 3011 5310 facias
3042 5269 3243 5323 parem,
3277 5253 3572 5307 secundum

1999 5364 2131 5403 vero
2172 5349 2347 5416 primo
2388 5359 2441 5400 et
2471 5347 2728 5411 secundo,
2770 5346 2983 5400 tertium
3025 5345 3216 5412 primo,
3247 5344 3456 5398 duobus
3487 5359 3575 5398 se-

1998 5441 2187 5497 cundis
2216 5451 2266 5494 et
2299 5439 2477 5493 tertio.
2508 5438 2616 5493 Hoc
2647 5439 2808 5505 igitur
2850 5452 2971 5491 cum
3002 5438 3054 5492 in
3086 5437 3326 5492 terminis
3354 5438 3573 5505 requali-

2000 5535 2100 5587 bus
2132 5532 2342 5594 feceris,
2374 5545 2441 5585 ex
2473 5531 2554 5584 his
2584 5532 2673 5599 qui
2708 5538 2991 5584 nascentur
3021 5530 3263 5599 duplices
3292 5539 3469 5584 erunt.
3502 5530 3575 5583 De

2001 5625 2194 5695 quibus
2217 5622 2512 5692 duplicibus
2542 5623 2584 5674 si
2618 5620 2756 5675 idem
2790 5619 3002 5684 feceris,
3027 5620 3262 5687 triplices
3286 5634 3563 5688 procrean-

2005 5726 2108 5785 tur,
2141 5725 2195 5772 et
2224 5715 2289 5771 de
2334 5713 2416 5768 bis
2448 5712 2842 5783 quadruplices,
2876 5720 3032 5782 atque
3076 5710 3127 5765 in
3167 5712 3431 5767 inﬁnitum
3463 5728 3573 5767 oms
