4022 6366
261 350 401 406 “13

339 487 351 561 Ι
568 500 597 546 9
819 486 830 559 Ι
1036 497 1090 542 12
1287 482 1297 557 Ι
1396 560 1415 561 ί
1498 495 1655 561 16---,
1758 484 1766 559 Ι

339 579 350 656 |
568 590 599 637 9
693 573 698 575 ’
817 574 827 652 Ι
1027 586 1082 633 2t
1285 573 1295 649 Ι
1427 585 1557 656 4749
1733 574 1767 656 ἐι

258 704 328 753 Αι
355 715 484 752 vero
512 699 557 750 si
584 697 651 750 ad
683 696 1142 765 superpartientes
1172 695 1407 747 animum
1443 701 1847 757 convertamus,

258 806 457 861 eosque
483 790 772 844 ordinatim
803 786 1097 843 secundum
1126 786 1401 856 superiora
1444 792 1709 853 praecepta
1743 784 1854 838 dis-

258 897 551 953 ponamus,
628 880 949 950 multiplices
1025 878 1481 947 superpartientes
1561 875 1849 931 ordinatim

256 976 569 1044 progenitos
618 973 971 1041 reperiemus.
1034 969 1354 1039 Disponatur
1386 968 1526 1023 enim
1566 982 1850 1037 superpar-

259 1067 444 1120 tientis
477 1065 591 1119 lucc
617 1063 844 1117 formula
870 1077 886 1116 :

568 1165 1328 1245 r—T—t—sil
1367 1165 1372 1166 ί
1415 1165 1459 1166 ’7
1499 1165 1562 1228 25
1760 1165 1773 1238 Ι

260 1294 575 1349 Ascribatur
602 1306 731 1358 ergo
761 1288 986 1358 primus,
1022 1288 1194 1355 primo
1222 1299 1427 1353 aequus,
1461 1282 1508 1335 id
1540 1291 1620 1336 est
1649 1282 1718 1347 9;
1758 1296 1849 1336 se-

261 1382 468 1440 cundus
511 1382 684 1451 primo
724 1390 778 1436 et
809 1380 1076 1445 secundo,
1110 1380 1161 1433 id
1190 1388 1272 1432 est
1301 1377 1402 1441 94;
1440 1376 1627 1431 tertius
1649 1376 1845 1446 primo,

262 1475 469 1529 duobus
495 1474 748 1529 secundis
777 1482 830 1527 et
861 1473 1041 1536 tertio,
1075 1472 1125 1525 id
1153 1481 1235 1523 est
1256 1470 1347 1524 δι.

344 1682 355 1756 l
570 1674 822 1756 LW!
1024 1684 1082 1733 ει
1283 1674 1292 1747 ι
1493 1684 1554 1729 δι

1460 346 1549 401 DE
1588 346 2055 404 ARI‘I'HMETICA
2096 348 2219 403 LIB.
2263 349 2324 404 Il.

1878 467 1927 525 Α
1960 462 2185 517 Videsne
2225 471 2284 519 ut
2328 477 2391 517 ex
2438 463 2926 533 superbipartiente
2971 463 3163 534 duplus
3199 464 3541 535 superbipar-

3406 350 3543 408 NH

1955 554 2094 609 tiens
2135 562 2354 609 exortus
2384 555 2471 609 sit.
2538 559 2608 610 At
2631 572 2758 612 vero
2788 558 2838 611 si
2868 557 3418 626 supertripartientem
3451 572 3539 626 po-

1955 658 2108 706 nam,
2140 644 2334 711 duplex
2379 644 2494 698 siue
2522 645 2684 700 dubio
2717 647 3021 715 tripartiens
3071 647 3367 710 invenitur,
3403 656 3459 700 ut
3491 648 3541 701 in

1955 735 2194 803 subjecta
2228 735 2591 804 descriptione
2622 739 2959 806 perspicuum
2988 750 3067 793 est
3096 755 3109 793 :

2048 844 2059 919 ι
2119 858 2316 924 ηᾼᾼίδ
2512 845 2523 919 Ι
2722 860 2782 907 23
2981 847 2991 924 Ι
3190 861 3250 909 49

2046 936 2057 1012 ι
2146 1014 2151 1015 ,
2216 950 2399 1015 κυζεή
2516 938 2528 1014 l
2722 950 2783 997 44
2982 940 2993 1015 Ι
3180 952 3256 998 121

1954 1052 2042 1105 Sic
2068 1066 2195 1120 ergo
2218 1052 2284 1105 de
2305 1054 2877 1121 superpar‘ticularibus
2904 1058 2984 1109 vel
3009 1056 3076 1109 dc
3097 1056 3541 1123 superparticnti-

1955 1144 2055 1198 bus
2116 1143 2443 1212 multiplices
2506 1145 3019 1214 superparticulares
3077 1146 3162 1201 vel
3225 1146 3541 1215 multiplices

1954 1237 2413 1303 superpartientes
2444 1236 2713 1293 oriuntur.
2744 1236 2919 1301 Quare
2948 1244 3156 1289 constat
3186 1237 3424 1290 omnium
3458 1236 3542 1288 iu-

1955 1328 2322 1397 :eqnalitatum
2353 1329 2713 1397 aequalitatem
2744 1342 2863 1382 esse
2891 1328 3233 1397 principium,
3262 1343 3327 1382 ex
3354 1326 3541 1381 eadem

1956 1422 2098 1476 enim
2142 1420 2423 1491 inaequalia
2452 1435 2645 1476 cuncta
2675 1429 2985 1476 nascuntur.
3026 1422 3101 1474 Ac
3126 1420 3193 1474 de
3218 1419 3303 1473 his
3331 1419 3542 1488 quidem

1957 1510 2211 1567 hactenus
2249 1512 2619 1569 d’sserendum
2657 1529 2778 1570 esse
2816 1513 3169 1578 credidimus,
3200 1528 3265 1566 ne
3301 1512 3403 1567 vel
3429 1511 3544 1564 infi~

1957 1604 2063 1656 nita
2093 1612 2379 1670 sectemur,
2411 1606 2493 1660 vel
2524 1607 2665 1659 circa
2697 1620 2784 1660 res
2815 1603 3225 1660 obscurissimas
3245 1600 3543 1671 iugrediem

1957 1694 2088 1747 tium
2126 1696 2334 1750 animos
2373 1696 2695 1761 detinentes,
2728 1695 2796 1749 ab
2824 1694 3127 1749 ulilioribus
3158 1706 3510 1747 moraremur.

3448 988 3458 1015 ι

1336 2009 1713 2112 LIBER
1766 2007 2475 2117 SECUNDUS.

775 2224 998 2279 CAPUT
1040 2217 1320 2276 PRIMUM.

337 2340 779 2407 Quemadmodum
808 2346 873 2393 ad
900 2337 1238 2404 wqualitatem
1269 2330 1781 2399 ornnisianualitcs

911 2409 1203 2460 reducatur.

340 2524 643 2591 Superioris
664 2522 783 2576 libri
807 2520 1169 2589 disputatione
1204 2518 1465 2586 digestum
1487 2524 1570 2569 est
1600 2513 1857 2583 quemad-

267 2615 489 2670 modum
533 2621 638 2669 tota
682 2611 1059 2681 inrequalitatis
1096 2608 1390 2663 substantia
1432 2622 1459 2660 a
1502 2606 1739 2674 principe
1775 2605 1855 2658 sui

270 2704 489 2775 generis
530 2702 833 2772 mqualitate
873 2700 1216 2769 processerit.
1259 2697 1363 2752 Sed
1394 2712 1510 2767 quae
1540 2711 1717 2751 rerum
1750 2695 1859 2749 elc-

272 2804 457 2852 menta
497 2803 652 2858 sunt,
681 2808 747 2848 ex
776 2791 981 2847 eisdem
1022 2789 1389 2859 principaliter
1424 2787 1599 2840 omnia
1642 2800 1859 2855 compo-

272 2898 495 2951 nuntur,
527 2896 583 2943 et
621 2887 673 2941 in
706 2885 903 2942 eadem
926 2898 1113 2938 rursus
1154 2880 1475 2936 resolutione
1513 2880 1650 2933 facta
1692 2877 1860 2933 resol-

270 2987 495 3033 vuntur.
534 2977 603 3032 Ut
635 2976 886 3046 quoniam
919 2972 1221 3028 articularis
1252 2958 1403 3026 vocis
1434 2972 1697 3024 elementa
1734 2978 1859 3024 sunt

272 3071 503 3133 litterae,
533 3068 600 3122 ab
626 3067 702 3122 eis
736 3076 819 3121 est
853 3064 1177 3135 syllabarum
1207 3075 1486 3133 progressa
1524 3060 1851 3128 coniunctio,

271 3171 331 3218 et
360 3163 412 3216 in
443 3161 655 3217 easdem
688 3174 873 3215 rursus
914 3157 1230 3212 terminatur
1258 3164 1550 3219 extremas,
1587 3152 1858 3207 eamdem-

271 3270 381 3325 que
410 3255 514 3308 vim
542 3253 747 3307 obtinet
767 3264 931 3305 sonus
954 3248 1007 3303 in
1036 3246 1273 3302 musicis.
1301 3246 1418 3301 Jam
1446 3259 1575 3299 vero
1599 3244 1854 3298 mundum

270 3348 307 3401 ι
341 3336 569 3414 corpora
610 3356 715 3397 non
750 3343 1056 3412 ignoramus
1084 3340 1319 3393 eflicere.
1369 3336 1608 3405 Namque
1648 3336 1729 3405 (ut
1756 3335 1850 3403 ait)

272 3452 341 3492 ex
380 3436 535 3491 imbri
570 3443 817 3505 terraque
851 3432 1032 3487 omnia
1071 3431 1361 3501 gignuntur
1399 3438 1453 3483 et
1484 3429 1623 3498 igni;
1665 3428 1758 3482 sed
1806 3428 1857 3481 in

270 3530 395 3584 haec
428 3542 616 3583 rursus
654 3527 768 3597 ejus
805 3524 832 3579 Δ
872 3527 1140 3582 elementa
1177 3524 1235 3578 fit
1274 3532 1541 3594 postrema
1581 3523 1856 3577 resolutio.

270 3620 355 3676 Ita
394 3620 573 3689 igitur,
602 3619 851 3689 quoniam
898 3631 960 3672 ex
1004 3615 1320 3687 mqualitatis
1365 3614 1603 3684 margine
1640 3622 1858 3668 cunctas

270 3711 654 3779 inaqualitatis
684 3709 891 3778 species
918 3706 1185 3777 piolicisci
1210 3706 1471 3771 videmus,
1499 3706 1677 3761 omnis
1705 3720 1733 3757 a
1761 3721 1859 3759 no-

272 3803 363 3858 bis
391 3802 724 3871 iurequalitas
753 3800 818 3855 ad
849 3800 1150 3870 :cqualitem
1181 3813 1389 3864 rursus,
1422 3798 1563 3850 velut
1593 3796 1658 3850 ad
1688 3796 1857 3865 quod-

272 3893 400 3948 dam
439 3894 759 3947 elementum
792 3890 995 3961 proprii
1024 3889 1235 3959 generis
1269 3887 1589 3942 resolvatur.
1622 3886 1733 3940 Hoc
1762 3901 1857 3940 au-

274 3995 386 4041 tem
420 3986 556 4038 trina
585 3998 773 4038 rursus
804 3980 1153 4051 imperationc
1182 3977 1468 4048 colligitur,
1501 3992 1669 4047 eaque
1696 3976 1863 4031 resol-

272 4062 437 4130 vendi
459 4088 565 4129 ars.
603 4074 751 4127 Datis
772 4071 1101 4142 quibuslibet
1130 4070 1300 4124 tribus
1330 4066 1593 4133 terminis,
1629 4067 1865 4136 inmqua-

272 4168 421 4223 libus
443 4165 677 4235 quidem,
705 4165 796 4219 sed
830 4160 1299 4233 proportionaliter
1322 4159 1649 4225 constitutis,
1679 4159 1728 4212 id
1753 4168 1858 4224 est,

270 4268 335 4313 ut
372 4257 614 4312 eamdem
650 4256 856 4311 medius
894 4255 959 4309 ad
990 4257 1215 4324 primum
1245 4253 1349 4306 vim
1378 4250 1735 4321 proportionis
1764 4249 1861 4303 ob-

271 4352 467 4417 tineat,
490 4364 648 4419 quam
672 4348 761 4418 qui
790 4356 872 4403 est
898 4355 1177 4402 extremus
1203 4344 1267 4398 ad
1291 4342 1522 4398 medium
1548 4343 1599 4397 in
1628 4341 1863 4412 qualibet

270 4440 653 4509 inmqualitatis
685 4438 910 4501 ratione,
935 4436 1019 4490 vel
1050 4436 1102 4489 in
1134 4432 1539 4502 multiplicibus,
1568 4431 1652 4486 vel
1685 4432 1736 4485 in
1768 4446 1857 4485 su-

271 4530 810 4602 perparticularibus,
834 4527 919 4582 vel
950 4528 1000 4580 in
1032 4523 1568 4595 superpartientibus,
1601 4522 1685 4577 vel
1713 4523 1764 4577 in
1794 4521 1861 4576 iis

1874 2218 1919 2277 Β
1949 2216 2119 2272 tiones
2165 2222 2645 2291 pt-Oportionesque
2690 2223 2904 2291 reduci,
2954 2235 3012 2279 ut
3052 2227 3094 2280 si
3137 2227 3202 2280 sit
3252 2227 3545 2297 quadrupla

1959 2310 2264 2378 proportio,
2311 2313 2482 2380 primo
2513 2315 2576 2368 ad
2612 2315 2843 2385 triplam,
2890 2317 3014 2371 inde
3044 2318 3108 2372 ad
3142 2319 3376 2388 duplam,
3424 2319 3547 2373 inde

1960 2400 2023 2453 ad
2055 2402 2414 2470 aaqualitatem
2444 2421 2613 2475 usque
2644 2423 2908 2463 remeare.
2959 2409 3023 2463 Ει
3051 2411 3093 2463 si
3126 2411 3195 2464 sit
3225 2414 3549 2479 supcrparti-

1959 2490 2158 2545 cularis
2186 2493 2624 2563 sesquiquartus,
2659 2498 2830 2565 primo
2860 2497 2925 2552 ad
2957 2499 3357 2568 sesquitertium
3378 2540 3392 2565 ,
3426 2501 3551 2554 inde

1961 2580 2026 2632 ad
2050 2583 2483 2652 sesquialterum,
2507 2597 2777 2654 postremo
2805 2588 2868 2641 ad
2897 2597 3004 2642 tres
3034 2591 3268 2659 aequales
3296 2592 3550 2644 terminos

1963 2672 2157 2727 redire.
2214 2673 2324 2729 ΙΙοε
2357 2684 2533 2730 autem
2566 2691 2663 2731 nos
2691 2680 2921 2749 exempli
2964 2682 3129 2750 gratia
3171 2682 3222 2735 in
3274 2681 3547 2749 multiplici

1962 2769 2167 2816 tantum
2202 2768 2550 2834 proportione
2598 2769 2934 2823 docebimus.
2983 2770 3245 2824 Sulertem
3298 2784 3446 2835 vero,
3496 2773 3546 2824 in

1958 2854 2081 2909 aliis
2111 2871 2322 2925 quoque
2352 2858 2728 2928 inaequalitatis
2760 2862 3041 2929 speciebus
3067 2862 3117 2917 id
3154 2864 3546 2931 experientem,

1964 2947 2150 3001 eadem
2206 2948 2344 3001 ratio
2399 2958 2789 3019 praeceptorum
2841 2952 3066 3020 juvabit.
3142 2938 3549 3007 Constituantur

1963 3041 2103 3092 enim
2135 3049 2240 3092 tres
2268 3040 2331 3093 ad
2361 3056 2418 3094 se
2448 3042 2661 3094 termini
2693 3042 2996 3110 quadrupli.

2046 3150 2305 3225 l8
2518 3150 3241 3226 l53l12

1962 3263 2129 3317 Aufer
2172 3265 2329 3334 igitur
2359 3280 2422 3318 ex
2467 3266 2645 3318 medio
2686 3264 2972 3329 minorem,
3019 3265 3069 3318 id
3112 3274 3193 3319 est
3231 3280 3293 3317 ex
3336 3266 3549 3332 triginta

1964 3356 2203 3421 duobus,
2251 3358 2617 3420 octonarium,
2664 3356 3035 3426 relinquuntur
3079 3357 3171 3419 ει,
3215 3363 3269 3411 ει
3321 3358 3548 3426 primum

1963 3448 2298 3511 octonarium
2332 3450 2620 3504 tcrminum’
2658 3464 2849 3518 pones,
2896 3450 3188 3504 secundum
3220 3464 3372 3515 vero,
3408 3452 3551 3518 quod

1962 3541 2231 3611 reliquum
2267 3541 2431 3597 fuerit
2469 3557 2535 3596 ex
2567 3541 2777 3607 medio,
2823 3541 2874 3595 id
2913 3552 2995 3596 cst
3022 3542 3112 3607 21:,
3140 3551 3199 3597 ut
3227 3542 3335 3596 sint
3366 3542 3419 3595 bi
3449 3540 3553 3595 duo

1962 3632 2201 3698 termini,
2246 3635 2278 3686 8
2324 3642 2378 3687 et
2406 3633 2496 3687 24.
2556 3632 2632 3687 De
2663 3634 2819 3687 tertio
2849 3647 2999 3699 vero,
3048 3632 3099 3685 id
3146 3632 3372 3698 estlﬂs,
3406 3631 3554 3685 aufer

1962 3741 2125 3780 unum
2168 3725 2421 3791 primum,
2472 3725 2523 3778 id
2552 3734 2635 3779 cst
2661 3725 2720 3789 8,
2748 3733 2803 3777 ct
2831 3724 2964 3777 duos
2994 3725 3260 3777 secundos
3299 3725 3388 3792 qui
3432 3732 3555 3778 sunt

1963 3817 2181 3885 reliqui,
2213 3816 2263 3869 id
2292 3827 2374 3870 est
2400 3816 2483 3870 his
2507 3814 2597 3879 24,
2633 3824 2688 3869 ει
2719 3815 3097 3883 relinquuntur
3126 3815 3215 3865 72.
3251 3813 3343 3865 llis
3374 3814 3556 3881 dispo-

1964 3908 2084 3963 sitis
2133 3908 2398 3973 terminis,
2446 3922 2511 3961 ex
2563 3906 2881 3975 quadi’uplis
2926 3905 3276 3974 propinquior
3320 3904 3555 3971 aequitati

1964 4000 2265 4068 proport‘o,
2294 3997 2454 4065 tripla
2481 3998 2697 4051 redacta
2725 4006 2825 4050 est.
2856 3990 2990 4049 Siint
3020 3995 3162 4048 enim
3195 3994 3409 4048 termini
3437 4012 3448 4044 :

2051 4133 2058 4207 |
2278 4146 2306 4191 8
2522 4130 2530 4207 |
2732 4143 2787 4187 ει
2990 4128 3002 4203 l
3102 4139 3264 4207 _Aj2
3462 4123 3473 4200 Ι

2051 4182 2058 4207 Ι
2278 4182 2305 4191 ν
2522 4182 2530 4207 Ι
2735 4182 2786 4187 “”
2990 4182 2998 4203 ἵ
3214 4182 3259 4185 ’ί
3412 4182 3473 4213 Il
3610 4182 3613 4185 '

1967 4250 2044 4303 Ex
2071 4250 2153 4301 bis
2177 4256 2354 4303 autem
2390 4248 2518 4317 ipsis
2549 4246 2692 4319 idem
2724 4246 2769 4298 si
2797 4244 3015 4309 feceris,
3041 4243 3105 4296 ad
3128 4243 3346 4308 duplum
3375 4255 3556 4294 rursus

1968 4342 2305 4410 comparatio
2354 4338 2635 4393 remeabit.
2699 4336 2844 4390 Pone
2892 4336 3036 4388 enim
3085 4333 3313 4400 primum
3363 4332 3555 4384 minori

1967 4448 2209 4501 mquum,
2246 4431 2297 4484 id
2339 4439 2421 4485 est
2455 4430 2509 4496 8,
2557 4439 2612 4485 et
2639 4443 2703 4483 ex
2736 4426 2975 4481 scCundo
3014 4424 3165 4479 aufer
3209 4423 3461 4492 primum,
3494 4422 3557 4474 l6

1970 4525 2361 4594 relinquentur.
2404 4521 2508 4577 Sed
2540 4536 2605 4575 ex
2647 4520 2828 4585 tertio,
2864 4519 2914 4571 id
2943 4529 3025 4571 est
3056 4533 3118 4571 ex
3153 4516 3243 4579 72,
3274 4514 3424 4569 aufer
3455 4514 3559 4583 pri-

271 4636 399 4691 qua:
431 4634 493 4674 ex
520 4619 604 4673 bis
630 4625 1003 4686 procreantur,
1032 4616 1131 4670 hoc
1160 4590 1243 4669 est
1271 4614 1654 4682 multiplicibus
1680 4628 1868 4680 super-
1895 4590 1947 4650 D
1975 4590 2143 4679 mum,
2176 4614 2226 4667 id
2249 4622 2333 4668 est
2355 4614 2406 4676 8,
2432 4620 2484 4665 et
2512 4610 2646 4664 duos
2669 4609 2951 4673 secundos,
2983 4607 3035 4659 id
3064 4618 3139 4660 est
3168 4606 3248 4660 bis
3276 4605 3360 4669 16,
3384 4614 3436 4657 et
3461 4607 3568 4673 erit,

271 4710 719 4783 particularibus,
764 4710 844 4763 vel
894 4705 1276 4775 multiplicibus
1316 4704 1862 4774 superpartientibus,

273 4805 472 4860 eadem
536 4810 696 4871 atque
777 4814 880 4855 una
944 4799 1151 4853 ratione
1220 4796 1515 4851 indubitata
1586 4796 1869 4850 constabit.

272 4898 577 4967 Propositis
601 4896 741 4951 enim
773 4894 941 4949 tribus
964 4894 1045 4964 (ut
1064 4892 1264 4947 dictum
1286 4888 1390 4960 est)
1415 4888 1679 4953 terminis,
1702 4888 1871 4958 aequis

273 4990 715 5061 proportionibus
766 4986 1063 5052 ordinatis,
1120 4983 1368 5038 ultimum
1427 4996 1641 5050 semper
1692 4980 1871 5034 medio

273 5080 661 5147 detrahamus,
711 5088 765 5134 et
813 5081 986 5147 ipsum
1034 5074 1250 5146 quidem
1300 5074 1584 5138 ultimum,
1636 5070 1865 5141 primum

274 5173 569 5228 terminum
614 5172 956 5233 collocemus,
1003 5167 1144 5237 quod
1188 5167 1256 5221 de
1304 5165 1479 5221 medio
1527 5165 1863 5234 relinquitur,

274 5262 599 5318 secundum.
634 5262 709 5314 De
740 5260 898 5314 tertia
927 5272 1055 5313 vero
1082 5258 1475 5328 propositorum
1517 5256 1864 5310 terminorum

275 5370 495 5412 summa
525 5354 828 5409 auferemus
866 5366 1029 5412 unum
1065 5350 1291 5420 primum
1311 5389 1328 5415 ,
1359 5361 1410 5404 et
1440 5349 1573 5403 duos
1603 5346 1867 5402 secundos

275 5462 379 5505 eos
404 5447 493 5518 qui
522 5446 588 5501 de
612 5444 896 5501 medietate
922 5442 1091 5497 relicti
1117 5448 1262 5506 sunt,
1289 5451 1342 5494 et
1368 5439 1419 5493 id
1446 5439 1586 5509 quod
1615 5454 1681 5493 ex
1710 5439 1866 5495 tertia

274 5553 495 5595 summa
530 5537 869 5607 relinquitur,
904 5535 1117 5589 tertium
1150 5532 1436 5587 terminum
1466 5531 1871 5588 constituemus.

277 5624 509 5685 Videbis
536 5629 695 5697 igitur
717 5628 819 5682 hoc
840 5626 1002 5691 facto,
1030 5625 1081 5678 in
1113 5624 1372 5678 minorem
1401 5620 1615 5676 modum
1640 5637 1875 5677 summas

280 5723 511 5792 reverti,
543 5730 593 5777 et
634 5721 698 5777 ad
737 5718 1165 5791 principaliorem
1198 5715 1560 5774 habitudinem
1598 5727 1874 5781 compara-

1975 4706 2179 4772 reliqna
2207 4718 2331 4773 pars
2362 4702 2449 4757 32.
2498 4700 2704 4767 Quibus
2728 4700 2933 4768 positis,
2960 4696 3025 4751 ad
3049 4697 3236 4766 duplas
3258 4695 3558 4768 proportio-

1975 4811 2071 4851 nes
2104 4794 2357 4848 babitudo
2388 4792 2671 4859 redigitur.

2056 4896 2387 4982 Γ-“ρἷ“
2535 4902 2546 4978 ι
2748 4914 2804 4960 te
2898 4944 2903 4947 -
3003 4902 3014 4976 |
3210 4911 3270 4955 az
3470 4896 3481 4970 ι

1975 5024 2120 5079 ldem
2153 5037 2281 5077 vero
2310 5036 2377 5075 ex
2409 5020 2492 5073 his
2518 5019 2564 5073 si
2598 5019 2719 5083 fiat,
2750 5031 2863 5070 rem
2903 5032 3117 5071 omnem
3150 5015 3214 5067 ad
3247 5012 3559 5080 mqualitatis

1977 5128 2218 5170 summas
2259 5110 2636 5181 eliquabimus.
2714 5107 2861 5161 Pone
2905 5108 3046 5161 cnim
3090 5104 3320 5174 primum
3370 5100 3560 5154 minori

1976 5220 2210 5275 coquum,
2246 5201 2297 5257 id
2329 5210 2412 5256 est
2435 5201 2490 5267 8,
2530 5209 2585 5254 et
2616 5197 2764 5253 aufer
2808 5212 2872 5251 ex
2908 5198 2972 5251 16
2999 5194 3355 5256 octonarium,
3386 5205 3559 5245 rema-

1977 5305 2104 5352 nent
2135 5297 2191 5360 8,
2237 5294 2435 5364 quibus
2463 5292 2763 5361 dispositis,
2796 5304 2861 5342 ex
2896 5287 3068 5353 tertio,
3103 5285 3152 5340 id
3186 5295 3263 5338 est
3294 5284 3380 5348 '52,
3413 5296 3559 5337 sum-

1979 5389 2086 5459 ptis
2112 5387 2306 5457 primo,
2336 5384 2386 5438 id
2418 5392 2501 5438 est
2530 5384 2582 5446 8,
2614 5390 2669 5436 et
2696 5379 2905 5434 duobus
2937 5375 3207 5442 secundis,
3242 5375 3293 5429 id
3324 5384 3405 5429 est
3432 5373 3559 5427 duu-

1980 5481 2079 5536 bus
2104 5475 2414 5542 octonariis,
2441 5481 2730 5542 supersunt
2753 5470 2804 5523 8.
2837 5470 3040 5535 Quibus
3071 5466 3366 5535 dispositis,
3394 5465 3560 5534 prima

1980 5572 2136 5628 nobis
2168 5568 2442 5639 aequalitas
2471 5564 2633 5629 cadit,
2667 5571 2720 5615 ut
2754 5560 3009 5625 subjectzc
3040 5559 3319 5612 suntmttla-
3350 5557 3560 5609 durent.

2097 5683 2107 5759 ι
2308 5696 2336 5737 κ
2532 5664 3419 5759 Ιίπᾼέ-..ψ

2790 5735 3549 5761 —~—_'Wu-d

2597 5755 2785 5765 ...ρ-...ο-

2475 5759 2583 5769 ’.ι-

2176 5762 2462 5774 ._..__._.—-—-—-—-

1980 5766 2165 5779 ...ια-...4.-
