4022 6366
518 362 655 419 llis

522 482 655 536 llinc
683 481 840 548 igitur
864 478 910 533 si
934 476 1052 545 quis
1085 474 1149 528 ad
1175 474 1309 527 alias
1343 471 1715 541 inmqualitatis
1744 474 1951 541 species
1982 471 2091 528 ωιί-
2126 480 2179 535 Α

518 587 663 626 mum
686 569 887 630 tendat,
912 566 1152 620 eamdem
1184 565 1609 619 convenientiam
1632 564 1979 617 intitubantcr
2016 562 2099 614 in-

520 662 715 715 veniet.
760 660 936 724 Quare
967 656 1419 726 pronuntiandum
1456 665 1557 720 est,
1592 670 1689 708 nec
1718 656 1825 707 ulla
1865 653 2104 723 trepida-

522 752 669 804 tione
710 748 1060 804 dubitandum
1080 789 1093 812 ,
1123 747 1264 816 quod
1294 745 1743 815 quemadmodum
1773 760 1867 813 per
1892 759 1951 797 se
1979 760 2110 815 con-

519 841 712 893 stantis
756 839 1062 910 quantitatis
1109 839 1282 891 unitas
1324 839 1642 907 principium
1686 846 1740 891 et
1780 836 2105 890 elementum

522 942 635 998 est,
685 936 754 987 ita
798 942 851 988 et
894 932 960 986 ad
1014 932 1212 1001 aliquid
1260 932 1441 989 relatze
1483 933 1790 1000 quantitatis
1830 931 2107 998 mqualitas

525 1032 700 1077 mater
738 1032 837 1077 est.
899 1022 1391 1077 DemonStravimus
1420 1022 1562 1076 enim
1595 1020 1732 1089 quod
1764 1020 1887 1074 hinc
1917 1028 1969 1073 et
1993 1020 2108 1088 ejus

524 1115 830 1183 procreatio
880 1114 1045 1183 prima
1080 1112 1239 1179 foret,
1275 1122 1327 1167 et
1360 1113 1411 1166 in
1452 1127 1571 1167 eam
1618 1126 1802 1165 rursus
1843 1120 2109 1180 postrema

527 1205 721 1261 solutio
747 1214 848 1259 est.

1157 1325 1381 1382 CAPUT
1413 1326 1474 1384 11.

528 1417 608 1472 De
646 1418 940 1471 inveniendo
985 1419 1039 1470 in
1081 1432 1385 1488 unoquoque
1434 1433 1647 1471 numero
1705 1427 1823 1486 quo!
1878 1434 2113 1471 numeros

596 1512 822 1580 ejusdem
870 1511 1212 1579 proportionis
1260 1511 1416 1577 possit
1470 1510 1786 1578 pra’cedere,
1839 1527 2109 1580 earumque

600 1602 893 1671 descriptio,
932 1602 1384 1672 descriptionisque
1416 1603 1683 1669 expositio.

602 1698 693 1751 Est
724 1708 899 1751 autem
926 1698 1166 1767 quaedam
1200 1698 1251 1750 iu
1286 1698 1384 1751 hac
1415 1714 1469 1750 re
1505 1698 1759 1762 profunda
1791 1707 1843 1752 et
1875 1698 2115 1751 miranda

532 1788 837 1856 speeulatio,
873 1799 922 1842 ΘΙ
954 1790 1032 1855 (ιιι
1056 1789 1127 1841 ait
1150 1788 1523 1850 Nicomachus)
1550 1790 1854 1862 ἐννοιὸφατον
1880 1794 2114 1861 θεώρημα

1740 360 1845 415 AN.
1893 358 2095 413 MANL.
2139 353 2285 410 επεν.
2333 348 2559 407 ΒΟΕΤΗ

2210 538 3773 562 ———-——-——-—-—-—————r———.——'—._—‘—'_.—'—._

2207 631 3769 655 __—'——-——;——-——-E———‘—'+—Z——’2——I—-

3430 1004 3780 1012 _——_

3646 345 3781 399 illi}

2878 459 3116 509 Latitudo.

2322 565 2332 640 l
2425 553 2464 624 ι’·
2516 553 2551 638 Ἰ
2633 553 2680 621 ξ
2763 553 3665 640 |a£_l8___l“i|_i*_l

2540 645 2773 729 πί
2835 645 2894 709 io
2944 650 2995 729 7|
3076 648 3217 729 tsi]
3298 661 3357 707 at
3431 648 3442 722 ι
3522 658 3582 703 ts
3658 645 3670 719 ι

2544 739 2691 823 ι’)ςι.
2768 745 2778 820 |
2867 758 2898 804 9
2992 742 3000 817 Ι
3082 740 3449 823 187|7756|
3528 739 3672 810 rel

2751 829 3671 912 -lgtt17‘27|5lrliﬂ

2988 922 3671 1003 Ilaltslllw‘ll

3204 1019 3359 1092 Iris
3433 1018 3441 1091 Ι
3511 1015 3668 1089 liii]

3318 1096 3657 1106 ___———————-

2213 1152 2353 1206 Idem
2382 1152 2640 1221 contingit
2668 1154 2829 1206 etiam
2862 1154 2914 1205 in
2944 1152 3263 1219 triplicibus,
3287 1168 3352 1205 ex
3386 1152 3488 1203 illis
3513 1152 3653 1204 enim
3684 1164 3786 1202 sese

2209 1243 2446 1312 quitertii
2479 1252 2841 1311 procreantur.
2919 1242 3051 1296 Nam
3087 1242 3340 1311 quoniam
3371 1241 3577 1309 primus
3610 1240 3787 1307 triplex

2214 1345 2295 1390 est
2321 1337 2585 1389 tertiarius
2612 1348 2887 1399 numerus,
2908 1334 3067 1388 habet
3096 1350 3259 1388 unum
3293 1334 3715 1402 sesquitertium,
3742 1332 3787 1385 id

2214 1434 2294 1479 est
2322 1426 2374 1479 4.
2418 1425 2578 1493 Cujus
2608 1426 2934 1493 quaternarii
2967 1426 3125 1480 tertia
3155 1440 3279 1493 pars
3322 1439 3427 1477 non
3454 1433 3629 1493 potest
3650 1423 3789 1477 inre-

2217 1517 2339 1581 niri,
2366 1526 2523 1585 atque
2550 1516 2668 1569 ideo
2692 1515 2776 1569 hic
2799 1514 3015 1583 epitrito
3034 1524 3198 1568 caret.
3230 1513 3514 1569 Secundus
3541 1526 3681 1573 vero,
3702 1512 3789 1579 qui

2216 1617 2298 1662 e~t
2339 1621 2560 1671 novem,
2593 1606 2752 1659 habet
2786 1603 2849 1659 ad
2880 1620 2938 1660 se
2963 1604 3350 1660 duodenarium
3381 1617 3662 1657 numerum
3691 1616 3791 1654 ses-

2216 1698 2547 1765 quitertium.
2584 1694 2947 1749 Duodenarius
2982 1702 3180 1758 autem,
3210 1693 3463 1763 quoniam
3495 1691 3659 1744 habet
3692 1700 3787 1742 ter-

2223 1791 2345 1844 tiam
2380 1800 2603 1859 partem,
2632 1790 2683 1843 in
2715 1788 3053 1857 sesquitertia
3085 1786 3434 1856 proportione
3459 1789 3794 1850 comparatur

535 1879 837 1947 perliciens,
869 1890 919 1933 et
951 1880 1017 1933 ad
1050 1880 1375 1933 Platonicam
1390 1881 1461 1932 in
1492 1881 1697 1932 Timazo
1726 1882 1918 1933 animae
1956 1896 2117 1948 gene-
2149 1848 2190 1907 Β
2220 1882 2284 1936 ad
2314 1897 2434 1935 eum
2470 1866 2722 1934 numerus
2752 1879 3011 1941 sedecim,
3042 1878 3130 1946 qui
3164 1878 3334 1931 tertia
3368 1876 3539 1944 partis
3567 1874 3795 1928 scelioue

535 1971 832 2033 rationem,
882 1979 937 2025 et
984 1970 1048 2022 ad
1097 1971 1374 2024 intervalla
1425 1970 1749 2025 barmonica:
1796 1971 2113 2041 disciplime.

537 2059 609 2112 lbi
634 2060 775 2113 enim
798 2060 1050 2128 jubemur
1075 2059 1365 2128 perducere
1392 2068 1550 2128 atque
1576 2060 1869 2114 extendere
1899 2071 2005 2114 tres
2034 2061 2116 2115 vel

536 2160 763 2216 quatuor
788 2150 1188 2218 sesquialteros,
1213 2150 1295 2203 vel
1318 2150 1579 2219 quotlibet
1600 2152 1970 2220 sesquitertias
1997 2167 2120 2221 pro~

538 2240 834 2307 pertiones,
864 2248 917 2293 et
946 2240 1349 2308 sesquiquartas
1376 2240 1827 2307 comparationes,
1873 2255 1963 2295 eas
2002 2256 2120 2309 quas

536 2330 833 2383 secundum
867 2329 1196 2399 propositum
1238 2329 1507 2397 ordinem,
1543 2343 1685 2399 smpe
1716 2331 1996 2385 continuas
2037 2333 2123 2400 ju-

536 2424 729 2477 bemur
775 2424 1082 2479 extendere.
1144 2423 1221 2478 Ne
1263 2432 1441 2479 autem
1487 2424 1606 2487 hoc,
1656 2424 1841 2479 labore
1889 2424 2120 2492 quodam

539 2531 754 2585 semper
796 2517 1013 2592 quidem
1060 2519 1329 2581 maximo,
1381 2519 1714 2587 frequentius
1764 2518 2121 2581 inleraeiiiat,

538 2611 638 2667 hac
676 2613 827 2667 nobis
865 2615 1101 2678 ratione,
1141 2615 1191 2668 in
1234 2624 1365 2685 quit
1402 2614 1637 2668 numeris
1697 2612 1877 2682 quanti
1921 2611 2126 2680 possint

540 2718 658 2758 esse
701 2706 1241 2773 superparticulares,
1296 2704 1723 2773 investigandum
1774 2712 1877 2756 est.
1926 2701 2127 2755 Omnes

540 2797 683 2849 enim
728 2798 1073 2868 multiplices,
1115 2808 1383 2853 tantarum
1431 2798 1686 2852 similium
1733 2798 1951 2851 sibimet
1997 2811 2125 2866 pro-

543 2888 843 2952 portiouum
868 2890 1134 2959 principes
1162 2900 1336 2955 erunt,
1362 2901 1525 2959 quoto
1557 2889 1655 2956 ipsi
1688 2889 1804 2942 loco
1835 2889 1902 2942 ab
1926 2890 2130 2943 unitate

541 2974 923 3031 discesserunt.
967 2978 1119 3044 Quod
1143 2989 1319 3032 autem
1345 2979 1486 3044 dico,
1514 2980 1725 3034 sibimet
1746 2980 1998 3033 similium
2024 2981 2129 3035 tale

542 3073 643 3131 est,
676 3074 730 3118 ut
757 3067 902 3135 dupli
930 3082 1140 3139 semper
1170 3070 1535 3137 multiplicitas
1557 3072 1643 3137 (ut
1663 3070 1905 3137 superius
1928 3071 2126 3126 dictum

544 3158 646 3224 est)
680 3159 1059 3226 sesquialteros
1090 3168 1259 3225 creet,
1294 3167 1346 3213 et
1379 3160 1568 3228 triplex
1606 3160 1674 3214 sit
1705 3161 1807 3213 dux
1840 3162 2128 3229 sesquiter-

548 3247 761 3312 tiorum,
798 3250 1127 3317 quadruplus
1171 3251 1577 3320 sesquiquartis.
1630 3250 1835 3304 Primus
1869 3265 1997 3319 ergo
2033 3251 2130 3306 du-

546 3336 664 3402 plex
718 3353 878 3390 unum
918 3339 1091 3392 solum
1136 3338 1349 3392 habebit
1392 3340 1819 3408 sesquialterum,
1864 3340 2128 3395 secundus

547 3426 711 3489 duos,
760 3429 949 3481 tertius
1001 3438 1140 3494 tres,
1186 3440 1405 3499 quartus
1452 3440 1699 3500 quatuor,
1743 3442 1795 3486 et
1836 3432 2127 3487 secundum

549 3516 691 3569 lnmc
734 3518 973 3573 ordinem
1041 3520 1226 3575 eadem
1285 3522 1340 3574 lit
1400 3522 1453 3575 iu
1500 3523 1760 3578 inﬁnitum
1809 3524 2128 3593 progressio.

552 3606 735 3675 Neque
764 3623 993 3677 unquam
1026 3612 1141 3666 ﬁeri
1174 3621 1351 3683 potest
1380 3627 1437 3669 ut
1467 3615 1551 3669 vel
1583 3626 1802 3685 superet
1834 3618 2132 3684 praportio-

551 3712 674 3752 num
705 3716 1004 3767 numerum,
1036 3705 1117 3757 vel
1142 3705 1209 3759 ab
1237 3719 1302 3760 eo
1330 3706 1401 3759 sit
1426 3706 1741 3759 diminutior
1767 3706 2043 3773 aequabilis
2064 3708 2132 3763 ab

551 3790 751 3845 unitate
781 3791 992 3846 locatio.
1043 3793 1249 3848 Primus
1278 3812 1408 3865 ergo
1438 3796 1633 3864 duplex
1666 3808 1749 3851 est
1779 3798 2013 3851 binarius
2036 3813 2134 3852 nu-

514 3894 523 3903 '
550 3895 747 3948 merus,
772 3886 857 3955 qui
889 3900 1050 3941 unum
1082 3889 1256 3942 solum
1287 3891 1698 3959 sesquialterum
1730 3891 1937 3959 recipit,
1970 3890 2022 3944 id
2054 3900 2135 3945 est

552 3978 864 4029 ternarium.
917 3977 1165 4032 Binarius
1194 3979 1337 4033 enim
1371 3988 1557 4033 contra
1600 3980 1887 4034 ternarium
1919 3996 2133 4049 compa-

552 4074 700 4120 ratus
736 4069 1139 4136 sesq'uialteram
1187 4070 1349 4124 eﬂicit
1379 4072 1797 4138 proportionem.
1850 4072 2135 4125 Trrnarius

553 4167 699 4222 Vero,
724 4159 971 4226 quoniam
1005 4159 1346 4213 medie:atem
1379 4175 1482 4213 non
1517 4162 1725 4228 recipft,
1760 4176 1864 4214 non
1893 4168 1975 4215 est
2001 4160 2137 4215 alter

555 4265 807 4305 numerus
843 4251 907 4304 ad
940 4267 1097 4321 quem
1139 4252 1193 4305 in
1236 4251 1442 4305 ratione
1479 4251 1831 4321 sesquialtera
1860 4268 2134 4321 compare-

554 4346 657 4392 tur.
720 4340 1103 4404 Qunteruarius
1142 4355 1269 4395 vero
1308 4355 1591 4406 numerus,
1634 4341 1900 4395 secundus
1938 4341 2133 4407 duplex

556 4438 658 4493 est,
693 4431 777 4483 hic
806 4446 933 4500 ergo
963 4431 1095 4485 duos
1132 4429 1514 4499 sesquialteros
1545 4432 1817 4500 prmeedit.
1873 4432 1965 4486 Est
1993 4433 2133 4486 enim

556 4517 621 4571 ad
660 4519 830 4586 ipsum
860 4522 1071 4589 quidem
1102 4531 1439 4589 Comparatus
1478 4522 1720 4575 senarius
1751 4538 2003 4577 numerus
2023 4564 2037 4587 ,
2070 4524 2134 4577 ad

558 4609 823 4662 senarium
866 4626 1011 4675 vero,
1045 4612 1295 4679 quoniam
1330 4612 1666 4665 medietatem
1709 4611 1866 4664 habet
1911 4626 2142 4666 novena-

559 4701 693 4764 rius,
721 4710 773 4755 et
802 4712 923 4754 sunt
947 4701 1053 4757 duo
1080 4702 1435 4771 sesquialtcri,
1471 4702 1536 4755 ad
1563 4705 1593 4756 4
1639 4703 1843 4755 scilicet
1869 4702 1920 4765 6,
1953 4703 2021 4756 ad
2049 4718 2141 4756 sex

561 4806 689 4843 vero
718 4793 770 4847 9.
830 4792 1155 4850 Novenarius
1185 4810 1332 4858 vero,
1364 4795 1615 4864 quoniam
1648 4795 1934 4849 medietate
1974 4805 2139 4861 caret,

564 4884 631 4938 ab
660 4885 757 4938 hac
785 4888 1183 4953 comparatione
1214 4887 1452 4941 seclusus
1483 4896 1583 4940 εει.
1645 4886 1856 4941 Tertius
1886 4902 2011 4940 vero
2040 4887 2139 4939 du-

564 4976 683 5045 plex
716 4986 795 5029 est
828 4977 881 5038 8,
914 4975 999 5030 hic
1028 4993 1154 5045 ergo
1184 4979 1218 5031 5
1247 4976 1629 5044 sesquialteros
1661 4975 1946 5030 antecedit.
1985 4974 2142 5030 Com-

566 5075 781 5134 paratur
826 5068 964 5121 enim
1013 5067 1079 5120 ad
1130 5068 1302 5136 ipsum
1355 5066 1714 5120 duodeuarius
1760 5080 2033 5132 numerus,
2080 5067 2146 5119 ad

564 5156 954 5212 duodenarium
986 5158 1065 5221 18,
1098 5158 1163 5210 ad
1196 5157 1258 5211 l8
1288 5172 1470 5212 rursus
1492 5158 1581 5211 21'.
1631 5158 1699 5211 At
1722 5172 1852 5212 vero
1879 5158 1947 5211 27
1971 5156 2149 5212 medio

566 5260 766 5304 carent.
810 5250 951 5306 Idem
985 5264 1197 5319 quoque
1227 5250 1278 5303 in
1311 5249 1657 5319 sequentibus
1684 5250 1900 5303 evenire
1928 5262 2150 5302 necesse

567 5341 818 5410 estquod
848 5356 945 5395 nos
986 5355 1105 5394 cum
1139 5339 1352 5408 propria
1397 5337 1737 5392 ordinatione
1789 5338 2144 5393 subdidimus.

558 5432 792 5513 ‘Semper
830 5435 970 5489 enim
1007 5433 1134 5501 boc,
1177 5433 1352 5490 divlna
1383 5432 1613 5500 quadam
1643 5446 1739 5485 nec
1765 5430 1994 5485 humana
2022 5444 2151 5484 eon-

557 5529 866 5591 ,stitutione,
898 5525 1343 5596 speculationibus
1397 5524 1651 5589 occurrit,
1686 5532 1743 5577 ut
1771 5522 2150 5592 quotienscun-

575 5634 673 5687 que
700 5620 920 5673 ultimus
948 5633 1199 5673 numerus
1230 5618 1526 5681 invenitur,
1563 5614 1651 5686 qui
1682 5616 1799 5668 loco
1828 5613 2057 5681 duplicis
2084 5611 2151 5667 ab

576 5708 774 5761 unitate
803 5708 870 5761 sit
900 5723 1014 5775 par,
1043 5710 1162 5764 talis
1192 5714 1259 5765 sit
1291 5718 1347 5765 ut
1380 5709 1432 5763 in
1467 5707 1779 5763 medietates
1804 5703 1966 5760 dividi
1998 5716 2148 5760 seca-

580 5796 729 5857 rique
757 5813 859 5850 non
889 5798 1073 5861 possit.

2219 1974 2423 2029 solutus
2445 1970 2761 2039 est.Viginti
2783 1979 2987 2039 septem
3011 1978 3211 2033 autem,
3232 1969 3487 2037 quoniam
3518 1968 3706 2019 tert‘us
3724 1973 3797 2018 est

2222 2064 2435 2132 triplex,
2466 2064 2622 2116 habet
2652 2062 2717 2115 ad
2741 2076 2799 2115 se
2827 2060 3227 2128 sesquitertium
3254 2059 3471 2126 triginta
3501 2071 3625 2120 sex,
3647 2068 3699 2110 et
3718 2054 3796 2109 hic

2222 2171 2405 2211 rursus
2432 2157 2495 2209 ad
2528 2154 2873 2221 quadraginta
2912 2162 3034 2206 octo
3062 2151 3248 2205 eadem
3281 2150 3630 2219 proportione
3656 2162 3795 2200 com-

2222 2255 2457 2316 paratur.
2503 2244 2600 2298 Cui
2641 2245 2683 2297 si
2730 2242 3003 2312 sexaginta
3042 2244 3271 2310 quat'udr
3314 2239 3540 2309 appositi
3589 2239 3797 2302 fuerint,

2224 2338 2465 2394 eamdem
2517 2349 2703 2391 rursus
2748 2334 2850 2388 vim
2899 2334 3258 2403 proportionis
3308 2331 3617 2400 explebunt.
3664 2330 3801 2395 Quos

2224 2437 2496 2503 sexaginta
2550 2440 2774 2502 quatuor
2818 2429 2882 2484 ad
2928 2427 3131 2483 nullum
3179 2424 3573 2493 sesquitertium
3618 2435 3803 2474 rursus

2226 2524 2452 2595 aptabis,
2493 2522 2742 2592 quoniam
2775 2528 2926 2589 parte
2956 2516 3111 2571 tertia
3153 2528 3256 2567 non
3290 2520 3557 2567 tenentur.
3637 2512 3803 2578 Atque

2229 2618 2330 2671 hoc
2383 2618 2435 2669 in
2481 2615 2686 2668 cunctis
2738 2609 3037 2679 triplicibus
3083 2605 3381 2665 invenitur,
3431 2612 3488 2656 ut
3536 2611 3805 2655 extremus

2228 2706 2464 2777 ejusdem
2498 2702 2857 2773 proportionis
2888 2712 3162 2759 numerus,
3206 2703 3381 2749 tantos
3423 2701 3540 2745 ante
3579 2706 3637 2744 se
3678 2704 3806 2758 pra:-

2228 2799 2480 2855 cedeutes
2520 2794 2739 2859 habeat,
2796 2799 2992 2861 quanto
3032 2788 3237 2859 primus
3274 2800 3459 2839 eorum
3498 2784 3564 2837 ab
3608 2782 3807 2835 unitate

2230 2887 2556 2943 discesserit.
2586 2884 2648 2938 Et
2674 2883 2762 2952 qui
2792 2890 2869 2935 tot
2894 2894 3052 2948 super
3086 2892 3145 2932 sc
3175 2874 3414 2943 ejusdem
3446 2873 3810 2944 pr0portion‘s

2232 2980 2480 3035 habuerit
2516 2988 2797 3039 numeros,
2831 2981 3025 3041 quotus
3054 2969 3121 3023 ab
3156 2968 3358 3021 unitate
3385 2966 3588 3033 primus
3627 2974 3810 3015 eorum

2228 3074 2390 3142 jacet,
2424 3069 2537 3139 ejus
2579 3080 2702 3135 pars
2731 3072 2833 3133 qua
2867 3060 2943 3115 illi
2972 3066 3311 3127 comparatus
3342 3068 3616 3116 numerus,
3654 3052 3810 3119 possit

2233 3140 2475 3218 eamdem
2512 3157 2688 3212 facere
2730 3152 3149 3224 proportionem,
3187 3146 3416 3202 inveniri
3451 3151 3709 3214 nequeat.
3742 3140 3814 3195 Et

2239 3252 2461 3323 triplicis
2489 3248 2706 3318 quidem
2737 3245 2853 3298 hac
2880 3250 2965 3298 est
2991 3238 3281 3308 descriptio
3306 3256 3317 3288 :

2914 3329 3142 3380 Latiludo

2663 3629 2731 3671 λιι
2810 3620 2819 3695 l
2898 3623 2955 3670 ιδ
3031 3608 3713 3695 13w

3469 3700 3479 3776 I
3536 3706 3634 3753 δτδ
3696 3699 3704 3774 ι

2233 3701 2563 3714 .—.———_——_—

2238 3971 2499 3979 -σ--σ-ρ

2240 4013 2308 4062 At
2339 4010 2617 4078 quadrupli
2647 4006 2939 4061 secundant
2971 4004 3107 4058 hanc
3136 4003 3358 4056 formam
3391 3998 3686 4065 descriptio
3715 4006 3814 4053 est.

2240 4097 2305 4151 ad
2336 4112 2492 4166 quam
2521 4096 2747 4158 scilicet,
2780 4096 2867 4164 qui
2902 4110 2928 4147 a
2959 4092 3227 4163 prioribus
3266 4092 3554 4144 instructus
3581 4086 3823 4141 accesse-

2241 4189 2341 4254 rit,
2373 4186 2514 4239 nulla
2560 4185 2764 4239 ratione
2809 4183 3131 4253 trepidabit,
3163 4190 3215 4236 et
3250 4181 3317 4234 dc
3357 4180 3567 4233 caeteris
3610 4176 3824 4245 quidem

2242 4280 2639 4348 multiplicibus,
2672 4278 2912 4332 eamdem
2936 4273 3361 4329 convenientiam
3392 4268 3724 4340 pernotabit.

2921 4366 3164 4415 latitudo.

2364 4464 3030 4549 ὟΓἾΓΤἮΓΙ
3110 4474 3169 4521 et
3244 4469 3267 4549 νιν
3321 4472 3414 4518 εδδ
3474 4468 3481 4539 ι
3534 4470 3651 4519 teat
3697 4464 3710 4539 ι

2241 4557 2391 4567 —.——

2398 4555 2664 4563 ...ι-.-

2670 4552 3031 4560 ..ρ-Μ

3482 4634 3823 4645 ___.___——-

3486 4726 3827 4738 _____._._—

2585 4558 2851 4641 l—T’j'
2892 4571 2950 4617 2i
3027 4564 3034 4637 ι
3112 4569 3172 4610 δυ
3248 4561 3257 4634 ι
3314 4560 3649 4641 astilﬂi
3699 4558 3709 4628 ι

2508 4648 3116 4735 ἿἾΠἾΓΙἿ
3155 4662 3185 4707 o
3250 4672 3258 4727 ι
3322 4654 3483 4735 toOAl
3536 4657 3653 4704 16Οο
3703 4651 3715 4719 ι

2255 5068 2387 5124 Hinc
2442 5084 2651 5137 quoque
2705 5069 3041 5137 perSp':cuutn
3096 5078 3213 5132 est,
3270 5064 3845 5133 superparticularinm

2255 5160 2722 5232 (quemadmodum
2772 5160 2915 5226 prius
2965 5169 3240 5213 ostensum
3291 5156 3409 5227 est)
3462 5156 3671 5223 primos
3727 5168 3845 5208 esse

2254 5254 2592 5322 multiplices.
2618 5252 2889 5321 Siquidem
2913 5250 3155 5318 duplices
3177 5244 3578 5318 sesquialteros,
3603 5245 3850 5313 triplices

2254 5346 2638 5411 sesquitertios,
2669 5352 2720 5398 et
2750 5342 2923 5396 cuncti
2974 5341 3298 5409 multiplices
3341 5347 3565 5393 cunctos
3602 5337 3662 5388 in
3698 5336 3847 5389 ordi-

2254 5448 2375 5489 nem
2423 5432 2932 5500 superparticnlares
2975 5441 3197 5487 creant.
3229 5430 3323 5482 Est
3354 5429 3511 5482 etiam
3542 5428 3594 5479 in
3623 5426 3723 5481 his
3753 5426 3853 5479 hoc

2254 5537 2464 5593 quoque
2494 5522 2753 5575 mirabile.
2805 5522 3041 5590 Namque
3072 5520 3159 5574 ubi
3197 5520 3366 5590 prima
3412 5516 3646 5572 latitudo
3692 5516 3855 5568 fuerit

2253 5614 2475 5682 duplex,
2508 5621 2559 5667 et
2608 5612 2707 5665 sub
2734 5612 2936 5666 eisdem
2968 5612 3057 5681 qui
3100 5620 3224 5665 sunt
3261 5624 3446 5664 versus
3491 5607 3749 5661 continui
3779 5606 3857 5661 al-

2256 5704 2501 5758 ternatim
2534 5702 2711 5771 positi,
2736 5703 3027 5758 secundum
3051 5704 3242 5756 seriem
3268 5698 3566 5754 latitudinis
3596 5698 3859 5767 duplices

2259 5801 2431 5851 erunt.
2467 5791 2523 5847 Si
2556 5808 2685 5847 vero
2716 5792 2911 5847 fuerint
2944 5792 3179 5859 triplices
3207 5801 3261 5847 et
3290 5788 3571 5845 inferiores
3598 5788 3858 5847 ordines.
