4022 6366
290 334 433 430 1.1”

285 538 355 589 At
382 538 432 590 in
459 539 774 607 quadrupla,
797 541 1097 611 quadrupli,
1116 554 1275 614 atque
1296 548 1398 602 hoc
1418 550 1618 603 infinita
1642 553 1855 607 ductum

282 630 653 697 speculatione
703 647 805 685 non
856 632 1007 686 fallit.
1056 639 1345 705 Angulares
1394 651 1571 696 autem
1620 649 1855 711 omnium

284 720 606 787 multiplices
637 724 853 777 evenire
883 740 1105 781 necesse
1144 740 1245 781 est.
1277 732 1441 785 Erunt
1468 744 1646 790 autem
1682 738 1857 806 dupli-

282 810 427 864 cium
482 812 696 880 quidem
764 816 1035 881 triplices,
1096 822 1381 889 triplicium
1437 827 1855 894 quadruplices,

283 901 697 969 quadruplorum
726 920 854 959 vero
878 909 1171 977 quincupli,
1199 923 1254 967 et
1280 918 1571 970 secundum
1614 920 1856 976 eamdem

282 991 485 1045 ordinis
533 994 1014 1053 incommutabilem
1063 1002 1361 1069 rationem,
1412 1008 1625 1063 sibimet
1669 1023 1857 1066 cuncta

282 1085 635 1149 consentient,
666 1088 857 1154 quibus
899 1093 1178 1159 expositis,
1212 1096 1279 1149 ad
1326 1109 1637 1166 sequentem
1676 1104 1861 1172 operis

206 1176 239 1248 ᾗ)
283 1172 474 1225 seriem
499 1185 807 1244 competens
833 1178 1120 1248 disputatio
1146 1197 1507 1241 convertatur.

1731 1302 1745 1323 ἱ

897 1332 1122 1391 CAPUT
1160 1338 1249 1394 Ill.

288 1432 436 1499 Quod
464 1439 727 1506 multiplex
754 1442 1079 1499 interrallum
1120 1464 1182 1501 ea:
1212 1451 1390 1519 quibus
1427 1460 1863 1528 superparlicula-

356 1527 495 1580 ribus
522 1532 785 1587 medietate
823 1536 1005 1603 posita,
1038 1540 1315 1597 intervallis
1342 1547 1453 1616 ﬁat,
1481 1527 1690 1621 ejusque
1724 1554 1861 1609 inve-

357 1620 530 1670 niendi
558 1623 756 1691 regula.

1484 346 1571 399 υι
1604 347 2061 402 ARITlIMETICA
2107 350 2232 404 LIB.
2276 352 2336 405 ll.

286 448 443 515 tripla
472 463 529 501 se
559 448 613 502 in
638 449 749 503 suis
777 451 1018 506 terminis
1038 454 1475 523 multiplicatione
1505 465 1852 531 superabunt.
1887 468 1932 523 A

3364 363 3541 415 »1118

2648 488 2844 551 Triplus

2770 960 3151 971 ————-—_———"

2536 964 2765 975 -——.——.

2721 959 3410 1056 131%:

2286 988 2316 1032 ﬁ
2526 975 2535 1049 Ι

2433 1308 2623 1369 Duplus
2837 1306 3137 1370 Sesquialter

1965 1452 2028 1507 Et
2059 1452 2244 1521 positis
2281 1452 2504 1517 eisdem,
2533 1453 2565 1507 6
2592 1464 2647 1507 et
2692 1456 2780 1519 18,
2814 1454 3132 1508 novenarius
3163 1454 3214 1508 in
3247 1455 3529 1509 medietate

1962 1545 2347 1613 ponatur,erit
2389 1545 2455 1598 ad
2505 1546 2771 1617 senarium
2820 1547 3153 1615 sesquialter,
3186 1548 3274 1616 qui
3330 1547 3394 1601 ad
3446 1545 3527 1603 18.

1970 1634 2275 1705 Subduplus
2301 1645 2404 1703 est,
2432 1646 2485 1691 et
2514 1638 2579 1692 ad
2610 1639 2876 1692 senarium
2910 1639 2974 1693 l8
3004 1639 3190 1708 triplus
3209 1650 3311 1694 est.

286 1725 343 1777 Si
378 1728 536 1795 igitur
572 1732 688 1787 duae
718 1736 901 1803 primae
925 1748 1438 1814 superparticulares
1480 1757 1689 1822 species
1726 1773 1857 1813 con-

284 1815 609 1908 iungantur,
661 1828 828 1893 prima
886 1834 1095 1898 species
1142 1838 1551 1908 multiplicitalis
1601 1851 1863 1906 exoritur.
1901 1823 1941 1879 Β

285 1903 473 1960 Omnis
502 1921 676 1966 autem
707 1916 901 1985 duplex
932 1935 995 1974 ex
1037 1903 1388 1993 sesquialtero
1418 1936 1864 2009 sesquitertioque

283 2003 647 2069 componitur,
701 2018 751 2061 et
801 2012 973 2066 omnis
1033 2020 1349 2086 sesquialtcr
1395 2035 1448 2078 et
1492 2003 1865 2098 sesquitertius

283 2086 547 2155 duplicem
595 2094 838 2165 jungunt.
896 2102 1025 2159 Nam
1084 2110 1377 2175 ternarius,
1422 2086 1738 2185 sesquialter
1784 2086 1867 2175 est

282 2179 536 2248 duorum,
583 2199 812 2255 quatuor
855 2209 1002 2260 vero,
1046 2202 1416 2269 sesquitertins
1466 2211 1721 2281 ternarii,
1769 2214 1867 2269 sed

281 2270 316 2325 ὁ
348 2272 542 2345 duplus
566 2278 815 2337 duorum.
1055 2287 1066 2295 “

2654 1781 2851 1846 Triplus

2374 2608 2674 2669 Sesquialtcr
2891 2606 3079 2666 Duplus

1975 2741 2050 2794 Ex
2089 2742 2283 2810 duplici
2329 2744 2488 2813 igitur
2536 2755 2589 2800 et
2634 2748 3008 2816 sesquialtero,
3042 2748 3228 2814 triplex
3259 2748 3393 2802 ratio
3423 2765 3528 2816 pro,

1972 2833 2231 2898 portionis
2258 2836 2516 2903 exoritur,
2551 2846 2606 2891 et
2632 2838 2682 2890 in
2711 2852 2801 2890 eas
2832 2853 3015 2892 rursus
3057 2837 3384 2891 resolutione
3406 2838 3532 2894 fact:

1972 2933 2275 2978 revocatur.
2305 2926 2361 2980 Si
2388 2936 2564 2981 autem
2612 2928 2716 2996 hic,
2749 2928 2797 2982 id
2826 2936 2908 2982 est
2939 2928 3127 2996 triplus
3156 2942 3430 2992 numerus,
3452 2931 3535 2998 qui

1968 3021 2055 3066 cst
2082 3016 2289 3080 species
2318 3018 2548 3072 secunda
2597 3020 2925 3088 multiplicis,
2954 3019 3202 3074 secundae
3226 3020 3424 3090 speciei
3454 3036 3534 3074 su-

1972 3107 2402 3170 pcrparticulttris
2444 3118 2687 3178 aptetur,
2730 3110 3010 3179 quadrupli
3073 3112 3326 3166 continuo
3374 3110 3535 3166 forma

1894 3180 1940 3243 C
1970 3197 2291 3262 contexitur,
2325 3208 2378 3253 et
2406 3200 2459 3254 in
2489 3200 2702 3255 easdem
2732 3214 2916 3255 rursus
2944 3211 3125 3272 partes
3169 3203 3392 3255 naturali
3423 3217 3536 3269 par-

1967 3288 2150 3341 titione
2194 3288 2453 3354 solvetur,
2486 3291 2779 3347 secundum
2828 3293 3043 3347 modum
3092 3307 3249 3363 quem
3296 3292 3536 3362 superius

983 2548 1156 2609 duplus
1670 2582 1671 2587 η

608 2812 635 2855 2
839 2805 852 2880 ε
1052 2821 1080 2863 3
1276 2880 1279 2881 γ
1476 2798 1525 2865 ἶ
1538 2800 1675 2808 “”

680 3133 982 3198 Sesquiullcr
1103 3140 1455 3203 Sesquitertius

277 3275 372 3330 Sic
395 3274 554 3344 igitur
583 3274 898 3343 sesquialter
927 3282 983 3330 et
1004 3276 1371 3345 sesquitertius
1396 3291 1559 3330 unum
1587 3275 1859 3344 duplicem

2252 4004 2534 4018 ant——

279 3375 634 3433 componunt.
669 3360 736 3419 At
776 3380 903 3419 vero
947 3366 989 3418 si
1032 3365 1228 3419 fuerint
1277 3367 1533 3421 medietas
1559 3374 1616 3421 et
1642 3365 1854 3434 duplus,
1962 3377 2469 3435 demonstravimus,

277 3457 425 3510 inter
452 3455 715 3524 duplicem
747 3465 799 3507 et
832 3454 1064 3509 medium
1098 3465 1272 3524 potest
1300 3472 1399 3509 una
1445 3455 1706 3515 medietas
1742 3455 1861 3508 talis

277 3548 529 3610 inveniri,
560 3562 678 3615 qua:
716 3548 781 3600 ad
823 3547 1045 3600 alteram
1073 3548 1462 3601 extremitatem
1510 3547 1858 3615 sesquialtera
2621 3531 2921 3592 Οιιηάηιιηυς

278 3638 375 3703 sit,
407 3638 473 3689 ad
503 3639 722 3691 alteram
751 3638 1108 3706 scsquitertia.
1144 3639 1472 3691 Altrinsecus
1502 3639 1643 3691 enim
1672 3637 1861 3735 positis
2454 3637 2694 3741 /
2831 3637 3078 3741 \
3448 3733 3477 3741 v

278 3728 497 3781 senario
524 3739 577 3781 et
610 3729 860 3793 ternario,
911 3729 960 3782 id
1012 3739 1095 3783 est
1141 3729 1336 3796 duplici
1377 3736 1431 3783 et
1476 3728 1781 3791 medietate,
1813 3726 1860 3778 si
2399 3726 2497 3796 /.

180 3882 183 3885 _
277 3822 656 3887 quaternarius
684 3820 735 3873 in
769 3820 941 3874 medio
986 3820 1297 3886 collocetur,
1331 3819 1395 3871 ad
1438 3818 1730 3872 ternarium
1764 3833 1862 3867 nu-

279 3925 491 3963 merum
517 3911 908 3980 sesquitertiam
930 3914 1168 3967 continet
1188 3911 1472 3975 rationem,
1492 3909 1557 3963 ad
1592 3907 1859 3962 senarium
2308 3907 2346 4001 /
2370 3932 2381 3939 '
2664 4008 2675 4009 ί

279 4013 414 4055 vero
444 4002 871 4072 sesquialteram.
2098 4002 3235 4105 C.’§—r—*_9”——l——Tz
3412 4002 3425 4104 Ι

2451 4356 2645 4418 Triplus
2826 4354 3179 4418 Sesquitertinn

1888 4504 1901 4515 ιι

1973 4514 2026 4571 Si
2059 4531 2183 4569 vero
2213 4516 2538 4583 quatlrnplus
2582 4522 2700 4569 seSe
2728 4531 2790 4569 ac
2830 4518 3141 4586 scsquiqttar
3169 4532 3229 4573 us
3260 4516 3528 4588 agglotne'v

1973 4559 2025 4571 η.
2068 4559 2182 4569 ww
2582 4559 2700 4569 νυν
2728 4559 2790 4569 _-
2830 4559 2896 4569 μυ.

1886 4559 1938 4618 D
1962 4619 2076 4661 rent
2097 4650 2110 4672 ,
2137 4610 2453 4678 quincuplus
2481 4624 2579 4664 con
2610 4609 2734 4662 intto
2768 4610 2849 4663 net
2880 4625 2896 4662 :

986 4299 1160 4360 duplus

615 4568 643 4610 δ
848 4571 857 4630 ι
1060 4538 1479 4624 4,—7—
1517 4535 1737 4636 δή

1192 4778 1481 4859 \_,/

2611 4737 2906 4800 Quiucuplus

1192 4778 1481 4859 καί

1158 4887 1457 4947 SeSquialler

682 4889 1034 4961 Sesquitertins

2297 4832 3156 5200 ﬂ

2090 5200 2301 5361 l:

270 5031 451 5089 Recte
482 5035 640 5103 igitur
684 5035 881 5089 dictum
924 5046 1026 5105 est,
1061 5045 1113 5091 et
1156 5036 1421 5107 duplicem
1453 5054 1478 5088 a
1509 5040 1855 5107 scsquia'tero

273 5126 733 5197 sesquitertioque
760 5128 1030 5196 conjungi,
1064 5138 1117 5183 et
1166 5129 1260 5183 ltas
1302 5130 1433 5184 duas
1464 5133 1857 5201 superparticu-

271 5217 415 5271 laris
458 5218 664 5286 species
708 5218 969 5287 duplicem
1017 5237 1300 5289 procreare
1327 5265 1342 5289 ,
1400 5225 1449 5279 id
1499 5235 1579 5279 est
1616 5228 1857 5295 'pritnam

271 5308 514 5376 speciem
539 5309 844 5377 multiplicis
859 5313 1186 5381 quantitatis.
1205 5314 1479 5371 Rursusex
1504 5319 1666 5385 prima
1684 5321 1857 5374 multi-

276 5398 437 5467 plicis
465 5400 664 5466 specie,
694 5400 744 5454 id
760 5409 838 5455 est
861 5415 929 5457 ex
958 5402 1176 5472 duplici,
1197 5415 1248 5460 et
1271 5406 1436 5474 prima
1460 5412 1859 5480 superparticu-

273 5487 408 5553 lari,
426 5487 477 5541 id
499 5495 581 5543 est
603 5491 967 5560 sesquialtera,
990 5495 1268 5550 continens
1296 5499 1602 5568 multiplicis
1624 5505 1855 5573 species,
1910 5514 1915 5517 ’

274 5581 334 5635 id
361 5589 444 5634 est
472 5582 623 5651 tripla
654 5584 1013 5654 conjungitur.
1064 5585 1301 5656 Namque
1334 5578 1398 5643 l9.
1425 5593 1618 5647 senarii
1651 5597 1857 5652 numeri

273 5671 480 5739 dttplus
520 5684 620 5740 est,
656 5673 837 5731 decem
890 5692 1015 5733 vero
1069 5688 1122 5733 et
1168 5688 1308 5745 octo,
1358 5683 1423 5735 ad
1472 5683 1856 5743 dttodcnarium

198 5786 205 5791 -
274 5764 625 5833 scsguialter,
648 5768 742 5831 qui
766 5768 831 5821 ad
857 5772 1125 5825 senarium
1158 5788 1435 5829 numerum
1470 5776 1656 5844 triplus
1684 5788 1785 5837 est.

2744 5216 2960 5458 ρ

2964 5218 3409 5320 [Ξῖ]

2380 5515 2391 5535 ο
2427 5515 2624 5538 V
2876 5515 3080 5538 κα

2400 5562 2702 5624 Quatlruplus
2789 5564 3165 5629 Sesquiquartus

1968 5695 2034 5749 Et
2074 5696 2118 5750 si
2168 5698 2481 5768 quincnplus
2521 5715 2641 5756 cum
2689 5704 3087 5774 scSqttiquinto,
3141 5723 3262 5761 mox
3309 5709 3514 5777 sescupl

1971 5791 2241 5857 proportio
2266 5791 2652 5859 conjugabitur.
2934 5803 2940 5809 '
