4022 6366
559 310 692 360 1119

1213 411 1476 472 Bescttplus

899 872 1126 880 Μ

990 1224 1286 1285 QuiuCUplus
1396 1225 1751 1286 Sesluiquinus

557 1325 730 1392 Atque
786 1324 855 1377 ita
907 1325 1201 1378 secundum
1257 1328 1391 1379 hanc
1449 1327 1875 1395 progressionem
1925 1335 2132 1380 cuncta:

561 1412 966 1481 multiplicitatis
1011 1416 1218 1482 species
1247 1416 1363 1468 sine
1397 1415 1502 1468 ulla
1544 1416 1644 1468 rati
1687 1415 1894 1468 ordinis
1925 1430 2136 1483 permu-

557 1502 758 1555 talione
809 1514 1113 1557 nascentur.
1150 1508 1221 1557 Ita
1253 1519 1378 1559 vero
1406 1515 1462 1559 ut
1490 1505 1683 1574 duplus
1713 1521 1832 1560 cum
1875 1507 2136 1574 sesquial-

557 1603 670 1648 tcro
723 1595 980 1662 triplicem
1031 1607 1204 1662 creet,
1256 1606 1308 1651 et
1355 1597 1545 1666 triplus
1591 1613 1711 1652 cum
1765 1597 2128 1666 sesquitertio,

558 1685 940 1754 quadruplum,
972 1688 1300 1757 quadruplus
1327 1705 1446 1743 cum
1473 1691 1869 1759 sesquiquarto,
1903 1691 2129 1758 quincu-

558 1773 733 1842 plum,
768 1789 821 1828 et
851 1779 1030 1830 caeteri
1060 1779 1246 1831 eodem
1281 1779 1460 1844 modo,
1488 1789 1541 1833 ut
1572 1780 1746 1833 nullus
1793 1781 1927 1832 hanc
1956 1779 2127 1832 conti-
2166 1765 2212 1822 Β

557 1869 857 1921 mulionem
883 1869 1000 1922 finis
1025 1870 1302 1938 impediat.

1171 1959 1396 2013 CAPUT
1435 1959 1520 2011 IV.

557 2045 634 2099 De
661 2065 748 2116 p‘r
778 2065 830 2100 se
864 2058 1122 2102 constante
1149 2051 1450 2118 quantitate,
1477 2065 1590 2117 qua:
1622 2049 1672 2101 in
1705 2050 1883 2117 ﬁguris
1931 2067 2132 2120 geomeo

628 2139 768 2188 tricis
795 2140 1180 2202 consideratur;
1211 2139 1490 2190 communis
1523 2141 1650 2190 ratio
1681 2142 1906 2191 omnium
1936 2141 2132 2208 magni-

631 2229 884 2281 tudinum.

626 2317 751 2372 llmc
779 2319 992 2386 quidem
1018 2313 1407 2390 de'quantitate
1435 2336 1592 2389 quam
1625 2321 1916 2374 secundum
1943 2321 2006 2375 ad
2038 2322 2133 2374 ali-

559 2408 684 2478 quid
715 2411 1072 2478 speculamur,
1106 2412 1170 2464 ad
1205 2427 1437 2480 praesens
1466 2412 1606 2466 dicta
1650 2411 1938 2465 sufficiant.
1981 2412 2131 2465 Nunc

558 2510 730 2555 autem
775 2502 826 2555 in
876 2503 975 2556 hac
1016 2507 1324 2573 sequentia,
1363 2505 1604 2573 qutedam
1632 2504 1697 2557 de
1735 2519 1795 2558 ea
1838 2505 2131 2573 quantitate

558 2606 671 2660 qua:
724 2607 818 2660 per
857 2594 1085 2663 seipsam
1118 2604 1354 2660 constat,
1397 2611 1566 2664 neque
1608 2594 1672 2647 ad
1717 2595 1913 2663 aliquid
1965 2595 2129 2650 refer-

557 2687 662 2748 tur,
695 2683 1009 2751 expediam,
1039 2700 1156 2753 qua:
1198 2686 1351 2740 nobis
1385 2685 1450 2738 ad
1481 2700 1540 2740 ea
1577 2685 1829 2753 prodesse
1874 2697 2125 2755 possunt,

555 2789 672 2843 quae
704 2786 822 2842 post
851 2776 964 2831 haec
1009 2794 1193 2833 rursus
1223 2779 1291 2833 de
1317 2779 1484 2833 relata
1511 2779 1576 2831 ad
1608 2778 1807 2847 aliquid
1834 2779 2125 2848 quantitate

555 2868 916 2923 tractabimus.
997 2872 1155 2924 Amat
1232 2872 1375 2926 enim
1459 2870 1852 2940 quodammodo
1920 2872 2124 2925 mathe-

555 2973 671 3016 seos
710 2965 1002 3031 speculatio
1037 2967 1241 3021 alterna
1284 2968 1654 3036 probationum
1685 2966 1891 3020 ratione
1919 2965 2122 3019 consti-

556 3054 650 3107 tui.
683 3055 836 3109 Nunc
876 3065 1052 3111 autem
1081 3057 1235 3112 nobis
1266 3059 1331 3112 de
1370 3057 1454 3111 his
1485 3057 1720 3110 numeris
1758 3069 1935 3110 sermo
1974 3053 2120 3108 futu-

1783 299 1888 354 AN.
1933 299 2137 354 MA'N'L.
2181 297 2330 354 SEV.
2375 296 2592 356 BOETII

2162 415 2210 473 Α
2239 431 2296 470 se
2317 418 2536 480 retinet,
2559 424 2635 468 tot
2666 413 2952 468 unitatibus
2976 413 3255 482 designare
3283 427 3440 482 quam
3472 411 3690 466 notul'is.
3720 412 3815 465 Est

3675 289 3815 344 11Ξο

2239 507 2398 572 igitur
2429 508 2601 559 unitas
2634 507 2800 558 vicem
2839 504 3088 558 obtinens
3122 502 3330 572 puncti,
3364 502 3666 566 intervalli,
3697 503 3814 555 lon-

2238 595 2600 664 gitudinisque
2642 595 2996 663 principium,
3041 594 3152 662 ipsa
3181 607 3312 648 vero
3360 608 3458 648 nec
3507 592 3807 656 intervalli,

2239 701 2336 740 nec
2392 686 2738 754 longitudinis
2795 700 2998 754 capax,
3049 685 3499 754 quemadmodum
3558 692 3812 753 punctum

2239 779 2558 846 principium
2590 778 2800 847 quidem
2833 779 2987 832 lineae
3015 787 3096 832 est
3125 787 3284 847 atque
3313 777 3611 840 intervalli,
3641 777 3813 844 ipsum

2240 884 2366 924 vero
2415 885 2512 924 nec
2549 870 2881 924 intervallum
2926 884 3023 923 nec
3068 869 3227 924 linea.
3277 869 3462 937 Neque
3505 870 3651 920 enim
3702 883 3805 936 pun

2237 968 2386 1012 ctum
2412 969 2610 1028 puncto
2640 961 3031 1029 superpositum
3064 960 3226 1013 ullum
3257 959 3423 1014 efficit
3450 960 3812 1024 intervallum,

2241 1050 2382 1103 velut
2421 1051 2462 1102 si
2497 1050 2630 1103 nihil
2677 1051 2808 1103 nulli
2853 1050 3064 1120 jungas.
3094 1051 3234 1104 Nihil
3263 1052 3404 1104 enim
3438 1061 3520 1104 est
3565 1050 3710 1119 quod
3751 1066 3811 1104 ex

2241 1141 2505 1194 nullorum
2581 1142 2955 1210 procreatione
3011 1150 3281 1195 nascatur.
3353 1141 3554 1195 Eadem
3620 1142 3814 1208 quippe

2237 1233 2396 1286 etiam
2449 1233 2587 1284 circa
2638 1231 2968 1300 mqualitates
3017 1232 3290 1300 pr0portio
3337 1242 3536 1284 manet.
3592 1231 3726 1285 Nam
3773 1248 3813 1286 St

2238 1323 2497 1392 quotlibet
2529 1324 2726 1378 fuerint
2765 1323 2981 1377 termini
3023 1338 3203 1393 pares,
3235 1332 3439 1378 tantum
3479 1324 3694 1392 quidem
3737 1333 3814 1375 est

2236 1427 2266 1466 a
2297 1413 2466 1481 primo
2502 1413 2568 1466 ad
2613 1413 2934 1479 secundum,
2977 1422 3231 1482 quantum
3275 1428 3302 1466 a
3333 1414 3570 1468 secundo
3609 1415 3675 1466 ad
3711 1425 3814 1466 ter-

2237 1504 2389 1558 tium.
2417 1503 2520 1558 Sed
2547 1504 2686 1557 inter
2711 1503 2935 1570 primum
2961 1511 3014 1557 et
3054 1503 3372 1569 secundum,
3404 1504 3490 1556 vel
3522 1503 3813 1557 secundum

2237 1606 2290 1649 et
2321 1595 2555 1660 tertium,
2583 1594 2726 1648 nulla
2751 1602 2832 1647 est
2856 1593 3119 1646 intervalli
3151 1594 3426 1661 longitudo
3449 1595 3530 1646 vel
3562 1594 3814 1661 Spatium.

2239 1688 2294 1741 Si
2325 1688 2466 1742 enim
2493 1698 2599 1742 tres
2623 1686 2860 1744 senarios
2884 1701 3048 1754 ponas
3075 1686 3174 1740 hoc
3200 1686 3356 1740 modo
3384 1687 3438 1750 6,
3468 1685 3522 1749 6,
3549 1686 3603 1750 6,
3635 1701 3813 1753 quem-

2237 1778 2522 1834 admodum
2560 1781 2760 1847 primus
2785 1786 2866 1832 est
2890 1778 2955 1830 ad
2987 1779 3306 1843 secundum,
3338 1779 3415 1831 sic
3441 1789 3518 1831 est
3548 1781 3815 1832 secundus

2240 1872 2303 1925 ad
2336 1872 2571 1926 tertium.
2601 1870 2705 1924 Sed
2741 1869 2878 1922 inter
2906 1868 3132 1935 primum
3161 1877 3216 1924 et
3241 1868 3535 1922 secundum
3567 1868 3703 1921 nihil
3745 1869 3814 1920 in-

2239 1969 2425 2024 terest,
2451 1960 2482 2014 6
2511 1961 2653 2014 enim
2683 1967 2737 2014 et
2766 1960 2796 2012 6
2827 1960 2968 2015 nulla
2998 1959 3152 2026 spatii
3186 1959 3459 2012 intervalla
3482 1959 3815 2026 disiungunt.

2238 2049 2312 2102 Ita
2339 2052 2498 2119 etiam
2531 2050 2703 2103 unitas
2728 2051 2778 2103 in
2807 2049 2980 2118 seipsa
3009 2048 3351 2115 multiplicata
3383 2049 3513 2100 nihil
3545 2058 3813 2116 procreat.

2239 2139 2416 2193 Semel
2463 2140 2604 2193 enim
2638 2140 2689 2193 in
2723 2154 2883 2194 unum
2915 2139 3046 2193 nihil
3077 2140 3216 2192 aliud
3247 2154 3318 2193 ex
3363 2154 3422 2192 se
3450 2139 3621 2207 gignit
3657 2153 3814 2207 quam

2239 2230 2348 2297 ipsa
2379 2237 2478 2283 est.
2526 2229 2656 2282 Nam
2697 2229 2834 2298 quod
2867 2229 3140 2282 intervallo
3169 2238 3342 2293 caret,
3373 2228 3527 2280 etiam
3568 2228 3674 2280 vim
3707 2229 3815 2296 gig-

2239 2321 2398 2374 nendi
2441 2321 2720 2374 intervalla
2764 2334 2868 2373 non
2907 2319 3121 2388 recipit,
3165 2319 3305 2388 quod
3345 2320 3398 2372 in
3432 2319 3545 2371 aliis
3576 2320 3816 2373 numeris

2242 2425 2344 2463 non
2369 2410 2576 2464 videtur
2597 2411 2830 2464 evenire.
2850 2411 3036 2464 Omnis
3058 2412 3197 2464 enim
3222 2425 3476 2465 numerus
3498 2412 3542 2462 in
3566 2411 3816 2476 seipsum

2234 2502 2614 2570 multiplicatus
2644 2503 2803 2555 alium
2852 2503 3133 2570 quemdam
3163 2501 3326 2556 efficit
3358 2503 3614 2571 majorem
3647 2518 3815 2570 quam

2233 2591 2349 2659 ipse
2377 2601 2482 2657 est,
2515 2592 2712 2647 idcirco
2735 2593 2984 2662 quoniam
3018 2593 3296 2648 intervalla
3322 2594 3666 2660 multiplicata
3705 2610 3815 2646 ma-

2226 2683 2346 2751 jore
2377 2699 2496 2738 sese
2524 2687 2676 2753 spatii
2726 2686 3026 2754 prolixitate
3051 2687 3384 2741 distendunt.
3419 2687 3470 2740 ld
3503 2701 3631 2740 vero
3658 2689 3810 2751 quod

2227 2777 2345 2830 sine
2373 2777 2657 2831 intervallo
2686 2787 2789 2845 est,
2819 2779 2935 2847 plus
2963 2795 3117 2848 quam
3149 2780 3260 2848 ipsa
3293 2788 3395 2841 est,
3427 2778 3668 2846 pariendi
3707 2795 3817 2831 non

2230 2865 2389 2921 habet
2433 2876 2772 2936 potestatem.
2816 2869 2890 2921 Ex
2945 2868 3047 2922 hoc
3094 2869 3252 2936 igitur
3297 2867 3573 2936 principio,
3621 2867 3674 2920 id
3733 2878 3816 2920 est

2227 2974 2291 3012 ex
2324 2959 2524 3013 unitate
2553 2960 2720 3028 prima
2758 2961 2998 3014 omnium
3031 2961 3304 3028 longitudo
3333 2961 3645 3021 succrescit,
3684 2974 3813 3027 qua:

2227 3065 2255 3102 a
2287 3051 2477 3104 hinarii
2524 3052 2730 3105 numeri
2765 3052 3024 3120 principio
3063 3053 3113 3105 in
3152 3063 3373 3106 cunctos
3401 3065 3516 3105 sese
3550 3065 3817 3104 numeros

557 3161 644 3198 rus
671 3157 772 3210 est,
796 3149 884 3216 qui
913 3149 1052 3202 circa
1080 3149 1274 3218 ﬁguras
1300 3151 1654 3218 geometricas
1677 3158 1729 3202 et
1755 3163 1936 3202 earum
1961 3147 2126 3214 spatia
2156 3121 2202 3184 ο
2235 3141 2494 3208 explicat,
2549 3142 2796 3210 quoniam
2851 3142 3075 3209 primum
3127 3141 3458 3194 intervallum
3502 3141 3639 3193 line:l
3699 3149 3815 3203 est.

556 3236 1024 3308 dimensionesque
1069 3250 1372 3307 versantur,
1402 3241 1453 3295 id
1494 3250 1576 3296 est
1611 3241 1676 3295 de
1706 3241 1994 3294 linearibus
2037 3257 2133 3293 nu-

557 3329 737 3393 meris,
767 3340 821 3382 et
851 3330 917 3384 de
947 3332 1354 3400 triangularibus
1382 3333 1462 3386 vel
1489 3332 1784 3400 quadratis,
1812 3332 2130 3397 caeterisque

559 3431 687 3482 quos
716 3419 826 3470 sola
865 3420 1044 3484 pandit
1095 3422 1250 3488 plana
1280 3421 1570 3485 dimensio,
1614 3437 1714 3474 nec
1745 3438 1850 3475 non
1900 3422 1967 3476 de
1998 3422 2130 3474 ina:-

559 3507 695 3574 quali
747 3508 972 3562 laterum
1020 3512 1410 3579 compositione
1456 3512 1776 3580 conjunctis.
1823 3513 1896 3566 De
1945 3513 2133 3566 solidis

561 3597 738 3662 etiam,
767 3599 817 3651 id
847 3608 930 3652 est
959 3601 1108 3654 cuhis
1137 3611 1190 3655 et
1221 3602 1499 3670 spluericis
1526 3605 1608 3656 vel
1637 3603 1950 3672 pyramidis,
1977 3603 2135 3656 later-

561 3687 692 3741 culis
715 3689 871 3742 etiam
901 3691 979 3744 vel
1016 3692 1229 3759 tignulis
1256 3702 1312 3747 et
1339 3693 1544 3758 cuneis,
1575 3707 1692 3762 qua:
1719 3695 1892 3747 omnia
1922 3693 2132 3762 quidem

559 3783 898 3846 geometriae
927 3785 1159 3851 propria:
1190 3784 1640 3837 considerationis
1681 3794 1826 3837 sunt.
1869 3783 1975 3839 Sed
2001 3785 2138 3837 sicut

560 3870 670 3938 ipsa
705 3874 1040 3940 geometrica
1075 3875 1298 3927 scientia
1341 3875 1408 3926 ab
1453 3875 1788 3928 arithmetica
1834 3875 1977 3928 Velut
2004 3889 2136 3944 qua-

561 3962 679 4016 dam
718 3964 894 4017 radice
938 3979 997 4018 ac
1043 3976 1214 4019 matre
1260 3965 1514 4033 producta
1554 3975 1665 4031 est,
1708 3967 1776 4018 ita
1823 3969 1982 4021 etiam
2021 3966 2137 4032 ejus

562 4052 845 4121 figurarum
881 4055 1080 4107 semina
1113 4056 1164 4107 in
1196 4057 1376 4123 primis
1406 4056 1644 4110 numeris
1670 4057 1987 4111 invenimus.
2023 4058 2138 4110 Pla-

564 4157 686 4195 num
718 4144 978 4212 siquidem
1022 4144 1248 4199 fecimus
1276 4146 1414 4214 quod
1458 4161 1642 4201 onmes
1683 4147 1998 4216 disciplinas
2027 4147 2139 4202 haec

563 4232 875 4301 interempta
904 4246 1276 4300 consumeret,
1307 4251 1440 4305 quas
1480 4239 1699 4292 minime
1728 4240 2016 4292 constituta
2061 4239 2142 4292 in-

563 4322 816 4379 flrmaret.
869 4325 978 4379 Hoc
1005 4338 1179 4379 autem
1230 4327 1660 4395 cognoscendum
1712 4337 1794 4380 est
1837 4328 1977 4397 quod
2030 4329 2144 4381 haec

564 4415 712 4484 signa
743 4431 1084 4470 numerorum
1126 4419 1297 4486 posita
1328 4434 1443 4487 qum
1480 4434 1619 4471 nunc
1649 4433 1863 4486 quoque
1896 4420 2139 4473 homines

2233 3229 2339 3283 duo
2370 3246 2498 3282 vero
2529 3231 2808 3284 intervalla
2833 3241 2958 3285 sunt
2990 3231 3258 3300 longitudo
3289 3241 3342 3284 et
3372 3230 3609 3292 latitudo,
3643 3229 3705 3282 id
3738 3240 3820 3283 est

2235 3318 2370 3372 linea
2403 3331 2454 3373 et
2487 3322 2820 3388 superficies.
2853 3322 2973 3374 Tria
3019 3337 3145 3389 ergo
3190 3321 3460 3374 intervalla
3501 3329 3658 3382 sunt,
3703 3319 3820 3371 lon-

2235 3410 2436 3476 gitudo,
2471 3409 2724 3476 latitudo,
2770 3411 3024 3480 altitudo,
3059 3411 3108 3466 id
3160 3421 3239 3465 est
3283 3411 3452 3478 linea,
3495 3411 3821 3477 superficies

2234 3506 2394 3566 atque
2443 3500 2704 3553 soliditas.
2758 3499 2960 3554 Praeter
3009 3500 3122 3554 hmc
3160 3509 3334 3553 autem
3383 3500 3482 3553 alia
3527 3500 3818 3552 intervalla

2239 3588 2462 3641 inveniri
2509 3602 2612 3641 non
2660 3599 2901 3654 possunt.
2933 3591 3036 3643 Aut
3073 3591 3212 3644 enim
3257 3606 3419 3644 unum
3467 3590 3820 3643 intervallum

2237 3678 2337 3731 erit
2369 3678 2509 3746 quod
2540 3679 2814 3746 longitudo
2844 3691 2954 3744 est,
2984 3691 3074 3734 aut
3101 3681 3297 3750 aliquid
3327 3681 3464 3749 quod
3493 3680 3710 3735 duobus
3743 3683 3822 3734 in-

2240 3770 2478 3823 tervallis
2513 3772 2815 3837 expositum
2846 3781 2956 3837 est,
2992 3782 3044 3825 ut
3075 3774 3120 3826 si
3159 3787 3257 3841 qua
3296 3788 3384 3826 res
3429 3773 3819 3840 longitudinem

2241 3860 2434 3914 habeat
2471 3870 2524 3914 et
2573 3861 2939 3926 latitudinem,
2980 3865 3062 3918 vel
3109 3865 3246 3918 trina
3289 3865 3547 3918 intervalli
3594 3865 3818 3919 dimen-

2240 3954 2392 4009 sione
2433 3955 2743 4025 porrigitur,
2781 3958 2824 4010 si
2869 3957 3214 4026 longitudine,
3246 3958 3540 4022 altitudine,
3573 3957 3821 4010 latitudi-

2243 4060 2413 4115 neque
2455 4057 2724 4110 censetur,
2774 4062 3039 4117 supraque
3088 4048 3220 4102 adeo
3265 4048 3392 4100 nihil
3441 4049 3668 4101 inveniri
3726 4063 3827 4115 po-

2244 4144 2379 4200 test,
2422 4146 2479 4190 ut
2525 4139 2760 4206 ipsorum
2811 4154 2901 4190 sex
2955 4147 3190 4192 motuum
3234 4139 3416 4192 forma:
3455 4138 3520 4191 ad
3568 4139 3828 4191 interval-

2245 4226 2416 4279 lorum
2472 4237 2691 4281 naturas
2747 4237 2800 4281 et
2855 4243 3129 4283 numerum
3184 4237 3588 4297 componantur.
3646 4228 3828 4282 [num

2245 4319 2388 4371 enim
2433 4321 2774 4373 intervallum
2817 4321 2951 4374 duos
2988 4323 3037 4374 in
3071 4337 3129 4374 se
3168 4323 3403 4375 continet
3449 4331 3646 4384 motus,
3675 4331 3739 4373 ut
3777 4325 3828 4375 in

2249 4409 2415 4463 tribus
2445 4411 2739 4464 intervallis
2770 4427 2859 4465 sex
2891 4427 3012 4466 sese
3053 4415 3288 4464 motuum
3323 4426 3526 4465 summa
3570 4412 3830 4465 conﬁciat

567 4509 618 4562 in
649 4523 973 4562 summarum
1005 4511 1367 4579 designatione
1398 4513 1732 4573 describunt,
1767 4528 1870 4566 non
1910 4513 2136 4567 naturali

2249 4499 2348 4553 hoc
2396 4495 2574 4556 modo.
2622 4501 2716 4554 Est
2758 4503 2896 4554 enim
2940 4503 2989 4554 in
3037 4502 3365 4570 longitudine
3405 4513 3525 4556 ante
3557 4512 3608 4554 et
3653 4514 3836 4567 retro,

568 4600 898 4656 institutione
927 4604 1150 4656 formata
1175 4615 1326 4668 sunt;
1354 4613 1409 4657 ut
1431 4605 1569 4657 enim
1594 4606 1817 4674 quinarii
1844 4607 2135 4672 subjectam

569 4692 800 4745 notulam
825 4695 1031 4763 signant
1051 4695 1116 4747 de
1139 4712 1187 4761 v,
1216 4696 1295 4748 vel
1319 4695 1542 4762 denarii,
1568 4711 1725 4764 quam
1749 4697 2136 4764 descripsimus

567 4783 633 4837 de
662 4801 725 4850 x,
765 4792 819 4836 et
857 4786 985 4839 alias
1034 4787 1367 4855 hujusmodi,
1409 4803 1514 4841 non
1563 4799 1747 4840 natura
1792 4790 1997 4856 posuit,
2042 4789 2135 4842 sed

567 4892 694 4930 usus
721 4878 948 4934 affinxit.
973 4880 1216 4947 Quinque
1243 4881 1383 4934 enim
1417 4880 1498 4934 vel
1530 4880 1740 4943 decem,
1765 4880 1848 4933 vel
1879 4866 2138 4948 quotlibet

565 4971 699 5024 alios
731 4971 836 5023 illis
876 4971 1071 5025 notulis
1103 4986 1199 5040 pro
1236 4970 1554 5039 compendio
1601 4980 1785 5024 notare
1816 4969 2137 5034 voluerunt,

565 5077 631 5115 ne
657 5065 903 5131 quotiens
937 5063 1168 5116 unitates
1191 5062 1311 5130 quis
1342 5071 1641 5116 monstrare
1665 5062 1848 5128 vellet,
1873 5063 2066 5113 totiens
2090 5059 2137 5113 ei

566 5154 783 5224 virgulae
823 5156 1165 5209 ducerentur.
1193 5154 1299 5207 Nos
1340 5163 1515 5208 autem
1557 5154 2015 5223 quotienscunque
2045 5152 2140 5205 alio

567 5246 689 5314 quid
722 5254 1018 5298 monstrare
1039 5245 1306 5308 volumus,
1342 5243 1395 5296 in
1425 5244 1506 5297 his
1544 5243 1838 5312 prtesertim
1869 5242 2134 5305 formulis,

569 5335 932 5389 ordinatarum
958 5336 1279 5406 virgularum
1305 5335 1697 5391 multitudinem
1731 5352 1834 5391 non
1859 5350 2141 5405 gravamur

569 5444 856 5497 apponere.
881 5427 1014 5482 Cum
1042 5431 1181 5483 enim
1207 5429 1438 5497 quinque
1467 5431 1708 5484 volumus
1750 5431 2142 5494 demonstrare,

571 5516 790 5572 facimus
810 5520 1042 5588 quinque
1064 5519 1313 5586 virgulas,
1343 5519 1690 5590 ducimusque
1717 5535 1808 5575 eas
1839 5521 1938 5575 hoc
1962 5521 2140 5586 modo,

573 5607 594 5658 1
635 5609 655 5660 1
698 5611 717 5661 1
755 5609 775 5661 1
818 5611 862 5672 1,
888 5618 940 5664 et
965 5625 1083 5662 cum
1110 5611 1139 5662 7
1169 5610 1389 5671 totidem
1412 5655 1424 5675 ,
1457 5622 1507 5665 et
1538 5627 1654 5677 cum
1683 5613 1747 5663 10
1780 5612 2139 5674 nihilominus,

577 5698 697 5759 quia
723 5700 1012 5752 naturalitus
1061 5709 1140 5755 est
1171 5703 1459 5768 quemlibet
1492 5718 1768 5755 numerum
1821 5710 2044 5766 quantas
2090 5701 2140 5753 in

2247 4590 2298 4643 in
2333 4591 2608 4645 latitudine
2647 4592 2858 4646 sinistra
2887 4601 2941 4646 et
2970 4593 3182 4657 dextra,
3213 4593 3266 4647 in
3296 4593 3576 4648 altitudine
3606 4610 3829 4647 sursum

2245 4697 2306 4736 ac
2341 4683 2609 4736 deorsum.
2656 4683 2888 4738 Necesse
2930 4694 3011 4738 est
3048 4695 3220 4738 autem
3264 4694 3320 4738 ut
3360 4683 3612 4752 quidquid
3666 4684 3832 4736 fuerit

2245 4777 2472 4832 solidum
2522 4793 2736 4846 corpus,
2774 4781 2874 4834 hoc
2906 4779 3096 4833 habeat
3135 4780 3516 4848 longitudinem
3540 4822 3553 4842 ,
3586 4780 3832 4832 latitudi-

2247 4885 2473 4939 nemque
2499 4881 2552 4926 et
2582 4872 2950 4937 altitudinem,
2993 4881 3045 4926 et
3085 4871 3339 4941 quidquid
3385 4871 3498 4924 haec
3535 4872 3632 4924 tria
3687 4872 3744 4923 in
3775 4886 3836 4925 se

2248 4962 2514 5026 continet,
2559 4962 2687 5016 illud
2735 4977 2832 5016 suo
2882 4962 3097 5016 nomine
3146 4962 3372 5014 solidum
3420 4970 3668 5013 vocetur.
3707 4960 3838 5013 [huc

2249 5052 2388 5104 enim
2410 5053 2507 5105 tria
2531 5053 2670 5106 circa
2689 5067 2847 5107 omne
2867 5067 3063 5122 corpus
3081 5050 3426 5120 inseparabili
3445 5050 3841 5117 c0njunctione

2249 5153 2547 5207 versantur,
2589 5153 2642 5198 et
2687 5145 2737 5197 in
2779 5152 2966 5198 natura
3015 5159 3295 5212 corporum
3339 5145 3630 5196 constituta
3686 5153 3836 5194 sunt.

2248 5233 2424 5298 Quare
2466 5233 2717 5304 quidquid
2764 5250 2868 5288 uno
2907 5234 3187 5288 intervallo
3235 5242 3410 5296 caret,
3455 5231 3579 5285 illud
3630 5247 3842 5298 corpus

2248 5326 2472 5379 solidum
2507 5342 2611 5379 non
2644 5336 2744 5381 est.
2790 5326 2920 5380 Nam
2965 5326 3105 5396 quod
3137 5326 3243 5379 duo
3286 5326 3398 5380 sola
3433 5325 3722 5378 intervalla
3759 5343 3842 5377 rr-

2251 5417 2398 5480 tinet,
2429 5416 2558 5470 illud
2587 5416 2899 5484 superficies
2927 5416 3240 5484 appellatur.
3261 5414 3445 5468 Omnis
3467 5416 3604 5468 enim
3637 5430 3840 5482 super-

2249 5508 2394 5563 ficies
2439 5508 2550 5562 sola
2606 5508 2935 5576 longitudine
2974 5516 3027 5562 et
3067 5506 3350 5562 latitudine
3393 5507 3737 5574 continetur,
3784 5521 3843 5560 et

2250 5610 2334 5664 hic
2360 5609 2545 5664 eadem
2579 5610 2665 5662 illa
2708 5610 2986 5661 conversio
3013 5617 3270 5663 remanet.
3298 5606 3469 5661 Omne
3498 5608 3642 5660 enim
3689 5613 3842 5674 quod

2249 5700 2560 5768 superﬁcies
2600 5710 2706 5763 est,
2742 5699 3120 5768 longitudinem
3152 5709 3203 5754 et
3236 5698 3565 5754 latitudinem
3593 5700 3836 5758 retinet,
