4022 6366
217 322 345 373 H21

1408 311 1492 366 DE
1530 308 1996 366 AlllTllMETlCA
2035 309 2162 364 LIB.
2204 310 2264 362 ll.

3333 303 3466 356 “2‘2

211 441 264 486 et
294 431 434 500 quod
476 428 590 482 haec
634 427 855 490 retinet,
893 419 1022 478 illud
1061 433 1143 479 est
1170 424 1496 493 superﬁcies.
1527 425 1650 479 Haec
1679 439 1776 478 au-
1805 425 1853 483 Α
1883 422 2186 486 continent,
2216 431 2270 474 et
2311 412 2483 474 oﬁiﬁts
2530 418 2870 488 triangularts
2918 415 3113 486 ﬁgura,
3160 415 3242 470 vel
3297 422 3461 469 tetra-

212 532 318 574 tem
366 517 677 587 superﬁcies
717 529 822 569 uno
854 524 1057 568 tantum
1101 515 1380 569 intervallo
1412 516 1565 569 solidi
1596 530 1784 582 corpo-

211 612 286 664 ris
315 609 648 662 dimensione
676 614 975 673 superatur,
1005 621 1119 673 qua:
1150 621 1253 659 uno
1283 620 1465 659 rursus
1500 606 1782 659 intervallo

209 700 404 752 lineam
446 697 641 761 vincit,
681 710 796 764 qua:
839 696 1182 762 longitudinis
1229 705 1472 750 naturam
1518 697 1777 760 retinens,

208 789 504 844 latitudinis
547 802 736 856 expers
775 797 876 840 est.
905 785 1030 851 Quae
1074 786 1210 839 linea
1245 801 1309 840 eo
1338 787 1478 854 quod
1516 788 1672 840 unius
1699 795 1782 841 est

208 878 472 934 intervalli
513 878 699 931 sortita
746 884 1019 940 naturam,
1062 889 1091 927 a
1136 875 1417 943 superﬁcie
1463 892 1568 930 uno
1613 878 1777 930 intera

208 969 368 1035 vallo,
395 985 422 1022 a
459 968 724 1022 soliditate
760 965 969 1020 duobus
1005 965 1188 1032 spatiis
1238 965 1485 1019 vincitur.
1517 967 1774 1021 Punctum

206 1063 364 1128 igitur
385 1059 489 1113 alio
520 1072 702 1112 rursus
729 1057 1006 1109 intervallo
1029 1071 1058 1109 a
1089 1058 1226 1110 linea
1256 1057 1504 1122 vincitur,
1534 1058 1646 1125 ipso
1672 1057 1776 1110 sci-

207 1154 329 1206 licet
370 1165 489 1219 quze
527 1149 728 1215 reliqua
754 1155 836 1201 est
869 1146 1214 1214 longitudine.
1244 1148 1415 1212 Quare
1441 1148 1484 1200 si
1519 1158 1772 1215 punetum

207 1258 313 1297 uno
343 1242 554 1310 quidem
585 1238 865 1294 intervallo
893 1252 924 1290 a
952 1237 1086 1290 linea
1124 1237 1540 1306 supergreditur,
1571 1239 1710 1291 idem
1745 1253 1774 1292 a

207 1333 487 1404 superlicie
515 1332 742 1386 vincitur
780 1330 1006 1395 duobus,
1035 1331 1204 1384 tribus
1236 1345 1360 1384 vero
1391 1330 1652 1384 intervalli
1686 1332 1772 1385 di-

209 1424 573 1479 mensionibus
597 1437 625 1475 a
647 1422 910 1476 soliditate
933 1421 1266 1490 relinquitur,
1292 1432 1499 1476 constat
1521 1434 1771 1491 punctum

208 1519 383 1584 ipsum
421 1516 533 1568 sine
574 1513 673 1566 ulla
702 1512 942 1580 corporis
983 1512 1345 1580 magnitudine
1374 1513 1456 1566 vel
1505 1512 1772 1567 intervalli

206 1607 565 1670 dimensione,
588 1619 706 1658 eum
729 1612 782 1657 et
808 1603 1149 1672 longitudinis
1172 1614 1225 1657 et
1252 1604 1546 1658 latitudinis
1568 1613 1621 1658 et
1651 1619 1772 1673 pro-

205 1696 482 1749 lunditatis
524 1709 714 1763 expers
763 1694 867 1757 sit,
915 1693 1149 1746 omnium
1204 1694 1601 1747 intervallorum
1652 1709 1770 1747 esse

206 1787 546 1854 principium,
579 1792 631 1837 et
653 1796 834 1837 natura
867 1783 1173 1846 insecabile,
1198 1785 1334 1852 quod
1361 1782 1529 1837 Grrcci
1553 1793 1766 1838 atomon
1802 1776 1846 1835 Β

206 1886 430 1945 vocant,
465 1875 513 1929 id
543 1885 623 1929 est
652 1875 721 1927 ita
751 1874 1064 1927 diminutum
1097 1883 1253 1942 atque
1284 1877 1683 1942 parvissimum,
1718 1888 1776 1933 ut

207 1971 322 2036 l‘jUS
346 1982 466 2036 pars
483 1966 704 2020 inveniri
723 1981 824 2019 non
849 1967 1033 2034 possit.
1057 1965 1148 2018 Est
1169 1967 1327 2034 igitur
1351 1981 1598 2034 punctum
1619 1973 1775 2039 primi

208 2057 471 2112 intervalli
491 2057 825 2125 principium,
847 2071 952 2108 non
975 2064 1150 2109 tamen
1175 2059 1534 2125 intervallum,
1552 2072 1604 2116 et
1625 2064 1778 2118 linem

137 2155 140 2158 ’
208 2159 394 2218 caput,
423 2150 514 2205 sed
546 2149 780 2202 nondum
820 2148 978 2201 linea.
1006 2148 1156 2202 Sicut
1185 2148 1320 2203 linea
1352 2166 1564 2221 quoque
1595 2169 1780 2222 super-

211 2242 348 2295 ticiei
380 2238 693 2309 principium
738 2245 848 2300 est,
881 2236 974 2290 sed
1024 2237 1135 2305 ipsa
1176 2239 1484 2307 superﬁcies
1532 2257 1635 2295 non
1666 2253 1778 2310 est,

213 2341 265 2385 et
291 2329 509 2386 secundi
539 2327 800 2382 intervalli
832 2337 991 2396 caput
1020 2337 1130 2394 est,
1169 2330 1460 2384 secundum
1496 2341 1672 2387 tamen
1702 2336 1783 2389 ir.-

213 2420 496 2475 tervallum
530 2420 640 2488 ipsa
673 2433 777 2472 non
829 2419 1040 2474 retinet.
1085 2419 1226 2473 Idem
1257 2435 1464 2490 quoque
1505 2433 1557 2476 et
1603 2425 1656 2478 in
1696 2441 1784 2479 su-

213 2512 449 2582 perﬁciei
480 2513 738 2565 rationem
770 2511 942 2572 cadit,
974 2527 1093 2579 qua:
1123 2522 1177 2565 et
1220 2512 1329 2580 ipsa
1359 2514 1513 2567 solidi
1546 2519 1784 2586 corporis

214 2615 266 2658 et
298 2603 517 2672 triplicis
546 2601 806 2655 intervalli
844 2601 1084 2655 naturale
1126 2602 1348 2656 sortitur
1389 2604 1628 2671 initium,
1671 2608 1787 2674 ipsa

215 2708 342 2748 vero
368 2708 467 2748 nec
496 2694 628 2746 trina
660 2692 920 2745 intervalli
948 2691 1279 2747 dimensione
1308 2692 1650 2762 distenditur,
1687 2711 1786 2752 nec

215 2789 323 2842 ulla
345 2787 705 2842 crassitudine
731 2787 1014 2841 solidatur.

829 2875 1058 2931 CAPUT
1100 2877 1164 2931 γ.

754 2967 829 3022 De
859 2986 1066 3022 numero
1097 2971 1296 3024 lineari.

290 3061 382 3114 Sic
421 3059 581 3114 etiam
614 3060 664 3112 in
698 3075 921 3114 numero
962 3062 1135 3115 unitas
1179 3062 1393 3131 quidem
1424 3077 1542 3118 cum
1576 3068 1687 3133 ipsa
1727 3066 1793 3120 li-

220 3152 405 3204 nearis
434 3165 684 3204 numerus
717 3164 820 3202 non
847 3150 952 3214 sit,
987 3151 1038 3203 in
1071 3151 1448 3219 longitudinem
1481 3164 1656 3208 tamen
1687 3156 1796 3210 dis-
1822 3142 1867 3204 C

222 3242 357 3296 lenti
408 3242 613 3294 numeri
660 3241 978 3309 principium
1027 3249 1127 3296 est.
1176 3242 1244 3295 Et
1288 3243 1503 3297 linearis
1542 3260 1796 3299 numerus

221 3352 346 3391 cum
374 3337 486 3404 ipse
518 3335 675 3390 totius
703 3335 994 3389 latitudinis
1019 3350 1208 3404 expers
1235 3337 1335 3399 sit,
1372 3337 1420 3389 in
1448 3337 1588 3391 aliud
1622 3349 1797 3394 tamen

221 3428 457 3496 spatium
491 3424 785 3478 latitudinis
813 3425 1013 3477 extenti
1058 3424 1269 3477 numeri
1302 3424 1520 3479 sortitur
1567 3427 1796 3481 initium.

225 3516 550 3585 Superﬁcics
593 3529 802 3583 quoque
852 3529 1193 3566 numerorum
1242 3528 1367 3568 cum
1414 3515 1526 3582 ipsa
1574 3517 1801 3570 solidum

227 3621 431 3675 corpus
459 3620 564 3659 non
595 3606 697 3669 sit,
726 3604 904 3657 addita
937 3614 1110 3657 tamen
1141 3603 1407 3657 altitudini
1434 3604 1589 3658 solidi
1616 3621 1804 3674 corpo-

228 3700 307 3752 ris
339 3707 495 3765 caput
519 3706 620 3751 est.
654 3696 765 3749 Hoc
793 3708 967 3748 autem
999 3695 1203 3762 planius
1246 3695 1327 3749 liis
1353 3697 1612 3765 exemplis
1639 3697 1807 3765 lique-

229 3789 330 3842 bit.
363 3788 603 3842 Linearis
631 3801 881 3840 numerus
904 3795 984 3838 est
1009 3800 1035 3837 a
1067 3784 1276 3838 duobus
1300 3785 1573 3849 inclioans,
1604 3785 1807 3851 adjecta

230 3894 447 3948 semper
474 3878 681 3932 unitate
707 3877 758 3930 in
789 3891 949 3930 unum
980 3874 1334 3940 eumdemque
1359 3873 1574 3928 ductum
1601 3875 1810 3943 quanti-

231 3967 361 4021 tatis
389 3967 650 4035 explicata
689 3966 987 4034 congeries,
1015 3974 1071 4016 ut
1099 3974 1179 4017 est
1207 3964 1257 4015 id
1299 3965 1439 4030 quod
1471 3963 1809 4030 subjecimus.

318 4077 329 4150 ί
484 4089 511 4141 ii
663 4076 672 4149 Ι
822 4088 868 4142 ui
1007 4076 1014 4148 l
1147 4088 1211 4140 iiii
1354 4076 1362 4148 Ι

851 4189 1075 4244 CAPUT
1125 4191 1210 4243 \‘I.

234 4279 318 4334 De
347 4279 515 4347 planis
544 4279 808 4332 rectilineis
836 4279 1037 4347 ﬁguris,
1064 4279 1294 4348 quodque
1322 4291 1494 4330 earum
1516 4279 1818 4347 prinripium

834 4372 897 4422 sit
927 4368 1229 4438 triangulus.

311 4461 477 4514 Plana
503 4474 628 4515 vero
655 4453 964 4528 superﬁcies
994 4459 1046 4512 in
1077 4459 1315 4513 numeris
1358 4457 1648 4524 invenitur,
1683 4475 1817 4529 quo-
1852 4493 1898 4551 D

233 4553 383 4605 tiens
420 4565 449 4603 a
479 4550 645 4604 tribus
674 4549 1013 4603 inchoatione
1043 4548 1180 4602 facta
1211 4548 1390 4601 addita
1434 4549 1818 4616 descriptionis

234 4642 541 4707 latitudine,
569 4643 620 4695 in
662 4640 995 4709 sequentium
1029 4655 1088 4693 se
1119 4641 1436 4693 naturalium
1469 4656 1817 4695 numerorum

236 4733 584 4788 multitudine
610 4733 790 4800 anguli
827 4731 1139 4795 dilatantur,
1165 4740 1222 4783 ut
1253 4732 1322 4784 sit
1351 4734 1557 4798 primus
1588 4733 1822 4801 triangu-

237 4825 329 4878 lus
375 4837 645 4887 numerus,
678 4821 944 4875 secundus
992 4819 1305 4888 quadratus,
1353 4822 1547 4874 tertius
1590 4823 1680 4891 qui
1725 4825 1823 4878 sub

236 4913 479 4983 quinque
500 4912 708 4981 angulis
729 4913 1051 4975 continetur,
1079 4927 1237 4981 quem
1266 4921 1622 4979 pentagonum
1650 4914 1825 4969 Graeci

237 5001 555 5064 nominant;
588 5011 811 5070 quartus
842 5002 1172 5069 hexagonus,
1215 5000 1267 5054 id
1295 5009 1379 5055 est
1409 5002 1497 5069 qui
1537 5017 1633 5056 sex
1665 5019 1829 5073 angu-

239 5095 317 5148 lis
340 5092 652 5155 includitur;
672 5093 886 5160 quintus
909 5092 1258 5160 heptagonus,
1284 5101 1468 5145 sextus
1492 5093 1824 5161 ogdogonue,

239 5182 302 5238 id
335 5190 418 5236 est
448 5180 534 5249 qui
569 5183 600 5235 ’1
639 5181 724 5235 vel
754 5182 786 5234 8
815 5181 1126 5249 angulorum
1159 5181 1402 5235 terminis
1433 5183 1743 5247 dilatantur,
1775 5192 1831 5236 et

241 5271 436 5327 caeteri
475 5269 664 5324 eodem
706 5269 864 5324 modo
904 5270 1211 5338 singillatim
1265 5285 1358 5338 per
1401 5272 1694 5325 naturalem
1726 5286 1829 5324 nu-

246 5375 464 5418 merum
508 5361 728 5428 angulos
757 5368 1000 5428 augeant,
1047 5360 1099 5412 in
1143 5359 1300 5426 plana
1335 5361 1540 5415 scilicet
1596 5361 1830 5431 descrip-

244 5453 403 5507 tione
432 5449 737 5518 ﬁgurarum.
764 5449 829 5503 Hi
870 5463 997 5503 vero
1023 5447 1223 5503 idcirco
1266 5465 1296 5503 a
1339 5450 1577 5504 ternario
1606 5466 1831 5506 numero

247 5541 543 5605 ineboant,
577 5540 718 5610 quod
742 5539 1030 5594 latitudinis
1055 5548 1108 5593 et
1141 5539 1445 5606 superﬁciei
1476 5541 1622 5594 solus
1651 5551 1831 5596 terna-

250 5639 374 5691 rius
401 5633 717 5702 principium
739 5642 841 5686 est.
872 5629 928 5685 ln
954 5631 1273 5699 geometrica
1303 5645 1514 5699 quoque
1549 5631 1686 5687 idem
1716 5634 1828 5702 pla-

255 5729 385 5783 nius
425 5724 710 5779 invenitur.
739 5723 867 5778 Duae
899 5723 1039 5779 enim
1070 5722 1227 5779 linere
1258 5730 1422 5779 recta:
1450 5724 1681 5792 spatium
1724 5743 1831 5784 non

1887 513 2038 581 goni,
2074 513 2156 566 vel
2196 513 2507 580 pentagoni,
2554 511 2640 564 vel
2690 509 2989 578 liexagoni,
3034 508 3117 562 vel
3167 507 3452 575 cujuslibet

1885 604 1972 671 qui
2005 602 2244 670 pluribus
2269 602 2478 669 angulis
2512 601 2834 664 continetur,
2877 596 2922 652 si
2963 613 2991 650 a
3033 587 3318 650 medietate
3359 610 3455 661 per

1891 693 2130 761 singulos
2164 693 2388 760 angulos
2431 690 2587 744 linea:
2631 691 3013 758 producantur,
3045 695 3124 740 tot
3160 701 3277 740 eum
3322 685 3461 738 divi-

1884 784 2014 838 dunt
2059 783 2336 851 trianguli,
2379 792 2507 848 quot
2552 784 2717 849 ipsam
2749 781 2969 849 ﬁguram
3003 779 3229 847 angulos
3263 777 3462 831 habere

1881 874 2180 943 contigerit.
2219 872 2543 938 Quadratum
2586 871 2726 923 enim
2769 871 2837 922 ita
2874 870 3045 922 ducta:
3086 868 3240 920 lineae
3295 868 3345 919 in
3382 865 3451 929 4,

1881 973 2236 1034 pentagonum
2271 962 2324 1015 in
2364 961 2418 1024 5,
2449 961 2779 1026 hexagonum
2821 959 2872 1011 in
2904 959 2955 1023 6,
3001 957 3354 1025 heptagonum
3398 957 3454 1008 in

1882 1058 1932 1120 7,
1962 1067 2014 1111 et
2036 1066 2259 1111 caeteros
2287 1057 2339 1108 in
2380 1067 2596 1107 suorum
2630 1052 2946 1118 angulorum
2989 1051 3145 1103 modo
3174 1064 3444 1103 mensura-

1879 1164 1984 1216 que
2032 1163 2127 1217 per
2162 1145 2457 1215 triangulos
2497 1143 2816 1213 partiuntur,
2862 1152 2916 1194 ut
2952 1151 3032 1193 cst
3076 1140 3312 1207 subjecta
3353 1140 3449 1192 de-

1876 1241 2118 1310 scriptio.

1884 1928 1952 1980 At
1975 1940 2102 1980 vero
2138 1921 2396 1990 triangula
2427 1916 2590 1985 ﬁgura
2614 1932 2734 1971 cum
2763 1933 2878 1972 eam
2918 1919 3038 1987 quis
3069 1920 3138 1973 ita
3177 1921 3448 1990 diviserit,

1885 2018 1936 2070 in
1963 2017 2093 2069 alias
2121 2016 2316 2082 ﬁguras
2347 2023 2450 2062 non
2482 2007 2769 2061 resolvitur
2799 2007 2902 2062 nisi
2929 2011 2978 2062 in
3005 2011 3258 2080 seipsam,
3285 2014 3335 2065 in
3361 2013 3461 2068 tria

1883 2108 2026 2162 enim
2056 2102 2316 2173 triangula
2347 2097 2653 2167 di~sipatur.

2333 2260 3066 2940 ﬂ:

2353 2933 2642 2940 -..ι-...Μ
2651 2935 2660 2938 -
2673 2933 2702 2937 _

1899 2995 2045 3051 Adeo
2075 2995 2190 3049 haec
2228 2993 2392 3064 ﬁgura
2421 2993 2667 3062 princeps
2691 3004 2772 3048 est
2815 2992 3130 3054 latitudinis,
3180 2999 3237 3044 ut
3263 2999 3472 3046 caetera:

1899 3101 2086 3143 omnes
2125 3085 2436 3154 superﬁcies
2483 3084 2534 3137 in
2582 3084 2720 3138 hanc
2767 3084 3133 3146 resolvantur,
3180 3080 3292 3148 ipsa
3343 3095 3471 3134 vero

1897 3179 2143 3248 quoniam
2173 3176 2330 3230 nullis
2358 3182 2439 3228 est
2478 3174 2751 3242 principiis
2779 3173 3032 3239 obnoxia,
3063 3185 3236 3241 neque
3277 3170 3343 3224 ab
3372 3169 3475 3224 alia

1898 3268 2176 3321 latitudine
2204 3264 2429 3332 sumpsit
2470 3264 2711 3330 initium,
2750 3265 2799 3316 in
2843 3278 2964 3317 sese
2996 3265 3104 3331 ipsa
3147 3262 3474 3316 resolvatur.

1905 3358 2044 3411 Idem
2077 3367 2253 3410 autem
2284 3363 2337 3409 et
2366 3356 2416 3408 in
2450 3356 2686 3408 numeris
2713 3355 2825 3408 ﬁeri
2867 3369 3096 3424 sequens
3122 3354 3299 3423 operis
3339 3352 3470 3407 ordo

1906 3447 2244 3501 monstrabit.

2504 3532 2727 3587 CAPUT
2767 3532 2882 3586 Ἧι.

2170 3624 2450 3692 υἰεροδίιὶο
2478 3624 2846 3690 triangulorum
2881 3639 3226 3675 numerorum.

1981 3718 2075 3770 Est
2123 3717 2282 3783 igitur
2332 3716 2534 3782 primus
2581 3713 2871 3779 triangulus
2919 3727 3170 3766 numerus
3219 3713 3306 3780 qui
3357 3712 3483 3765 solis

1913 3808 2082 3860 tribus
2130 3804 2420 3856 unitatibus
2469 3802 2788 3869 dissipatur,
2836 3801 3128 3855 secundum
3181 3802 3484 3868 superﬁciel

1915 3895 2251 3963 positionem,
2285 3890 2549 3959 triangula
2593 3889 2800 3943 scilicet
2842 3889 3233 3958 descriptione,
3278 3899 3330 3944 et
3370 3897 3484 3956 post

1915 3990 2053 4039 hunc
2082 3983 2382 4052 quicunque
2412 3981 2767 4050 :equalitatem
2801 3980 3025 4034 laterum
3045 4020 3059 4045 ,
3091 3982 3140 4034 in
3174 3982 3313 4033 trina
3355 3981 3484 4034 late-

1917 4092 2033 4130 rum
2056 4073 2223 4143 spatia
2257 4079 2561 4141 segregant.

2678 4326 2709 4385 ι
3036 4303 3071 4364 ι

2300 4401 2339 4471 ι
2982 4383 3015 4448 Ι
3094 4384 3124 4448 ι

2122 4448 2182 4568 ζ
2447 4449 2598 4569 Χζι
2727 4299 3064 4574 Mt
3153 4447 3228 4574 ιδ

2365 4588 2449 4628 40
2966 4580 3025 4625 (5

2251 5431 2313 5475 21
2653 5425 2732 5476 ἳνδ
3074 5448 3145 5490 3c

2247 5514 2355 5805 :.\
2652 5510 2735 5797 :’.\
