  <div class='ocr_page' id='page_1' title='image "/cluster/home/n/w/nwhite01/storage/ocr_20150623/63/hvd.32044015469307/565.png"; bbox 0 0 2011 3183; ppageno 0'>
   <div class='ocr_carea' id='block_1_1' title="bbox 268 132 340 159">
    <p class='ocr_par' dir='ltr' id='par_1_1' title="bbox 268 132 340 159">
     <span class='ocr_line' id='line_1_1' title="bbox 268 132 340 159; baseline 0 0"><span class='ocrx_word' id='word_1_1' title='bbox 268 132 340 159; x_wconf 62' lang='grc'><strong>1123</strong></span> 
     </span>
    </p>
   </div>
   <div class='ocr_carea' id='block_1_2' title="bbox 559 187 760 217">
    <p class='ocr_par' dir='ltr' id='par_1_2' title="bbox 559 187 760 217">
     <span class='ocr_line' id='line_1_2' title="bbox 559 187 760 217; baseline -0.02 0"><span class='ocrx_word' id='word_1_2' title='bbox 559 189 672 217; x_wconf 81' lang='lat' dir='ltr'><strong>CAPUT</strong></span> <span class='ocrx_word' id='word_1_3' title='bbox 692 187 760 215; x_wconf 84' lang='lat' dir='ltr'><strong>V1ll.</strong></span> 
     </span>
    </p>
   </div>
   <div class='ocr_carea' id='block_1_3' title="bbox 374 237 934 281">
    <p class='ocr_par' dir='ltr' id='par_1_3' title="bbox 374 237 934 281">
     <span class='ocr_line' id='line_1_3' title="bbox 374 237 934 281; baseline -0.011 -6"><span class='ocrx_word' id='word_1_4' title='bbox 374 247 415 277; x_wconf 82' lang='lat' dir='ltr'><strong>De</strong></span> <span class='ocrx_word' id='word_1_5' title='bbox 429 247 548 274; x_wconf 79' lang='lat' dir='ltr'><strong>lateribus</strong></span> <span class='ocrx_word' id='word_1_6' title='bbox 563 246 747 281; x_wconf 82' lang='lat' dir='ltr'><strong>triangulorum</strong></span> <span class='ocrx_word' id='word_1_7' title='bbox 762 237 934 270; x_wconf 84' lang='lat' dir='ltr'><strong>numerorum.</strong></span> 
     </span>
    </p>
   </div>
   <div class='ocr_carea' id='block_1_4' title="bbox 300 299 1051 336">
    <p class='ocr_par' dir='ltr' id='par_1_4' title="bbox 300 299 1051 336">
     <span class='ocr_line' id='line_1_4' title="bbox 300 299 1051 336; baseline -0.011 -4"><span class='ocrx_word' id='word_1_8' title='bbox 300 304 340 332; x_wconf 84' lang='lat' dir='ltr'><strong>Ad</strong></span> <span class='ocrx_word' id='word_1_9' title='bbox 361 303 430 330; x_wconf 89' lang='lat' dir='ltr'><strong>hunc</strong></span> <span class='ocrx_word' id='word_1_10' title='bbox 453 303 560 331; x_wconf 91' lang='lat' dir='ltr'><strong>modum</strong></span> <span class='ocrx_word' id='word_1_11' title='bbox 581 301 682 329; x_wconf 85' lang='lat' dir='ltr'><strong>infinita</strong></span> <span class='ocrx_word' id='word_1_12' title='bbox 706 299 858 336; x_wconf 77' lang='lat' dir='ltr'><strong>progressio</strong></span> <span class='ocrx_word' id='word_1_13' title='bbox 873 304 928 332; x_wconf 89' lang='lat' dir='ltr'><strong>est,</strong></span> <span class='ocrx_word' id='word_1_14' title='bbox 944 304 1051 331; x_wconf 81' lang='lat' dir='ltr'><strong>omnes-</strong></span> 
     </span>
    </p>
   </div>
   <div class='ocr_carea' id='block_1_5' title="bbox 266 345 1053 385">
    <p class='ocr_par' dir='ltr' id='par_1_5' title="bbox 266 345 1053 385">
     <span class='ocr_line' id='line_1_5' title="bbox 266 345 1053 385; baseline -0.009 -7"><span class='ocrx_word' id='word_1_15' title='bbox 266 357 319 385; x_wconf 87' lang='lat' dir='ltr'><strong>que</strong></span> <span class='ocrx_word' id='word_1_16' title='bbox 346 349 439 378; x_wconf 87' lang='lat' dir='ltr'><strong>ordine</strong></span> <span class='ocrx_word' id='word_1_17' title='bbox 463 349 587 383; x_wconf 78' lang='lat' dir='ltr'><strong>trianguli</strong></span> <span class='ocrx_word' id='word_1_18' title='bbox 614 347 763 382; x_wconf 66' lang='lat' dir='ltr'><strong>asqttilater&#39;t</strong></span> <span class='ocrx_word' id='word_1_19' title='bbox 784 345 1005 381; x_wconf 87' lang='lat' dir='ltr'><strong>procreabuntur,</strong></span> <span class='ocrx_word' id='word_1_20' title='bbox 1026 348 1053 372; x_wconf 90' lang='lat' dir='ltr'><strong>et</strong></span> 
     </span>
    </p>
   </div>
   <div class='ocr_carea' id='block_1_6' title="bbox 263 390 1052 430">
    <p class='ocr_par' dir='ltr' id='par_1_6' title="bbox 263 390 1052 430">
     <span class='ocr_line' id='line_1_6' title="bbox 263 390 1052 430; baseline -0.008 -8"><span class='ocrx_word' id='word_1_21' title='bbox 263 396 380 430; x_wconf 86' lang='lat' dir='ltr'><strong>primum</strong></span> <span class='ocrx_word' id='word_1_22' title='bbox 396 395 515 422; x_wconf 91' lang='lat' dir='ltr'><strong>omnium</strong></span> <span class='ocrx_word' id='word_1_23' title='bbox 541 398 656 429; x_wconf 89' lang='lat' dir='ltr'><strong>ponent,</strong></span> <span class='ocrx_word' id='word_1_24' title='bbox 672 393 698 420; x_wconf 91' lang='lat' dir='ltr'><strong>id</strong></span> <span class='ocrx_word' id='word_1_25' title='bbox 713 391 784 427; x_wconf 93' lang='lat' dir='ltr'><strong>quod</strong></span> <span class='ocrx_word' id='word_1_26' title='bbox 799 398 832 419; x_wconf 85' lang='lat' dir='ltr'><strong>ex</strong></span> <span class='ocrx_word' id='word_1_27' title='bbox 852 390 952 417; x_wconf 86' lang='lat' dir='ltr'><strong>unitate</strong></span> <span class='ocrx_word' id='word_1_28' title='bbox 967 390 1052 417; x_wconf 79' lang='lat' dir='ltr'><strong>nasci-</strong></span> 
     </span>
    </p>
   </div>
   <div class='ocr_carea' id='block_1_7' title="bbox 264 436 1052 475">
    <p class='ocr_par' dir='ltr' id='par_1_7' title="bbox 264 436 1052 475">
     <span class='ocr_line' id='line_1_7' title="bbox 264 436 1052 475; baseline -0.006 -7"><span class='ocrx_word' id='word_1_29' title='bbox 264 446 317 474; x_wconf 87' lang='lat' dir='ltr'><strong>tur,</strong></span> <span class='ocrx_word' id='word_1_30' title='bbox 332 446 362 468; x_wconf 87' lang='lat' dir='ltr'><strong>ut</strong></span> <span class='ocrx_word' id='word_1_31' title='bbox 384 441 441 468; x_wconf 81' lang='lat' dir='ltr'><strong>inec</strong></span> <span class='ocrx_word' id='word_1_32' title='bbox 463 441 488 469; x_wconf 82' lang='lat' dir='ltr'><strong>vi</strong></span> <span class='ocrx_word' id='word_1_33' title='bbox 507 448 556 468; x_wconf 90' lang='lat' dir='ltr'><strong>sua</strong></span> <span class='ocrx_word' id='word_1_34' title='bbox 578 439 725 475; x_wconf 77' lang='lat' dir='ltr'><strong>triangulus</strong></span> <span class='ocrx_word' id='word_1_35' title='bbox 747 439 796 470; x_wconf 86' lang='lat' dir='ltr'><strong>sit,</strong></span> <span class='ocrx_word' id='word_1_36' title='bbox 818 445 870 465; x_wconf 92' lang='lat' dir='ltr'><strong>non</strong></span> <span class='ocrx_word' id='word_1_37' title='bbox 893 436 956 464; x_wconf 89' lang='lat' dir='ltr'><strong>inde</strong></span> <span class='ocrx_word' id='word_1_38' title='bbox 971 436 1052 464; x_wconf 86' lang='lat' dir='ltr'><strong>etiam</strong></span> 
     </span>
    </p>
   </div>
   <div class='ocr_carea' id='block_1_8' title="bbox 264 485 1052 521">
    <p class='ocr_par' dir='ltr' id='par_1_8' title="bbox 264 485 1052 521">
     <span class='ocr_line' id='line_1_8' title="bbox 264 485 1052 521; baseline -0.008 -7"><span class='ocrx_word' id='word_1_39' title='bbox 264 494 347 521; x_wconf 85' lang='lat' dir='ltr'><strong>opere</strong></span> <span class='ocrx_word' id='word_1_40' title='bbox 359 490 438 521; x_wconf 86' lang='lat' dir='ltr'><strong>atque</strong></span> <span class='ocrx_word' id='word_1_41' title='bbox 454 490 523 513; x_wconf 90' lang='lat' dir='ltr'><strong>actu.</strong></span> <span class='ocrx_word' id='word_1_42' title='bbox 540 485 605 513; x_wconf 83' lang='lat' dir='ltr'><strong>Nam</strong></span> <span class='ocrx_word' id='word_1_43' title='bbox 619 485 642 512; x_wconf 89' lang='lat' dir='ltr'><strong>si</strong></span> <span class='ocrx_word' id='word_1_44' title='bbox 665 489 820 512; x_wconf 90' lang='lat' dir='ltr'><strong>cunctorum</strong></span> <span class='ocrx_word' id='word_1_45' title='bbox 835 486 876 510; x_wconf 87' lang='lat' dir='ltr'><strong>est</strong></span> <span class='ocrx_word' id='word_1_46' title='bbox 895 486 981 509; x_wconf 91' lang='lat' dir='ltr'><strong>mater</strong></span> <span class='ocrx_word' id='word_1_47' title='bbox 1001 489 1052 508; x_wconf 87' lang='lat' dir='ltr'><strong>nll-</strong></span> 
     </span>
    </p>
   </div>
   <div class='ocr_carea' id='block_1_9' title="bbox 263 529 1054 566">
    <p class='ocr_par' dir='ltr' id='par_1_9' title="bbox 263 529 1054 566">
     <span class='ocr_line' id='line_1_9' title="bbox 263 529 1054 566; baseline -0.009 -7"><span class='ocrx_word' id='word_1_48' title='bbox 263 539 415 564; x_wconf 84' lang='lat' dir='ltr'><strong>merorum,</strong></span> <span class='ocrx_word' id='word_1_49' title='bbox 436 530 563 566; x_wconf 81' lang='lat' dir='ltr'><strong>quidquid</strong></span> <span class='ocrx_word' id='word_1_50' title='bbox 580 531 606 557; x_wconf 91' lang='lat' dir='ltr'><strong>in</strong></span> <span class='ocrx_word' id='word_1_51' title='bbox 627 529 658 556; x_wconf 89' lang='lat' dir='ltr'><strong>iis</strong></span> <span class='ocrx_word' id='word_1_52' title='bbox 678 529 721 564; x_wconf 88' lang='lat' dir='ltr'><strong>qui</strong></span> <span class='ocrx_word' id='word_1_53' title='bbox 737 529 769 556; x_wconf 91' lang='lat' dir='ltr'><strong>ab</strong></span> <span class='ocrx_word' id='word_1_54' title='bbox 790 536 821 555; x_wconf 89' lang='lat' dir='ltr'><strong>ea</strong></span> <span class='ocrx_word' id='word_1_55' title='bbox 837 531 983 554; x_wconf 88' lang='lat' dir='ltr'><strong>nascuntur</strong></span> <span class='ocrx_word' id='word_1_56' title='bbox 1004 533 1054 553; x_wconf 89' lang='lat' dir='ltr'><strong>nu-</strong></span> 
     </span>
    </p>
   </div>
   <div class='ocr_carea' id='block_1_10' title="bbox 263 571 1053 609">
    <p class='ocr_par' dir='ltr' id='par_1_10' title="bbox 263 571 1053 609">
     <span class='ocr_line' id='line_1_10' title="bbox 263 571 1053 609; baseline -0.008 -5"><span class='ocrx_word' id='word_1_57' title='bbox 263 577 346 604; x_wconf 85' lang='lat' dir='ltr'><strong>meris</strong></span> <span class='ocrx_word' id='word_1_58' title='bbox 362 577 504 609; x_wconf 71' lang='lat' dir='ltr'><strong>invenitur,</strong></span> <span class='ocrx_word' id='word_1_59' title='bbox 520 582 631 603; x_wconf 85' lang='lat' dir='ltr'><strong>neeesse</strong></span> <span class='ocrx_word' id='word_1_60' title='bbox 646 578 688 601; x_wconf 84' lang='lat' dir='ltr'><strong>est</strong></span> <span class='ocrx_word' id='word_1_61' title='bbox 703 578 731 600; x_wconf 93' lang='lat' dir='ltr'><strong>ut</strong></span> <span class='ocrx_word' id='word_1_62' title='bbox 745 575 801 608; x_wconf 89' lang='lat' dir='ltr'><strong>ipsa</strong></span> <span class='ocrx_word' id='word_1_63' title='bbox 812 572 925 600; x_wconf 85' lang='lat' dir='ltr'><strong>naturali</strong></span> <span class='ocrx_word' id='word_1_64' title='bbox 939 571 1053 607; x_wconf 88' lang='lat' dir='ltr'><strong>quadam</strong></span> 
     </span>
    </p>
   </div>
   <div class='ocr_carea' id='block_1_11' title="bbox 263 616 1053 656">
    <p class='ocr_par' dir='ltr' id='par_1_11' title="bbox 263 616 1053 656">
     <span class='ocr_line' id='line_1_11' title="bbox 263 616 1053 656; baseline -0.009 -7"><span class='ocrx_word' id='word_1_65' title='bbox 263 626 396 656; x_wconf 82' lang='lat' dir='ltr'><strong>potestate</strong></span> <span class='ocrx_word' id='word_1_66' title='bbox 409 622 559 653; x_wconf 80' lang='lat' dir='ltr'><strong>contineat,</strong></span> <span class='ocrx_word' id='word_1_67' title='bbox 575 625 601 647; x_wconf 85' lang='lat' dir='ltr'><strong>et</strong></span> <span class='ocrx_word' id='word_1_68' title='bbox 618 619 697 653; x_wconf 88' lang='lat' dir='ltr'><strong>hujus</strong></span> <span class='ocrx_word' id='word_1_69' title='bbox 710 618 835 653; x_wconf 80' lang='lat' dir='ltr'><strong>trianguli</strong></span> <span class='ocrx_word' id='word_1_70' title='bbox 851 619 920 645; x_wconf 90' lang='lat' dir='ltr'><strong>latus</strong></span> <span class='ocrx_word' id='word_1_71' title='bbox 936 621 976 644; x_wconf 76' lang='lat' dir='ltr'><strong>est</strong></span> <span class='ocrx_word' id='word_1_72' title='bbox 992 616 1053 643; x_wconf 88' lang='lat' dir='ltr'><strong>uni-</strong></span> 
     </span>
    </p>
   </div>
   <div class='ocr_carea' id='block_1_12' title="bbox 265 662 1053 701">
    <p class='ocr_par' dir='ltr' id='par_1_12' title="bbox 265 662 1053 701">
     <span class='ocr_line' id='line_1_12' title="bbox 265 662 1053 701; baseline -0.008 -6"><span class='ocrx_word' id='word_1_73' title='bbox 265 673 315 695; x_wconf 89' lang='lat' dir='ltr'><strong>tas.</strong></span> <span class='ocrx_word' id='word_1_74' title='bbox 330 668 475 695; x_wconf 83' lang='lat' dir='ltr'><strong>Tcrnarius</strong></span> <span class='ocrx_word' id='word_1_75' title='bbox 487 674 550 694; x_wconf 87' lang='lat' dir='ltr'><strong>vero</strong></span> <span class='ocrx_word' id='word_1_76' title='bbox 562 666 605 701; x_wconf 89' lang='lat' dir='ltr'><strong>qui</strong></span> <span class='ocrx_word' id='word_1_77' title='bbox 621 665 722 700; x_wconf 89' lang='lat' dir='ltr'><strong>primus</strong></span> <span class='ocrx_word' id='word_1_78' title='bbox 735 669 775 692; x_wconf 91' lang='lat' dir='ltr'><strong>est</strong></span> <span class='ocrx_word' id='word_1_79' title='bbox 787 671 868 699; x_wconf 88' lang='lat' dir='ltr'><strong>opere</strong></span> <span class='ocrx_word' id='word_1_80' title='bbox 883 667 911 690; x_wconf 89' lang='lat' dir='ltr'><strong>et</strong></span> <span class='ocrx_word' id='word_1_81' title='bbox 922 667 982 690; x_wconf 90' lang='lat' dir='ltr'><strong>actu</strong></span> <span class='ocrx_word' id='word_1_82' title='bbox 994 662 1053 696; x_wconf 91' lang='lat' dir='ltr'><strong>ipso</strong></span> 
     </span>
    </p>
   </div>
   <div class='ocr_carea' id='block_1_13' title="bbox 264 707 1050 748">
    <p class='ocr_par' dir='ltr' id='par_1_13' title="bbox 264 707 1050 748">
     <span class='ocr_line' id='line_1_13' title="bbox 264 707 1050 748; baseline -0.008 -8"><span class='ocrx_word' id='word_1_83' title='bbox 264 713 423 748; x_wconf 79' lang='lat' dir='ltr'><strong>triangulus,</strong></span> <span class='ocrx_word' id='word_1_84' title='bbox 438 717 575 740; x_wconf 79' lang='lat' dir='ltr'><strong>crescente</strong></span> <span class='ocrx_word' id='word_1_85' title='bbox 589 711 691 738; x_wconf 90' lang='lat' dir='ltr'><strong>unitate</strong></span> <span class='ocrx_word' id='word_1_86' title='bbox 708 710 839 738; x_wconf 90' lang='lat' dir='ltr'><strong>binarium</strong></span> <span class='ocrx_word' id='word_1_87' title='bbox 855 715 995 735; x_wconf 85' lang='lat' dir='ltr'><strong>numerum</strong></span> <span class='ocrx_word' id='word_1_88' title='bbox 1016 707 1050 734; x_wconf 89' lang='lat' dir='ltr'><strong>la-</strong></span> 
     </span>
    </p>
   </div>
   <div class='ocr_carea' id='block_1_14' title="bbox 264 752 1053 790">
    <p class='ocr_par' dir='ltr' id='par_1_14' title="bbox 264 752 1053 790">
     <span class='ocr_line' id='line_1_14' title="bbox 264 752 1053 790; baseline -0.009 -5"><span class='ocrx_word' id='word_1_89' title='bbox 264 763 308 786; x_wconf 91' lang='lat' dir='ltr'><strong>tus</strong></span> <span class='ocrx_word' id='word_1_90' title='bbox 327 758 443 785; x_wconf 86' lang='lat' dir='ltr'><strong>habebit.</strong></span> <span class='ocrx_word' id='word_1_91' title='bbox 460 757 491 784; x_wconf 81' lang='lat' dir='ltr'><strong>Vi</strong></span> <span class='ocrx_word' id='word_1_92' title='bbox 511 757 582 785; x_wconf 87' lang='lat' dir='ltr'><strong>enim</strong></span> <span class='ocrx_word' id='word_1_93' title='bbox 604 760 631 783; x_wconf 82' lang='lat' dir='ltr'><strong>et.</strong></span> <span class='ocrx_word' id='word_1_94' title='bbox 646 759 776 790; x_wconf 86' lang='lat' dir='ltr'><strong>potestate</strong></span> <span class='ocrx_word' id='word_1_95' title='bbox 799 753 878 789; x_wconf 88' lang='lat' dir='ltr'><strong>primi</strong></span> <span class='ocrx_word' id='word_1_96' title='bbox 904 752 1010 787; x_wconf 77' lang='lat' dir='ltr'><strong>anguli,</strong></span> <span class='ocrx_word' id='word_1_97' title='bbox 1026 752 1053 779; x_wconf 90' lang='lat' dir='ltr'><strong>id</strong></span> 
     </span>
    </p>
   </div>
   <div class='ocr_carea' id='block_1_15' title="bbox 264 802 1053 835">
    <p class='ocr_par' dir='ltr' id='par_1_15' title="bbox 264 802 1053 835">
     <span class='ocr_line' id='line_1_15' title="bbox 264 802 1053 835; baseline -0.009 -4"><span class='ocrx_word' id='word_1_98' title='bbox 264 809 306 832; x_wconf 81' lang='lat' dir='ltr'><strong>est</strong></span> <span class='ocrx_word' id='word_1_99' title='bbox 327 804 449 835; x_wconf 87' lang='lat' dir='ltr'><strong>unitatis,</strong></span> <span class='ocrx_word' id='word_1_100' title='bbox 472 804 559 830; x_wconf 87' lang='lat' dir='ltr'><strong>unitas</strong></span> <span class='ocrx_word' id='word_1_101' title='bbox 584 802 652 829; x_wconf 90' lang='lat' dir='ltr'><strong>latus</strong></span> <span class='ocrx_word' id='word_1_102' title='bbox 674 805 731 833; x_wconf 85' lang='lat' dir='ltr'><strong>est,</strong></span> <span class='ocrx_word' id='word_1_103' title='bbox 751 803 812 826; x_wconf 88' lang='lat' dir='ltr'><strong>actu</strong></span> <span class='ocrx_word' id='word_1_104' title='bbox 833 806 899 826; x_wconf 83' lang='lat' dir='ltr'><strong>vero</strong></span> <span class='ocrx_word' id='word_1_105' title='bbox 921 802 948 825; x_wconf 91' lang='lat' dir='ltr'><strong>et</strong></span> <span class='ocrx_word' id='word_1_106' title='bbox 972 804 1053 831; x_wconf 86' lang='lat' dir='ltr'><strong>opere</strong></span> 
     </span>
    </p>
   </div>
   <div class='ocr_carea' id='block_1_16' title="bbox 266 843 1052 884">
    <p class='ocr_par' dir='ltr' id='par_1_16' title="bbox 266 843 1052 884">
     <span class='ocr_line' id='line_1_16' title="bbox 266 843 1052 884; baseline -0.008 -8"><span class='ocrx_word' id='word_1_107' title='bbox 266 849 389 884; x_wconf 83' lang='lat' dir='ltr'><strong>trianguli</strong></span> <span class='ocrx_word' id='word_1_108' title='bbox 405 849 499 884; x_wconf 85' lang='lat' dir='ltr'><strong>primi,</strong></span> <span class='ocrx_word' id='word_1_109' title='bbox 513 848 539 875; x_wconf 91' lang='lat' dir='ltr'><strong>id</strong></span> <span class='ocrx_word' id='word_1_110' title='bbox 554 852 594 875; x_wconf 88' lang='lat' dir='ltr'><strong>est</strong></span> <span class='ocrx_word' id='word_1_111' title='bbox 609 845 719 874; x_wconf 82' lang='lat' dir='ltr'><strong>ternarii</strong></span> <span class='ocrx_word' id='word_1_112' title='bbox 734 845 859 877; x_wconf 89' lang='lat' dir='ltr'><strong>dualitas,</strong></span> <span class='ocrx_word' id='word_1_113' title='bbox 874 851 954 879; x_wconf 89' lang='lat' dir='ltr'><strong>quam</strong></span> <span class='ocrx_word' id='word_1_114' title='bbox 966 843 1052 871; x_wconf 64' lang='lat' dir='ltr'><strong>Graeci</strong></span> 
     </span>
    </p>
   </div>
   <div class='ocr_carea' id='block_1_17' title="bbox 266 876 1093 930">
    <p class='ocr_par' dir='ltr' id='par_1_17' title="bbox 266 876 1093 930">
     <span class='ocr_line' id='line_1_17' title="bbox 266 876 1093 930; baseline -0.011 -8"><span class='ocrx_word' id='word_1_115' title='bbox 266 876 351 930; x_wconf 67' lang='lat' dir='ltr'><strong>dyad;</strong></span> <span class='ocrx_word' id='word_1_116' title='bbox 362 876 466 921; x_wconf 59' lang='lat' dir='ltr'><strong>vocant.</strong></span> <span class='ocrx_word' id='word_1_117' title='bbox 478 876 591 920; x_wconf 76' lang='lat' dir='ltr'><strong>Secundi</strong></span> <span class='ocrx_word' id='word_1_118' title='bbox 608 899 671 918; x_wconf 89' lang='lat' dir='ltr'><strong>vero</strong></span> <span class='ocrx_word' id='word_1_119' title='bbox 684 890 808 925; x_wconf 76' lang='lat' dir='ltr'><strong>trianguli</strong></span> <span class='ocrx_word' id='word_1_120' title='bbox 822 890 865 924; x_wconf 94' lang='lat' dir='ltr'><strong>qui</strong></span> <span class='ocrx_word' id='word_1_121' title='bbox 881 876 963 923; x_wconf 70' lang='lat' dir='ltr'><strong>opere</strong></span> <span class='ocrx_word' id='word_1_122' title='bbox 975 893 1054 922; x_wconf 90' lang='lat' dir='ltr'><strong>atque</strong></span> <span class='ocrx_word' id='word_1_123' title='bbox 1072 876 1093 904; x_wconf 71' lang='grc' dir='ltr'><strong>Β</strong></span> 
     </span>
    </p>
   </div>
   <div class='ocr_carea' id='block_1_18' title="bbox 266 933 1055 970">
    <p class='ocr_par' dir='ltr' id='par_1_18' title="bbox 266 933 1055 970">
     <span class='ocr_line' id='line_1_18' title="bbox 266 933 1055 970; baseline -0.011 -2"><span class='ocrx_word' id='word_1_124' title='bbox 266 945 327 968; x_wconf 88' lang='lat' dir='ltr'><strong>actu</strong></span> <span class='ocrx_word' id='word_1_125' title='bbox 339 939 471 967; x_wconf 82' lang='lat' dir='ltr'><strong>secundus</strong></span> <span class='ocrx_word' id='word_1_126' title='bbox 484 942 538 970; x_wconf 83' lang='lat' dir='ltr'><strong>est,</strong></span> <span class='ocrx_word' id='word_1_127' title='bbox 554 938 580 964; x_wconf 87' lang='lat' dir='ltr'><strong>id</strong></span> <span class='ocrx_word' id='word_1_128' title='bbox 596 942 636 965; x_wconf 88' lang='lat' dir='ltr'><strong>est</strong></span> <span class='ocrx_word' id='word_1_129' title='bbox 650 936 763 970; x_wconf 83' lang='lat' dir='ltr'><strong>senarii,</strong></span> <span class='ocrx_word' id='word_1_130' title='bbox 779 939 918 962; x_wconf 90' lang='lat' dir='ltr'><strong>crescente</strong></span> <span class='ocrx_word' id='word_1_131' title='bbox 939 933 1055 960; x_wconf 87' lang='lat' dir='ltr'><strong>naturali</strong></span> 
     </span>
    </p>
   </div>
   <div class='ocr_carea' id='block_1_19' title="bbox 266 979 1056 1012">
    <p class='ocr_par' dir='ltr' id='par_1_19' title="bbox 266 979 1056 1012">
     <span class='ocr_line' id='line_1_19' title="bbox 266 979 1056 1012; baseline -0.01 1"><span class='ocrx_word' id='word_1_132' title='bbox 266 993 377 1012; x_wconf 90' lang='lat' dir='ltr'><strong>numero</strong></span> <span class='ocrx_word' id='word_1_133' title='bbox 404 986 430 1012; x_wconf 92' lang='lat' dir='ltr'><strong>in</strong></span> <span class='ocrx_word' id='word_1_134' title='bbox 459 984 585 1011; x_wconf 86' lang='lat' dir='ltr'><strong>lateribus</strong></span> <span class='ocrx_word' id='word_1_135' title='bbox 613 982 746 1010; x_wconf 76' lang='lat' dir='ltr'><strong>ternarias</strong></span> <span class='ocrx_word' id='word_1_136' title='bbox 774 981 923 1008; x_wconf 83' lang='lat' dir='ltr'><strong>invenitur.</strong></span> <span class='ocrx_word' id='word_1_137' title='bbox 949 979 1056 1007; x_wconf 86' lang='lat' dir='ltr'><strong>Tertius</strong></span> 
     </span>
    </p>
   </div>
   <div class='ocr_carea' id='block_1_20' title="bbox 266 1025 1055 1063">
    <p class='ocr_par' dir='ltr' id='par_1_20' title="bbox 266 1025 1055 1063">
     <span class='ocr_line' id='line_1_20' title="bbox 266 1025 1055 1063; baseline -0.009 -6"><span class='ocrx_word' id='word_1_138' title='bbox 266 1037 342 1062; x_wconf 83' lang='lat' dir='ltr'><strong>vero,</strong></span> <span class='ocrx_word' id='word_1_139' title='bbox 358 1029 384 1056; x_wconf 87' lang='lat' dir='ltr'><strong>id</strong></span> <span class='ocrx_word' id='word_1_140' title='bbox 398 1034 438 1056; x_wconf 89' lang='lat' dir='ltr'><strong>est</strong></span> <span class='ocrx_word' id='word_1_141' title='bbox 451 1029 568 1062; x_wconf 88' lang='lat' dir='ltr'><strong>denarii,</strong></span> <span class='ocrx_word' id='word_1_142' title='bbox 591 1027 779 1063; x_wconf 86' lang='lat' dir='ltr'><strong>quaternarius</strong></span> <span class='ocrx_word' id='word_1_143' title='bbox 795 1027 864 1052; x_wconf 87' lang='lat' dir='ltr'><strong>latus</strong></span> <span class='ocrx_word' id='word_1_144' title='bbox 878 1025 1013 1057; x_wconf 80' lang='lat' dir='ltr'><strong>continet,</strong></span> <span class='ocrx_word' id='word_1_145' title='bbox 1027 1029 1055 1051; x_wconf 88' lang='lat' dir='ltr'><strong>et</strong></span> 
     </span>
    </p>
   </div>
   <div class='ocr_carea' id='block_1_21' title="bbox 268 1068 1055 1109">
    <p class='ocr_par' dir='ltr' id='par_1_21' title="bbox 268 1068 1055 1109">
     <span class='ocr_line' id='line_1_21' title="bbox 268 1068 1055 1109; baseline -0.009 -7"><span class='ocrx_word' id='word_1_146' title='bbox 268 1082 326 1109; x_wconf 53' lang='lat' dir='ltr'><strong>qua&#39;</strong></span> <span class='ocrx_word' id='word_1_147' title='bbox 337 1075 354 1101; x_wconf 90' lang='lat' dir='ltr'><strong>ti</strong></span> <span class='ocrx_word' id='word_1_148' title='bbox 365 1082 440 1106; x_wconf 77' lang='lat' dir='ltr'><strong>vero,</strong></span> <span class='ocrx_word' id='word_1_149' title='bbox 455 1074 480 1100; x_wconf 89' lang='lat' dir='ltr'><strong>id</strong></span> <span class='ocrx_word' id='word_1_150' title='bbox 492 1078 532 1100; x_wconf 86' lang='lat' dir='ltr'><strong>est</strong></span> <span class='ocrx_word' id='word_1_151' title='bbox 544 1073 586 1107; x_wconf 84' lang='lat' dir='ltr'><strong>l5,</strong></span> <span class='ocrx_word' id='word_1_152' title='bbox 599 1072 736 1107; x_wconf 89' lang='lat' dir='ltr'><strong>quinarius</strong></span> <span class='ocrx_word' id='word_1_153' title='bbox 747 1072 816 1098; x_wconf 88' lang='lat' dir='ltr'><strong>latus</strong></span> <span class='ocrx_word' id='word_1_154' title='bbox 827 1074 911 1102; x_wconf 89' lang='lat' dir='ltr'><strong>tenet,</strong></span> <span class='ocrx_word' id='word_1_155' title='bbox 928 1073 955 1096; x_wconf 90' lang='lat' dir='ltr'><strong>et</strong></span> <span class='ocrx_word' id='word_1_156' title='bbox 969 1068 1055 1101; x_wconf 88' lang='lat' dir='ltr'><strong>quittti</strong></span> 
     </span>
    </p>
   </div>
   <div class='ocr_carea' id='block_1_22' title="bbox 269 1115 832 1152">
    <p class='ocr_par' dir='ltr' id='par_1_22' title="bbox 269 1115 832 1152">
     <span class='ocr_line' id='line_1_22' title="bbox 269 1115 832 1152; baseline -0.009 -6"><span class='ocrx_word' id='word_1_157' title='bbox 269 1120 398 1146; x_wconf 86' lang='lat' dir='ltr'><strong>senarius.</strong></span> <span class='ocrx_word' id='word_1_158' title='bbox 415 1118 539 1152; x_wconf 84' lang='lat' dir='ltr'><strong>Idemque</strong></span> <span class='ocrx_word' id='word_1_159' title='bbox 555 1125 638 1150; x_wconf 75' lang='lat' dir='ltr'><strong>usque</strong></span> <span class='ocrx_word' id='word_1_160' title='bbox 651 1117 676 1143; x_wconf 91' lang='lat' dir='ltr'><strong>iu</strong></span> <span class='ocrx_word' id='word_1_161' title='bbox 688 1115 832 1143; x_wconf 85' lang='lat' dir='ltr'><strong>infinitum.</strong></span> 
     </span>
    </p>
   </div>
   <div class='ocr_carea' id='block_1_23' title="bbox 573 1171 751 1199">
    <p class='ocr_par' dir='ltr' id='par_1_23' title="bbox 573 1171 751 1199">
     <span class='ocr_line' id='line_1_23' title="bbox 573 1171 751 1199; baseline 0 0"><span class='ocrx_word' id='word_1_162' title='bbox 573 1171 684 1199; x_wconf 67' lang='lat' dir='ltr'><strong>CAPUT</strong></span> <span class='ocrx_word' id='word_1_163' title='bbox 706 1171 751 1199; x_wconf 79' lang='lat' dir='ltr'><strong>IX.</strong></span> 
     </span>
    </p>
   </div>
   <div class='ocr_carea' id='block_1_24' title="bbox 365 1214 961 1256">
    <p class='ocr_par' dir='ltr' id='par_1_24' title="bbox 365 1214 961 1256">
     <span class='ocr_line' id='line_1_24' title="bbox 365 1214 961 1256; baseline -0.01 -9"><span class='ocrx_word' id='word_1_164' title='bbox 365 1220 402 1247; x_wconf 86' lang='lat' dir='ltr'><strong>De</strong></span> <span class='ocrx_word' id='word_1_165' title='bbox 414 1220 576 1256; x_wconf 84' lang='lat' dir='ltr'><strong>generatione</strong></span> <span class='ocrx_word' id='word_1_166' title='bbox 591 1214 777 1252; x_wconf 71' lang='lat' dir='ltr'><strong>triangulorum</strong></span> <span class='ocrx_word' id='word_1_167' title='bbox 788 1223 961 1243; x_wconf 79' lang='lat' dir='ltr'><strong>numerarunt.</strong></span> 
     </span>
    </p>
   </div>
   <div class='ocr_carea' id='block_1_25' title="bbox 304 1273 1057 1309">
    <p class='ocr_par' dir='ltr' id='par_1_25' title="bbox 304 1273 1057 1309">
     <span class='ocr_line' id='line_1_25' title="bbox 304 1273 1057 1309; baseline -0.007 -6"><span class='ocrx_word' id='word_1_168' title='bbox 304 1276 454 1303; x_wconf 88' lang='lat' dir='ltr'><strong>Nascuntur</strong></span> <span class='ocrx_word' id='word_1_169' title='bbox 464 1280 553 1303; x_wconf 87' lang='lat' dir='ltr'><strong>autem</strong></span> <span class='ocrx_word' id='word_1_170' title='bbox 568 1274 690 1309; x_wconf 79' lang='lat' dir='ltr'><strong>trianguli</strong></span> <span class='ocrx_word' id='word_1_171' title='bbox 704 1273 833 1308; x_wconf 83' lang='lat' dir='ltr'><strong>disposita</strong></span> <span class='ocrx_word' id='word_1_172' title='bbox 848 1273 961 1299; x_wconf 86' lang='lat' dir='ltr'><strong>naturali</strong></span> <span class='ocrx_word' id='word_1_173' title='bbox 972 1280 1057 1307; x_wconf 90' lang='lat' dir='ltr'><strong>quan-</strong></span> 
     </span>
    </p>
   </div>
   <div class='ocr_carea' id='block_1_26' title="bbox 270 1317 1056 1354">
    <p class='ocr_par' dir='ltr' id='par_1_26' title="bbox 270 1317 1056 1354">
     <span class='ocr_line' id='line_1_26' title="bbox 270 1317 1056 1354; baseline -0.006 -5"><span class='ocrx_word' id='word_1_174' title='bbox 270 1323 343 1349; x_wconf 89' lang='lat' dir='ltr'><strong>titate</strong></span> <span class='ocrx_word' id='word_1_175' title='bbox 373 1329 562 1352; x_wconf 83' lang='lat' dir='ltr'><strong>numeromm.</strong></span> <span class='ocrx_word' id='word_1_176' title='bbox 586 1321 610 1348; x_wconf 85' lang='lat' dir='ltr'><strong>si</strong></span> <span class='ocrx_word' id='word_1_177' title='bbox 635 1320 768 1354; x_wconf 85' lang='lat' dir='ltr'><strong>prioribus</strong></span> <span class='ocrx_word' id='word_1_178' title='bbox 786 1326 894 1353; x_wconf 78' lang='lat' dir='ltr'><strong>semper</strong></span> <span class='ocrx_word' id='word_1_179' title='bbox 914 1317 1056 1345; x_wconf 92' lang='lat' dir='ltr'><strong>multitudo</strong></span> 
     </span>
    </p>
   </div>
   <div class='ocr_carea' id='block_1_27' title="bbox 269 1363 1056 1401">
    <p class='ocr_par' dir='ltr' id='par_1_27' title="bbox 269 1363 1056 1401">
     <span class='ocr_line' id='line_1_27' title="bbox 269 1363 1056 1401; baseline -0.006 -7"><span class='ocrx_word' id='word_1_180' title='bbox 269 1367 435 1401; x_wconf 85' lang='lat' dir='ltr'><strong>sequentium</strong></span> <span class='ocrx_word' id='word_1_181' title='bbox 449 1371 635 1401; x_wconf 71' lang='lat' dir='ltr'><strong>congregetur.</strong></span> <span class='ocrx_word' id='word_1_182' title='bbox 657 1365 817 1399; x_wconf 85' lang='lat' dir='ltr'><strong>Disponatur</strong></span> <span class='ocrx_word' id='word_1_183' title='bbox 831 1364 903 1392; x_wconf 92' lang='lat' dir='ltr'><strong>enim</strong></span> <span class='ocrx_word' id='word_1_184' title='bbox 925 1363 1056 1390; x_wconf 83' lang='lat' dir='ltr'><strong>naturalis</strong></span> 
     </span>
    </p>
   </div>
   <div class='ocr_carea' id='block_1_28' title="bbox 269 1413 570 1441">
    <p class='ocr_par' dir='ltr' id='par_1_28' title="bbox 269 1413 570 1441">
     <span class='ocr_line' id='line_1_28' title="bbox 269 1413 570 1441; baseline -0.003 -1"><span class='ocrx_word' id='word_1_185' title='bbox 269 1420 395 1441; x_wconf 86' lang='lat' dir='ltr'><strong>numerus</strong></span> <span class='ocrx_word' id='word_1_186' title='bbox 410 1414 460 1440; x_wconf 89' lang='lat' dir='ltr'><strong>hoc</strong></span> <span class='ocrx_word' id='word_1_187' title='bbox 474 1413 552 1439; x_wconf 90' lang='lat' dir='ltr'><strong>modo</strong></span> <span class='ocrx_word' id='word_1_188' title='bbox 564 1421 570 1438; x_wconf 91' lang='lat'><strong><em>:</em></strong></span> 
     </span>
    </p>
   </div>
   <div class='ocr_carea' id='block_1_29' title="bbox 369 1475 957 1517">
    <p class='ocr_par' dir='ltr' id='par_1_29' title="bbox 369 1475 957 1517">
     <span class='ocr_line' id='line_1_29' title="bbox 369 1475 957 1517; baseline -0.007 0"><span class='ocrx_word' id='word_1_189' title='bbox 369 1475 957 1517; x_wconf 40' lang='lat' dir='ltr'><strong>Wl’elslt’l&#39;slelilgw</strong></span> 
     </span>
    </p>
   </div>
   <div class='ocr_carea' id='block_1_30' title="bbox 270 1542 1093 1583">
    <p class='ocr_par' dir='ltr' id='par_1_30' title="bbox 270 1542 1093 1583">
     <span class='ocr_line' id='line_1_30' title="bbox 270 1542 1093 1583; baseline -0.006 -9"><span class='ocrx_word' id='word_1_190' title='bbox 270 1548 308 1575; x_wconf 79' lang='lat' dir='ltr'><strong>Ex</strong></span> <span class='ocrx_word' id='word_1_191' title='bbox 330 1548 371 1575; x_wconf 91' lang='lat' dir='ltr'><strong>his</strong></span> <span class='ocrx_word' id='word_1_192' title='bbox 394 1547 472 1582; x_wconf 79' lang='lat' dir='ltr'><strong>igitur</strong></span> <span class='ocrx_word' id='word_1_193' title='bbox 493 1547 515 1574; x_wconf 89' lang='lat' dir='ltr'><strong>si</strong></span> <span class='ocrx_word' id='word_1_194' title='bbox 539 1546 652 1581; x_wconf 87' lang='lat' dir='ltr'><strong>primum</strong></span> <span class='ocrx_word' id='word_1_195' title='bbox 677 1552 816 1572; x_wconf 88' lang='lat' dir='ltr'><strong>numerum</strong></span> <span class='ocrx_word' id='word_1_196' title='bbox 838 1551 957 1575; x_wconf 84' lang='lat' dir='ltr'><strong>sumam,</strong></span> <span class='ocrx_word' id='word_1_197' title='bbox 974 1542 999 1570; x_wconf 89' lang='lat' dir='ltr'><strong>id</strong></span> <span class='ocrx_word' id='word_1_198' title='bbox 1016 1546 1093 1583; x_wconf 72' lang='lat' dir='ltr'><strong>estC</strong></span> 
     </span>
    </p>
   </div>
   <div class='ocr_carea' id='block_1_31' title="bbox 271 1588 1058 1627">
    <p class='ocr_par' dir='ltr' id='par_1_31' title="bbox 271 1588 1058 1627">
     <span class='ocr_line' id='line_1_31' title="bbox 271 1588 1058 1627; baseline -0.006 -7"><span class='ocrx_word' id='word_1_199' title='bbox 271 1593 415 1626; x_wconf 82' lang='lat' dir='ltr'><strong>unitatem,</strong></span> <span class='ocrx_word' id='word_1_200' title='bbox 432 1593 516 1620; x_wconf 88' lang='lat' dir='ltr'><strong>habeo</strong></span> <span class='ocrx_word' id='word_1_201' title='bbox 532 1594 646 1627; x_wconf 92' lang='lat' dir='ltr'><strong>primum</strong></span> <span class='ocrx_word' id='word_1_202' title='bbox 663 1591 840 1626; x_wconf 82' lang='lat' dir='ltr'><strong>triangulum.</strong></span> <span class='ocrx_word' id='word_1_203' title='bbox 861 1590 904 1624; x_wconf 89' lang='lat' dir='ltr'><strong>qui</strong></span> <span class='ocrx_word' id='word_1_204' title='bbox 921 1594 961 1616; x_wconf 91' lang='lat' dir='ltr'><strong>est</strong></span> <span class='ocrx_word' id='word_1_205' title='bbox 983 1588 1008 1615; x_wconf 85' lang='lat' dir='ltr'><strong>vi</strong></span> <span class='ocrx_word' id='word_1_206' title='bbox 1031 1592 1058 1615; x_wconf 87' lang='lat' dir='ltr'><strong>et.</strong></span> 
     </span>
    </p>
   </div>
   <div class='ocr_carea' id='block_1_32' title="bbox 271 1633 1058 1674">
    <p class='ocr_par' dir='ltr' id='par_1_32' title="bbox 271 1633 1058 1674">
     <span class='ocr_line' id='line_1_32' title="bbox 271 1633 1058 1674; baseline -0.008 -9"><span class='ocrx_word' id='word_1_207' title='bbox 271 1643 412 1674; x_wconf 82' lang='lat' dir='ltr'><strong>potestate,</strong></span> <span class='ocrx_word' id='word_1_208' title='bbox 426 1638 542 1665; x_wconf 84' lang='lat' dir='ltr'><strong>nondum</strong></span> <span class='ocrx_word' id='word_1_209' title='bbox 556 1637 636 1664; x_wconf 90' lang='lat' dir='ltr'><strong>etiam</strong></span> <span class='ocrx_word' id='word_1_210' title='bbox 654 1642 714 1663; x_wconf 88' lang='lat' dir='ltr'><strong>actu</strong></span> <span class='ocrx_word' id='word_1_211' title='bbox 727 1643 776 1663; x_wconf 90' lang='lat' dir='ltr'><strong>nec</strong></span> <span class='ocrx_word' id='word_1_212' title='bbox 790 1643 879 1670; x_wconf 86' lang='lat' dir='ltr'><strong>opere.</strong></span> <span class='ocrx_word' id='word_1_213' title='bbox 895 1634 962 1661; x_wconf 86' lang='lat' dir='ltr'><strong>Huic</strong></span> <span class='ocrx_word' id='word_1_214' title='bbox 976 1633 998 1660; x_wconf 88' lang='lat' dir='ltr'><strong>si</strong></span> <span class='ocrx_word' id='word_1_215' title='bbox 1014 1640 1058 1660; x_wconf 88' lang='lat' dir='ltr'><strong>se-</strong></span> 
     </span>
    </p>
   </div>
   <div class='ocr_carea' id='block_1_33' title="bbox 272 1679 1059 1717">
    <p class='ocr_par' dir='ltr' id='par_1_33' title="bbox 272 1679 1059 1717">
     <span class='ocr_line' id='line_1_33' title="bbox 272 1679 1059 1717; baseline -0.009 -7"><span class='ocrx_word' id='word_1_216' title='bbox 272 1684 386 1711; x_wconf 83' lang='lat' dir='ltr'><strong>cundum</strong></span> <span class='ocrx_word' id='word_1_217' title='bbox 403 1689 592 1717; x_wconf 73' lang='lat' dir='ltr'><strong>aggregavcro,</strong></span> <span class='ocrx_word' id='word_1_218' title='bbox 619 1682 665 1715; x_wconf 91' lang='lat' dir='ltr'><strong>qui</strong></span> <span class='ocrx_word' id='word_1_219' title='bbox 691 1681 717 1707; x_wconf 93' lang='lat' dir='ltr'><strong>in</strong></span> <span class='ocrx_word' id='word_1_220' title='bbox 746 1679 858 1707; x_wconf 85' lang='lat' dir='ltr'><strong>naturali</strong></span> <span class='ocrx_word' id='word_1_221' title='bbox 885 1685 1059 1705; x_wconf 88' lang='lat' dir='ltr'><strong>numerorum</strong></span> 
     </span>
    </p>
   </div>
   <div class='ocr_carea' id='block_1_34' title="bbox 273 1724 1059 1763">
    <p class='ocr_par' dir='ltr' id='par_1_34' title="bbox 273 1724 1059 1763">
     <span class='ocr_line' id='line_1_34' title="bbox 273 1724 1059 1763; baseline -0.009 -7"><span class='ocrx_word' id='word_1_222' title='bbox 273 1729 444 1763; x_wconf 84' lang='lat' dir='ltr'><strong>dispositione</strong></span> <span class='ocrx_word' id='word_1_223' title='bbox 457 1728 605 1761; x_wconf 86' lang='lat' dir='ltr'><strong>descriptus</strong></span> <span class='ocrx_word' id='word_1_224' title='bbox 624 1731 679 1758; x_wconf 88' lang='lat' dir='ltr'><strong>est,</strong></span> <span class='ocrx_word' id='word_1_225' title='bbox 694 1726 720 1753; x_wconf 91' lang='lat' dir='ltr'><strong>id</strong></span> <span class='ocrx_word' id='word_1_226' title='bbox 734 1731 776 1752; x_wconf 88' lang='lat' dir='ltr'><strong>est</strong></span> <span class='ocrx_word' id='word_1_227' title='bbox 790 1725 940 1755; x_wconf 64' lang='lat' dir='ltr'><strong>binariunr,</strong></span> <span class='ocrx_word' id='word_1_228' title='bbox 958 1724 1059 1757; x_wconf 87' lang='lat' dir='ltr'><strong>primus</strong></span> 
     </span>
    </p>
   </div>
   <div class='ocr_carea' id='block_1_35' title="bbox 273 1771 1059 1807">
    <p class='ocr_par' dir='ltr' id='par_1_35' title="bbox 273 1771 1059 1807">
     <span class='ocr_line' id='line_1_35' title="bbox 273 1771 1059 1807; baseline -0.006 -6"><span class='ocrx_word' id='word_1_229' title='bbox 273 1775 337 1801; x_wconf 93' lang='lat' dir='ltr'><strong>mihi</strong></span> <span class='ocrx_word' id='word_1_230' title='bbox 351 1773 498 1807; x_wconf 76' lang='lat' dir='ltr'><strong>triangulus</strong></span> <span class='ocrx_word' id='word_1_231' title='bbox 510 1780 592 1807; x_wconf 87' lang='lat' dir='ltr'><strong>opere</strong></span> <span class='ocrx_word' id='word_1_232' title='bbox 607 1777 634 1799; x_wconf 86' lang='lat' dir='ltr'><strong>et</strong></span> <span class='ocrx_word' id='word_1_233' title='bbox 648 1776 710 1799; x_wconf 90' lang='lat' dir='ltr'><strong>actu</strong></span> <span class='ocrx_word' id='word_1_234' title='bbox 725 1771 852 1802; x_wconf 85' lang='lat' dir='ltr'><strong>nascitur,</strong></span> <span class='ocrx_word' id='word_1_235' title='bbox 868 1771 894 1797; x_wconf 84' lang='lat' dir='ltr'><strong>id</strong></span> <span class='ocrx_word' id='word_1_236' title='bbox 916 1774 956 1797; x_wconf 87' lang='lat' dir='ltr'><strong>est</strong></span> <span class='ocrx_word' id='word_1_237' title='bbox 972 1775 1059 1796; x_wconf 84' lang='lat' dir='ltr'><strong>terna-</strong></span> 
     </span>
    </p>
   </div>
   <div class='ocr_carea' id='block_1_36' title="bbox 273 1815 1059 1847">
    <p class='ocr_par' dir='ltr' id='par_1_36' title="bbox 273 1815 1059 1847">
     <span class='ocr_line' id='line_1_36' title="bbox 273 1815 1059 1847; baseline -0.008 0"><span class='ocrx_word' id='word_1_238' title='bbox 273 1821 338 1847; x_wconf 86' lang='lat' dir='ltr'><strong>rius.</strong></span> <span class='ocrx_word' id='word_1_239' title='bbox 353 1820 380 1847; x_wconf 93' lang='lat' dir='ltr'><strong>Si</strong></span> <span class='ocrx_word' id='word_1_240' title='bbox 402 1827 465 1846; x_wconf 65' lang='lat' dir='ltr'><strong>vero</strong></span> <span class='ocrx_word' id='word_1_241' title='bbox 485 1818 547 1846; x_wconf 85' lang='lat' dir='ltr'><strong>huic</strong></span> <span class='ocrx_word' id='word_1_242' title='bbox 568 1819 675 1846; x_wconf 89' lang='lat' dir='ltr'><strong>tertium</strong></span> <span class='ocrx_word' id='word_1_243' title='bbox 690 1825 723 1845; x_wconf 80' lang='lat' dir='ltr'><strong>ex</strong></span> <span class='ocrx_word' id='word_1_244' title='bbox 747 1816 860 1843; x_wconf 85' lang='lat' dir='ltr'><strong>naturali</strong></span> <span class='ocrx_word' id='word_1_245' title='bbox 884 1823 995 1842; x_wconf 91' lang='lat' dir='ltr'><strong>numero</strong></span> <span class='ocrx_word' id='word_1_246' title='bbox 1010 1815 1059 1841; x_wconf 83' lang='lat' dir='ltr'><strong>ad-</strong></span> 
     </span>
    </p>
   </div>
   <div class='ocr_carea' id='block_1_37' title="bbox 274 1861 1061 1898">
    <p class='ocr_par' dir='ltr' id='par_1_37' title="bbox 274 1861 1061 1898">
     <span class='ocr_line' id='line_1_37' title="bbox 274 1861 1061 1898; baseline -0.008 -6"><span class='ocrx_word' id='word_1_247' title='bbox 274 1865 372 1898; x_wconf 85' lang='lat' dir='ltr'><strong>iecero,</strong></span> <span class='ocrx_word' id='word_1_248' title='bbox 393 1863 527 1892; x_wconf 87' lang='lat' dir='ltr'><strong>secundus</strong></span> <span class='ocrx_word' id='word_1_249' title='bbox 541 1863 606 1890; x_wconf 86' lang='lat' dir='ltr'><strong>mihi</strong></span> <span class='ocrx_word' id='word_1_250' title='bbox 621 1870 704 1897; x_wconf 86' lang='lat' dir='ltr'><strong>opere</strong></span> <span class='ocrx_word' id='word_1_251' title='bbox 716 1866 745 1890; x_wconf 90' lang='lat' dir='ltr'><strong>et</strong></span> <span class='ocrx_word' id='word_1_252' title='bbox 763 1867 823 1889; x_wconf 92' lang='lat' dir='ltr'><strong>actu</strong></span> <span class='ocrx_word' id='word_1_253' title='bbox 837 1861 984 1895; x_wconf 75' lang='lat' dir='ltr'><strong>triangulus</strong></span> <span class='ocrx_word' id='word_1_254' title='bbox 1001 1867 1061 1894; x_wconf 84' lang='lat' dir='ltr'><strong>pro-</strong></span> 
     </span>
    </p>
   </div>
   <div class='ocr_carea' id='block_1_38' title="bbox 275 1905 1063 1944">
    <p class='ocr_par' dir='ltr' id='par_1_38' title="bbox 275 1905 1063 1944">
     <span class='ocr_line' id='line_1_38' title="bbox 275 1905 1063 1944; baseline -0.008 -7"><span class='ocrx_word' id='word_1_255' title='bbox 275 1915 389 1937; x_wconf 82' lang='lat' dir='ltr'><strong>creatur.</strong></span> <span class='ocrx_word' id='word_1_256' title='bbox 405 1909 491 1944; x_wconf 85' lang='lat' dir='ltr'><strong>Super</strong></span> <span class='ocrx_word' id='word_1_257' title='bbox 506 1916 587 1936; x_wconf 89' lang='lat' dir='ltr'><strong>unum</strong></span> <span class='ocrx_word' id='word_1_258' title='bbox 602 1908 674 1935; x_wconf 90' lang='lat' dir='ltr'><strong>enim</strong></span> <span class='ocrx_word' id='word_1_259' title='bbox 693 1911 721 1935; x_wconf 93' lang='lat' dir='ltr'><strong>et</strong></span> <span class='ocrx_word' id='word_1_260' title='bbox 734 1907 786 1934; x_wconf 87' lang='lat' dir='ltr'><strong>duo</strong></span> <span class='ocrx_word' id='word_1_261' title='bbox 799 1907 821 1933; x_wconf 97' lang='lat' dir='ltr'><strong>si</strong></span> <span class='ocrx_word' id='word_1_262' title='bbox 842 1906 965 1938; x_wconf 87' lang='lat' dir='ltr'><strong>tertium,</strong></span> <span class='ocrx_word' id='word_1_263' title='bbox 979 1905 1005 1932; x_wconf 91' lang='lat' dir='ltr'><strong>id</strong></span> <span class='ocrx_word' id='word_1_264' title='bbox 1020 1908 1063 1932; x_wconf 88' lang='lat' dir='ltr'><strong>est</strong></span> 
     </span>
    </p>
   </div>
   <div class='ocr_carea' id='block_1_39' title="bbox 275 1952 1062 1990">
    <p class='ocr_par' dir='ltr' id='par_1_39' title="bbox 275 1952 1062 1990">
     <span class='ocr_line' id='line_1_39' title="bbox 275 1952 1062 1990; baseline -0.009 -7"><span class='ocrx_word' id='word_1_265' title='bbox 275 1956 434 1987; x_wconf 87' lang='lat' dir='ltr'><strong>ternarium,</strong></span> <span class='ocrx_word' id='word_1_266' title='bbox 448 1961 636 1990; x_wconf 77' lang='lat' dir='ltr'><strong>aggregavero,</strong></span> <span class='ocrx_word' id='word_1_267' title='bbox 651 1954 773 1981; x_wconf 87' lang='lat' dir='ltr'><strong>senarius</strong></span> <span class='ocrx_word' id='word_1_268' title='bbox 788 1952 897 1981; x_wconf 70' lang='lat' dir='ltr'><strong>extendi</strong></span> <span class='ocrx_word' id='word_1_269' title='bbox 911 1960 951 1983; x_wconf 89' lang='lat' dir='ltr'><strong>ur.</strong></span> <span class='ocrx_word' id='word_1_270' title='bbox 967 1958 1062 1978; x_wconf 87' lang='lat' dir='ltr'><strong>secun-</strong></span> 
     </span>
    </p>
   </div>
   <div class='ocr_carea' id='block_1_40' title="bbox 275 1997 1062 2034">
    <p class='ocr_par' dir='ltr' id='par_1_40' title="bbox 275 1997 1062 2034">
     <span class='ocr_line' id='line_1_40' title="bbox 275 1997 1062 2034; baseline -0.008 -6"><span class='ocrx_word' id='word_1_271' title='bbox 275 2002 324 2029; x_wconf 86' lang='lat' dir='ltr'><strong>dus</strong></span> <span class='ocrx_word' id='word_1_272' title='bbox 351 1997 453 2028; x_wconf 88' lang='lat' dir='ltr'><strong>scilicet</strong></span> <span class='ocrx_word' id='word_1_273' title='bbox 468 2000 622 2034; x_wconf 70' lang='lat' dir='ltr'><strong>triangulus.</strong></span> <span class='ocrx_word' id='word_1_274' title='bbox 644 1999 709 2026; x_wconf 84' lang='lat' dir='ltr'><strong>Huic</strong></span> <span class='ocrx_word' id='word_1_275' title='bbox 731 2006 796 2026; x_wconf 74' lang='lat' dir='ltr'><strong>vero</strong></span> <span class='ocrx_word' id='word_1_276' title='bbox 815 1999 837 2025; x_wconf 88' lang='lat' dir='ltr'><strong>si</strong></span> <span class='ocrx_word' id='word_1_277' title='bbox 853 2001 1062 2032; x_wconf 89' lang='lat' dir='ltr'><strong>consequentem</strong></span> 
     </span>
    </p>
   </div>
   <div class='ocr_carea' id='block_1_41' title="bbox 277 2040 1063 2081">
    <p class='ocr_par' dir='ltr' id='par_1_41' title="bbox 277 2040 1063 2081">
     <span class='ocr_line' id='line_1_41' title="bbox 277 2040 1063 2081; baseline -0.008 -9"><span class='ocrx_word' id='word_1_278' title='bbox 277 2045 473 2081; x_wconf 87' lang='lat' dir='ltr'><strong>quaternarium</strong></span> <span class='ocrx_word' id='word_1_279' title='bbox 488 2051 694 2079; x_wconf 76' lang='lat' dir='ltr'><strong>superposuero,</strong></span> <span class='ocrx_word' id='word_1_280' title='bbox 706 2044 832 2070; x_wconf 79' lang='lat' dir='ltr'><strong>denarius</strong></span> <span class='ocrx_word' id='word_1_281' title='bbox 845 2041 1005 2076; x_wconf 79' lang='lat' dir='ltr'><strong>explicatur,</strong></span> <span class='ocrx_word' id='word_1_282' title='bbox 1018 2040 1063 2075; x_wconf 92' lang='lat' dir='ltr'><strong>qui</strong></span> 
     </span>
    </p>
   </div>
   <div class='ocr_carea' id='block_1_42' title="bbox 277 2086 1064 2124">
    <p class='ocr_par' dir='ltr' id='par_1_42' title="bbox 277 2086 1064 2124">
     <span class='ocr_line' id='line_1_42' title="bbox 277 2086 1064 2124; baseline -0.008 -6"><span class='ocrx_word' id='word_1_283' title='bbox 277 2094 318 2118; x_wconf 87' lang='lat' dir='ltr'><strong>est</strong></span> <span class='ocrx_word' id='word_1_284' title='bbox 336 2091 430 2118; x_wconf 79' lang='lat' dir='ltr'><strong>tertius</strong></span> <span class='ocrx_word' id='word_1_285' title='bbox 451 2094 512 2117; x_wconf 88' lang='lat' dir='ltr'><strong>actu</strong></span> <span class='ocrx_word' id='word_1_286' title='bbox 535 2089 694 2124; x_wconf 75' lang='lat' dir='ltr'><strong>triangulus,</strong></span> <span class='ocrx_word' id='word_1_287' title='bbox 714 2096 782 2123; x_wconf 89' lang='lat' dir='ltr'><strong>quos</strong></span> <span class='ocrx_word' id='word_1_288' title='bbox 798 2095 844 2122; x_wconf 92' lang='lat' dir='ltr'><strong>per</strong></span> <span class='ocrx_word' id='word_1_289' title='bbox 867 2088 951 2114; x_wconf 84' lang='lat' dir='ltr'><strong>latera</strong></span> <span class='ocrx_word' id='word_1_290' title='bbox 975 2086 1064 2120; x_wconf 88' lang='lat' dir='ltr'><strong>dispo-</strong></span> 
     </span>
    </p>
   </div>
   <div class='ocr_carea' id='block_1_43' title="bbox 278 2133 1064 2171">
    <p class='ocr_par' dir='ltr' id='par_1_43' title="bbox 278 2133 1064 2171">
     <span class='ocr_line' id='line_1_43' title="bbox 278 2133 1064 2171; baseline -0.008 -7"><span class='ocrx_word' id='word_1_291' title='bbox 278 2143 355 2169; x_wconf 84' lang='lat' dir='ltr'><strong>nens,</strong></span> <span class='ocrx_word' id='word_1_292' title='bbox 370 2136 402 2164; x_wconf 91' lang='lat' dir='ltr'><strong>ad</strong></span> <span class='ocrx_word' id='word_1_293' title='bbox 423 2136 567 2171; x_wconf 85' lang='lat' dir='ltr'><strong>superioris</strong></span> <span class='ocrx_word' id='word_1_294' title='bbox 582 2134 771 2169; x_wconf 84' lang='lat' dir='ltr'><strong>descrip&#39;ionis</strong></span> <span class='ocrx_word' id='word_1_295' title='bbox 789 2133 937 2167; x_wconf 77' lang='lat' dir='ltr'><strong>exemplar,</strong></span> <span class='ocrx_word' id='word_1_296' title='bbox 953 2136 1064 2159; x_wconf 84' lang='lat' dir='ltr'><strong>cunctos</strong></span> 
     </span>
    </p>
   </div>
   <div class='ocr_carea' id='block_1_44' title="bbox 278 2177 1065 2217">
    <p class='ocr_par' dir='ltr' id='par_1_44' title="bbox 278 2177 1065 2217">
     <span class='ocr_line' id='line_1_44' title="bbox 278 2177 1065 2217; baseline -0.008 -8"><span class='ocrx_word' id='word_1_297' title='bbox 278 2182 423 2217; x_wconf 74' lang='lat' dir='ltr'><strong>triangulus</strong></span> <span class='ocrx_word' id='word_1_298' title='bbox 439 2189 563 2209; x_wconf 91' lang='lat' dir='ltr'><strong>numeros</strong></span> <span class='ocrx_word' id='word_1_299' title='bbox 575 2181 633 2208; x_wconf 86' lang='lat' dir='ltr'><strong>sine</strong></span> <span class='ocrx_word' id='word_1_300' title='bbox 647 2180 727 2207; x_wconf 80' lang='lat' dir='ltr'><strong>ullius</strong></span> <span class='ocrx_word' id='word_1_301' title='bbox 739 2178 912 2206; x_wconf 85' lang='lat' dir='ltr'><strong>dubitationis</strong></span> <span class='ocrx_word' id='word_1_302' title='bbox 926 2177 1065 2204; x_wconf 86' lang='lat' dir='ltr'><strong>erroribus</strong></span> 
     </span>
    </p>
   </div>
   <div class='ocr_carea' id='block_1_45' title="bbox 279 2219 1103 2263">
    <p class='ocr_par' dir='ltr' id='par_1_45' title="bbox 279 2219 1103 2263">
     <span class='ocr_line' id='line_1_45' title="bbox 279 2219 1103 2263; baseline -0.008 -8"><span class='ocrx_word' id='word_1_303' title='bbox 279 2227 443 2262; x_wconf 83' lang='lat' dir='ltr'><strong>pernotabis,</strong></span> <span class='ocrx_word' id='word_1_304' title='bbox 459 2232 486 2254; x_wconf 91' lang='lat' dir='ltr'><strong>et</strong></span> <span class='ocrx_word' id='word_1_305' title='bbox 500 2231 611 2263; x_wconf 76' lang='lat' dir='ltr'><strong>quantas</strong></span> <span class='ocrx_word' id='word_1_306' title='bbox 626 2226 735 2253; x_wconf 64' lang='lat' dir='ltr'><strong>uiximus</strong></span> <span class='ocrx_word' id='word_1_307' title='bbox 748 2219 875 2252; x_wconf 88' lang='lat' dir='ltr'><strong>numerus</strong></span> <span class='ocrx_word' id='word_1_308' title='bbox 891 2225 917 2251; x_wconf 95' lang='lat' dir='ltr'><strong>in</strong></span> <span class='ocrx_word' id='word_1_309' title='bbox 933 2231 963 2251; x_wconf 85' lang='lat' dir='ltr'><strong>se</strong></span> <span class='ocrx_word' id='word_1_310' title='bbox 977 2223 1063 2250; x_wconf 60' lang='lat' dir='ltr'><strong>unita-</strong></span> <span class='ocrx_word' id='word_1_311' title='bbox 1077 2229 1103 2259; x_wconf 76' lang='grc' dir='ltr'><strong>ι)</strong></span> 
     </span>
    </p>
   </div>
   <div class='ocr_carea' id='block_1_46' title="bbox 280 2268 1066 2305">
    <p class='ocr_par' dir='ltr' id='par_1_46' title="bbox 280 2268 1066 2305">
     <span class='ocr_line' id='line_1_46' title="bbox 280 2268 1066 2305; baseline -0.004 -7"><span class='ocrx_word' id='word_1_312' title='bbox 280 2277 321 2298; x_wconf 90' lang='lat' dir='ltr'><strong>tes</strong></span> <span class='ocrx_word' id='word_1_313' title='bbox 344 2271 436 2303; x_wconf 86' lang='lat' dir='ltr'><strong>habet,</strong></span> <span class='ocrx_word' id='word_1_314' title='bbox 459 2278 537 2305; x_wconf 91' lang='lat' dir='ltr'><strong>quem</strong></span> <span class='ocrx_word' id='word_1_315' title='bbox 560 2271 741 2305; x_wconf 83' lang='lat' dir='ltr'><strong>superioribus</strong></span> <span class='ocrx_word' id='word_1_316' title='bbox 762 2269 928 2304; x_wconf 68' lang='lat' dir='ltr'><strong>aggregabis,</strong></span> <span class='ocrx_word' id='word_1_317' title='bbox 948 2273 987 2295; x_wconf 90' lang='lat' dir='ltr'><strong>tot</strong></span> <span class='ocrx_word' id='word_1_318' title='bbox 1009 2268 1066 2302; x_wconf 86' lang='lat' dir='ltr'><strong>ipse</strong></span> 
     </span>
    </p>
   </div>
   <div class='ocr_carea' id='block_1_47' title="bbox 280 2312 1065 2352">
    <p class='ocr_par' dir='ltr' id='par_1_47' title="bbox 280 2312 1065 2352">
     <span class='ocr_line' id='line_1_47' title="bbox 280 2312 1065 2352; baseline -0.005 -9"><span class='ocrx_word' id='word_1_319' title='bbox 280 2317 326 2352; x_wconf 87' lang='lat' dir='ltr'><strong>qui</strong></span> <span class='ocrx_word' id='word_1_320' title='bbox 346 2316 375 2342; x_wconf 86' lang='lat' dir='ltr'><strong>lit</strong></span> <span class='ocrx_word' id='word_1_321' title='bbox 396 2313 676 2351; x_wconf 54' lang='lat' dir='ltr'><strong>triangulus&#39;unitates</strong></span> <span class='ocrx_word' id='word_1_322' title='bbox 700 2315 809 2342; x_wconf 46' lang='lat' dir='ltr'><strong>habent</strong></span> <span class='ocrx_word' id='word_1_323' title='bbox 836 2315 861 2340; x_wconf 91' lang='lat' dir='ltr'><strong>in</strong></span> <span class='ocrx_word' id='word_1_324' title='bbox 886 2315 978 2340; x_wconf 86' lang='lat' dir='ltr'><strong>latere.</strong></span> <span class='ocrx_word' id='word_1_325' title='bbox 1000 2312 1065 2339; x_wconf 66' lang='lat' dir='ltr'><strong>Num</strong></span> 
     </span>
    </p>
   </div>
   <div class='ocr_carea' id='block_1_48' title="bbox 281 2358 1067 2396">
    <p class='ocr_par' dir='ltr' id='par_1_48' title="bbox 281 2358 1067 2396">
     <span class='ocr_line' id='line_1_48' title="bbox 281 2358 1067 2396; baseline -0.006 -7"><span class='ocrx_word' id='word_1_326' title='bbox 281 2363 438 2394; x_wconf 89' lang='lat' dir='ltr'><strong>ternarium,</strong></span> <span class='ocrx_word' id='word_1_327' title='bbox 452 2362 496 2396; x_wconf 91' lang='lat' dir='ltr'><strong>qui</strong></span> <span class='ocrx_word' id='word_1_328' title='bbox 512 2366 552 2389; x_wconf 87' lang='lat' dir='ltr'><strong>est</strong></span> <span class='ocrx_word' id='word_1_329' title='bbox 565 2362 666 2396; x_wconf 89' lang='lat' dir='ltr'><strong>primus</strong></span> <span class='ocrx_word' id='word_1_330' title='bbox 690 2365 750 2387; x_wconf 87' lang='lat' dir='ltr'><strong>actu</strong></span> <span class='ocrx_word' id='word_1_331' title='bbox 777 2359 937 2394; x_wconf 77' lang='lat' dir='ltr'><strong>triangu‘us,</strong></span> <span class='ocrx_word' id='word_1_332' title='bbox 963 2358 1067 2392; x_wconf 80' lang='lat' dir='ltr'><strong>adjecto</strong></span> 
     </span>
    </p>
   </div>
   <div class='ocr_carea' id='block_1_49' title="bbox 281 2403 1068 2438">
    <p class='ocr_par' dir='ltr' id='par_1_49' title="bbox 281 2403 1068 2438">
     <span class='ocr_line' id='line_1_49' title="bbox 281 2403 1068 2438; baseline -0.006 -3"><span class='ocrx_word' id='word_1_333' title='bbox 281 2407 384 2435; x_wconf 74' lang='lat' dir='ltr'><strong>bitario</strong></span> <span class='ocrx_word' id='word_1_334' title='bbox 403 2407 497 2434; x_wconf 88' lang='lat' dir='ltr'><strong>unitati</strong></span> <span class='ocrx_word' id='word_1_335' title='bbox 519 2407 683 2438; x_wconf 83' lang='lat' dir='ltr'><strong>feceramus;</strong></span> <span class='ocrx_word' id='word_1_336' title='bbox 700 2411 727 2431; x_wconf 88' lang='lat' dir='ltr'><strong>at</strong></span> <span class='ocrx_word' id='word_1_337' title='bbox 749 2405 792 2432; x_wconf 88' lang='lat' dir='ltr'><strong>hic</strong></span> <span class='ocrx_word' id='word_1_338' title='bbox 806 2405 873 2432; x_wconf 90' lang='lat' dir='ltr'><strong>duos</strong></span> <span class='ocrx_word' id='word_1_339' title='bbox 897 2404 977 2430; x_wconf 84' lang='lat' dir='ltr'><strong>habet</strong></span> <span class='ocrx_word' id='word_1_340' title='bbox 990 2404 1015 2430; x_wconf 94' lang='lat' dir='ltr'><strong>in</strong></span> <span class='ocrx_word' id='word_1_341' title='bbox 1031 2403 1068 2430; x_wconf 91' lang='lat' dir='ltr'><strong>la-</strong></span> 
     </span>
    </p>
   </div>
   <div class='ocr_carea' id='block_1_50' title="bbox 282 2450 1068 2488">
    <p class='ocr_par' dir='ltr' id='par_1_50' title="bbox 282 2450 1068 2488">
     <span class='ocr_line' id='line_1_50' title="bbox 282 2450 1068 2488; baseline -0.008 -7"><span class='ocrx_word' id='word_1_342' title='bbox 282 2458 349 2488; x_wconf 88' lang='lat' dir='ltr'><strong>tere,</strong></span> <span class='ocrx_word' id='word_1_343' title='bbox 371 2457 399 2481; x_wconf 82' lang='lat' dir='ltr'><strong>et</strong></span> <span class='ocrx_word' id='word_1_344' title='bbox 425 2453 562 2480; x_wconf 87' lang='lat' dir='ltr'><strong>senarium</strong></span> <span class='ocrx_word' id='word_1_345' title='bbox 589 2453 631 2479; x_wconf 92' lang='lat' dir='ltr'><strong>his</strong></span> <span class='ocrx_word' id='word_1_346' title='bbox 655 2453 758 2486; x_wconf 85' lang='lat' dir='ltr'><strong>adjecta</strong></span> <span class='ocrx_word' id='word_1_347' title='bbox 784 2450 894 2478; x_wconf 89' lang='lat' dir='ltr'><strong>ternarii</strong></span> <span class='ocrx_word' id='word_1_348' title='bbox 920 2450 1068 2485; x_wconf 85' lang='lat' dir='ltr'><strong>quantitate</strong></span> 
     </span>
    </p>
   </div>
   <div class='ocr_carea' id='block_1_51' title="bbox 281 2496 1066 2534">
    <p class='ocr_par' dir='ltr' id='par_1_51' title="bbox 281 2496 1066 2534">
     <span class='ocr_line' id='line_1_51' title="bbox 281 2496 1066 2534; baseline -0.005 -8"><span class='ocrx_word' id='word_1_349' title='bbox 281 2500 465 2534; x_wconf 86' lang='lat' dir='ltr'><strong>produximus,</strong></span> <span class='ocrx_word' id='word_1_350' title='bbox 480 2499 556 2533; x_wconf 85' lang='lat' dir='ltr'><strong>cujus</strong></span> <span class='ocrx_word' id='word_1_351' title='bbox 569 2499 638 2525; x_wconf 90' lang='lat' dir='ltr'><strong>latus</strong></span> <span class='ocrx_word' id='word_1_352' title='bbox 653 2498 701 2525; x_wconf 91' lang='lat' dir='ltr'><strong>soli</strong></span> <span class='ocrx_word' id='word_1_353' title='bbox 719 2503 772 2525; x_wconf 87' lang='lat' dir='ltr'><strong>tres</strong></span> <span class='ocrx_word' id='word_1_354' title='bbox 787 2497 940 2529; x_wconf 81' lang='lat' dir='ltr'><strong>continent,</strong></span> <span class='ocrx_word' id='word_1_355' title='bbox 956 2501 982 2523; x_wconf 85' lang='lat' dir='ltr'><strong>et</strong></span> <span class='ocrx_word' id='word_1_356' title='bbox 996 2496 1066 2523; x_wconf 89' lang='lat' dir='ltr'><strong>idem</strong></span> 
     </span>
    </p>
   </div>
   <div class='ocr_carea' id='block_1_52' title="bbox 281 2541 1066 2577">
    <p class='ocr_par' dir='ltr' id='par_1_52' title="bbox 281 2541 1066 2577">
     <span class='ocr_line' id='line_1_52' title="bbox 281 2541 1066 2577; baseline -0.004 -7"><span class='ocrx_word' id='word_1_357' title='bbox 281 2544 308 2570; x_wconf 94' lang='lat' dir='ltr'><strong>in</strong></span> <span class='ocrx_word' id='word_1_358' title='bbox 331 2544 390 2570; x_wconf 90' lang='lat' dir='ltr'><strong>aliis</strong></span> <span class='ocrx_word' id='word_1_359' title='bbox 412 2543 515 2570; x_wconf 85' lang='lat' dir='ltr'><strong>cunctis</strong></span> <span class='ocrx_word' id='word_1_360' title='bbox 537 2547 602 2577; x_wconf 90' lang='lat' dir='ltr'><strong>quot</strong></span> <span class='ocrx_word' id='word_1_361' title='bbox 624 2543 740 2569; x_wconf 86' lang='lat' dir='ltr'><strong>uuilates</strong></span> <span class='ocrx_word' id='word_1_362' title='bbox 762 2541 903 2568; x_wconf 89' lang='lat' dir='ltr'><strong>habentem</strong></span> <span class='ocrx_word' id='word_1_363' title='bbox 927 2548 1066 2568; x_wconf 89' lang='lat' dir='ltr'><strong>numerum</strong></span> 
     </span>
    </p>
   </div>
   <div class='ocr_carea' id='block_1_53' title="bbox 282 2586 1067 2623">
    <p class='ocr_par' dir='ltr' id='par_1_53' title="bbox 282 2586 1067 2623">
     <span class='ocr_line' id='line_1_53' title="bbox 282 2586 1067 2623; baseline -0.004 -8"><span class='ocrx_word' id='word_1_364' title='bbox 282 2588 462 2622; x_wconf 78' lang='lat' dir='ltr'><strong>superioribus</strong></span> <span class='ocrx_word' id='word_1_365' title='bbox 484 2588 648 2623; x_wconf 76' lang='lat' dir='ltr'><strong>aggregabis,</strong></span> <span class='ocrx_word' id='word_1_366' title='bbox 674 2591 712 2614; x_wconf 88' lang='lat' dir='ltr'><strong>tot</strong></span> <span class='ocrx_word' id='word_1_367' title='bbox 732 2587 879 2614; x_wconf 90' lang='lat' dir='ltr'><strong>unitatibus</strong></span> <span class='ocrx_word' id='word_1_368' title='bbox 901 2586 960 2621; x_wconf 82' lang='lat' dir='ltr'><strong>ejus</strong></span> <span class='ocrx_word' id='word_1_369' title='bbox 985 2586 1067 2614; x_wconf 83' lang='lat' dir='ltr'><strong>latera</strong></span> 
     </span>
    </p>
   </div>
   <div class='ocr_carea' id='block_1_54' title="bbox 282 2636 501 2663">
    <p class='ocr_par' dir='ltr' id='par_1_54' title="bbox 282 2636 501 2663">
     <span class='ocr_line' id='line_1_54' title="bbox 282 2636 501 2663; baseline -0.009 0"><span class='ocrx_word' id='word_1_370' title='bbox 282 2636 501 2663; x_wconf 80' lang='lat' dir='ltr'><strong>coulinebunlur.</strong></span> 
     </span>
    </p>
   </div>
   <div class='ocr_carea' id='block_1_55' title="bbox 590 2689 755 2717">
    <p class='ocr_par' dir='ltr' id='par_1_55' title="bbox 590 2689 755 2717">
     <span class='ocr_line' id='line_1_55' title="bbox 590 2689 755 2717; baseline 0 -1"><span class='ocrx_word' id='word_1_371' title='bbox 590 2689 701 2717; x_wconf 78' lang='lat' dir='ltr'><strong>CAPUT</strong></span> <span class='ocrx_word' id='word_1_372' title='bbox 723 2689 755 2716; x_wconf 80' lang='grc' dir='ltr'><strong>Χ.</strong></span> 
     </span>
    </p>
   </div>
   <div class='ocr_carea' id='block_1_56' title="bbox 519 2734 836 2769">
    <p class='ocr_par' dir='ltr' id='par_1_56' title="bbox 519 2734 836 2769">
     <span class='ocr_line' id='line_1_56' title="bbox 519 2734 836 2769; baseline 0.006 -9"><span class='ocrx_word' id='word_1_373' title='bbox 519 2734 557 2761; x_wconf 89' lang='lat' dir='ltr'><strong>De</strong></span> <span class='ocrx_word' id='word_1_374' title='bbox 571 2735 703 2769; x_wconf 66' lang='lat' dir='ltr'><strong>quadrata</strong></span> <span class='ocrx_word' id='word_1_375' title='bbox 717 2735 836 2762; x_wconf 82' lang='lat' dir='ltr'><strong>numeris.</strong></span> 
     </span>
    </p>
   </div>
   <div class='ocr_carea' id='block_1_57' title="bbox 318 2790 1066 2825">
    <p class='ocr_par' dir='ltr' id='par_1_57' title="bbox 318 2790 1066 2825">
     <span class='ocr_line' id='line_1_57' title="bbox 318 2790 1066 2825; baseline 0.003 -9"><span class='ocrx_word' id='word_1_376' title='bbox 318 2790 467 2823; x_wconf 85' lang='lat' dir='ltr'><strong>Quadratus</strong></span> <span class='ocrx_word' id='word_1_377' title='bbox 486 2797 549 2817; x_wconf 84' lang='lat' dir='ltr'><strong>vero</strong></span> <span class='ocrx_word' id='word_1_378' title='bbox 565 2798 692 2818; x_wconf 87' lang='lat' dir='ltr'><strong>numerus</strong></span> <span class='ocrx_word' id='word_1_379' title='bbox 706 2796 747 2818; x_wconf 89' lang='lat' dir='ltr'><strong>est</strong></span> <span class='ocrx_word' id='word_1_380' title='bbox 769 2791 812 2825; x_wconf 86' lang='lat' dir='ltr'><strong>qui</strong></span> <span class='ocrx_word' id='word_1_381' title='bbox 829 2790 910 2817; x_wconf 90' lang='lat' dir='ltr'><strong>etiam</strong></span> <span class='ocrx_word' id='word_1_382' title='bbox 927 2790 985 2824; x_wconf 76' lang='lat' dir='ltr'><strong>ipse</strong></span> <span class='ocrx_word' id='word_1_383' title='bbox 1005 2792 1066 2825; x_wconf 89' lang='lat' dir='ltr'><strong>qui-</strong></span> 
     </span>
    </p>
   </div>
   <div class='ocr_carea' id='block_1_58' title="bbox 282 2834 1066 2871">
    <p class='ocr_par' dir='ltr' id='par_1_58' title="bbox 282 2834 1066 2871">
     <span class='ocr_line' id='line_1_58' title="bbox 282 2834 1066 2871; baseline 0.003 -10"><span class='ocrx_word' id='word_1_384' title='bbox 282 2834 342 2861; x_wconf 88' lang='lat' dir='ltr'><strong>dem</strong></span> <span class='ocrx_word' id='word_1_385' title='bbox 357 2835 521 2865; x_wconf 77' lang='lat' dir='ltr'><strong>latitudinem</strong></span> <span class='ocrx_word' id='word_1_386' title='bbox 538 2836 640 2871; x_wconf 87' lang='lat' dir='ltr'><strong>paudit,</strong></span> <span class='ocrx_word' id='word_1_387' title='bbox 653 2836 703 2864; x_wconf 86' lang='lat' dir='ltr'><strong>sed</strong></span> <span class='ocrx_word' id='word_1_388' title='bbox 718 2843 772 2864; x_wconf 88' lang='lat' dir='ltr'><strong>non</strong></span> <span class='ocrx_word' id='word_1_389' title='bbox 783 2836 808 2863; x_wconf 90' lang='lat' dir='ltr'><strong>in</strong></span> <span class='ocrx_word' id='word_1_390' title='bbox 823 2836 907 2864; x_wconf 88' lang='lat' dir='ltr'><strong>tribus</strong></span> <span class='ocrx_word' id='word_1_391' title='bbox 923 2836 1024 2868; x_wconf 72' lang='lat' dir='ltr'><strong>angulis</strong></span> <span class='ocrx_word' id='word_1_392' title='bbox 1037 2841 1066 2863; x_wconf 93' lang='lat' dir='ltr'><strong>ut</strong></span> 
     </span>
    </p>
   </div>
   <div class='ocr_carea' id='block_1_59' title="bbox 869 128 1281 158">
    <p class='ocr_par' dir='ltr' id='par_1_59' title="bbox 869 128 1281 158">
     <span class='ocr_line' id='line_1_59' title="bbox 869 128 1281 158; baseline -0.002 -1"><span class='ocrx_word' id='word_1_393' title='bbox 869 130 924 157; x_wconf 72' lang='grc' dir='ltr'><strong>ΑΝ.</strong></span> <span class='ocrx_word' id='word_1_394' title='bbox 944 130 1050 157; x_wconf 74' lang='lat' dir='ltr'><strong>MANL.</strong></span> <span class='ocrx_word' id='word_1_395' title='bbox 1072 128 1148 157; x_wconf 70' lang='lat' dir='ltr'><strong>SEV.</strong></span> <span class='ocrx_word' id='word_1_396' title='bbox 1171 128 1281 158; x_wconf 82' lang='lat' dir='ltr'><strong>BOETII</strong></span> 
     </span>
    </p>
   </div>
   <div class='ocr_carea' id='block_1_60' title="bbox 1068 184 1891 219">
    <p class='ocr_par' dir='ltr' id='par_1_60' title="bbox 1068 184 1891 219">
     <span class='ocr_line' id='line_1_60' title="bbox 1068 184 1891 219; baseline -0.001 -8"><span class='ocrx_word' id='word_1_397' title='bbox 1068 187 1097 215; x_wconf 87' lang='grc' dir='ltr'><strong>Λ·</strong></span> <span class='ocrx_word' id='word_1_398' title='bbox 1107 185 1229 219; x_wconf 84' lang='lat' dir='ltr'><strong>superior</strong></span> <span class='ocrx_word' id='word_1_399' title='bbox 1243 186 1338 216; x_wconf 70' lang='lat' dir='ltr'><strong>turma,</strong></span> <span class='ocrx_word' id='word_1_400' title='bbox 1353 184 1400 212; x_wconf 84' lang='lat' dir='ltr'><strong>sed</strong></span> <span class='ocrx_word' id='word_1_401' title='bbox 1414 188 1538 219; x_wconf 81' lang='lat' dir='ltr'><strong>quatuor.</strong></span> <span class='ocrx_word' id='word_1_402' title='bbox 1552 184 1612 219; x_wconf 80' lang='lat' dir='ltr'><strong>ipse</strong></span> <span class='ocrx_word' id='word_1_403' title='bbox 1624 191 1732 219; x_wconf 86' lang='lat' dir='ltr'><strong>quoque</strong></span> <span class='ocrx_word' id='word_1_404' title='bbox 1747 184 1843 218; x_wconf 64' lang='lat' dir='ltr'><strong>aquati</strong></span> <span class='ocrx_word' id='word_1_405' title='bbox 1856 184 1891 210; x_wconf 90' lang='lat' dir='ltr'><strong>la-</strong></span> 
     </span>
    </p>
   </div>
   <div class='ocr_carea' id='block_1_61' title="bbox 1826 129 1898 155">
    <p class='ocr_par' dir='ltr' id='par_1_61' title="bbox 1826 129 1898 155">
     <span class='ocr_line' id='line_1_61' title="bbox 1826 129 1898 155; baseline 0.014 -1"><span class='ocrx_word' id='word_1_406' title='bbox 1826 129 1898 155; x_wconf 52' lang='lat'><strong>“24&#39;</strong></span> 
     </span>
    </p>
   </div>
   <div class='ocr_carea' id='block_1_62' title="bbox 1105 229 1891 265">
    <p class='ocr_par' dir='ltr' id='par_1_62' title="bbox 1105 229 1891 265">
     <span class='ocr_line' id='line_1_62' title="bbox 1105 229 1891 265; baseline -0.003 -7"><span class='ocrx_word' id='word_1_407' title='bbox 1105 236 1191 258; x_wconf 88' lang='lat' dir='ltr'><strong>terum</strong></span> <span class='ocrx_word' id='word_1_408' title='bbox 1201 229 1370 260; x_wconf 85' lang='lat' dir='ltr'><strong>dimensione</strong></span> <span class='ocrx_word' id='word_1_409' title='bbox 1379 229 1533 265; x_wconf 68' lang='lat' dir='ltr'><strong>porrigitur.</strong></span> <span class='ocrx_word' id='word_1_410' title='bbox 1544 229 1614 257; x_wconf 88' lang='lat' dir='ltr'><strong>Sunt</strong></span> <span class='ocrx_word' id='word_1_411' title='bbox 1623 234 1713 257; x_wconf 84' lang='lat' dir='ltr'><strong>autem</strong></span> <span class='ocrx_word' id='word_1_412' title='bbox 1723 229 1891 263; x_wconf 85' lang='lat' dir='ltr'><strong>hujusmodi:</strong></span> 
     </span>
    </p>
   </div>
   <div class='ocr_carea' id='block_1_63' title="bbox 1412 596 1591 625">
    <p class='ocr_par' dir='ltr' id='par_1_63' title="bbox 1412 596 1591 625">
     <span class='ocr_line' id='line_1_63' title="bbox 1412 596 1591 625; baseline -0.006 0"><span class='ocrx_word' id='word_1_413' title='bbox 1412 596 1526 625; x_wconf 81' lang='lat' dir='ltr'><strong>CAPUT</strong></span> <span class='ocrx_word' id='word_1_414' title='bbox 1545 597 1591 624; x_wconf 72' lang='lat' dir='ltr'><strong>Il.</strong></span> 
     </span>
    </p>
   </div>
   <div class='ocr_carea' id='block_1_64' title="bbox 1353 653 1646 682">
    <p class='ocr_par' dir='ltr' id='par_1_64' title="bbox 1353 653 1646 682">
     <span class='ocr_line' id='line_1_64' title="bbox 1353 653 1646 682; baseline 0.01 -3"><span class='ocrx_word' id='word_1_415' title='bbox 1353 653 1392 680; x_wconf 85' lang='lat' dir='ltr'><strong>De</strong></span> <span class='ocrx_word' id='word_1_416' title='bbox 1406 661 1494 681; x_wconf 83' lang='lat' dir='ltr'><strong>eorum</strong></span> <span class='ocrx_word' id='word_1_417' title='bbox 1515 653 1646 682; x_wconf 68' lang='lat' dir='ltr'><strong>lateribus.</strong></span> 
     </span>
    </p>
   </div>
   <div class='ocr_carea' id='block_1_65' title="bbox 1142 701 1893 746">
    <p class='ocr_par' dir='ltr' id='par_1_65' title="bbox 1142 701 1893 746">
     <span class='ocr_line' id='line_1_65' title="bbox 1142 701 1893 746; baseline 0.005 -10"><span class='ocrx_word' id='word_1_418' title='bbox 1142 710 1193 737; x_wconf 81' lang='lat' dir='ltr'><strong>Sed</strong></span> <span class='ocrx_word' id='word_1_419' title='bbox 1212 710 1237 737; x_wconf 89' lang='lat' dir='ltr'><strong>in</strong></span> <span class='ocrx_word' id='word_1_420' title='bbox 1254 710 1296 737; x_wconf 86' lang='lat' dir='ltr'><strong>his</strong></span> <span class='ocrx_word' id='word_1_421' title='bbox 1306 718 1411 744; x_wconf 86' lang='lat' dir='ltr'><strong>quoque</strong></span> <span class='ocrx_word' id='word_1_422' title='bbox 1423 710 1570 738; x_wconf 86' lang='lat' dir='ltr'><strong>secundum</strong></span> <span class='ocrx_word' id='word_1_423' title='bbox 1585 711 1732 739; x_wconf 83' lang='lat' dir='ltr'><strong>naturalem</strong></span> <span class='ocrx_word' id='word_1_424' title='bbox 1746 701 1893 746; x_wconf 78' lang='lat' dir='ltr'><strong>numerum,</strong></span> 
     </span>
    </p>
   </div>
   <div class='ocr_carea' id='block_1_66' title="bbox 1109 756 1896 791">
    <p class='ocr_par' dir='ltr' id='par_1_66' title="bbox 1109 756 1896 791">
     <span class='ocr_line' id='line_1_66' title="bbox 1109 756 1896 791; baseline 0.005 -9"><span class='ocrx_word' id='word_1_425' title='bbox 1109 757 1222 783; x_wconf 84' lang='lat' dir='ltr'><strong>laterum</strong></span> <span class='ocrx_word' id='word_1_426' title='bbox 1245 761 1385 791; x_wconf 81' lang='lat' dir='ltr'><strong>augmenta</strong></span> <span class='ocrx_word' id='word_1_427' title='bbox 1413 761 1595 784; x_wconf 84' lang='lat' dir='ltr'><strong>succrescunt.</strong></span> <span class='ocrx_word' id='word_1_428' title='bbox 1620 756 1726 784; x_wconf 79' lang='lat' dir='ltr'><strong>Primus</strong></span> <span class='ocrx_word' id='word_1_429' title='bbox 1741 758 1812 785; x_wconf 90' lang='lat' dir='ltr'><strong>enim</strong></span> <span class='ocrx_word' id='word_1_430' title='bbox 1825 759 1850 785; x_wconf 79' lang='lat' dir='ltr'><strong>vi</strong></span> <span class='ocrx_word' id='word_1_431' title='bbox 1871 763 1896 786; x_wconf 88' lang='lat' dir='ltr'><strong>ct</strong></span> 
     </span>
    </p>
   </div>
   <div class='ocr_carea' id='block_1_67' title="bbox 1109 801 1897 835">
    <p class='ocr_par' dir='ltr' id='par_1_67' title="bbox 1109 801 1897 835">
     <span class='ocr_line' id='line_1_67' title="bbox 1109 801 1897 835; baseline 0.001 -7"><span class='ocrx_word' id='word_1_432' title='bbox 1109 801 1227 835; x_wconf 88' lang='lat' dir='ltr'><strong>potentia</strong></span> <span class='ocrx_word' id='word_1_433' title='bbox 1244 801 1399 835; x_wconf 80' lang='lat' dir='ltr'><strong>quadratus,</strong></span> <span class='ocrx_word' id='word_1_434' title='bbox 1417 801 1442 827; x_wconf 89' lang='lat' dir='ltr'><strong>id</strong></span> <span class='ocrx_word' id='word_1_435' title='bbox 1458 806 1497 828; x_wconf 85' lang='lat' dir='ltr'><strong>est</strong></span> <span class='ocrx_word' id='word_1_436' title='bbox 1513 802 1612 833; x_wconf 88' lang='lat' dir='ltr'><strong>unitas,</strong></span> <span class='ocrx_word' id='word_1_437' title='bbox 1627 809 1708 829; x_wconf 90' lang='lat' dir='ltr'><strong>unum</strong></span> <span class='ocrx_word' id='word_1_438' title='bbox 1724 802 1806 829; x_wconf 89' lang='lat' dir='ltr'><strong>habet</strong></span> <span class='ocrx_word' id='word_1_439' title='bbox 1821 802 1847 829; x_wconf 87' lang='lat' dir='ltr'><strong>in</strong></span> <span class='ocrx_word' id='word_1_440' title='bbox 1861 802 1897 829; x_wconf 83' lang='lat' dir='ltr'><strong>la-</strong></span> 
     </span>
    </p>
   </div>
   <div class='ocr_carea' id='block_1_68' title="bbox 1108 846 1897 881">
    <p class='ocr_par' dir='ltr' id='par_1_68' title="bbox 1108 846 1897 881">
     <span class='ocr_line' id='line_1_68' title="bbox 1108 846 1897 881; baseline 0.001 -7"><span class='ocrx_word' id='word_1_441' title='bbox 1108 851 1175 874; x_wconf 91' lang='lat' dir='ltr'><strong>tere.</strong></span> <span class='ocrx_word' id='word_1_442' title='bbox 1190 847 1330 874; x_wconf 76' lang='lat' dir='ltr'><strong>Secundus</strong></span> <span class='ocrx_word' id='word_1_443' title='bbox 1342 854 1417 878; x_wconf 89' lang='lat' dir='ltr'><strong>vero,</strong></span> <span class='ocrx_word' id='word_1_444' title='bbox 1433 847 1477 881; x_wconf 92' lang='lat' dir='ltr'><strong>qui</strong></span> <span class='ocrx_word' id='word_1_445' title='bbox 1491 852 1549 874; x_wconf 85' lang='lat' dir='ltr'><strong>actu</strong></span> <span class='ocrx_word' id='word_1_446' title='bbox 1564 846 1674 881; x_wconf 86' lang='lat' dir='ltr'><strong>primus,</strong></span> <span class='ocrx_word' id='word_1_447' title='bbox 1695 847 1720 875; x_wconf 92' lang='lat' dir='ltr'><strong>id</strong></span> <span class='ocrx_word' id='word_1_448' title='bbox 1734 852 1776 874; x_wconf 91' lang='lat' dir='ltr'><strong>est</strong></span> <span class='ocrx_word' id='word_1_449' title='bbox 1788 849 1818 880; x_wconf 74' lang='grc'><strong>4,</strong></span> <span class='ocrx_word' id='word_1_450' title='bbox 1833 848 1897 875; x_wconf 76' lang='grc' dir='ltr'><strong>(ἰυο‹</strong></span> 
     </span>
    </p>
   </div>
   <div class='ocr_carea' id='block_1_69' title="bbox 1109 881 1905 927">
    <p class='ocr_par' dir='ltr' id='par_1_69' title="bbox 1109 881 1905 927">
     <span class='ocr_line' id='line_1_69' title="bbox 1109 881 1905 927; baseline 0.003 -7"><span class='ocrx_word' id='word_1_451' title='bbox 1109 893 1158 920; x_wconf 89' lang='lat' dir='ltr'><strong>bus</strong></span> <span class='ocrx_word' id='word_1_452' title='bbox 1174 901 1220 927; x_wconf 84' lang='lat' dir='ltr'><strong>per</strong></span> <span class='ocrx_word' id='word_1_453' title='bbox 1233 893 1314 920; x_wconf 90' lang='lat' dir='ltr'><strong>latera</strong></span> <span class='ocrx_word' id='word_1_454' title='bbox 1327 893 1420 927; x_wconf 89' lang='lat' dir='ltr'><strong>positis</strong></span> <span class='ocrx_word' id='word_1_455' title='bbox 1433 893 1595 920; x_wconf 89' lang='lat' dir='ltr'><strong>continetur.</strong></span> <span class='ocrx_word' id='word_1_456' title='bbox 1607 892 1713 920; x_wconf 88' lang='lat' dir='ltr'><strong>Tertius</strong></span> <span class='ocrx_word' id='word_1_457' title='bbox 1728 884 1806 926; x_wconf 85' lang='lat' dir='ltr'><strong>vero,</strong></span> <span class='ocrx_word' id='word_1_458' title='bbox 1821 894 1847 921; x_wconf 88' lang='lat' dir='ltr'><strong>id</strong></span> <span class='ocrx_word' id='word_1_459' title='bbox 1861 881 1905 923; x_wconf 71' lang='lat' dir='ltr'><strong>est</strong></span> 
     </span>
    </p>
   </div>
   <div class='ocr_carea' id='block_1_70' title="bbox 1109 938 1899 973">
    <p class='ocr_par' dir='ltr' id='par_1_70' title="bbox 1109 938 1899 973">
     <span class='ocr_line' id='line_1_70' title="bbox 1109 938 1899 973; baseline -0.001 -7"><span class='ocrx_word' id='word_1_460' title='bbox 1109 946 1204 966; x_wconf 88' lang='lat' dir='ltr'><strong>novem</strong></span> <span class='ocrx_word' id='word_1_461' title='bbox 1214 958 1221 969; x_wconf 96' lang='lat'><strong>,</strong></span> <span class='ocrx_word' id='word_1_462' title='bbox 1238 938 1282 972; x_wconf 90' lang='lat' dir='ltr'><strong>qui</strong></span> <span class='ocrx_word' id='word_1_463' title='bbox 1297 940 1430 964; x_wconf 78' lang='lat' dir='ltr'><strong>secundus</strong></span> <span class='ocrx_word' id='word_1_464' title='bbox 1447 942 1487 964; x_wconf 90' lang='lat' dir='ltr'><strong>est</strong></span> <span class='ocrx_word' id='word_1_465' title='bbox 1501 944 1592 971; x_wconf 87' lang='lat' dir='ltr'><strong>opere,</strong></span> <span class='ocrx_word' id='word_1_466' title='bbox 1607 938 1692 964; x_wconf 89' lang='lat' dir='ltr'><strong>tribus</strong></span> <span class='ocrx_word' id='word_1_467' title='bbox 1705 938 1732 964; x_wconf 91' lang='lat' dir='ltr'><strong>in</strong></span> <span class='ocrx_word' id='word_1_468' title='bbox 1756 938 1842 965; x_wconf 84' lang='lat' dir='ltr'><strong>latere</strong></span> <span class='ocrx_word' id='word_1_469' title='bbox 1857 946 1899 973; x_wconf 82' lang='lat' dir='ltr'><strong>po-</strong></span> 
     </span>
    </p>
   </div>
   <div class='ocr_carea' id='block_1_71' title="bbox 1109 983 1899 1019">
    <p class='ocr_par' dir='ltr' id='par_1_71' title="bbox 1109 983 1899 1019">
     <span class='ocr_line' id='line_1_71' title="bbox 1109 983 1899 1019; baseline 0 -7"><span class='ocrx_word' id='word_1_470' title='bbox 1109 985 1169 1012; x_wconf 89' lang='lat' dir='ltr'><strong>sitis</strong></span> <span class='ocrx_word' id='word_1_471' title='bbox 1189 987 1356 1019; x_wconf 77' lang='lat' dir='ltr'><strong>aggregatur.</strong></span> <span class='ocrx_word' id='word_1_472' title='bbox 1379 983 1411 1010; x_wconf 87' lang='lat' dir='ltr'><strong>Et</strong></span> <span class='ocrx_word' id='word_1_473' title='bbox 1429 983 1462 1009; x_wconf 82' lang='lat' dir='ltr'><strong>ad</strong></span> <span class='ocrx_word' id='word_1_474' title='bbox 1481 983 1602 1010; x_wconf 85' lang='lat' dir='ltr'><strong>eamdem</strong></span> <span class='ocrx_word' id='word_1_475' title='bbox 1626 984 1796 1018; x_wconf 86' lang='lat' dir='ltr'><strong>sequentiam</strong></span> <span class='ocrx_word' id='word_1_476' title='bbox 1815 985 1899 1013; x_wconf 83' lang='lat' dir='ltr'><strong>cuncti</strong></span> 
     </span>
    </p>
   </div>
   <div class='ocr_carea' id='block_1_72' title="bbox 1110 1029 1268 1064">
    <p class='ocr_par' dir='ltr' id='par_1_72' title="bbox 1110 1029 1268 1064">
     <span class='ocr_line' id='line_1_72' title="bbox 1110 1029 1268 1064; baseline -0.006 -8"><span class='ocrx_word' id='word_1_477' title='bbox 1110 1029 1268 1064; x_wconf 88' lang='lat' dir='ltr'><strong>procedunt.</strong></span> 
     </span>
    </p>
   </div>
   <div class='ocr_carea' id='block_1_73' title="bbox 1413 1083 1597 1111">
    <p class='ocr_par' dir='ltr' id='par_1_73' title="bbox 1413 1083 1597 1111">
     <span class='ocr_line' id='line_1_73' title="bbox 1413 1083 1597 1111; baseline -0.005 -1"><span class='ocrx_word' id='word_1_478' title='bbox 1413 1083 1525 1111; x_wconf 80' lang='lat' dir='ltr'>CAPUT</span> <span class='ocrx_word' id='word_1_479' title='bbox 1541 1083 1597 1110; x_wconf 78' lang='grc' dir='ltr'><strong>ΧΠ.</strong></span> 
     </span>
    </p>
   </div>
   <div class='ocr_carea' id='block_1_74' title="bbox 1126 1140 1883 1175">
    <p class='ocr_par' dir='ltr' id='par_1_74' title="bbox 1126 1140 1883 1175">
     <span class='ocr_line' id='line_1_74' title="bbox 1126 1140 1883 1175; baseline 0.003 -9"><span class='ocrx_word' id='word_1_480' title='bbox 1126 1140 1166 1167; x_wconf 82' lang='lat' dir='ltr'><strong>De</strong></span> <span class='ocrx_word' id='word_1_481' title='bbox 1179 1141 1364 1175; x_wconf 83' lang='lat' dir='ltr'><strong>quadratorum</strong></span> <span class='ocrx_word' id='word_1_482' title='bbox 1378 1141 1551 1175; x_wconf 77' lang='lat' dir='ltr'><strong>generatione,</strong></span> <span class='ocrx_word' id='word_1_483' title='bbox 1565 1149 1704 1175; x_wconf 73' lang='lat' dir='ltr'><strong>rursusque</strong></span> <span class='ocrx_word' id='word_1_484' title='bbox 1717 1149 1809 1167; x_wconf 83' lang='lat' dir='ltr'><strong>eorum</strong></span> <span class='ocrx_word' id='word_1_485' title='bbox 1821 1141 1883 1169; x_wconf 86' lang='lat' dir='ltr'><strong>late-</strong></span> 
     </span>
    </p>
   </div>
   <div class='ocr_carea' id='block_1_75' title="bbox 1462 1186 1543 1212">
    <p class='ocr_par' dir='ltr' id='par_1_75' title="bbox 1462 1186 1543 1212">
     <span class='ocr_line' id='line_1_75' title="bbox 1462 1186 1543 1212; baseline 0.012 -1"><span class='ocrx_word' id='word_1_486' title='bbox 1462 1186 1543 1212; x_wconf 76' lang='lat' dir='ltr'><strong>ribus.</strong></span> 
     </span>
    </p>
   </div>
   <div class='ocr_carea' id='block_1_76' title="bbox 1140 1240 1899 1269">
    <p class='ocr_par' dir='ltr' id='par_1_76' title="bbox 1140 1240 1899 1269">
     <span class='ocr_line' id='line_1_76' title="bbox 1140 1240 1899 1269; baseline 0.001 -1"><span class='ocrx_word' id='word_1_487' title='bbox 1140 1240 1295 1269; x_wconf 73' lang='lat' dir='ltr'><strong>Nascuntur</strong></span> <span class='ocrx_word' id='word_1_488' title='bbox 1305 1246 1393 1269; x_wconf 82' lang='lat' dir='ltr'><strong>autem</strong></span> <span class='ocrx_word' id='word_1_489' title='bbox 1408 1241 1473 1268; x_wconf 86' lang='lat' dir='ltr'><strong>tales</strong></span> <span class='ocrx_word' id='word_1_490' title='bbox 1489 1240 1593 1268; x_wconf 85' lang='lat' dir='ltr'><strong>numeri</strong></span> <span class='ocrx_word' id='word_1_491' title='bbox 1605 1248 1637 1269; x_wconf 79' lang='lat' dir='ltr'><strong>ex</strong></span> <span class='ocrx_word' id='word_1_492' title='bbox 1654 1241 1788 1268; x_wconf 84' lang='lat' dir='ltr'><strong>naturalis</strong></span> <span class='ocrx_word' id='word_1_493' title='bbox 1799 1241 1899 1269; x_wconf 77' lang='lat' dir='ltr'><strong>numeri</strong></span> 
     </span>
    </p>
   </div>
   <div class='ocr_carea' id='block_1_77' title="bbox 1108 1287 1899 1322">
    <p class='ocr_par' dir='ltr' id='par_1_77' title="bbox 1108 1287 1899 1322">
     <span class='ocr_line' id='line_1_77' title="bbox 1108 1287 1899 1322; baseline 0 -8"><span class='ocrx_word' id='word_1_494' title='bbox 1108 1287 1295 1322; x_wconf 84' lang='lat' dir='ltr'><strong>dispositione,</strong></span> <span class='ocrx_word' id='word_1_495' title='bbox 1317 1295 1370 1314; x_wconf 89' lang='lat' dir='ltr'><strong>non</strong></span> <span class='ocrx_word' id='word_1_496' title='bbox 1392 1287 1618 1321; x_wconf 89' lang='lat' dir='ltr'><strong>quemadmodum</strong></span> <span class='ocrx_word' id='word_1_497' title='bbox 1640 1287 1797 1322; x_wconf 87' lang='lat' dir='ltr'><strong>superiores</strong></span> <span class='ocrx_word' id='word_1_498' title='bbox 1817 1289 1899 1315; x_wconf 87' lang='lat' dir='ltr'><strong>trian-</strong></span> 
     </span>
    </p>
   </div>
   <div class='ocr_carea' id='block_1_78' title="bbox 1107 1332 1898 1367">
    <p class='ocr_par' dir='ltr' id='par_1_78' title="bbox 1107 1332 1898 1367">
     <span class='ocr_line' id='line_1_78' title="bbox 1107 1332 1898 1367; baseline 0 -8"><span class='ocrx_word' id='word_1_499' title='bbox 1107 1333 1178 1367; x_wconf 75' lang='lat' dir='ltr'><strong>guli,</strong></span> <span class='ocrx_word' id='word_1_500' title='bbox 1190 1336 1220 1359; x_wconf 90' lang='lat' dir='ltr'><strong>ut</strong></span> <span class='ocrx_word' id='word_1_501' title='bbox 1233 1332 1363 1359; x_wconf 86' lang='lat' dir='ltr'><strong>ordinatis</strong></span> <span class='ocrx_word' id='word_1_502' title='bbox 1377 1332 1409 1359; x_wconf 92' lang='lat' dir='ltr'><strong>ad</strong></span> <span class='ocrx_word' id='word_1_503' title='bbox 1424 1339 1453 1359; x_wconf 89' lang='lat' dir='ltr'><strong>se</strong></span> <span class='ocrx_word' id='word_1_504' title='bbox 1470 1333 1582 1359; x_wconf 87' lang='lat' dir='ltr'><strong>invicem</strong></span> <span class='ocrx_word' id='word_1_505' title='bbox 1600 1332 1721 1359; x_wconf 90' lang='lat' dir='ltr'><strong>numeris</strong></span> <span class='ocrx_word' id='word_1_506' title='bbox 1736 1340 1898 1367; x_wconf 73' lang='lat' dir='ltr'><strong>congregan-</strong></span> 
     </span>
    </p>
   </div>
   <div class='ocr_carea' id='block_1_79' title="bbox 1108 1376 1897 1412">
    <p class='ocr_par' dir='ltr' id='par_1_79' title="bbox 1108 1376 1897 1412">
     <span class='ocr_line' id='line_1_79' title="bbox 1108 1376 1897 1412; baseline 0 -7"><span class='ocrx_word' id='word_1_507' title='bbox 1108 1383 1162 1411; x_wconf 89' lang='lat' dir='ltr'><strong>tur,</strong></span> <span class='ocrx_word' id='word_1_508' title='bbox 1174 1377 1221 1405; x_wconf 87' lang='lat' dir='ltr'><strong>sed</strong></span> <span class='ocrx_word' id='word_1_509' title='bbox 1235 1386 1288 1404; x_wconf 90' lang='lat' dir='ltr'><strong>uno</strong></span> <span class='ocrx_word' id='word_1_510' title='bbox 1299 1385 1404 1411; x_wconf 81' lang='lat' dir='ltr'><strong>semper</strong></span> <span class='ocrx_word' id='word_1_511' title='bbox 1418 1376 1581 1409; x_wconf 88' lang='lat' dir='ltr'><strong>intermisso,</strong></span> <span class='ocrx_word' id='word_1_512' title='bbox 1597 1377 1642 1411; x_wconf 87' lang='lat' dir='ltr'><strong>qui</strong></span> <span class='ocrx_word' id='word_1_513' title='bbox 1658 1378 1793 1412; x_wconf 64' lang='lat' dir='ltr'><strong>sequitur,</strong></span> <span class='ocrx_word' id='word_1_514' title='bbox 1808 1379 1830 1404; x_wconf 87' lang='lat' dir='ltr'><strong>si</strong></span> <span class='ocrx_word' id='word_1_515' title='bbox 1842 1385 1897 1405; x_wconf 87' lang='lat' dir='ltr'><strong>eum</strong></span> 
     </span>
    </p>
   </div>
   <div class='ocr_carea' id='block_1_80' title="bbox 1108 1422 1899 1459">
    <p class='ocr_par' dir='ltr' id='par_1_80' title="bbox 1108 1422 1899 1459">
     <span class='ocr_line' id='line_1_80' title="bbox 1108 1422 1899 1459; baseline -0.003 -7"><span class='ocrx_word' id='word_1_516' title='bbox 1108 1424 1240 1459; x_wconf 86' lang='lat' dir='ltr'><strong>superiori</strong></span> <span class='ocrx_word' id='word_1_517' title='bbox 1255 1424 1294 1451; x_wconf 81' lang='lat' dir='ltr'><strong>vel</strong></span> <span class='ocrx_word' id='word_1_518' title='bbox 1312 1422 1495 1457; x_wconf 88' lang='lat' dir='ltr'><strong>superioribus</strong></span> <span class='ocrx_word' id='word_1_519' title='bbox 1511 1422 1659 1457; x_wconf 79' lang='lat' dir='ltr'><strong>colligatur,</strong></span> <span class='ocrx_word' id='word_1_520' title='bbox 1674 1423 1815 1449; x_wconf 89' lang='lat' dir='ltr'><strong>ordinatus</strong></span> <span class='ocrx_word' id='word_1_521' title='bbox 1826 1431 1858 1450; x_wconf 82' lang='lat' dir='ltr'><strong>ex</strong></span> <span class='ocrx_word' id='word_1_522' title='bbox 1871 1430 1899 1450; x_wconf 91' lang='lat' dir='ltr'><strong>so</strong></span> 
     </span>
    </p>
   </div>
   <div class='ocr_carea' id='block_1_81' title="bbox 1109 1468 1898 1503">
    <p class='ocr_par' dir='ltr' id='par_1_81' title="bbox 1109 1468 1898 1503">
     <span class='ocr_line' id='line_1_81' title="bbox 1109 1468 1898 1503; baseline -0.001 -8"><span class='ocrx_word' id='word_1_523' title='bbox 1109 1470 1251 1503; x_wconf 82' lang='lat' dir='ltr'><strong>quadratos</strong></span> <span class='ocrx_word' id='word_1_524' title='bbox 1267 1468 1374 1495; x_wconf 78' lang='lat' dir='ltr'><strong>efficiet.</strong></span> <span class='ocrx_word' id='word_1_525' title='bbox 1394 1469 1553 1502; x_wconf 72' lang='lat' dir='ltr'><strong>Disponatur</strong></span> <span class='ocrx_word' id='word_1_526' title='bbox 1567 1469 1639 1495; x_wconf 87' lang='lat' dir='ltr'><strong>enim</strong></span> <span class='ocrx_word' id='word_1_527' title='bbox 1661 1469 1794 1495; x_wconf 82' lang='lat' dir='ltr'><strong>naturalis</strong></span> <span class='ocrx_word' id='word_1_528' title='bbox 1811 1476 1898 1495; x_wconf 91' lang='lat' dir='ltr'><strong>nume-</strong></span> 
     </span>
    </p>
   </div>
   <div class='ocr_carea' id='block_1_82' title="bbox 1110 1513 1331 1540">
    <p class='ocr_par' dir='ltr' id='par_1_82' title="bbox 1110 1513 1331 1540">
     <span class='ocr_line' id='line_1_82' title="bbox 1110 1513 1331 1540; baseline -0.014 0"><span class='ocrx_word' id='word_1_529' title='bbox 1110 1522 1155 1540; x_wconf 89' lang='lat' dir='ltr'><strong>rus</strong></span> <span class='ocrx_word' id='word_1_530' title='bbox 1171 1515 1221 1539; x_wconf 90' lang='lat' dir='ltr'><strong>hoc</strong></span> <span class='ocrx_word' id='word_1_531' title='bbox 1236 1513 1312 1539; x_wconf 84' lang='lat' dir='ltr'><strong>modo</strong></span> <span class='ocrx_word' id='word_1_532' title='bbox 1325 1521 1331 1537; x_wconf 88' lang='lat'><em>:</em></span> 
     </span>
    </p>
   </div>
   <div class='ocr_carea' id='block_1_83' title="bbox 1222 1577 1777 1616">
    <p class='ocr_par' dir='ltr' id='par_1_83' title="bbox 1222 1577 1777 1616">
     <span class='ocr_line' id='line_1_83' title="bbox 1222 1577 1777 1616; baseline -0.002 -10"><span class='ocrx_word' id='word_1_533' title='bbox 1222 1579 1305 1616; x_wconf 73' lang='lat' dir='ltr'><strong>|l|2</strong></span> <span class='ocrx_word' id='word_1_534' title='bbox 1342 1577 1777 1614; x_wconf 60' lang='lat' dir='ltr'><strong>314151617|sls|iutni</strong></span> 
     </span>
    </p>
   </div>
   <div class='ocr_carea' id='block_1_84' title="bbox 1111 1655 1897 1690">
    <p class='ocr_par' dir='ltr' id='par_1_84' title="bbox 1111 1655 1897 1690">
     <span class='ocr_line' id='line_1_84' title="bbox 1111 1655 1897 1690; baseline -0.004 -7"><span class='ocrx_word' id='word_1_535' title='bbox 1111 1658 1148 1684; x_wconf 78' lang='lat' dir='ltr'><strong>Ex</strong></span> <span class='ocrx_word' id='word_1_536' title='bbox 1165 1657 1205 1683; x_wconf 88' lang='lat' dir='ltr'><strong>his</strong></span> <span class='ocrx_word' id='word_1_537' title='bbox 1222 1657 1300 1690; x_wconf 78' lang='lat' dir='ltr'><strong>igitur</strong></span> <span class='ocrx_word' id='word_1_538' title='bbox 1314 1657 1333 1682; x_wconf 92' lang='lat' dir='ltr'><strong>si</strong></span> <span class='ocrx_word' id='word_1_539' title='bbox 1348 1663 1428 1682; x_wconf 89' lang='lat' dir='ltr'><strong>unum</strong></span> <span class='ocrx_word' id='word_1_540' title='bbox 1445 1655 1602 1689; x_wconf 75' lang='lat' dir='ltr'><strong>respiciam,</strong></span> <span class='ocrx_word' id='word_1_541' title='bbox 1619 1656 1721 1689; x_wconf 89' lang='lat' dir='ltr'><strong>primus</strong></span> <span class='ocrx_word' id='word_1_542' title='bbox 1742 1655 1808 1682; x_wconf 90' lang='lat' dir='ltr'><strong>mihi</strong></span> <span class='ocrx_word' id='word_1_543' title='bbox 1826 1660 1897 1681; x_wconf 83' lang='lat' dir='ltr'><strong>natus</strong></span> 
     </span>
    </p>
   </div>
   <div class='ocr_carea' id='block_1_85' title="bbox 1110 1701 1899 1736">
    <p class='ocr_par' dir='ltr' id='par_1_85' title="bbox 1110 1701 1899 1736">
     <span class='ocr_line' id='line_1_85' title="bbox 1110 1701 1899 1736; baseline -0.001 -8"><span class='ocrx_word' id='word_1_544' title='bbox 1110 1707 1150 1729; x_wconf 87' lang='lat' dir='ltr'><strong>est</strong></span> <span class='ocrx_word' id='word_1_545' title='bbox 1172 1707 1301 1736; x_wconf 79' lang='lat' dir='ltr'><strong>potestate</strong></span> <span class='ocrx_word' id='word_1_546' title='bbox 1316 1701 1469 1735; x_wconf 77' lang='lat' dir='ltr'><strong>quadratus.</strong></span> <span class='ocrx_word' id='word_1_547' title='bbox 1492 1701 1567 1732; x_wconf 83' lang='lat' dir='ltr'><strong>Quod</strong></span> <span class='ocrx_word' id='word_1_548' title='bbox 1584 1701 1605 1726; x_wconf 86' lang='lat' dir='ltr'><strong>si</strong></span> <span class='ocrx_word' id='word_1_549' title='bbox 1628 1709 1679 1726; x_wconf 78' lang='lat' dir='ltr'><strong>uno</strong></span> <span class='ocrx_word' id='word_1_550' title='bbox 1702 1701 1800 1727; x_wconf 79' lang='lat' dir='ltr'><strong>relicto</strong></span> <span class='ocrx_word' id='word_1_551' title='bbox 1822 1701 1899 1735; x_wconf 84' lang='lat' dir='ltr'><strong>priori</strong></span> 
     </span>
    </p>
   </div>
   <div class='ocr_carea' id='block_1_86' title="bbox 1112 1747 1899 1781">
    <p class='ocr_par' dir='ltr' id='par_1_86' title="bbox 1112 1747 1899 1781">
     <span class='ocr_line' id='line_1_86' title="bbox 1112 1747 1899 1781; baseline -0.001 -7"><span class='ocrx_word' id='word_1_552' title='bbox 1112 1749 1217 1774; x_wconf 81' lang='lat' dir='ltr'><strong>tertium</strong></span> <span class='ocrx_word' id='word_1_553' title='bbox 1236 1748 1361 1781; x_wconf 77' lang='lat' dir='ltr'><strong>junxero.</strong></span> <span class='ocrx_word' id='word_1_554' title='bbox 1377 1747 1508 1774; x_wconf 72' lang='lat' dir='ltr'><strong>secundus</strong></span> <span class='ocrx_word' id='word_1_555' title='bbox 1531 1747 1593 1773; x_wconf 89' lang='lat' dir='ltr'><strong>mihi</strong></span> <span class='ocrx_word' id='word_1_556' title='bbox 1609 1747 1755 1781; x_wconf 86' lang='lat' dir='ltr'><strong>quadratus</strong></span> <span class='ocrx_word' id='word_1_557' title='bbox 1778 1747 1899 1773; x_wconf 81' lang='lat' dir='ltr'><strong>efﬁcitur.</strong></span> 
     </span>
    </p>
   </div>
   <div class='ocr_carea' id='block_1_87' title="bbox 1112 1793 1901 1826">
    <p class='ocr_par' dir='ltr' id='par_1_87' title="bbox 1112 1793 1901 1826">
     <span class='ocr_line' id='line_1_87' title="bbox 1112 1793 1901 1826; baseline -0.001 -7"><span class='ocrx_word' id='word_1_558' title='bbox 1112 1793 1177 1820; x_wconf 82' lang='lat' dir='ltr'><strong>Nam</strong></span> <span class='ocrx_word' id='word_1_559' title='bbox 1201 1794 1222 1819; x_wconf 82' lang='lat' dir='ltr'><strong>si</strong></span> <span class='ocrx_word' id='word_1_560' title='bbox 1250 1793 1293 1819; x_wconf 89' lang='lat' dir='ltr'><strong>uni</strong></span> <span class='ocrx_word' id='word_1_561' title='bbox 1323 1793 1416 1819; x_wconf 78' lang='lat' dir='ltr'><strong>relicto</strong></span> <span class='ocrx_word' id='word_1_562' title='bbox 1441 1793 1544 1818; x_wconf 83' lang='lat' dir='ltr'><strong>binario</strong></span> <span class='ocrx_word' id='word_1_563' title='bbox 1566 1793 1715 1826; x_wconf 83' lang='lat' dir='ltr'><strong>quinarium</strong></span> <span class='ocrx_word' id='word_1_564' title='bbox 1743 1799 1901 1826; x_wconf 74' lang='lat' dir='ltr'><strong>apposuero.</strong></span> 
     </span>
    </p>
   </div>
   <div class='ocr_carea' id='block_1_88' title="bbox 1113 1838 1902 1873">
    <p class='ocr_par' dir='ltr' id='par_1_88' title="bbox 1113 1838 1902 1873">
     <span class='ocr_line' id='line_1_88' title="bbox 1113 1838 1902 1873; baseline -0.001 -9"><span class='ocrx_word' id='word_1_565' title='bbox 1113 1839 1297 1873; x_wconf 80' lang='lat' dir='ltr'><strong>quateruarius</strong></span> <span class='ocrx_word' id='word_1_566' title='bbox 1309 1838 1371 1864; x_wconf 86' lang='lat' dir='ltr'><strong>mihi</strong></span> <span class='ocrx_word' id='word_1_567' title='bbox 1385 1838 1529 1871; x_wconf 76' lang='lat' dir='ltr'><strong>quadratus</strong></span> <span class='ocrx_word' id='word_1_568' title='bbox 1539 1840 1667 1864; x_wconf 81' lang='lat' dir='ltr'><strong>exoritur.</strong></span> <span class='ocrx_word' id='word_1_569' title='bbox 1681 1838 1757 1869; x_wconf 76' lang='lat' dir='ltr'><strong>Quod</strong></span> <span class='ocrx_word' id='word_1_570' title='bbox 1769 1839 1791 1863; x_wconf 92' lang='lat' dir='ltr'><strong>si</strong></span> <span class='ocrx_word' id='word_1_571' title='bbox 1804 1844 1902 1867; x_wconf 78' lang='lat' dir='ltr'><strong>rursus.</strong></span> 
     </span>
    </p>
   </div>
   <div class='ocr_carea' id='block_1_89' title="bbox 1112 1883 1903 1918">
    <p class='ocr_par' dir='ltr' id='par_1_89' title="bbox 1112 1883 1903 1918">
     <span class='ocr_line' id='line_1_89' title="bbox 1112 1883 1903 1918; baseline -0.004 -7"><span class='ocrx_word' id='word_1_572' title='bbox 1112 1884 1206 1911; x_wconf 85' lang='lat' dir='ltr'><strong>relicto</strong></span> <span class='ocrx_word' id='word_1_573' title='bbox 1229 1885 1318 1910; x_wconf 84' lang='lat' dir='ltr'><strong>medio</strong></span> <span class='ocrx_word' id='word_1_574' title='bbox 1333 1884 1514 1917; x_wconf 82' lang='lat' dir='ltr'><strong>quaternarin,</strong></span> <span class='ocrx_word' id='word_1_575' title='bbox 1538 1883 1687 1918; x_wconf 80' lang='lat' dir='ltr'><strong>quinarium</strong></span> <span class='ocrx_word' id='word_1_576' title='bbox 1713 1883 1839 1909; x_wconf 82' lang='lat' dir='ltr'><strong>similiter</strong></span> <span class='ocrx_word' id='word_1_577' title='bbox 1857 1889 1903 1916; x_wconf 76' lang='lat' dir='ltr'><strong>ag-</strong></span> 
     </span>
    </p>
   </div>
   <div class='ocr_carea' id='block_1_90' title="bbox 1113 1927 1905 1964">
    <p class='ocr_par' dir='ltr' id='par_1_90' title="bbox 1113 1927 1905 1964">
     <span class='ocr_line' id='line_1_90' title="bbox 1113 1927 1905 1964; baseline -0.006 -8"><span class='ocrx_word' id='word_1_578' title='bbox 1113 1937 1267 1964; x_wconf 76' lang='lat' dir='ltr'><strong>gregavero,</strong></span> <span class='ocrx_word' id='word_1_579' title='bbox 1285 1929 1429 1963; x_wconf 82' lang='lat' dir='ltr'><strong>quadratus</strong></span> <span class='ocrx_word' id='word_1_580' title='bbox 1445 1928 1508 1955; x_wconf 85' lang='lat' dir='ltr'><strong>mihi</strong></span> <span class='ocrx_word' id='word_1_581' title='bbox 1526 1929 1628 1960; x_wconf 66' lang='lat' dir='ltr'><strong>tertius,</strong></span> <span class='ocrx_word' id='word_1_582' title='bbox 1646 1928 1671 1954; x_wconf 91' lang='lat' dir='ltr'><strong>id</strong></span> <span class='ocrx_word' id='word_1_583' title='bbox 1691 1932 1733 1953; x_wconf 85' lang='lat' dir='ltr'><strong>est</strong></span> <span class='ocrx_word' id='word_1_584' title='bbox 1748 1927 1905 1953; x_wconf 81' lang='lat' dir='ltr'><strong>uovenarius</strong></span> 
     </span>
    </p>
   </div>
   <div class='ocr_carea' id='block_1_91' title="bbox 1114 1973 1905 2009">
    <p class='ocr_par' dir='ltr' id='par_1_91' title="bbox 1114 1973 1905 2009">
     <span class='ocr_line' id='line_1_91' title="bbox 1114 1973 1905 2009; baseline -0.005 -8"><span class='ocrx_word' id='word_1_585' title='bbox 1114 1979 1277 2009; x_wconf 84' lang='lat' dir='ltr'><strong>procreatur.</strong></span> <span class='ocrx_word' id='word_1_586' title='bbox 1293 1974 1366 2001; x_wconf 92' lang='lat' dir='ltr'><strong>Unus</strong></span> <span class='ocrx_word' id='word_1_587' title='bbox 1380 1975 1449 2000; x_wconf 84' lang='lat' dir='ltr'><strong>enini</strong></span> <span class='ocrx_word' id='word_1_588' title='bbox 1462 1979 1488 2000; x_wconf 88' lang='lat' dir='ltr'><strong>et</strong></span> <span class='ocrx_word' id='word_1_589' title='bbox 1501 1975 1517 2000; x_wconf 78' lang='grc'><strong>5</strong></span> <span class='ocrx_word' id='word_1_590' title='bbox 1532 1978 1559 2000; x_wconf 88' lang='lat' dir='ltr'><strong>et</strong></span> <span class='ocrx_word' id='word_1_591' title='bbox 1573 1973 1589 1999; x_wconf 81' lang='grc'>5</span> <span class='ocrx_word' id='word_1_592' title='bbox 1603 1980 1697 1999; x_wconf 73' lang='lat' dir='ltr'><strong>norem</strong></span> <span class='ocrx_word' id='word_1_593' title='bbox 1715 1973 1852 2007; x_wconf 78' lang='lat' dir='ltr'><strong>colligunt.</strong></span> <span class='ocrx_word' id='word_1_594' title='bbox 1870 1973 1905 1998; x_wconf 84' lang='lat' dir='ltr'><strong>At</strong></span> 
     </span>
    </p>
   </div>
   <div class='ocr_carea' id='block_1_92' title="bbox 1116 2020 1905 2054">
    <p class='ocr_par' dir='ltr' id='par_1_92' title="bbox 1116 2020 1905 2054">
     <span class='ocr_line' id='line_1_92' title="bbox 1116 2020 1905 2054; baseline -0.003 -7"><span class='ocrx_word' id='word_1_595' title='bbox 1116 2029 1179 2048; x_wconf 85' lang='lat' dir='ltr'><strong>vero</strong></span> <span class='ocrx_word' id='word_1_596' title='bbox 1191 2022 1212 2047; x_wconf 78' lang='lat' dir='ltr'><strong>si</strong></span> <span class='ocrx_word' id='word_1_597' title='bbox 1230 2021 1281 2053; x_wconf 74' lang='lat' dir='ltr'><strong>his,</strong></span> <span class='ocrx_word' id='word_1_598' title='bbox 1296 2022 1449 2047; x_wconf 80' lang='lat' dir='ltr'><strong>intermisso</strong></span> <span class='ocrx_word' id='word_1_599' title='bbox 1461 2020 1577 2051; x_wconf 87' lang='lat' dir='ltr'><strong>senario.</strong></span> <span class='ocrx_word' id='word_1_600' title='bbox 1591 2021 1774 2054; x_wconf 87' lang='lat' dir='ltr'><strong>septenarium</strong></span> <span class='ocrx_word' id='word_1_601' title='bbox 1787 2020 1905 2053; x_wconf 77' lang='lat' dir='ltr'><strong>jungam.</strong></span> 
     </span>
    </p>
   </div>
   <div class='ocr_carea' id='block_1_93' title="bbox 1117 2065 1909 2101">
    <p class='ocr_par' dir='ltr' id='par_1_93' title="bbox 1117 2065 1909 2101">
     <span class='ocr_line' id='line_1_93' title="bbox 1117 2065 1909 2101; baseline -0.003 -8"><span class='ocrx_word' id='word_1_602' title='bbox 1117 2071 1169 2093; x_wconf 87' lang='lat' dir='ltr'><strong>tota</strong></span> <span class='ocrx_word' id='word_1_603' title='bbox 1186 2067 1210 2093; x_wconf 92' lang='lat' dir='ltr'><strong>in</strong></span> <span class='ocrx_word' id='word_1_604' title='bbox 1227 2067 1256 2093; x_wconf 86' lang='grc'>16</span> <span class='ocrx_word' id='word_1_605' title='bbox 1271 2067 1327 2101; x_wconf 83' lang='lat' dir='ltr'><strong>cjus</strong></span> <span class='ocrx_word' id='word_1_606' title='bbox 1339 2074 1441 2093; x_wconf 83' lang='lat' dir='ltr'><strong>summa</strong></span> <span class='ocrx_word' id='word_1_607' title='bbox 1454 2066 1618 2097; x_wconf 82' lang='lat' dir='ltr'><strong>concrescit,</strong></span> <span class='ocrx_word' id='word_1_608' title='bbox 1639 2065 1663 2092; x_wconf 83' lang='lat' dir='ltr'><strong>id</strong></span> <span class='ocrx_word' id='word_1_609' title='bbox 1680 2070 1719 2091; x_wconf 82' lang='lat' dir='ltr'><strong>est</strong></span> <span class='ocrx_word' id='word_1_610' title='bbox 1736 2067 1826 2099; x_wconf 89' lang='lat' dir='ltr'><strong>quarti</strong></span> <span class='ocrx_word' id='word_1_611' title='bbox 1843 2072 1909 2098; x_wconf 79' lang='lat' dir='ltr'><strong>qua-</strong></span> 
     </span>
    </p>
   </div>
   <div class='ocr_carea' id='block_1_94' title="bbox 1116 2110 1910 2144">
    <p class='ocr_par' dir='ltr' id='par_1_94' title="bbox 1116 2110 1910 2144">
     <span class='ocr_line' id='line_1_94' title="bbox 1116 2110 1910 2144; baseline -0.006 -3"><span class='ocrx_word' id='word_1_612' title='bbox 1116 2113 1185 2141; x_wconf 88' lang='lat' dir='ltr'><strong>drati</strong></span> <span class='ocrx_word' id='word_1_613' title='bbox 1207 2113 1393 2140; x_wconf 88' lang='lat' dir='ltr'><strong>numerositas.</strong></span> <span class='ocrx_word' id='word_1_614' title='bbox 1412 2112 1444 2138; x_wconf 80' lang='lat' dir='ltr'><strong>Et</strong></span> <span class='ocrx_word' id='word_1_615' title='bbox 1463 2116 1492 2138; x_wconf 88' lang='lat' dir='ltr'><strong>ut</strong></span> <span class='ocrx_word' id='word_1_616' title='bbox 1506 2111 1623 2143; x_wconf 67' lang='lat' dir='ltr'><strong>breviter</strong></span> <span class='ocrx_word' id='word_1_617' title='bbox 1635 2110 1715 2144; x_wconf 85' lang='lat' dir='ltr'><strong>hujus</strong></span> <span class='ocrx_word' id='word_1_618' title='bbox 1735 2110 1822 2137; x_wconf 84' lang='lat' dir='ltr'><strong>forma</strong></span> <span class='ocrx_word' id='word_1_619' title='bbox 1844 2116 1910 2144; x_wconf 74' lang='lat' dir='ltr'><strong>pro-</strong></span> 
     </span>
    </p>
   </div>
   <div class='ocr_carea' id='block_1_95' title="bbox 1116 2155 1912 2192">
    <p class='ocr_par' dir='ltr' id='par_1_95' title="bbox 1116 2155 1912 2192">
     <span class='ocr_line' id='line_1_95' title="bbox 1116 2155 1912 2192; baseline -0.005 -7"><span class='ocrx_word' id='word_1_620' title='bbox 1116 2158 1260 2185; x_wconf 82' lang='lat' dir='ltr'><strong>creationis</strong></span> <span class='ocrx_word' id='word_1_621' title='bbox 1273 2160 1414 2192; x_wconf 85' lang='lat' dir='ltr'><strong>appareat,</strong></span> <span class='ocrx_word' id='word_1_622' title='bbox 1429 2157 1451 2183; x_wconf 85' lang='lat' dir='ltr'><strong>si</strong></span> <span class='ocrx_word' id='word_1_623' title='bbox 1466 2156 1555 2183; x_wconf 91' lang='lat' dir='ltr'><strong>cuncti</strong></span> <span class='ocrx_word' id='word_1_624' title='bbox 1571 2156 1689 2189; x_wconf 86' lang='lat' dir='ltr'><strong>impares</strong></span> <span class='ocrx_word' id='word_1_625' title='bbox 1705 2155 1815 2182; x_wconf 83' lang='lat' dir='ltr'><strong>sibimet</strong></span> <span class='ocrx_word' id='word_1_626' title='bbox 1827 2162 1912 2188; x_wconf 86' lang='lat' dir='ltr'><strong>appo-</strong></span> 
     </span>
    </p>
   </div>
   <div class='ocr_carea' id='block_1_96' title="bbox 1118 2200 1914 2235">
    <p class='ocr_par' dir='ltr' id='par_1_96' title="bbox 1118 2200 1914 2235">
     <span class='ocr_line' id='line_1_96' title="bbox 1118 2200 1914 2235; baseline -0.005 -5"><span class='ocrx_word' id='word_1_627' title='bbox 1118 2209 1224 2235; x_wconf 88' lang='lat' dir='ltr'><strong>nantur,</strong></span> <span class='ocrx_word' id='word_1_628' title='bbox 1240 2203 1368 2230; x_wconf 86' lang='lat' dir='ltr'><strong>collocato</strong></span> <span class='ocrx_word' id='word_1_629' title='bbox 1382 2202 1484 2230; x_wconf 85' lang='lat' dir='ltr'><strong>scilicet</strong></span> <span class='ocrx_word' id='word_1_630' title='bbox 1506 2201 1620 2228; x_wconf 87' lang='lat' dir='ltr'><strong>naturali</strong></span> <span class='ocrx_word' id='word_1_631' title='bbox 1644 2208 1770 2231; x_wconf 84' lang='lat' dir='ltr'><strong>numero,</strong></span> <span class='ocrx_word' id='word_1_632' title='bbox 1795 2200 1914 2234; x_wconf 82' lang='lat' dir='ltr'><strong>quadra-</strong></span> 
     </span>
    </p>
   </div>
   <div class='ocr_carea' id='block_1_97' title="bbox 1120 2246 1914 2275">
    <p class='ocr_par' dir='ltr' id='par_1_97' title="bbox 1120 2246 1914 2275">
     <span class='ocr_line' id='line_1_97' title="bbox 1120 2246 1914 2275; baseline -0.005 0"><span class='ocrx_word' id='word_1_633' title='bbox 1120 2254 1207 2275; x_wconf 92' lang='lat' dir='ltr'><strong>torum</strong></span> <span class='ocrx_word' id='word_1_634' title='bbox 1227 2248 1293 2275; x_wconf 87' lang='lat' dir='ltr'><strong>ordo</strong></span> <span class='ocrx_word' id='word_1_635' title='bbox 1314 2252 1427 2275; x_wconf 66' lang='lat' dir='ltr'><strong>ten‘tur.</strong></span> <span class='ocrx_word' id='word_1_636' title='bbox 1450 2247 1497 2274; x_wconf 84' lang='lat' dir='ltr'><strong>Est</strong></span> <span class='ocrx_word' id='word_1_637' title='bbox 1515 2246 1594 2273; x_wconf 90' lang='lat' dir='ltr'><strong>etiam</strong></span> <span class='ocrx_word' id='word_1_638' title='bbox 1615 2246 1642 2272; x_wconf 90' lang='lat' dir='ltr'><strong>in</strong></span> <span class='ocrx_word' id='word_1_639' title='bbox 1662 2246 1704 2272; x_wconf 90' lang='lat' dir='ltr'><strong>his</strong></span> <span class='ocrx_word' id='word_1_640' title='bbox 1728 2246 1785 2272; x_wconf 66' lang='lat' dir='ltr'><strong>hmc</strong></span> <span class='ocrx_word' id='word_1_641' title='bbox 1809 2250 1914 2272; x_wconf 70' lang='lat' dir='ltr'><strong>natura</strong></span> 
     </span>
    </p>
   </div>
   <div class='ocr_carea' id='block_1_98' title="bbox 1120 2290 1915 2324">
    <p class='ocr_par' dir='ltr' id='par_1_98' title="bbox 1120 2290 1915 2324">
     <span class='ocr_line' id='line_1_98' title="bbox 1120 2290 1915 2324; baseline -0.008 -3"><span class='ocrx_word' id='word_1_642' title='bbox 1120 2294 1252 2321; x_wconf 85' lang='lat' dir='ltr'><strong>subtilitas</strong></span> <span class='ocrx_word' id='word_1_643' title='bbox 1271 2298 1298 2321; x_wconf 89' lang='lat' dir='ltr'><strong>et</strong></span> <span class='ocrx_word' id='word_1_644' title='bbox 1318 2292 1461 2320; x_wconf 88' lang='lat' dir='ltr'><strong>immobilis</strong></span> <span class='ocrx_word' id='word_1_645' title='bbox 1476 2290 1620 2322; x_wconf 85' lang='lat' dir='ltr'><strong>ordinatio,</strong></span> <span class='ocrx_word' id='word_1_646' title='bbox 1638 2290 1709 2324; x_wconf 88' lang='lat' dir='ltr'><strong>quod</strong></span> <span class='ocrx_word' id='word_1_647' title='bbox 1735 2295 1773 2316; x_wconf 91' lang='lat' dir='ltr'><strong>tot</strong></span> <span class='ocrx_word' id='word_1_648' title='bbox 1795 2290 1915 2316; x_wconf 66' lang='lat' dir='ltr'><strong>unitate;</strong></span> 
     </span>
    </p>
   </div>
   <div class='ocr_carea' id='block_1_99' title="bbox 1120 2335 1916 2374">
    <p class='ocr_par' dir='ltr' id='par_1_99' title="bbox 1120 2335 1916 2374">
     <span class='ocr_line' id='line_1_99' title="bbox 1120 2335 1916 2374; baseline -0.006 -8"><span class='ocrx_word' id='word_1_649' title='bbox 1120 2339 1303 2374; x_wconf 84' lang='lat' dir='ltr'><strong>unusquisque</strong></span> <span class='ocrx_word' id='word_1_650' title='bbox 1321 2338 1508 2373; x_wconf 77' lang='lat' dir='ltr'><strong>quadratorum</strong></span> <span class='ocrx_word' id='word_1_651' title='bbox 1524 2336 1648 2364; x_wconf 84' lang='lat' dir='ltr'><strong>retinebit</strong></span> <span class='ocrx_word' id='word_1_652' title='bbox 1663 2337 1688 2362; x_wconf 88' lang='lat' dir='ltr'><strong>in</strong></span> <span class='ocrx_word' id='word_1_653' title='bbox 1704 2336 1799 2367; x_wconf 74' lang='lat' dir='ltr'><strong>latere,</strong></span> <span class='ocrx_word' id='word_1_654' title='bbox 1819 2335 1916 2369; x_wconf 79' lang='lat' dir='ltr'><strong>quanti</strong></span> 
     </span>
    </p>
   </div>
   <div class='ocr_carea' id='block_1_100' title="bbox 1121 2383 1917 2417">
    <p class='ocr_par' dir='ltr' id='par_1_100' title="bbox 1121 2383 1917 2417">
     <span class='ocr_line' id='line_1_100' title="bbox 1121 2383 1917 2417; baseline -0.008 -4"><span class='ocrx_word' id='word_1_655' title='bbox 1121 2385 1219 2413; x_wconf 83' lang='lat' dir='ltr'><strong>fuerint</strong></span> <span class='ocrx_word' id='word_1_656' title='bbox 1234 2384 1337 2411; x_wconf 85' lang='lat' dir='ltr'><strong>numeri</strong></span> <span class='ocrx_word' id='word_1_657' title='bbox 1357 2383 1390 2410; x_wconf 89' lang='lat' dir='ltr'><strong>ad</strong></span> <span class='ocrx_word' id='word_1_658' title='bbox 1405 2383 1621 2417; x_wconf 85' lang='lat' dir='ltr'><strong>conjunctiouem</strong></span> <span class='ocrx_word' id='word_1_659' title='bbox 1637 2383 1774 2416; x_wconf 85' lang='lat' dir='ltr'><strong>propriam</strong></span> <span class='ocrx_word' id='word_1_660' title='bbox 1798 2389 1917 2415; x_wconf 73' lang='lat' dir='ltr'><strong>congre-</strong></span> 
     </span>
    </p>
   </div>
   <div class='ocr_carea' id='block_1_101' title="bbox 1121 2426 1917 2466">
    <p class='ocr_par' dir='ltr' id='par_1_101' title="bbox 1121 2426 1917 2466">
     <span class='ocr_line' id='line_1_101' title="bbox 1121 2426 1917 2466; baseline -0.009 -8"><span class='ocrx_word' id='word_1_661' title='bbox 1121 2431 1185 2466; x_wconf 76' lang='lat' dir='ltr'><strong>gati.</strong></span> <span class='ocrx_word' id='word_1_662' title='bbox 1200 2430 1265 2457; x_wconf 86' lang='lat' dir='ltr'><strong>Nam</strong></span> <span class='ocrx_word' id='word_1_663' title='bbox 1285 2429 1311 2456; x_wconf 92' lang='lat' dir='ltr'><strong>in</strong></span> <span class='ocrx_word' id='word_1_664' title='bbox 1331 2429 1418 2463; x_wconf 89' lang='lat' dir='ltr'><strong>primo</strong></span> <span class='ocrx_word' id='word_1_665' title='bbox 1437 2428 1579 2463; x_wconf 74' lang='lat' dir='ltr'><strong>quadrato,</strong></span> <span class='ocrx_word' id='word_1_666' title='bbox 1591 2428 1715 2462; x_wconf 90' lang='lat' dir='ltr'><strong>quoniam</strong></span> <span class='ocrx_word' id='word_1_667' title='bbox 1738 2434 1771 2453; x_wconf 74' lang='lat' dir='ltr'><strong>ex</strong></span> <span class='ocrx_word' id='word_1_668' title='bbox 1790 2435 1850 2453; x_wconf 85' lang='lat' dir='ltr'><strong>uno</strong></span> <span class='ocrx_word' id='word_1_669' title='bbox 1875 2426 1917 2456; x_wconf 85' lang='lat' dir='ltr'><strong>lit,</strong></span> 
     </span>
    </p>
   </div>
   <div class='ocr_carea' id='block_1_102' title="bbox 1121 2472 1917 2506">
    <p class='ocr_par' dir='ltr' id='par_1_102' title="bbox 1121 2472 1917 2506">
     <span class='ocr_line' id='line_1_102' title="bbox 1121 2472 1917 2506; baseline -0.008 -3"><span class='ocrx_word' id='word_1_670' title='bbox 1121 2483 1189 2503; x_wconf 88' lang='lat' dir='ltr'><strong>unus</strong></span> <span class='ocrx_word' id='word_1_671' title='bbox 1202 2479 1246 2502; x_wconf 91' lang='lat' dir='ltr'><strong>est</strong></span> <span class='ocrx_word' id='word_1_672' title='bbox 1264 2474 1290 2502; x_wconf 93' lang='lat' dir='ltr'><strong>in</strong></span> <span class='ocrx_word' id='word_1_673' title='bbox 1314 2475 1407 2501; x_wconf 80' lang='lat' dir='ltr'><strong>latere.</strong></span> <span class='ocrx_word' id='word_1_674' title='bbox 1428 2473 1455 2500; x_wconf 89' lang='lat' dir='ltr'><strong>ln</strong></span> <span class='ocrx_word' id='word_1_675' title='bbox 1476 2474 1602 2504; x_wconf 85' lang='lat' dir='ltr'><strong>secundo.</strong></span> <span class='ocrx_word' id='word_1_676' title='bbox 1619 2472 1645 2500; x_wconf 84' lang='lat' dir='ltr'><strong>id</strong></span> <span class='ocrx_word' id='word_1_677' title='bbox 1664 2477 1706 2499; x_wconf 88' lang='lat' dir='ltr'><strong>est</strong></span> <span class='ocrx_word' id='word_1_678' title='bbox 1724 2473 1917 2506; x_wconf 79' lang='lat' dir='ltr'><strong>quaternario,</strong></span> 
     </span>
    </p>
   </div>
   <div class='ocr_carea' id='block_1_103' title="bbox 1121 2517 1921 2556">
    <p class='ocr_par' dir='ltr' id='par_1_103' title="bbox 1121 2517 1921 2556">
     <span class='ocr_line' id='line_1_103' title="bbox 1121 2517 1921 2556; baseline -0.005 -9"><span class='ocrx_word' id='word_1_679' title='bbox 1121 2521 1245 2556; x_wconf 81' lang='lat' dir='ltr'><strong>quoniam</strong></span> <span class='ocrx_word' id='word_1_680' title='bbox 1262 2527 1295 2547; x_wconf 80' lang='lat' dir='ltr'><strong>ex</strong></span> <span class='ocrx_word' id='word_1_681' title='bbox 1311 2526 1364 2546; x_wconf 90' lang='lat' dir='ltr'><strong>uno</strong></span> <span class='ocrx_word' id='word_1_682' title='bbox 1378 2523 1406 2546; x_wconf 88' lang='lat' dir='ltr'><strong>et</strong></span> <span class='ocrx_word' id='word_1_683' title='bbox 1421 2519 1505 2545; x_wconf 86' lang='lat' dir='ltr'><strong>tribus</strong></span> <span class='ocrx_word' id='word_1_684' title='bbox 1519 2522 1686 2553; x_wconf 86' lang='lat' dir='ltr'><strong>procreatur,</strong></span> <span class='ocrx_word' id='word_1_685' title='bbox 1701 2517 1748 2552; x_wconf 86' lang='lat' dir='ltr'><strong>qui</strong></span> <span class='ocrx_word' id='word_1_686' title='bbox 1770 2517 1831 2544; x_wconf 82' lang='lat' dir='ltr'><strong>duo</strong></span> <span class='ocrx_word' id='word_1_687' title='bbox 1859 2521 1921 2544; x_wconf 87' lang='lat' dir='ltr'><strong>sunt</strong></span> 
     </span>
    </p>
   </div>
   <div class='ocr_carea' id='block_1_104' title="bbox 1121 2562 1922 2597">
    <p class='ocr_par' dir='ltr' id='par_1_104' title="bbox 1121 2562 1922 2597">
     <span class='ocr_line' id='line_1_104' title="bbox 1121 2562 1922 2597; baseline -0.006 -5"><span class='ocrx_word' id='word_1_688' title='bbox 1121 2566 1243 2597; x_wconf 89' lang='lat' dir='ltr'><strong>termini,</strong></span> <span class='ocrx_word' id='word_1_689' title='bbox 1260 2564 1362 2592; x_wconf 90' lang='lat' dir='ltr'><strong>binario</strong></span> <span class='ocrx_word' id='word_1_690' title='bbox 1376 2564 1445 2590; x_wconf 88' lang='lat' dir='ltr'><strong>latus</strong></span> <span class='ocrx_word' id='word_1_691' title='bbox 1463 2563 1573 2597; x_wconf 81' lang='lat' dir='ltr'><strong>texitur,</strong></span> <span class='ocrx_word' id='word_1_692' title='bbox 1590 2567 1616 2590; x_wconf 92' lang='lat' dir='ltr'><strong>et</strong></span> <span class='ocrx_word' id='word_1_693' title='bbox 1630 2563 1656 2589; x_wconf 91' lang='lat' dir='ltr'><strong>in</strong></span> <span class='ocrx_word' id='word_1_694' title='bbox 1672 2562 1841 2593; x_wconf 78' lang='lat' dir='ltr'><strong>novenario,</strong></span> <span class='ocrx_word' id='word_1_695' title='bbox 1858 2570 1922 2595; x_wconf 83' lang='lat' dir='ltr'><strong>quo-</strong></span> 
     </span>
    </p>
   </div>
   <div class='ocr_carea' id='block_1_105' title="bbox 1122 2606 1923 2643">
    <p class='ocr_par' dir='ltr' id='par_1_105' title="bbox 1122 2606 1923 2643">
     <span class='ocr_line' id='line_1_105' title="bbox 1122 2606 1923 2643; baseline -0.006 -5"><span class='ocrx_word' id='word_1_696' title='bbox 1122 2612 1193 2639; x_wconf 87' lang='lat' dir='ltr'><strong>niam</strong></span> <span class='ocrx_word' id='word_1_697' title='bbox 1208 2610 1294 2637; x_wconf 90' lang='lat' dir='ltr'><strong>tribus</strong></span> <span class='ocrx_word' id='word_1_698' title='bbox 1304 2609 1421 2636; x_wconf 87' lang='lat' dir='ltr'><strong>numeris</strong></span> <span class='ocrx_word' id='word_1_699' title='bbox 1433 2613 1600 2643; x_wconf 77' lang='lat' dir='ltr'><strong>piocreatur,</strong></span> <span class='ocrx_word' id='word_1_700' title='bbox 1613 2608 1681 2635; x_wconf 88' lang='lat' dir='ltr'><strong>latus</strong></span> <span class='ocrx_word' id='word_1_701' title='bbox 1692 2608 1819 2634; x_wconf 77' lang='lat' dir='ltr'><strong>ternario</strong></span> <span class='ocrx_word' id='word_1_702' title='bbox 1832 2606 1923 2634; x_wconf 82' lang='lat' dir='ltr'><strong>cunti-</strong></span> 
     </span>
    </p>
   </div>
   <div class='ocr_carea' id='block_1_106' title="bbox 1122 2655 1675 2691">
    <p class='ocr_par' dir='ltr' id='par_1_106' title="bbox 1122 2655 1675 2691">
     <span class='ocr_line' id='line_1_106' title="bbox 1122 2655 1675 2691; baseline -0.007 -6"><span class='ocrx_word' id='word_1_703' title='bbox 1122 2663 1208 2685; x_wconf 86' lang='lat' dir='ltr'><strong>netur.</strong></span> <span class='ocrx_word' id='word_1_704' title='bbox 1221 2659 1306 2691; x_wconf 84' lang='lat' dir='ltr'><strong>Atque</strong></span> <span class='ocrx_word' id='word_1_705' title='bbox 1317 2656 1385 2683; x_wconf 88' lang='lat' dir='ltr'><strong>idem</strong></span> <span class='ocrx_word' id='word_1_706' title='bbox 1398 2657 1423 2683; x_wconf 89' lang='lat' dir='ltr'><strong>in</strong></span> <span class='ocrx_word' id='word_1_707' title='bbox 1436 2656 1496 2682; x_wconf 81' lang='lat' dir='ltr'><strong>aliis</strong></span> <span class='ocrx_word' id='word_1_708' title='bbox 1508 2656 1591 2682; x_wconf 82' lang='lat' dir='ltr'><strong>videri</strong></span> <span class='ocrx_word' id='word_1_709' title='bbox 1603 2655 1675 2682; x_wconf 87' lang='lat' dir='ltr'><strong>licet.</strong></span> 
     </span>
    </p>
   </div>
   <div class='ocr_carea' id='block_1_107' title="bbox 1409 2722 1608 2750">
    <p class='ocr_par' dir='ltr' id='par_1_107' title="bbox 1409 2722 1608 2750">
     <span class='ocr_line' id='line_1_107' title="bbox 1409 2722 1608 2750; baseline -0.005 -1"><span class='ocrx_word' id='word_1_710' title='bbox 1409 2722 1521 2750; x_wconf 52' lang='lat' dir='ltr'><strong>CAPUT</strong></span> <span class='ocrx_word' id='word_1_711' title='bbox 1539 2722 1608 2749; x_wconf 74' lang='lat' dir='ltr'><strong>Xlll.</strong></span> 
     </span>
    </p>
   </div>
   <div class='ocr_carea' id='block_1_108' title="bbox 1172 2778 1764 2815">
    <p class='ocr_par' dir='ltr' id='par_1_108' title="bbox 1172 2778 1764 2815">
     <span class='ocr_line' id='line_1_108' title="bbox 1172 2778 1764 2815; baseline -0.01 -7"><span class='ocrx_word' id='word_1_712' title='bbox 1172 2811 1179 2813; x_wconf 94' lang='lat'>_</span> <span class='ocrx_word' id='word_1_713' title='bbox 1266 2780 1303 2807; x_wconf 88' lang='lat' dir='ltr'><strong>De</strong></span> <span class='ocrx_word' id='word_1_714' title='bbox 1318 2779 1466 2815; x_wconf 80' lang='lat' dir='ltr'><strong>pentrtgonis</strong></span> <span class='ocrx_word' id='word_1_715' title='bbox 1481 2786 1618 2813; x_wconf 74' lang='lat' dir='ltr'><strong>eorumque</strong></span> <span class='ocrx_word' id='word_1_716' title='bbox 1631 2778 1764 2805; x_wconf 71' lang='lat' dir='ltr'><strong>lateribus.</strong></span> 
     </span>
    </p>
   </div>
   <div class='ocr_carea' id='block_1_109' title="bbox 1155 2832 1925 2885">
    <p class='ocr_par' dir='ltr' id='par_1_109' title="bbox 1155 2832 1925 2885">
     <span class='ocr_line' id='line_1_109' title="bbox 1155 2832 1925 2867; baseline -0.006 -3"><span class='ocrx_word' id='word_1_717' title='bbox 1155 2835 1324 2867; x_wconf 69' lang='lat' dir='ltr'><strong>Pentagouus</strong></span> <span class='ocrx_word' id='word_1_718' title='bbox 1341 2841 1406 2862; x_wconf 81' lang='lat' dir='ltr'><strong>vero</strong></span> <span class='ocrx_word' id='word_1_719' title='bbox 1421 2841 1550 2863; x_wconf 77' lang='lat' dir='ltr'><strong>numerus</strong></span> <span class='ocrx_word' id='word_1_720' title='bbox 1564 2838 1605 2860; x_wconf 86' lang='lat' dir='ltr'><strong>est</strong></span> <span class='ocrx_word' id='word_1_721' title='bbox 1623 2833 1664 2867; x_wconf 88' lang='lat' dir='ltr'><strong>qui</strong></span> <span class='ocrx_word' id='word_1_722' title='bbox 1681 2832 1738 2865; x_wconf 85' lang='lat' dir='ltr'><strong>ipse</strong></span> <span class='ocrx_word' id='word_1_723' title='bbox 1758 2832 1884 2865; x_wconf 77' lang='lat' dir='ltr'><strong>quidem</strong></span> <span class='ocrx_word' id='word_1_724' title='bbox 1899 2832 1925 2859; x_wconf 79' lang='lat' dir='ltr'><strong>in</strong></span> 
     </span>
     <span class='ocr_line' id='line_1_110' title="bbox 1439 2872 1566 2885; baseline -0.008 -10"><span class='ocrx_word' id='word_1_725' title='bbox 1439 2874 1453 2885; x_wconf 55' lang='lat'><strong>.</strong></span> <span class='ocrx_word' id='word_1_726' title='bbox 1564 2872 1566 2874; x_wconf 41' lang='grc' dir='ltr'><strong><em>τ</em></strong></span> 
     </span>
    </p>
   </div>
  </div>
