4022 6366
218 292 358 348 1125

1409 286 1508 341 ὯΕ
1547 279 2015 341 ΑΒΙΉΙΜΕἸΊΕΑ
2059 278 2184 335 L‘lB.
2224 279 2290 335 ll.

3342 283 3365 339 1
3379 287 3477 341 126

216 410 554 466 latitudinem
604 402 897 459 secundum
936 402 1191 455 unitatem
1234 400 1518 468 descriptis
1560 400 1796 467 quinque
1824 399 1873 455 Α
1904 407 2023 445 cum
2052 407 2109 445 se
2141 390 2348 444 binario
2385 400 2735 461 superarent;
2789 394 3067 461 pentagoni
3109 408 3238 449 vero
3287 404 3475 452 natura

218 500 430 569 anguiis
468 497 793 555 continetur,
823 493 1027 546 cunctis
1071 491 1274 544 scilicet
1318 490 1568 544 lateribus
1602 488 1795 557 aequali

216 590 557 646 dimensione
580 584 869 653 dispositis.
894 584 1027 637 Sunt
1055 593 1232 635 autem
1265 582 1316 634 bi
1346 600 1358 633 :

221 899 419 953 Eodem
452 908 660 964 quoque
693 889 850 943 modo
870 902 1053 942 eorum
1087 886 1251 940 latera
1276 894 1642 939 succrescunt.
1668 882 1797 936 Nam

223 987 379 1058 primi
412 992 672 1051 potestate
716 978 1030 1049 peutagoni.
1064 976 1113 1029 id
1147 984 1227 1029 est
1265 975 1439 1039 unius,
1481 974 1620 1029 idem
1663 985 1799 1025 unus

224 1078 450 1147 spatium
483 1074 665 1129 lateris
694 1078 857 1125 tenet.
895 1068 1127 1124 Secundi
1157 1082 1282 1121 vero
1312 1067 1569 1135 qninarii.
1600 1066 1687 1133 qui
1719 1072 1799 1118 est

226 1180 335 1223 Ictu
379 1168 494 1235 ipso
531 1173 689 1233 atque
718 1176 880 1229 opere
922 1159 1124 1227 primus
1158 1166 1508 1225 pentagonus,
1545 1155 1655 1210 bini
1704 1169 1801 1224 per

226 1258 385 1315 latera
430 1258 518 1311 [ixi
562 1264 707 1311 sunt.
744 1253 958 1307 Tertius
996 1266 1144 1315 vero,
1176 1249 1224 1304 id
1265 1259 1348 1304 est
1398 1249 1493 1312 12,
1536 1248 1704 1303 tribus
1745 1248 1797 1301 in

214 1353 363 1409 latus
396 1360 578 1405 auctus
608 1358 708 1403 est.
734 1347 965 1412 Quartus
990 1344 1088 1406 22,
1112 1343 1144 1396 4
1179 1356 1519 1396 numerorum
1549 1341 1599 1394 in
1634 1341 1799 1395 latere

230 1444 516 1511 quantitate
567 1438 908 1494 distenditur.
952 1440 1124 1505 Atque
1162 1433 1302 1488 idem
1352 1434 1405 1487 in
1454 1434 1663 1491 caeteris
1709 1448 1797 1487 se—

231 1536 453 1593 tundum
487 1532 703 1587 unitatis
748 1530 1171 1598 progressionem
1193 1565 1207 1590 ,
1239 1528 1288 1579 in
1336 1526 1561 1579 naturali
1594 1525 1798 1579 scilicet

232 1640 471 1692 humero,
490 1624 776 1682 secundum
804 1621 1133 1692 superiorem
1158 1620 1441 1689 ﬁgurarum
1467 1620 1796 1673 incrementa

225 1719 543 1774 tendantur.

526 1870 568 1902 *ι
952 1866 1007 1914 '1'»
1420 1871 1462 1913 ιὶ

383 2144 677 2252 \\___,__/
848 2046 1623 2251 \L___.J///I\\K&__:__J;V/

484 2374 531 2425 ,2
559 2374 599 2424 2
826 2429 833 2435 '
924 2353 949 2403 ι
971 2350 1002 2413 ς
1341 2320 1377 2396 ς
1403 2322 1414 2381 i

444 2841 473 2889 4
496 2842 622 2891 basis
830 2844 860 2893 5
883 2843 1011 2891 basis
1279 2843 1309 2889 6
1332 2840 1463 2887 basis

828 3022 1057 3077 CAPUT
1097 3020 1238 3075 XIV.

590 3138 665 3190 De
691 3138 1010 3207 generatione
1034 3144 1452 3205 pentagonorum.

302 3252 601 3306 Nascuntur
644 3260 816 3303 autem
851 3249 901 3300 bi
932 3248 1134 3300 numeri
1167 3248 1254 3315 qui
1298 3248 1503 3301 extensi
1547 3246 1599 3300 in
1630 3245 1808 3299 latitu-

234 3343 448 3405 dinem,
475 3342 706 3411 quinque
738 3340 959 3408 angulos
992 3338 1259 3406 pandunt,
1285 3338 1354 3391 ab
1382 3336 1567 3391 eadem
1600 3344 1813 3389 natura-

235 3433 303 3493 lis
332 3434 539 3489 numeri
579 3432 874 3502 quantitate
899 3431 952 3485 in
984 3445 1101 3484 sese
1128 3436 1442 3483 coacervata
1462 3469 1475 3491 ,
1506 3428 1578 3482 ita
1609 3436 1661 3480 ut
1691 3426 1815 3479 duo-

238 3523 339 3581 bus
366 3539 576 3593 semper
606 3522 900 3590 interjectis
948 3520 1187 3574 numeris
1230 3520 1490 3587 superiori
1521 3518 1605 3572 vel
1653 3532 1814 3586 supe-

238 3615 496 3677 rioribus,
539 3614 760 3666 vincens
816 3612 1051 3665 ternario
1099 3625 1218 3664 eum
1261 3609 1343 3663 cui
1389 3608 1695 3678 iungendus
1734 3617 1818 3662 est

239 3717 579 3778 Iggregetur.
612 3705 850 3772 Namque
889 3703 1112 3767 unitati,
1161 3701 1480 3755 intermissis
1527 3699 1735 3752 duobus
1765 3706 1819 3752 et

236 3798 435 3863 tribus,
463 3796 505 3849 si
547 3804 772 3863 quatuor
799 3793 1011 3861 jungas,
1051 3790 1141 3858 qui
1172 3790 1342 3843 tribus
1368 3790 1535 3855 ipsam
1566 3796 1820 3855 superent

241 3887 533 3951 unitatem,
568 3884 841 3954 quinarius
884 3890 1215 3952 pentagonus
1261 3877 1646 3947 procreabitur.
1692 3876 1819 3929 Post

242 3982 277 4033 ὁ
298 3991 425 4029 vero
446 3976 521 4039 si,
546 3975 851 4029 intermisso
877 3971 1119 4041 quinario
1145 3977 1200 4024 et
1224 3968 1457 4033 senario,
1484 3967 1515 4019 7
1542 3980 1817 4035 aggreges,

252 4065 638 4120 duodenarium
682 4073 1036 4132 pentagonum
1086 4058 1411 4127 procreabis.
1443 4056 1682 4125 Namque
1714 4056 1737 4107 1
1769 4066 1823 4109 et

242 4158 275 4211 4
308 4166 365 4210 et
394 4158 423 4207 7
455 4155 661 4209 numeri
695 4154 759 4207 12
794 4152 1105 4222 explebunt.
1145 4150 1255 4206 Hoc
1293 4151 1451 4203 etiam
1486 4149 1537 4202 in
1566 4148 1683 4202 aliis
1708 4146 1817 4201 ﬁet.

243 4245 376 4300 Nam
404 4244 448 4297 si
478 4242 561 4311 10,
593 4243 676 4296 vel
711 4242 795 4305 l3,
820 4242 903 4295 vel
934 4241 1020 4304 16,
1052 4240 1137 4294 vel
1168 4238 1258 4303 19,
1284 4238 1364 4291 vel
1394 4237 1495 4303 22,
1528 4237 1610 4289 vel
1641 4234 1711 4287 25
1733 4249 1824 4289 Stt-

243 4332 542 4401 perioribus
571 4330 775 4385 cunctis
817 4330 1147 4398 adjunxeris,
1191 4328 1381 4381 eodem
1426 4341 1531 4394 quo
1576 4325 1823 4393 superius

243 4423 409 4477 modo
454 4421 735 4489 pentagoni
781 4420 941 4486 ﬁent,
999 4416 1292 4473 secundum
1344 4416 1670 4481 superiorem
1722 4413 1822 4467 de-

244 4510 615 4579 scriptionem.

369 4632 597 4713 {est
673 4650 734 4696 55
805 4636 815 4709 Ι
892 4650 941 4695 5t
1026 4634 1035 4709 |
1113 4647 1173 4695 το
1245 4634 1255 4706 l
1330 4632 1704 4713 92lani!

845 4784 1069 4840 CAPUT
1114 4784 1225 4836 XV.

478 4897 554 4954 De
583 4900 859 4969 Iteugonis
883 4912 1151 4964 earumque
1176 4892 1595 4963 generationibus.

322 5008 595 5077 llexagoni
642 5019 846 5075 autem,
884 5008 971 5077 qui
1018 5022 1107 5061 sex
1139 5003 1367 5073 angulis,
1409 5013 1462 5056 et
1501 5001 1818 5070 lteptagoni,

246 5099 342 5169 qui
372 5098 402 5150 7
434 5113 618 5152 rursus
649 5098 899 5151 lateribus
929 5098 1283 5159 continentur,
1332 5093 1623 5147 secundum
1677 5092 1817 5146 hunc

248 5190 471 5244 modum
504 5203 686 5241 eorum
716 5188 939 5239 laterum
970 5196 1245 5252 augmenta
1271 5191 1629 5239 succrescunt.
1662 5181 1821 5235 Nam-

248 5293 358 5347 que
390 5280 441 5330 in
470 5278 712 5346 trianguli
738 5278 939 5330 numeri
971 5284 1157 5328 natura
1185 5277 1657 5341 procreationeque
1679 5274 1821 5340 ipsos

248 5382 505 5422 numeros
530 5367 899 5436 jungebamus,
937 5365 1025 5433 qui
1065 5379 1183 5417 sese
1235 5364 1285 5416 in
1334 5364 1560 5416 naturali
1592 5364 1709 5429 disp
1732 5362 1821 5413 ιεί-

210 5458 402 5525 {tione
438 5465 806 5525 sequerentur,
843 5462 896 5506 et
934 5470 991 5507 se
1035 5461 1236 5505 tantum
1266 5452 1469 5504 unitate
1502 5451 1815 5513 transirent;

218 5522 232 5575 ἶ
288 5546 456 5598 uadra
485 5522 657 5598 ivvero
700 5546 939 5607 numeri,
977 5543 1027 5595 id
1068 5553 1150 5596 est
1198 5541 1454 5608 tetragoni
1498 5542 1815 5606 procreatio,

221 5563 417 5683 mem:
440 5649 511 5683 ex
556 5633 791 5683 numeris
815 5633 901 5683 aui
945 5646 1049 5683 uno
1079 5632 1381 5683 intermisso
1409 5629 1811 5683 cooulabantur.

251 5636 417 5689 ﬁebat
440 5649 511 5689 ex
556 5633 791 5689 numeris
815 5633 901 5702 qui
945 5646 1049 5694 uno
1079 5632 1381 5686 intermisso
1409 5629 1811 5696 copulabantur,
1885 5629 1932 5694 ξ,

1903 483 2001 536 fuit
2023 498 2086 536 ex
2116 483 2322 537 duobus
2348 484 2674 552 interpositis
2705 486 3013 557 relictisque
3038 487 3124 555 qui
3152 501 3209 541 se
3240 487 3476 543 ternario

1903 574 2199 625 vincerent.
2228 574 2528 626 Secundum
2567 589 2779 643 quoque
2823 574 2945 628 talia
2975 585 3257 644 augmenta
3308 578 3474 631 hexa-

1825 692 1828 696 ~
1901 678 2198 733 gonorum,
2243 665 2328 717 vel
2362 675 2774 733 octogonorum,
2805 667 2887 721 vel
2934 668 2965 721 9
3018 668 3242 722 laterum
3284 669 3472 737 ﬁgura,

1903 753 1985 805 vel
2028 754 2116 817 10,
2149 752 2230 805 vel
2272 754 2530 820 quotlibet
2559 756 2817 821 aliorum,
2853 759 3177 825 competenti
3227 773 3475 828 progres-

1902 841 2053 894 sione
2080 841 2379 894 conﬁcitur.
2417 842 2482 895 Ut
2519 842 2660 899 enim
2694 844 2744 897 in
2792 854 3115 913 pentagono,
3148 846 3356 900 duobus
3396 848 3476 901 inv

1903 931 2160 983 termissis
2185 945 2278 983 eos
2295 929 2644 999 jungebamus
2665 932 2754 999 qui
2782 948 2839 986 se
2870 935 3103 987 ternario
3135 946 3472 1003 superarent,

1905 1016 1974 1070 ita
2010 1034 2146 1071 nunc
2176 1019 2227 1071 in
2277 1022 2571 1086 liexagono,
2610 1020 2775 1074 tribus
2814 1022 3132 1077 intermissis
3161 1038 3254 1077 eos
3292 1024 3477 1093 junge-

1902 1122 2018 1162 mus
2043 1108 2131 1177 qui
2169 1123 2229 1163 se
2258 1112 2596 1177 qnaternario
2627 1120 2931 1179 transeant,
2961 1124 3015 1168 et
3055 1126 3211 1169 erunt
3254 1118 3469 1184 quidem

1900 1213 2085 1252 eorum
2114 1201 2321 1254 radices
2345 1211 2399 1254 et
2440 1200 2805 1268 fundamenta,
2828 1220 2893 1258 ex
2920 1208 3108 1275 quibus
3134 1208 3333 1277 junctis
3360 1226 3476 1264 om-

1903 1304 1996 1341 nes
2024 1289 2283 1357 Itexagoui
2314 1301 2619 1344 nascuntur.

2017 1417 3363 1503 lIl5l9lI-3F1TTTI

1903 1552 1968 1617 Et
1994 1550 2057 1603 ad
2100 1552 2349 1606 eumdem
2390 1554 2634 1607 ordinem
2675 1567 3084 1626 consequentes,
3112 1570 3270 1630 atque
3294 1562 3471 1619 abhis

1899 1643 2311 1709 sexangulorum
2342 1644 2524 1699 forma:
2552 1658 2861 1702 nascuntur.

2020 1770 2380 1848 ιιιις

1901 1905 2047 1970 Quos
2076 1909 2139 1960 ad
2169 1911 2501 1976 superiorem
2546 1914 2761 1967 modum
2781 1958 2794 1980 ,
2824 1917 3026 1972 scilicet
3071 1920 3388 1991 descriptos,
3423 1924 3475 1977 in

1902 1994 2135 2063 propriis
2165 1997 2443 2053 ordinibus
2473 2005 2797 2068 pernotabis.

2488 2138 2712 2194 CAPUT
2756 2140 2896 2196 XVI.

1906 2243 1983 2298 De
2011 2248 2311 2319 Iteptagom's
2359 2267 2629 2322 eorumque
2670 2258 3095 2328 generationibus,
3126 2273 3170 2314 et
3210 2267 3485 2320 communia

1978 2340 2199 2391 omnium
2229 2340 2515 2411 ﬁgurarum
2542 2344 2855 2399 int'ent'tnda:
2896 2354 3236 2415 generationis
3278 2354 3485 2423 regula,

1976 2430 2459 2499 descriptionisquv.
3392 2449 3403 2455 “

3179 1415 3470 1429 -——____

1907 1759 3464 1784 —T_-——.'—.——._‘"-—,‘—‘———————

1978 2538 2194 2606 Septem
2225 2558 2353 2596 vero
2394 2547 2707 2614 angulorum
2745 2550 2911 2620 ﬁgura
2938 2562 3049 2620 est,
3078 2571 3196 2610 cum
3242 2560 3306 2612 ad
3338 2575 3487 2616 eum-

1908 2626 2031 2681 dem
2061 2629 2303 2684 ordinem
2336 2638 2722 2702 progressionis
2750 2656 2855 2694 uno
2881 2643 2996 2710 plus
3023 2660 3179 2713 quam
3210 2648 3262 2700 in
3290 2663 3487 2705 sexan-

1909 2718 2150 2784 gnlorum
2185 2720 2348 2787 ﬁgura
2378 2736 2596 2778 numero
2624 2729 2925 2785 intermisso
2950 2738 3212 2802 superiori
3248 2741 3475 2807 conjuna

1912 2808 2073 2861 xeris.
2096 2808 2227 2862 Nam
2262 2812 2303 2865 si
2330 2822 2555 2881 quatuor
2586 2816 2933 2886 interpositis,
2965 2827 3054 2891 qui
3085 2838 3203 2878 sese
3233 2829 3481 2895 quinario

1915 2900 2163 2966 vincant,
2214 2908 2613 2975 aggregaveris,
2666 2910 2944 2979 beptagoni
3010 2917 3264 2970 continuo
3322 2920 3487 2990 ﬁgura

1916 3002 2181 3058 nascetur,
2207 3002 2263 3046 ut
2286 2995 2335 3047 hi
2366 2998 2573 3050 numeri
2598 3000 2705 3052 sint
2730 3016 2912 3055 eorum
2952 3005 3178 3071 radices,
3208 3018 3261 3061 ct
3290 3010 3368 3076 (ut
3396 3025 3487 3064 su-

1839 3110 1887 3173 c
1919 3082 2093 3147 perius
2128 3082 2325 3136 dictum
2352 3084 2455 3151 εει)
2491 3086 2854 3142 fundamenta.

2130 3221 2149 3267 t
2275 3214 2284 3283 ι
2408 3224 2438 3265 6
2564 3214 2572 3286 |
2686 3228 2730 3273 ιι
2850 3217 3025 3300 Ιᾉιδ
3132 3214 3424 3300 ΙΤ

1916 3344 2015 3409 Qui
2044 3361 2171 3399 vezo
2192 3363 2254 3399 ex
2287 3348 2366 3399 his
2389 3360 2633 3403 constant
2670 3352 2719 3403 lii
2749 3363 2890 3405 sunt.

1918 3624 2117 3680 Novem
2146 3642 2271 3680 vero
2296 3628 2610 3696 angulorum
2647 3632 2939 3685 secundum
2972 3636 3217 3689 eumdem
3251 3640 3495 3695 ordinem

1922 3713 2089 3768 forma
2140 3728 2470 3783 procreatur,
2514 3720 2582 3771 ita
2632 3730 2687 3772 ut
2732 3724 3025 3775 secundum
3067 3727 3325 3792 :rqualem
3370 3746 3495 3797 pro-

1918 3803 2245 3870 gressionem
2301 3806 2452 3872 primi
2498 3822 2708 3875 quoque
2764 3824 2948 3863 eorum
3000 3814 3207 3866 numeri
3270 3816 3490 3872 distent.

1924 3894 2054 3948 Nam
2086 3896 2138 3947 in
2173 3898 2434 3965 triangulo
2477 3896 2567 3965 qui
2612 3906 2738 3953 sunt
2763 3902 3000 3967 numeri,
3035 3917 3153 3969 qua:
3200 3906 3368 3972 prima
3402 3923 3490 3961 su-

1923 3985 2159 4053 perﬁcici
2191 3986 2352 4054 ﬁgura
2378 3999 2488 4049 est,
2520 4002 2623 4041 uno
2652 4003 2773 4043 sese
2803 3999 3003 4044 tantum
3041 4000 3243 4048 numeri
3291 4011 3489 4065 prmce-

1925 4075 2085 4137 dunt,
2119 4076 2207 4143 qui
2237 4074 2436 4129 Scilicet
2474 4092 2654 4131 eorum
2690 4089 2933 4135 naturam
2974 4083 3497 4158 descriptionemqne

1925 4166 2226 4236 perﬁciunt.
2256 4168 2308 4221 lu
2350 4176 2624 4237 tetragono
2650 4187 2775 4226 vero
2811 4175 2899 4242 qui
2931 4178 3194 4231 secundus
3223 4189 3335 4244 est,
3367 4182 3498 4235 duo-

1927 4258 2026 4312 bus
2068 4272 2189 4312 sese
2229 4259 2396 4327 junCIi
2446 4262 2652 4316 numeri
2696 4265 2942 4329 vincunt,
2988 4276 3041 4320 et
3096 4269 3147 4320 in
3195 4278 3496 4337 pentagono

1928 4349 1983 4412 5,
2009 4358 2063 4402 et
2089 4349 2140 4402 in
2174 4349 2450 4418 ltexagono
2477 4352 2539 4418 4,
2568 4361 2621 4406 et
2649 4352 2699 4406 iit
2732 4353 3028 4423 lteptagono
3054 4355 3107 4423 5,
3135 4356 3391 4425 bujusque
3422 4365 3496 4414 rei

1933 4440 2107 4493 nullus
2134 4451 2214 4494 est
2245 4441 2450 4494 modus.
2484 4442 2598 4496 Hoc
2640 4451 2816 4497 autem
2858 4460 2953 4500 nos
2991 4446 3347 4515 subjectarum
3390 4451 3499 4505 lor-

1852 4529 1909 4589 D
1936 4548 2141 4586 marum
2173 4533 2559 4601 descriptiones
2586 4533 2870 4588 docebunt.

2432 4717 2476 4765 1.
2506 4719 2550 4766 2.
2803 4718 3002 4767 1.2.5.
3160 4719 3416 4775 1.2.5.4.

2085 4822 2123 4863 ιι
2463 4804 2498 4847 ’⁵
2861 4812 2905 4858 G
3227 4812 3291 4852 to

2072 5072 2110 5105 ο
2351 5145 2388 5174 .
2580 5144 2617 5177 ⁸
3418 5096 3419 5101 η

2052 5250 2073 5281 π
2445 5222 2540 5262 ,1-5
2821 5221 2865 5249 ⁴υ
2906 5232 2945 5259 ·
3181 5214 3331 5275 4υὸ;δ
3376 5225 3387 5237 ·
3509 5240 3513 5253 .

2066 5460 2087 5527 ,
2312 5298 2693 5488 1111
2730 5423 3100 5553 ,πη
3131 5378 3218 5468 ιι
3318 5375 3508 5468 an

1885 5368 1896 5661 l
2278 5294 3507 5688 nunt-nassa
