4022 6366
522 267 650 322 1127

1728 272 1837 328 AN.
1879 273 2086 327 MANL.
2129 271 2281 328 SEV.
2322 270 2547 327 BOETII

2118 392 2171 447 Α
2197 407 2297 460 sub
2328 405 2604 476 triangulis
2631 412 2755 459 sunt
2781 406 3012 461 naturali
3040 406 3377 462 ordinatione
3413 406 3675 476 dispositi,
3698 423 3757 462 ex

3629 274 3759 326 H28

2196 498 2564 567 superioribus
2602 499 2879 568 triangulis
2911 506 3276 566 procreantur,
3316 498 3636 568 illorumque
3659 499 3759 553 col-

2196 590 2430 644 lectione
2480 590 2725 657 quadrati
2760 593 2921 658 figura
2969 591 3322 659 componitur.
3360 585 3601 656 Quatuor
3629 591 3761 642 enim

2198 688 2514 750 tetragonus
2543 680 2601 734 ﬁt
2628 696 2695 734 ex
2721 696 2827 734 uno
2856 690 2907 734 et
2929 681 3097 735 tribus
3119 721 3134 746 ,
3162 680 3215 735 id
3242 689 3325 735 est
3343 696 3407 735 ex
3438 680 3646 734 duobus
3682 694 3760 733 su-

2194 773 2498 842 perioribus
2522 772 2817 841 triangulis.
2858 771 3059 825 Novem
3082 787 3232 834 vero,
3256 772 3508 826 extribus
3535 781 3589 825 et
3604 773 3655 836 6,
3673 773 3758 825 sed

2202 863 2416 930 utrique
2438 871 2561 915 sunt
2593 860 2866 931 trianguli.
2890 863 2961 916 At
2990 862 3057 915 16
3085 876 3149 915 ex
3182 863 3215 916 6
3243 872 3297 915 et
3325 861 3402 923 i0,
3427 872 3482 916 et
3506 863 3579 917 25
3608 876 3671 914 ex
3703 860 3760 915 I0

2193 954 2623 1023 etl5.Idemque
2659 954 2711 1007 in
2745 954 2991 1021 sequenti
3019 954 3207 1008 ordine
3228 954 3608 1023 quadratorum
3644 968 3760 1007 con-

2193 1057 2341 1101 stans
2358 1057 2518 1116 atque
2536 1047 2863 1101 immutabile
2887 1048 3170 1117 reperitur.
3197 1047 3620 1115 Pentagonorum
3641 1060 3760 1101 vero

2192 1153 2415 1192 summa:
2453 1137 2808 1192 conficiuntur
2842 1154 2905 1191 ex
2952 1153 3061 1192 uno
3088 1152 3249 1206 super
3285 1152 3343 1193 se
3385 1146 3683 1205 tetragono,
3709 1146 3758 1192 et

2191 1229 2519 1284 altrinsecus
2550 1230 2813 1298 triangulo
2844 1230 3151 1283 constituto.
3185 1228 3424 1298 Namque
3448 1230 3482 1284 5
3514 1240 3757 1297 pentago-

2192 1337 2310 1388 nus,
2347 1338 2412 1377 cx
2441 1332 2667 1391 quatuor
2693 1337 2852 1391 super
2887 1336 2945 1376 se
2973 1323 3146 1391 posito
3170 1329 3466 1390 tetragono,
3490 1329 3543 1375 et
3569 1336 3634 1375 ex
3660 1334 3756 1375 uno

2189 1414 2280 1481 qui
2308 1412 2361 1465 in
2392 1412 2772 1480 triangulorum
2796 1412 2987 1466 ordine
3010 1412 3244 1479 ponitur,
3270 1420 3610 1480 aggregatur.
3633 1412 3756 1464 Duo-

2048 1534 2065 1579 ε
2108 1574 2114 1579 ι
2190 1502 2365 1555 decim
2399 1517 2526 1555 vero
2555 1510 2905 1571 pentagonus,
2934 1518 2997 1555 ex
3031 1502 3321 1556 novenario
3362 1516 3528 1570 super
3555 1516 3615 1555 se
3640 1515 3756 1569 qua-

819 1087 996 1196 κᾶν.
1541 1094 1585 1142 ι.
1610 1093 1728 1204 te;
1758 1097 1841 1146 to.

845 1243 1277 1535 /\
1573 1358 1593 1409 Ι
1670 1290 1689 1336 ι
1780 1364 1797 1411 ⁵

599 1684 668 1747 .‘
904 1676 937 1755 Ι.
1371 1629 1390 1679 ι
1553 1632 1575 1679 ι
1782 1635 1805 1684 ι
1960 1568 2054 1699 I/

623 1764 922 1954 ‘L'
1103 1546 1274 1954 ,β
1412 1760 1476 1928 ι⁸
1570 1756 1604 1933 ιΙ
1727 1717 2002 1969 '1'7
2120 1751 2166 1811 B

940 2163 975 2283 r
1328 2171 1937 2470 Α

604 2253 1175 2994 ῐβί

1476 3139 1481 3143 -
1570 3110 1683 3158 1.5.
1707 3109 1836 3158 9.13

1192 3170 1253 3219 15
1663 3172 1725 3218 28

1072 3948 1298 4007 CAPUT
1338 3951 1504 4007 XVII.

584 4049 865 4121 Descriptio
895 4054 1231 4124 ﬁguratorum
1263 4079 1590 4117 numerorum
1619 4065 1672 4117 in
1707 4063 1906 4117 ordine.

586 4156 842 4215 Similiter
870 4173 1045 4221 autem
1075 4168 1254 4224 licebit
1291 4181 1346 4226 et
1371 4172 1591 4227 aliarum
1628 4173 1941 4236 formarum,
1970 4186 2091 4242 qum

519 4247 755 4313 pluribus
789 4254 994 4323 angulis
1036 4260 1401 4327 continentur,
1431 4265 1756 4331 quantitates
1796 4265 2086 4319 ascribere.

518 4336 620 4390 Sed
651 4342 895 4407 quoniam
928 4344 1133 4402 facilius
1171 4351 1342 4404 oculis
1377 4352 1616 4420 subjecta
1646 4354 1964 4417 retinentur,
1995 4367 2088 4407 su-

519 4428 646 4537 εἴταά
674 4438 876 4485 clarum
928 4434 1220 4491 formarum
1271 4441 1629 4497 numerositas
1678 4443 1732 4495 in
1784 4442 2089 4496 subteriore
2114 4476 2170 4537 Β

519 4514 873 4584 descriptione
905 4534 1155 4591 ponatur.

597 4669 2041 4758 ωιᾼιδιδιίοιπδιειιεδι

595 4852 606 4927 Ι
621 4852 1989 4941 νρηιθποηηἮἯῖἾ-ΒᾟῙΤᾟῙ)

594 4944 868 5021 [He'agoni

595 5039 926 5125 IIIo—[monii
987 5039 1024 5105 I‘

1073 5193 1298 5251 CAPUT
1336 5196 1519 5250 XVIII.

521 5296 621 5361 Qui
646 5297 855 5366 ﬁgurati
898 5304 1097 5355 numeri
1117 5320 1179 5357 ex
1202 5304 1384 5373 quibus
1414 5305 1648 5373 ﬁguratis
1675 5306 1907 5358 numeris
1938 5305 2085 5373 ﬁant,

589 5398 738 5456 atque
766 5390 901 5457 quod
927 5393 1211 5462 triangulus
1241 5409 1481 5447 numerus
1506 5394 1730 5447 omnium
1774 5396 2089 5465 reliquorum

587 5479 894 5549 prinripium
920 5481 1005 5535 sit.

588 5588 680 5643 llis
723 5589 881 5658 igitur
916 5591 988 5645 ita
1032 5604 1153 5645 sese
1198 5590 1535 5655 habentibus,
1562 5591 1688 5661 quid
1722 5592 1773 5646 in
1804 5592 1902 5647 hac
1932 5607 1991 5648 re
2017 5593 2088 5647 sit

2191 1594 2367 1659 drato,
2396 1604 2453 1649 et
2484 1595 2651 1649 tribus
2691 1594 2928 1650 secundo
2969 1594 3232 1662 triangqu
3276 1593 3533 1647 nascitur.
3569 1592 3754 1661 Viginti

2195 1685 2300 1739 duo
2330 1701 2457 1740 vero
2485 1701 2550 1739 ex
2596 1686 2661 1740 16
2699 1695 2753 1740 et
2778 1686 2832 1752 6,
2864 1685 3123 1753 quadrato
3170 1684 3372 1738 scilicet
3413 1692 3575 1751 atque
3608 1684 3758 1736 trian-

2192 1779 2337 1846 gulo,
2372 1787 2427 1832 et
2469 1779 2538 1833 55
2571 1793 2634 1831 ex
2667 1778 2737 1829 25
2765 1787 2818 1832 et
2849 1777 2936 1843 10,
2960 1786 3015 1831 et
3054 1776 3107 1831 in
3134 1775 3374 1830 ordinem
3421 1776 3488 1829 ad
3519 1776 3757 1829 eumdem

2192 1866 2408 1920 modum
2438 1866 2735 1920 intuentem
2764 1866 2907 1919 nulla
2935 1866 3203 1920 cunctatio
3242 1864 3642 1918 contrarietatis
3669 1866 3757 1917 im-

2191 1958 2390 2029 pediet.
2428 1960 2496 2011 At
2530 1971 2659 2012 vero
2704 1958 2750 2011 si
2784 1957 3088 2025 bexagonos
3139 1956 3325 2009 librata
3370 1956 3758 2009 examinatione

2193 2050 2507 2120 perspicias,
2543 2066 2612 2105 ex
2649 2050 2851 2105 eisdem
2894 2048 3168 2117 triangulis
3197 2057 3251 2102 et
3285 2062 3448 2115 super
3490 2062 3551 2101 se
3581 2048 3758 2116 positis

2194 2140 2509 2212 pentagonis
2552 2149 2924 2209 procreantur.
2950 2138 3188 2208 Namque
3227 2153 3321 2192 sex
3361 2136 3672 2205 hexagonus
3697 2151 3756 2190 ex

2190 2233 2436 2300 quinario
2466 2240 2765 2301 pentagono
2803 2240 2857 2286 et
2889 2246 2996 2284 uno
3035 2231 3123 2299 qui
3157 2241 3239 2284 est
3283 2230 3337 2282 in
3379 2230 3756 2298 triangulorum

2191 2321 2381 2376 ordine
2433 2322 2728 2391 dispositus
2778 2319 3032 2374 nascitur.
3063 2319 3171 2373 Nec
3204 2318 3317 2395 alia
3367 2327 3453 2373 est
3502 2319 3653 2385 origo
3697 2319 3758 2371 15

2192 2412 2479 2481 bexagoni,
2514 2413 2613 2466 nisi
2647 2426 2710 2466 ex
2740 2409 3067 2465 duodenario
3098 2417 3398 2479 pentagono
3436 2419 3493 2464 et
3530 2410 3757 2464 ternario

2194 2502 2483 2572 triangulo.
2511 2501 2660 2568 Quod
2693 2502 2737 2555 si
2762 2502 2833 2555 28
2856 2516 3066 2555 rursum
3097 2502 3431 2569 hexagonum
3470 2515 3536 2554 ex
3577 2498 3759 2568 quibus

2194 2592 2562 2660 superioribus
2594 2601 2841 2647 nascatur
2874 2592 3138 2659 addiscas,
3172 2593 3347 2646 nullos
3377 2593 3624 2646 invenies
3662 2592 3759 2646 nisi

2191 2682 2264 2736 22
2292 2692 2649 2751 pentagonum
2682 2683 3060 2752 senariumque
3082 2683 3424 2752 triangulum.
3455 2684 3631 2753 Atque
3667 2683 3759 2737 hoc

2196 2774 2250 2828 in
2294 2774 2528 2829 creteris.
2553 2773 2659 2829 Nec
2686 2772 2828 2827 hunc
2877 2775 3132 2844 genitura:
3165 2774 3405 2829 ordinem
3439 2773 3758 2843 heptagono—

2195 2880 2313 2920 rum
2340 2865 2638 2933 procreatio
2664 2864 2933 2920 refutabit.
2957 2864 3194 2933 Namque
3222 2879 3285 2917 ex
3315 2877 3481 2932 super
3506 2877 3567 2917 se
3608 2862 3760 2917 hexa-

2199 2956 2375 3024 gonis,
2424 2962 2499 3009 et‘
2526 2969 2589 3008 ex
2619 2954 2825 3009 eminus
2854 2953 3041 3022 positis
3090 2952 3367 3020 triangulis
3396 2960 3759 3020 procreantur.

2196 3045 2415 3112 Septem
2461 3043 2603 3097 enim
2637 3042 2968 3111 heptagonus
3010 3042 3248 3095 nascitur
3277 3055 3340 3093 ex
3367 3040 3584 3094 senario
3616 3040 3758 3093 hexa-

2122 3112 2168 3172 C
2198 3148 2360 3202 guno,
2389 3141 2443 3186 et
2467 3146 2573 3185 uno
2599 3140 2862 3199 potestate
2888 3130 3171 3198 triangulo,
3199 3130 3264 3183 I8
3284 3144 3411 3183 vero
3441 3128 3759 3197 heptagouus

2200 3243 2265 3281 ex
2289 3229 2357 3283 15
2386 3226 2663 3295 hexagouo
2693 3234 2746 3279 et
2771 3224 3005 3279 ternario
3031 3222 3293 3292 triangulo
3317 3224 3695 3290 conjungatur,
3716 3230 3761 3278 et

2200 3319 2270 3373 34
2297 3334 2363 3372 ex
2390 3316 2483 3381 28,
2514 3315 2720 3369 scilicet
2748 3314 3026 3383 hexagono
3046 3322 3097 3367 et
3129 3312 3342 3367 senario
3364 3313 3656 3381 triangulo,
3688 3321 3762 3365 at-

2199 3421 2303 3476 que
2325 3406 2426 3460 hoc
2447 3405 2500 3459 in
2525 3403 2731 3458 cunctis
2755 3402 3075 3457 inoffensum
3095 3402 3335 3471 reperire
3365 3400 3511 3455 licet.
3546 3401 3761 3456 Videsne

2199 3496 2360 3566 igitur
2388 3505 2446 3548 ut
2466 3496 2671 3563 primus
2695 3493 2938 3547 omnium
2968 3491 3262 3560 triangulus
3281 3501 3604 3545 cunctorum
3626 3505 3760 3545 sum-

2199 3599 2314 3641 mas
2339 3584 2557 3653 efliciat,
2588 3592 2642 3639 et
2668 3583 2905 3638 omnium
2950 3581 3415 3652 procreationibus
3446 3580 3759 3636 misceatur!

2781 3732 3005 3790 CAPUT
3043 3732 3186 3788 XIX.

2269 3826 2537 3881 Pertineus
2566 3826 2634 3878 ad
2662 3826 2998 3896 ﬁguratorum
3024 3841 3353 3879 numerarunt
3377 3826 3759 3893 descriptionem

2839 3918 3132 3986 speculatio.

2266 4044 2331 4099 Ili
2358 4060 2487 4099 vero
2531 4059 2717 4098 omnes
2757 4045 2798 4098 si
2826 4043 2891 4098 ad
2932 4043 3265 4099 latitudinem
3312 4044 3514 4098 fuerint
3556 4057 3759 4111 compa«

2195 4135 2318 4200 rati,
2352 4134 2404 4189 id
2424 4142 2507 4189 est
2538 4134 2785 4202 trianguli
2831 4135 3138 4204 tetragonis,
3161 4133 3245 4188 vel
3285 4135 3548 4202 tetragoni
3590 4142 3759 4201 penta-

2194 4224 2367 4293 gonis,
2395 4223 2479 4279 vel
2529 4223 2813 4293 pentagoni
2862 4222 3174 4292 hexagonis,
3207 4223 3291 4277 vel
3324 4222 3378 4276 bi
3419 4237 3610 4277 rursus
3641 4223 3761 4290 hep-

2195 4314 2423 4383 tagonis,
2451 4314 2570 4368 sine
2610 4314 2789 4382 aliqua
2818 4312 3148 4367 dubitatione
3194 4312 3493 4381 triangulis,
3529 4326 3652 4366 sese
3680 4326 3760 4364 su-

2192 4406 2477 4476 perabunt.
2524 4404 2763 4474 Namque
2792 4405 2838 4461 si
2868 4406 3160 4460 ternarium
3197 4404 3523 4474 triangulum
3556 4412 3760 4473 quater-

2195 4508 2377 4571 nario,
2405 4505 2488 4559 vel
2536 4506 2928 4575 quaternarium
2976 4512 3308 4574 tetragonum
3355 4505 3640 4573 quinario,
3681 4504 3758 4558 vel

2195 4597 2495 4665 quinarium
2525 4603 2880 4665 pentagonum
2908 4597 3121 4651 senario
3154 4597 3453 4664 hexagono,
3487 4596 3573 4648 vel
3609 4607 3757 4647 sena-

2195 4686 2336 4741 rium
2356 4686 2661 4755 septenario
2684 4687 2983 4757 heptagono
3005 4700 3302 4755 compares,
3326 4685 3499 4754 primo
3522 4699 3582 4737 se
3608 4683 3756 4736 trisn-

2195 4775 2340 4844 gulo,
2366 4776 2419 4830 id
2457 4785 2540 4831 est
2576 4777 2690 4830 sola
2719 4784 2997 4830 transeunt
3023 4776 3243 4831 unitate‘.
3271 4778 3340 4830 At
3369 4789 3505 4829 vero
3535 4774 3582 4828 si
3607 4787 3753 4827 sena-

2197 4866 2309 4919 rius
2335 4874 2521 4919 contra
2566 4866 2942 4931 novenarium,
2968 4864 3054 4919 vel
3091 4865 3177 4918 hic
3205 4873 3390 4918 contra
3421 4863 3519 4928 l2,
3550 4862 3633 4916 vel
3677 4862 3754 4915 hic

2196 4964 2381 5011 contra
2422 4956 2521 5020 15,
2569 4955 2659 5010 vel
2698 4957 2765 5010 15
2792 4966 2979 5009 contra
3007 4955 3073 5009 18
3111 4969 3205 5021 pro
3244 4951 3583 5007 inveniendis
3611 4949 3751 5004 dide-

2195 5046 2383 5100 rentiis
2404 5053 2797 5113 comparentur,
2817 5042 3054 5098 secundo
3077 5056 3137 5097 se
3166 5041 3448 5110 triangulo,
3478 5040 3533 5094 id
3554 5049 3637 5094 est
3654 5048 3751 5091 ter-

2197 5141 2367 5201 nario,
2407 5138 2753 5203 superabunt.
2786 5136 2980 5190 Decem
3005 5148 3147 5189 vero-
3164 5132 3231 5187 ad
3271 5131 3356 5195 16,
3390 5140 3446 5186 et
3476 5132 3544 5185 16
3570 5130 3635 5183 ad
3664 5129 3748 5191 22,

2192 5238 2246 5285 et
2272 5230 2344 5283 22
2367 5229 2433 5283 ad
2462 5227 2552 5293 28,
2570 5238 2624 5282 et
2642 5227 2712 5281 28
2730 5225 2795 5280 ad
2818 5224 2886 5279 54
2912 5224 2960 5277 si
2987 5234 3301 5290 componas,
3327 5220 3483 5274 tertio
3510 5233 3571 5273 se
3596 5218 3738 5271 triam

2191 5320 2315 5388 gulo
2343 5316 2647 5389 vincent,id
2669 5325 2752 5371 est
2778 5314 3010 5370 senario.
3038 5312 3212 5381 Atque
3228 5310 3330 5365 hoc
3359 5300 3464 5365 rite
3488 5308 3749 5363 notabitur

2192 5410 2245 5463 in
2274 5408 2393 5463 aliis
2418 5407 2625 5463 cunctis
2653 5403 3010 5475 sequentibus
3026 5415 3149 5458 esse
3172 5408 3527 5470 perapectum,
3544 5410 3747 5465 omnes-

2193 5513 2298 5568 que
2323 5513 2383 5554 se
2408 5496 2686 5566 triangulis
2711 5493 3045 5549 antecedent.
3063 5492 3237 5558 Quare
3259 5488 3516 5559 perfecte,
3540 5497 3597 5540 ut
3615 5484 3748 5538 arbio

2192 5598 2324 5651 tror,
2337 5587 2759 5643 demonstratum
2782 5592 2864 5639 est
2880 5581 3116 5637 omnium
3131 5579 3420 5636 formarum
3438 5573 3745 5647 principium

518 5690 850 5747 consequens
875 5679 1274 5751 investigatum.
1296 5680 1495 5739 Omnes
1523 5680 1667 5737 enim
1698 5681 1957 5751 tetragoni
1984 5680 2079 5748 qui
2116 5679 2620 5769 «elementumque
2652 5689 2774 5731 esse
2811 5671 3132 5745 triangulum
