4022 6366
319 358 455 416 1129

905 467 1128 525 CAPUT
1164 466 1284 523 XX.

785 577 862 630 De
891 583 1108 634 numeris
1131 582 1323 633 solidis.

387 708 528 761 Il'tnc
557 721 683 760 vero
709 706 772 758 ad
809 705 1000 774 ﬁguras
1032 709 1225 760 solidas
1252 710 1456 762 facilior
1500 710 1578 762 via
1625 721 1726 764 est.
1755 711 1894 764 Prm-

316 798 533 858 rngnilo
556 796 702 849 enim
733 795 856 861 quid
888 796 937 847 in
972 795 1142 862 planis
1183 813 1527 850 numerorum
1573 800 1753 865 ﬁguris
1814 801 1894 850 vis

319 888 432 950 ipsa
465 883 775 952 quantitatis
806 883 1112 936 naturaliter
1151 895 1422 949 operetur,
1461 887 1524 938 ad
1567 887 1766 940 solidus
1799 901 1896 940 titt-

319 989 500 1027 tneros
544 990 646 1026 non
677 972 778 1027 erit
823 973 928 1025 ulla
960 975 1248 1027 cunctatio.
1291 974 1441 1030 Sicut
1479 977 1622 1028 enim
1671 979 1896 1046 longitu-

231 1049 243 1062 ’
318 1063 429 1114 dini
472 1075 814 1115 numerorum
853 1061 994 1113 aliud
1043 1061 1404 1125 intervallum,
1441 1063 1494 1116 id
1539 1074 1622 1116 est
1669 1067 1895 1131 superﬁ-
1967 1131 1970 1136 ι

315 1153 476 1215 ciem,
505 1162 562 1206 ut
597 1151 818 1204 latitudo
844 1150 1236 1214 ostenderetur,
1286 1150 1600 1218 adiecimus,
1640 1152 1709 1205 ita
1758 1168 1896 1206 nunc

320 1239 585 1294 latitudini
610 1240 652 1292 si
681 1239 800 1308 quis
829 1238 988 1291 addat
1016 1252 1132 1291 eam
1166 1253 1283 1305 qure
1320 1238 1452 1292 alias
1487 1239 1732 1301 altitudo,
1764 1239 1896 1293 alias

319 1328 642 1391 crassitudo,
671 1329 802 1380 alias
828 1326 1162 1396 profunditas
1182 1327 1509 1396 appellatur,
1543 1329 1770 1383 solidum
1800 1345 1896 1384 nu-

322 1417 457 1470 meri
487 1431 676 1484 corpus
705 1415 966 1484 explebit.

906 1562 1132 1618 CAPUT
1173 1561 1312 1616 XXI.

331 1681 406 1735 De
436 1681 718 1751 pgrnntide,
753 1679 887 1746 quod
911 1693 969 1730 ea
998 1679 1058 1730 sit
1085 1654 1364 1729 so’idorum
1393 1676 1674 1748 ﬁgurarum
1703 1678 1899 1746 pri-nci-

397 1774 557 1846 pium,
583 1773 709 1824 sicut
735 1770 1026 1838 triangulus
1050 1771 1340 1836 pinnarum,
1367 1779 1412 1822 et
1443 1772 1502 1822 de
1542 1771 1821 1838 speciebus.

398 1910 620 1980 Videtur
662 1935 836 1979 autem
889 1923 1337 1992 quemadmodum
1394 1925 1444 1976 in
1491 1921 1663 1989 planis
1717 1921 1895 1989 ﬁguris

323 2018 624 2086 triangulus
654 2029 908 2070 numerus
938 2015 1139 2082 primus
1160 2022 1263 2077 est,
1285 2013 1362 2066 sic
1385 2013 1436 2066 iu
1467 2012 1657 2066 solidis
1683 2009 1769 2080 qui
1802 2027 1867 2064 ro

312 2115 480 2160 ratur
521 2104 752 2175 pyratnis
797 2102 1172 2172 profunditatis
1215 2117 1335 2157 esse
1382 2102 1725 2172 principium.
1772 2105 1897 2156 Um-

325 2197 473 2247 nium
503 2195 696 2263 quippe
723 2205 956 2246 ratarum
989 2193 1040 2245 in
1071 2193 1310 2246 numeris
1361 2193 1648 2260 ligurarum
1678 2206 1898 2246 necesse

325 2295 412 2338 est
452 2285 692 2339 invenire
728 2284 1036 2352 primordia.
1075 2285 1163 2336 Esl
1203 2293 1382 2338 autem
1417 2284 1651 2352 pyramis
1703 2283 1836 2336 alias
1870 2299 1897 2334 a

323 2375 590 2445 triangula
615 2375 722 2428 basi
755 2373 808 2428 in
837 2373 1172 2427 altitudinem
1202 2389 1320 2428 sese
1346 2376 1579 2443 erigens,
1601 2375 1733 2428 alias
1761 2390 1787 2426 a
1818 2383 1898 2429 te-

323 2476 576 2534 tragona,
608 2466 742 2519 alias
763 2479 790 2516 a
816 2473 1131 2533 peuttguna,
1161 2474 1217 2518 et
1243 2464 1535 2518 secundum
1564 2466 1898 2533 sequentium

331 2557 700 2610 multitudines
749 2555 1063 2624 angulorum
1106 2555 1170 2607 ad
1205 2570 1362 2608 unum
1412 2554 1707 2609 cacuminis
1737 2557 1900 2610 verti-

317 2664 449 2703 cem
479 2648 774 2703 sublevata.
807 2647 985 2700 Posito
1012 2647 1155 2700 enim
1205 2645 1474 2715 triangulo
1514 2656 1672 2715 atque
1717 2647 1901 2715 dispo-

329 2741 460 2802 situ,
488 2742 530 2793 si
557 2753 650 2808 per
676 2750 782 2792 tres
805 2739 1023 2806 angulos
1053 2737 1284 2805 singula:
1315 2747 1471 2791 recta:
1505 2737 1657 2792 linea:
1703 2747 1905 2790 stantes

331 2840 622 2899 ponantur,
665 2831 855 2899 nmque
900 2838 1006 2882 tres
1057 2830 1380 2881 irrctinentur
1405 2836 1462 2880 ut
1502 2828 1564 2881 ad
1596 2843 1758 2881 unum
1789 2844 1900 2880 mc-

331 2921 480 2972 dium
528 2930 777 2987 punctum
827 2919 1050 2972 vertices
1096 2919 1335 2987 jungant,
1387 2919 1441 2969 ﬁt
1491 2918 1905 2987 pyramis.Qu:e

332 3025 349 3057 ι
371 3023 457 3060 um
489 3023 516 3060 a
543 3007 800 3075 triangula
845 3007 954 3060 basi
988 3005 1222 3074 proiecta
1250 3005 1346 3067 sit,
1420 3005 1584 3058 tribus
1632 3005 1907 3074 triangulis

336 3113 436 3166 per
471 3098 638 3151 latera
671 3095 1005 3150 concluditur
1038 3095 1136 3148 hoc
1161 3095 1318 3149 modo
1351 3114 1360 3146 :
1396 3095 1473 3148 Sit
1503 3113 1552 3161 a,
1580 3096 1632 3157 b,
1660 3111 1708 3162 c,
1744 3099 1905 3149 trian-

333 3189 542 3254 gnlutn,
575 3188 617 3239 si
648 3187 768 3240 ltuie
799 3187 958 3256 igitur
986 3186 1251 3253 triangqu
1274 3201 1367 3254 per
1401 3194 1506 3238 tres
1542 3188 1760 3253 angulos
1794 3187 1870 3240 eri

333 3290 530 3348 gantur
575 3279 754 3341 linem,
796 3290 852 3332 et
890 3278 956 3331 ad
1005 3293 1165 3329 unum
1203 3288 1464 3345 punctum
1510 3286 1900 3341 Convertantur,

218 3394 234 3405 ο
314 3373 478 3442 .quod
512 3382 591 3424 cst
621 3372 675 3433 d,
710 3371 778 3424 ita
829 3381 884 3422 ut
915 3371 945 3421 d
980 3379 1229 3437 punctum
1275 3386 1378 3424 non
1410 3370 1479 3423 sit
1517 3371 1566 3422 in
1613 3371 1772 3437 plano
1811 3371 1902 3422 sed

335 3461 598 3530 pendens,
633 3461 737 3513 illa:
767 3475 824 3514 sc
849 3459 969 3512 licet
1002 3461 1157 3512 linea:
1189 3461 1252 3512 ad
1287 3463 1461 3527 ipsum
1509 3470 1698 3514 erecta:
1744 3461 1905 3514 verti-

335 3566 481 3618 cem,
512 3559 564 3605 et
585 3551 978 3620 quodaminodo
1004 3565 1258 3606 cacumen
1290 3552 1320 3605 d
1352 3554 1566 3614 facient,
1599 3564 1652 3606 et
1687 3555 1788 3607 erit
1819 3553 1908 3604 lia-

335 3645 414 3695 sis
446 3657 496 3706 a,
529 3643 580 3704 II,
615 3658 664 3705 ρ,
695 3657 854 3694 ιιηυηι
892 3641 1238 3710 triangulum,
1282 3658 1377 3711 per
1420 3643 1581 3696 latera
1627 3659 1773 3706 vero,
1807 3645 1906 3693 tria

336 3730 629 3797 triangula,
665 3730 713 3783 id
747 3741 1004 3785 estunum
1032 3733 1350 3800 tr'augulttm
1380 3747 1432 3796 a,
1456 3733 1510 3796 d,
1540 3735 1586 3794 Ι),
1607 3733 1748 3786 aliud
1781 3747 1907 3785 vero

337 3820 390 3882 li,
425 3820 479 3882 d,
512 3835 564 3882 c,
599 3823 810 3874 tertium
845 3836 970 3875 vero
993 3835 1043 3888 c,
1077 3821 1131 3886 d,
1160 3837 1207 3873 a.

923 5022 1146 5077 (IAI‘U'I‘
1192 5023 1352 5075 XXII.

321 5154 412 5208 De
443 5153 520 5204 his
546 5151 824 5219 pyramidis
861 5167 972 5217 qua:
999 5167 1029 5201 η
1059 5152 1323 5218 quadratis
1363 5151 1441 5203 vel
1480 5167 1511 5203 a
1549 5151 1741 5204 ca'trris
1773 5149 1909 5201 ntul-

677 5221 915 5288 tiuugulrs
943 5223 1122 5290 figuris
1151 5222 1568 5290 proﬁciscuntur.

402 5352 532 5403 Item
561 5349 603 5401 si
631 5363 658 5400 a
691 5357 962 5413 tetragona
991 5347 1105 5399 basi
1132 5349 1517 5413 proﬁciscatur,
1549 5356 1604 5402 et
1637 5349 1702 5401 ad
1738 5364 1898 5401 unum

317 5442 592 5495 verticem
623 5437 735 5504 ejus
768 5437 924 5488 linea:
953 5437 1266 5502 dirigantur,
1291 5440 1390 5490 erit
1412 5439 1648 5505 pyramis
1678 5449 1908 5506 quatuor

317 5527 718 5596 triangulorutn
774 5541 866 5592 per
913 5526 1102 5590 latera,
1137 5543 1241 5579 uno
1291 5538 1494 5581 tantum
1543 5537 1822 5597 tetragono
1854 5530 1903 5580 in

317 5621 443 5676 basi
479 5619 674 5685 posito.
707 5630 869 5682 super
899 5631 1056 5683 quam
1090 5617 1252 5682 ﬁgura
1306 5619 1416 5686 ipsa
1461 5618 1672 5671 fundata
1720 5629 1821 5678 cst,
1854 5627 1905 5671 ct

317 5714 366 5767 si
390 5727 418 5761 a
447 5717 748 5775 pentagono
773 5714 993 5772 surgant
1014 5707 1243 5773 quinque
1261 5707 1433 5772 linere,
1455 5708 1684 5776 quinque
1707 5724 1892 5761 rursus

614 5796 880 5854 Ps'rnon.
930 5792 1151 5853 LXIII.

1497 357 1594 414 pr.
1627 356 2092 414 ARITIIMETICA
2125 357 2248 411 LIB.
2293 357 2356 412 ll.
2389 331 2394 334 “

1907 467 1963 524 «Δ
1997 466 2231 532 pyramis
2254 465 2528 531 triangulis
2559 465 2946 532 continebitur,
2979 476 3032 520 et
3061 465 3100 518 si
3142 466 3207 519 ab
3256 464 3554 534 licxagonu,

1929 3141 1978 3206 C

3424 357 3558 409 “3-0

1994 571 2084 607 sex
2111 556 2384 623 triangulis
2412 556 2772 621 nihilominus,
2801 567 2854 612 et
2882 565 3318 626 quantuscunque
3336 559 3556 626 angulos

1996 644 2243 697 habuerit
2270 645 2431 712 ﬁgura
2461 661 2622 715 super
2647 663 2802 716 quam
2836 650 3070 718 pyramis
3085 647 3304 713 residet,
3338 657 3414 701 tot
3445 650 3557 717 ipsa

1996 750 2092 802 per
2122 734 2286 788 latera
2315 735 2593 802 triangulis
2633 737 2955 802 continetur,
2991 747 3048 790 ut
3089 738 3138 790 in
3163 737 3416 805 subjectis
3437 737 3561 791 des-

1999 822 2349 891 criptionibus
2381 825 2551 891 palam
2581 836 2680 878 est.

2092 1027 2309 1089 Pyramis
2332 1040 2392 1076 ex
2412 1032 2668 1089 tetragono

2820 1027 3034 1090 Pyramis
3055 1041 3113 1078 ex
3141 1035 3413 1091 pentagono

2127 2350 2134 2356 -
2201 2317 2412 2375 Pyramis
2696 2315 2910 2374 Pyramis
3159 2316 3367 2370 l'y-amis

2127 2389 2188 2425 cx
2235 2378 2491 2437 hexagqu
2636 2389 2697 2423 ex
2725 2376 2980 2436 ogdogono
3093 2389 3152 2422 ex
3183 2379 3455 2483 Itt'ﬁlagtmo

2757 2645 2760 2656 "
2778 2603 2829 2762 li
3132 2555 3266 2748 βίῇ
3285 2657 3329 2762 ες
3367 2555 3370 2558 μ

2092 2603 2439 3113 ω
3070 2643 3423 3096 ίίβ

2297 2955 2442 3107 λ
2812 2921 2830 3042 Χ
2926 2937 2953 3038 ³
3291 2776 3436 3122 \>

2564 3265 2792 3324 CAPUT
2824 3267 3009 3322 XXIII.

2263 3363 2557 3418 Solidorum
2593 3361 2850 3429 generatio
2878 3373 3221 3411 numerorum.

2083 3476 2338 3530 Dicuntur
2365 3484 2542 3529 autem
2576 3471 2874 3542 ltujusmodi
2912 3469 3212 3542 pyramides
3245 3471 3343 3522 hoc
3375 3466 3568 3520 modo:

2010 3563 2184 3618 Prima
2215 3566 2446 3634 pyramis
2493 3565 2558 3616 de
2584 3565 2866 3631 trianguio,
2890 3562 3118 3615 St-cunda
3150 3560 3380 3629 pyrautis
3410 3559 3473 3611 de
3503 3568 3570 3610 te.

2013 3665 2265 3721 traguno,
2301 3655 2450 3706 lel'II‘l
2485 3652 2713 3721 pyramis
2746 3651 2810 3703 de
2842 3661 3159 3717 pentagono,
3201 3659 3382 3715 quarta
3429 3662 3570 3714 pyra-

2013 3743 2114 3794 tuis
2144 3742 2209 3795 de
2233 3741 2527 3808 hexagono,
2548 3741 2727 3807 quinta
2752 3738 2978 3807 pyramis
3008 3738 3072 3790 de
3097 3737 3409 3803 Iteytaguno.
3441 3736 3573 3790 Idem

2014 3832 2066 3883 in
2107 3832 2313 3884 cmtet‘is
2359 3839 2566 3881 constat
2607 3829 2859 3880 numeris.
2895 3826 3023 3878 Nam
3069 3828 3241 3892 qnoni:
3267 3840 3314 3874 m
3357 3824 3575 3880 lim-ares

2016 3933 2265 3973 numeros
2289 3932 2408 3971 esse
2435 3918 2664 3969 diximus
2719 3916 2802 3982 qui
2834 3915 2898 3966 ab
2925 3930 3028 3966 uno
3059 3913 3277 3981 proiecti
3321 3915 3368 3963 in
3403 3912 3576 3963 inﬁni-

2020 4021 2129 4060 tum
2159 4013 2456 4069 currerent,
2479 4015 2535 4057 ut
2562 4013 2719 4056 sunt:

3251 4115 3570 4126 ______.-_._

2235 4131 3346 4210 |t|2|a|t|516|77ftstolto|

2021 4271 2060 4321 ll
2088 4286 2113 4321 s
2157 4280 2332 4322 autem
2375 4266 2655 4320 ordinatim
2707 4266 3031 4334 compositis,
3073 4276 3123 4316 et
3164 4264 3213 4316 in
3258 4278 3314 4314 se
3363 4263 3581 4316 invicem

2018 4375 2137 4412 eum
2169 4359 2418 4412 distantia
2449 4359 2666 4425 jttnczis,
2698 4357 3005 4423 superﬁcies
3044 4356 3426 4415 nascebantur,
3455 4364 3508 4406 ut
3539 4355 3583 4408 si

2019 4463 2178 4502 ttnum
2210 4461 2262 4502 et
2294 4451 2398 4500 duo
2423 4449 2691 4515 jungercs,
2719 4447 2914 4514 primus
2939 4445 3231 4512 triangulus
3258 4453 3585 4508 nasceretur,

2026 4537 2072 4588 id
2102 4547 2182 4590 est
2203 4539 2255 4598 5,
2289 4546 2339 4589 rt
2362 4551 2479 4588 cum
2507 4537 2587 4588 Itis
2609 4535 3012 4601 adjungeremus
3039 4534 3272 4597 tertium,
3305 4533 3354 4586 id
3378 4545 3456 4586 est
3483 4542 3586 4585 ter-

2024 4627 2228 4678 narium
2257 4667 2270 4688 ,
2306 4627 2545 4679 senarius
2594 4624 2886 4690 triangulus
2935 4638 3114 4676 rursus
3162 4633 3502 4684 occurreret,
3538 4633 3587 4681 et

2015 4725 2141 4782 post
2169 4715 2283 4771 hos.
2319 4715 2598 4781 telragoni,
2633 4728 2737 4765 uno
2781 4713 3103 4775 intermisso,
3141 4713 3421 4782 pentagoni
3466 4728 3588 4765 vero

2022 4806 2252 4871 duolms,
2286 4805 2548 4872 licxagoni
2575 4805 2758 4868 tribtts,
2791 4805 3090 4873 lieptagoni,
3125 4808 3318 4860 relictis
3343 4817 3587 4875 quatuor.

2025 4899 2392 4951 nascebantur.
2424 4898 2568 4948 :‘iunc
2598 4911 2725 4949 vero
2749 4897 2813 4948 ad
2845 4897 3136 4950 solidorum
3157 4912 3442 4964 corporum
3472 4913 3588 4964 pro~

2023 4989 2370 5052 creationem,
2421 4988 2546 5056 ipsa:
2575 4987 2727 5040 nobis
2769 4989 3077 5056 superﬁcies
3120 4989 3426 5040 naturaliter
3455 4988 3588 5053 ligu-

1941 5081 1950 5086 '
2023 5087 2150 5132 ratae
2181 5077 2516 5143 provenicnt,
2549 5085 2600 5129 et
2627 5077 2690 5129 ad
2741 5076 3007 5130 iaciendas
3048 5077 3257 5146 quidem
3288 5076 3589 5145 pyramidas

2023 5183 2049 5219 a
2083 5167 2344 5235 triangqu
2376 5166 2474 5235 ipsi
2505 5168 2655 5220 nobis
2681 5168 2924 5237 trianguli
2955 5167 3304 5234 componendi
3333 5174 3476 5218 sunt.
3510 5166 3588 5218 Ad

2023 5261 2376 5327 procreandas
2420 5275 2547 5314 vero
2577 5263 2875 5330 pyramidas
2910 5278 2937 5314 a
2980 5271 3272 5329 tetragono,
3306 5262 3585 5327 tetragoni,

2024 5349 2088 5401 ad
2120 5365 2209 5402 eas
2240 5365 2368 5402 vero
2401 5366 2518 5418 quae
2550 5364 2668 5403 sunt
2698 5367 2726 5404 a
2758 5361 3073 5418 pentagono,
3106 5341 3394 5418 'pentagoni
3428 5365 3586 5417 copu-

2024 5440 2164 5491 landi
2189 5451 2328 5502 sunt,
2365 5449 2418 5491 et
2449 5441 2551 5493 illa:
2597 5457 2713 5508 qua:
2741 5449 2864 5492 sunt
2889 5441 2954 5491 ab
2981 5440 3253 5506 licxagono
3285 5439 3368 5489 rel
3408 5437 3586 5506 hepta-

2022 5543 2182 5597 gouo,
2215 5543 2318 5580 non
2350 5529 2446 5580 nisi
2492 5528 2884 5596 ltexagonorum
2928 5527 3006 5579 vel
3054 5527 3468 5594 lteptagonorum
3501 5543 3586 5580 co-

2014 5619 2283 5688 pulatione
2303 5629 2603 5672 nascentur.
2623 5619 2829 5670 Primus
2851 5631 2974 5685 ergo
2995 5625 3252 5684 potestate
3270 5619 3582 5686 triangulus,

2016 5712 2186 5762 unitas
2217 5719 2319 5771 cst,
2351 5708 2695 5775 cam'lctnqne
2722 5707 2879 5760 etiam
2914 5721 3169 5774 ponemus
3199 5708 3390 5762 virtute
3431 5726 3581 5779 pyta-

3231 5797 3307 5858 36
