4022 6366
533 358 661 414 1151

1746 350 1853 405 ΑΝ.
1898 347 2105 404 MANL.
2150 346 2299 402 SEV.
2344 348 2561 405 BOETli

3646 345 3762 397 “52

533 472 727 526 midcm
747 486 760 532 ;
780 480 1041 522 recunous
1062 479 1190 519 vero
1221 462 1511 531 triangulus
1526 468 1606 515 est
1632 459 1917 524 ternarius,
1937 473 2092 527 quem
2126 457 2175 515 Α
2205 473 2379 512 rarum
2416 472 2541 513 esse
2570 456 2903 526 principium,
2937 454 3077 523 quod
3120 456 3292 509 omnis
3339 451 3571 523 pyramis
3595 467 3624 504 a
3653 467 3761 519 qua.

531 565 573 616 si
604 578 721 614 eum
751 560 919 630 primo
964 556 1313 625 conjunxero,
1347 554 1398 608 id
1438 563 1522 606 est
1562 566 1683 605 cum
1715 551 1935 615 unitate,
1974 563 2101 618 qua-

532 652 759 708 ternaria
808 650 935 704 mihi
979 647 1308 717 profunditas
1355 644 1645 714 pyramidis
1701 642 1985 697 excrescit.
2032 640 2101 695 At

528 757 653 796 \ero
681 741 723 793 si
753 740 815 793 iis
848 739 1058 793 tertium
1102 737 1365 791 senarium
1397 734 1646 804 junxero,
1680 732 1896 787 denaria
1936 746 2097 801 pyra-

527 833 681 887 midis
705 830 1069 901 procreabitur
1097 826 1340 880 altitudo.
1360 826 1449 878 llis
1474 823 1518 877 si
1544 822 1817 877 denarium
1843 818 2093 888 junxero,

523 924 594 977 20
633 934 974 975 numerorum
1010 917 1243 986 pyramis
1274 915 1468 977 veniet,
1502 923 1660 983 atque
1697 912 1765 965 ita
1798 913 1850 963 in
1893 911 2098 965 cunctis

524 1014 639 1066 aliis
670 1011 854 1066 eadem
883 1011 1018 1063 ratio
1046 1006 1399 1075 copulatiouis
1425 1014 1525 1060 est.

1176 1118 1441 1181 Trianguli.

996 1316 1281 1378 Pyramides
1305 1330 1330 1363 a
1355 1314 1621 1373 triangulis.

524 1539 580 1591 In
615 1538 711 1589 hac
738 1537 896 1605 igitur
925 1533 1300 1602 eonjuuctione
1333 1546 1551 1586 necesse
1573 1540 1654 1583 est
1684 1537 1740 1582 ut
1768 1541 1979 1594 semper
2006 1526 2094 1595 qui

524 1631 736 1683 ultimus
762 1630 829 1681 sit
857 1625 1256 1694 conjugatorum
1306 1620 1732 1684 numerorum,is
1772 1618 1924 1689 quasi
1964 1632 2096 1688 quo-

525 1717 809 1773 dammodo
834 1717 976 1769 basis
1007 1714 1326 1769 sit.Cunctis
1352 1712 1491 1767 enim
1522 1712 1679 1764 latior
1710 1710 2008 1785 invenitur;
2044 1716 2095 1759 rt

2204 563 2413 617 cunque
2441 548 2552 603 basi
2574 546 2926 617 profecta,vel
2951 561 2981 598 a
3002 546 3282 614 quadrato,
3301 545 3381 597 vel
3406 557 3434 595 a
3459 551 3760 611 pentagono,

2202 640 2284 693 vel
2312 639 2380 694 ab
2411 639 2707 707 hexagono,
2737 639 2818 692 vel
2842 638 2908 693 ab
2954 637 3272 706 beptagono,
3298 635 3432 689 vela
3464 647 3763 703 quocunque

2202 730 2481 793 similium,
2520 730 2651 783 solis
2700 726 2980 797 triangulis
3025 740 3192 795 usque
3231 724 3295 778 ad
3328 723 3581 777 verticem
3613 720 3763 774 ροιιιὶ-

2201 832 2374 877 netur.

2746 908 2973 964 CAPUT
3026 906 3212 961 XXIV.

2664 998 2741 1054 De
2768 1000 2926 1052 certis
2951 997 3251 1067 pyramidis.

2267 1092 2417 1146 Scire
2450 1099 2625 1145 autem
2658 1099 2869 1158 oportet
2910 1104 3029 1157 qua:
3068 1096 3193 1141 sunt
3231 1094 3396 1141 curtze
3438 1086 3760 1156 pyramides,

2198 1182 2281 1237 vel
2309 1197 2427 1251 quae
2454 1181 2535 1235 bis
2575 1188 2763 1246 curtae,
2787 1180 2871 1234 vel
2896 1194 3013 1249 qua:
3044 1189 3122 1233 ter
3146 1189 3335 1245 curtte,
3362 1179 3443 1233 vel
3484 1188 3690 1246 quater,
3716 1189 3761 1230 et

2198 1275 2448 1342 deinceps
2489 1272 2780 1327 secundum
2835 1284 3181 1325 numerorum
3230 1270 3609 1339 adjectionem.
3656 1269 3760 1323 Per-

2199 1365 2333 1418 fecta
2356 1364 2496 1419 enim
2529 1364 2764 1433 pyramis
2794 1371 3038 1429 estquae,
3064 1376 3090 1413 a
3115 1362 3347 1430 qualibet
3378 1361 3491 1415 basi
3521 1362 3759 1429 prolem,

2202 1468 2367 1522 usque
2396 1454 2460 1506 ad
2490 1455 2713 1522 primam
2737 1454 2789 1505 vi
2825 1460 2878 1505 et
2907 1458 3170 1521 p0testate
3213 1450 3552 1520 pyramidum
3594 1466 3761 1518 perve-

2199 1544 2275 1597 nit
2298 1546 2573 1597 unitatem.
2598 1542 2690 1599 Sin
2712 1555 2863 1604 vero,
2886 1554 2915 1592 a
2932 1539 3165 1609 qualibet
3190 1539 3299 1592 basi
3323 1537 3585 1608 profeCta,
3612 1552 3761 1605 usque

2199 1634 2264 1688 ad
2291 1633 2544 1689 unitatem
2590 1632 2813 1687 altitudo
2845 1632 2933 1686 illa
2970 1645 3079 1684 non
3120 1632 3344 1693 venerit,
3379 1639 3529 1682 curta
3563 1628 3760 1682 vocabi-

2198 1735 2303 1779 tur.
2337 1725 2610 1793 Recteque
2640 1722 2948 1792 hujusmodi
2978 1720 3212 1790 pyramis
3246 1719 3333 1772 tali
3377 1718 3764 1785 nuncupatione

526 1809 616 1878 qui
646 1818 769 1861 ante
801 1809 969 1875 ipsum
1010 1804 1214 1858 numeri
1254 1802 1667 1872 coniunguntur,
1702 1798 1933 1852 minores
1976 1809 2093 1849 esse
2129 1814 2174 1872 Β
2198 1816 2457 1885 signatur,
2490 1813 2535 1867 Si
2565 1826 2735 1882 usque
2763 1811 2829 1865 ad
2860 1810 3253 1865 extremitatem
3285 1820 3654 1877 puncmmque
3674 1821 3764 1859 non

526 1918 745 1960 necesse
761 1912 860 1963 est,
878 1900 1180 1970 usquedum
1200 1898 1261 1950 ad
1278 1898 1529 1951 unitatem
1557 1894 1813 1948 detractio
1839 1901 1947 1944 rata
1977 1905 2094 1957 per-

526 1996 722 2058 veniat,
747 2007 862 2061 qua:
896 1992 1072 2059 puncti
1103 1987 1493 2058 quodammodo
1522 1994 1577 2039 et
1613 1984 1830 2039 verticis
1856 1982 2097 2036 obtineat

526 2083 721 2138 locum.
745 2081 979 2148 Namque
1008 2079 1063 2131 in
1093 2079 1157 2132 10
1181 2076 1454 2147 pyramide
1482 2088 1643 2144 super
1662 2088 1753 2127 sex
1785 2072 1948 2126 additi
1976 2081 2099 2125 sunt

526 2174 559 2226 5
581 2182 739 2241 atque
772 2184 929 2233 unus,
954 2170 1042 2238 qui
1074 2169 1314 2222 senarius
1348 2175 1563 2234 superat
1604 2165 1892 2219 ternarium
1934 2178 2099 2232 quan-

529 2264 752 2325 titatem,
773 2261 871 2329 ipsi
900 2275 1023 2313 vero
1049 2266 1156 2312 tres
1180 2272 1341 2311 unum
1374 2256 1675 2324 pluralitate
1698 2253 2095 2317 transcendunt,

527 2354 615 2423 qui
646 2368 780 2406 unus
802 2361 1099 2405 extremum
1124 2348 1409 2402 terminum
1434 2344 1825 2416 progressionis
1854 2343 2094 2398 offendit.

528 2441 731 2498 Similis
771 2454 979 2508 quoque
1021 2437 1158 2495 ratio
1198 2438 1249 2490 in
1296 2437 1505 2490 caeteris
1555 2435 1784 2502 proSpici
1820 2440 2014 2501 potest,
2055 2433 2098 2486 si

529 2550 712 2590 eorum
737 2532 1137 2601 procreationes
1159 2527 1463 2596 diligentius
1492 2524 1724 2578 volueris
1753 2523 2098 2591 perscrutari.

530 2626 637 2679 Illa:
660 2637 788 2678 vero
814 2636 932 2690 qum
958 2630 1079 2675 sunt
1109 2633 1137 2671 a
1165 2605 1441 2685 tetragono
1464 2612 1785 2683 pyramides,
1813 2612 1999 2667 eadem
2025 2622 2104 2666 te—

533 2727 871 2784 tragonornm
917 2726 1077 2780 super
1116 2724 1175 2764 se
1221 2706 1606 2775 compositione
1647 2712 1959 2757 nascuntur.
2001 2701 2099 2755 De-

532 2804 741 2873 scriptis
771 2803 914 2858 enim
948 2800 1150 2854 cunctis
1184 2796 1493 2866 tetragonis,
1523 2794 1573 2847 id
1601 2800 1684 2847 est
1712 2808 1723 2844 :

632 2919 1264 3009 [TWa—[Fles
1300 2924 1307 2998 ι
1342 2936 1403 2983 as
1440 2922 1449 2997 Ι
1490 2934 1545 2981 l9
1580 2921 1588 2995 Ι
1622 2935 1681 2982 et
1717 2921 1726 2994 Ι
1763 2934 1821 2981 83
1859 2919 2010 2994 ltool
2116 2941 2119 2944 ν

538 3052 582 3103 si
639 3050 889 3103 unitatem
941 3044 1165 3112 primam
1222 3054 1286 3092 ex
1342 3038 1440 3090 hac
1495 3034 1840 3104 diSpositione
1901 3047 2104 3101 praeSu-

534 3158 705 3207 mam,
739 3142 840 3195 erit
870 3138 998 3193 mihi
1032 3141 1288 3205 potestate
1312 3140 1365 3185 et
1408 3129 1458 3183 vi
1493 3126 1723 3197 pyramis
1752 3126 1862 3194 ipsa
1894 3126 2101 3190 unitas,

536 3234 771 3290 nondum
808 3230 964 3285 etiam
993 3239 1167 3295 opere.
1188 3232 1345 3292 atque
1374 3227 1514 3274 actu.
1547 3219 1617 3274 At
1644 3220 1687 3273 si
1720 3219 1841 3274 huic
1872 3227 2103 3288 tetrago-

537 3342 661 3381 num
688 3332 1068 3390 superponam,
1092 3314 1143 3367 id
1165 3323 1246 3368 est
1269 3312 1324 3381 4,
1345 3319 1590 3365 nascetur
1615 3308 1849 3378 pyramis
1875 3309 2108 3377 quinque

539 3424 903 3474 numerorum,
928 3420 1044 3476 quas
1069 3402 1277 3457 duobus
1310 3409 1510 3454 tantum
1549 3399 1785 3451 numeris
1814 3412 1911 3467 per
1942 3398 2105 3453 latera

540 3504 726 3574 positis
752 3497 1074 3552 continetur.
1098 3492 1193 3546 Sin
1208 3505 1334 3545 vero
1360 3489 1440 3542 his
1463 3496 1745 3557 sequentes
1771 3487 1804 3540 9
1835 3484 2104 3555 adjecero,

541 3596 633 3647 ﬁet
660 3589 789 3645 mihi
832 3587 897 3640 H
931 3595 1269 3638 numerorum
1302 3579 1470 3634 forma
1505 3576 1808 3647 pyramidis,
1854 3590 1974 3645 quae
2018 3591 2111 3643 per

541 3685 705 3736 latera
749 3677 916 3731 tribus
960 3671 1248 3726 unitatibtts
1281 3666 1649 3725 concludatur.
1694 3667 1865 3734 Atque
1905 3665 2025 3718 huic
2062 3666 2109 3719 si

541 3777 849 3841 sequentem
890 3774 1218 3833 tetragonum
1270 3760 1337 3815 16
1385 3774 1764 3826 superponam,
1828 3759 2109 3812 tricenaria

540 3862 668 3917 mihi
721 3874 901 3929 pyram
928 3856 1008 3909 dis
1049 3858 1217 3907 forma
1282 3850 1611 3919 producitur.
1671 3848 1725 3901 ln
1778 3847 1857 3902 his
1903 3863 2112 3917 quoque

545 3950 794 4007 omnibus
830 3945 1191 4016 pyramidibus
1241 3950 1316 3994 tot
1343 3948 1499 3994 erunt
1529 3939 1759 3992 uuitates
1816 3953 1908 4005 per
1949 3939 2111 3991 latera

541 4052 750 4111 quanta:
790 4039 840 4090 in
873 4052 931 4091 se
961 4036 1156 4089 fuerint
1195 4046 1533 4085 numerorum
1572 4040 1872 4099 aggregatm
1903 4032 2114 4099 quanti-

542 4141 699 4187 tates.
745 4129 875 4184 Nam
922 4127 1128 4189 unitas,
1162 4138 1280 4192 quae
1313 4122 1479 4187 prima
1532 4121 1765 4190 pyramis
1810 4129 1914 4185 est,
1949 4135 2110 4173 unum

541 4227 733 4286 solum,
766 4222 816 4276 id
847 4229 926 4275 est
947 4219 1198 4285 seipsam,
1222 4213 1357 4282 gerit
1396 4214 1448 4265 in
1482 4213 1666 4266 latere.
1693 4211 1933 4280 Quinque
1962 4225 2107 4274 vero,

542 4330 660 4387 qua:
687 4318 930 4369 constant
957 4324 1021 4362 ex
1060 4306 1081 4357 1
1115 4315 1166 4359 et
1196 4306 1227 4358 4
1248 4344 1262 4368 ,
1293 4303 1502 4356 duobus
1535 4318 1627 4370 per
1663 4302 1828 4355 latera
1870 4298 2115 4369 des'gna--

542 4418 645 4468 tur.
677 4414 729 4459 et
753 4404 837 4468 14,
863 4414 979 4469 qua:
1011 4413 1074 4451 ex
1108 4395 1275 4449 tribus
1306 4394 1539 4446 numeris
1568 4392 1878 4460 compos’tis
1908 4392 1984 4453 ﬁt,
2010 4400 2110 4443 ter-

478 4470 501 4567 η’
542 4500 693 4561 nario
723 4507 945 4549 numero
975 4492 1026 4544 in
1063 4492 1224 4542 latere
1255 4487 1424 4554 posito
1456 4483 1816 4537 constituitur.
1844 4481 1988 4537 lianc
2019 4495 2111 4533 au-
2144 4516 2187 4575 ο

544 4599 648 4641 tem
675 4582 1000 4656 pyramidum
1023 4576 1417 4648 generationem
1453 4579 1715 4627 monstrat
1758 4570 1993 4639 subjecta
2020 4570 2114 4624 de-

544 4680 759 4748 scriptio
788 4695 800 4729 :

1188 4758 1465 4819 Tetragoni.

669 4856 1984 4947 WltelarilseltaleiISIliool

1020 4975 1299 5038 Pyramides
1322 4988 1349 5021 a
1373 4947 1656 5032 tetragouis.

672 5072 682 5163 i
707 5068 1179 5160 ἰ’-ττι
855 5099 884 5145 δ
928 5068 1995 5163 HW

547 5204 609 5256 lit
654 5200 719 5253 ad
765 5196 1012 5253 eumdem
1061 5188 1274 5243 modum
1321 5196 1526 5239 cuncta:
1556 5200 1584 5234 a
1615 5182 1824 5235 cancris
1869 5184 2118 5235 multiau-

546 5294 688 5362 gulis
720 5290 969 5360 profecta:
1007 5284 1212 5344 formas,
1247 5280 1297 5332 in
1328 5276 1529 5329 altioris
1556 5289 1775 5328 summm
1800 5275 1967 5339 Spatia
1998 5288 2118 5341 pro-

543 5390 830 5444 ducuntur.
863 5378 1048 5433 Omnis
1079 5374 1219 5428 enim
1258 5369 1538 5423 multorum
1572 5367 1880 5435 angulorum
1927 5365 2116 5429 forma,

548 5496 606 5533 ex
646 5476 722 5529 sui
753 5470 964 5542 generis
1002 5468 1165 5535 ﬁgura
1198 5458 1382 5516 unitati
1424 5458 1776 5525 superposita,
1811 5456 1876 5508 ab
1907 5471 2010 5509 uno
2036 5456 2118 5507 in-

550 5564 911 5635 gredientibus
954 5558 1019 5613 ad
1090 5550 1420 5625 pyramidum
1483 5546 1878 5600 constituendas
1928 5545 2122 5612 figuras

553 5633 720 5721 usque
750 5654 800 5705 in
832 5649 1033 5704 inﬁnita
1060 5640 1413 5712 progreditur.
1446 5636 1507 5690 Et
1535 5650 1597 5689 ex
1634 5636 1731 5686 hoc
1758 5633 2001 5701 equidem
2032 5648 2122 5700 ap-

558 5760 637 5810 pa'
655 5757 744 5797 ore
769 5751 987 5795 necesse
1015 5744 1093 5791 cst
1123 5728 1409 5798 triangulas
1436 5726 1633 5779 formas
1657 5735 1969 5781 exterarum
1994 5722 2123 5793 ﬁgu-

2198 1906 2424 1959 venerit.
2454 1904 2578 1959 Hmc
2598 1912 2776 1958 autem
2809 1912 2911 1968 est,
2937 1911 2995 1955 ut
3022 1901 3066 1955 si
3098 1901 3215 1969 quis
3240 1898 3305 1953 16
3330 1908 3609 1966 tetragono
3639 1894 3764 1963 adji-

2198 1998 2304 2052 ciat
2331 1998 2385 2064 9,
2413 2006 2571 2067 atque
2601 1996 2724 2050 huic
2755 1997 2809 2061 4,
2844 2002 2899 2049 et
2934 1993 3000 2048 ab
3029 1991 3295 2047 ulterioris
3326 2004 3446 2044 sese
3469 1988 3763 2057 adjectioue

2200 2087 2415 2142 unitatis
2455 2085 2767 2156 suspendat,
2823 2085 3058 2155 pyramis
3087 2081 3302 2151 quidem
3343 2079 3510 2148 ﬁgura
3542 2086 3649 2143 est,
3680 2074 3763 2132 sed

2199 2182 2448 2252 quoniam
2492 2193 2659 2248 usque
2693 2178 2759 2232 ad
2802 2190 3060 2232 cacumen
3100 2174 3316 2229 verticis
3359 2186 3468 2225 non
3510 2168 3761 2231 excrevit,

2201 2281 2353 2326 curta
2393 2270 2692 2334 vocabitur,
2739 2278 2793 2322 et
2835 2266 3051 2321 habebit
3099 2262 3460 2319 summitatem
3509 2275 3619 2314 non
3667 2260 3765 2328 jam

2203 2374 2457 2436 punctum
2484 2354 2626 2434 quod
2654 2361 2826 2416 unitas
2864 2368 2966 2424 est,
2996 2358 3089 2413 sed
3127 2355 3487 2426 superﬁciem,
3518 2353 3660 2422 quod
3695 2360 3764 2406 est

2203 2457 2427 2529 quilibet
2449 2469 2702 2511 numerus
2730 2452 3022 2509 secundum
3062 2449 3202 2504 basis
3229 2448 3370 2503 illius
3391 2447 3619 2515 angulos
3648 2458 3761 2513 por-

2203 2557 2404 2617 rectus,
2429 2555 2586 2616 atque
2618 2546 2833 2600 ultimus
2861 2550 3198 2612 aggregatus.
3233 2537 3366 2593 Nam
3406 2537 3454 2591 si
3500 2545 3764 2604 tetragona

2204 2638 2364 2692 fuerit
2401 2637 2579 2702 basis,
2610 2633 2867 2705 quadrata
2898 2632 3248 2688 diminutione
3277 2643 3488 2697 seraper
3515 2625 3765 2687 ascendit,

2204 2739 2259 2783 et
2287 2729 2332 2783 si
2364 2736 2659 2797 pentagona
2698 2725 2870 2789 basis,
2901 2739 2927 2779 s
2951 2722 3161 2778 militer’
3188 2730 3242 2776 et
3280 2721 3324 2775 si
3358 2720 3656 2789 hexagona,
3689 2716 3770 2771 illa

2205 2835 2417 2890 quoque
2466 2820 2653 2872 ultima
2689 2816 2999 2886 superﬁcies
3044 2813 3148 2869 erit
3194 2814 3494 2881 hexagona.
3538 2810 3680 2878 Ergo
3725 2808 3771 2861 in

2206 2921 2355 2967 curta
2388 2910 2679 2981 pyramide,
2714 2916 2793 2963 tot
2819 2907 2921 2962 erit
2946 2906 3257 2975 angulorum
3300 2900 3615 2970 superﬁcies
3655 2908 3775 2967 quot

2208 3003 2365 3057 fuerit
2392 3001 2558 3056 basis.
2587 2999 2642 3055 Si
2672 3012 2799 3053 vero
2837 2998 2926 3051 illa
2955 2996 3189 3067 pyramis
3219 3007 3325 3048 non
3364 2993 3537 3047 solum
3570 2989 3636 3042 ad
3667 2989 3774 3041 uni-

2210 3103 2372 3148 tatem
2420 3091 2916 3158 extremitatemque
2960 3102 3067 3142 non
3120 3085 3374 3155 pervenit,
3424 3082 3518 3136 sed
3566 3094 3665 3135 nec
3712 3078 3771 3133 ad

2130 3168 2176 3229 (ἶ
2212 3188 2438 3256 primum
2486 3198 2695 3253 quoque
2740 3194 2903 3248 Opere
2956 3189 3011 3233 et
3048 3188 3167 3233 actu
3212 3174 3617 3245 multiangulum
3664 3171 3774 3240 ejus

2210 3276 2422 3346 generis
2450 3272 2600 3343 cujus
2631 3271 2788 3326 fuerit
2814 3270 2973 3335 basis,
3002 3267 3084 3322 bis
3115 3277 3264 3322 curta
3295 3265 3597 3328 vocabitur,
3627 3270 3685 3315 ut
3712 3261 3773 3323 si,

2209 3384 2239 3423 a
2273 3368 2335 3422 16
2381 3377 2656 3435 tetragono
2686 3361 3031 3432 proﬁciscens
3064 3400 3079 3426 ,
3111 3373 3278 3429 usque
3314 3357 3368 3412 in
3413 3356 3447 3411 9
3494 3355 3775 3410 terminum

2211 3470 2393 3531 ponat,
2427 3472 2600 3527 neque
2642 3463 2918 3511 excrescat
2948 3453 3013 3507 ad
3040 3454 3093 3519 4,
3143 3460 3196 3506 ιι
3235 3461 3579 3521 quotcunque
3623 3457 3777 3502 tetra-

2210 3553 2329 3622 goni
2360 3547 2646 3614 defuerint,
2674 3546 2866 3600 totiens
2896 3560 3012 3599 eam
3044 3552 3248 3597 curtam
3277 3555 3395 3595 esse
3420 3541 3684 3594 dicemus.
3717 3537 3780 3605 Ut

2211 3644 2255 3697 si
2304 3642 2478 3695 unitas
2505 3637 2736 3691 defuerit
2766 3635 2969 3704 primus
3008 3632 3317 3702 quadratus,
3364 3639 3593 3693 curtam,
3627 3641 3778 3694 quam

2214 3732 2387 3788 Graeci
2430 3730 2655 3784 koluron
2696 3721 2910 3781 vocant.
2955 3725 3011 3781 Si
3058 3738 3186 3778 Vero
3215 3722 3421 3777 duobus
3470 3718 3778 3788 tetragonis,

2212 3824 2413 3889 deﬁcit,
2447 3821 2498 3876 id
2528 3830 2612 3875 est
2643 3820 2844 3873 unitate
2871 3826 2925 3872 et
2954 3831 3018 3870 eo
3039 3817 3127 3887 qui
3159 3815 3419 3883 sequitur,
3450 3823 3677 3865 vocatur
3708 3808 3781 3860 his

2213 3923 2383 3981 curta,
2418 3927 2573 3981 quam
2606 3909 2775 3966 Graeci
2804 3908 3083 3963 dikoluron
3112 3906 3398 3975 appellant.
3425 3902 3580 3969 Quod
3620 3901 3663 3954 si
3694 3900 3778 3952 tri-

2213 4009 2312 4063 bus
2343 4003 2653 4073 tetragonis,
2682 4010 2762 4055 ter
2784 4008 2935 4057 curta
2962 4000 3155 4053 dicitur
3176 4012 3333 4067 quant
3359 3994 3531 4048 Graeci
3564 3992 3781 4047 tricolu-

2216 4114 2313 4154 ron
2341 4102 2636 4166 nominant,
2672 4109 2727 4155 et
2765 4106 3105 4168 quotcunque
3153 4088 3413 4157 tetragoni
3448 4087 3649 4141 fuerint
3693 4082 3785 4136 mi-

2218 4206 2340 4258 nus,
2377 4191 2572 4245 totiens
2611 4191 2755 4244 illam
2784 4185 3114 4259 pyramidem
3138 4190 3341 4236 curlam
3374 4194 3496 4232 esse
3536 4175 3785 4245 proponi-

2218 4295 2357 4334 mus.
2384 4280 2495 4334 lioc
2518 4290 2694 4334 autem
2739 4294 2844 4332 non
2883 4275 3057 4329 solum
3087 4288 3116 4325 a
3159 4280 3439 4337 tetragono
3476 4263 3787 4334 pyramidis,

2220 4373 2312 4427 sed
2354 4374 2403 4428 in
2435 4372 2682 4427 omnibus
2719 4369 2787 4423 ab
2833 4365 2981 4422 omni
3029 4361 3376 4431 multiangulo
3406 4352 3786 4427 progredienti

2220 4464 2318 4518 bus
2354 4461 2615 4531 speculari
2649 4460 2790 4514 licet.

2790 4588 3014 4647 CAPUT
3054 4586 3217 4641 XXV.

2227 4686 2302 4740 De
2330 4686 2491 4751 cubis,
2525 4685 2598 4737 rel
2643 4682 2916 4744 asseribus,
2948 4679 3027 4751 vel
3064 4677 3352 4751 laterculis,
3392 4675 3467 4727 rel
3496 4676 3690 4751 cuneis,
3721 4676 3787 4724 rel

2457 4747 2747 4821 sphazricis,
2779 4759 2825 4803 et
2857 4748 3288 4817 parallelipipedis
3317 4747 3561 4798 numeris.

2296 4847 2371 4898 Ac
2394 4842 2459 4897 de
2489 4841 2674 4895 solidis
2702 4838 2911 4908 quidem
2935 4852 3053 4905 qua:
3089 4834 3376 4906 pyramidis
3409 4834 3631 4888 formam
3658 4834 3788 4886 obti-

2228 4944 2355 4988 neut
2378 4932 2655 5001 mqualiter
2676 4927 3067 5005 crescentibus,
3082 4937 3137 4981 et
3158 4940 3187 4977 a
3208 4925 3421 4994 propria
3451 4924 3591 4977 velut
3617 4924 3787 4977 radice

2227 5022 2555 5091 multianguli
2593 5021 2759 5089 ﬁgura
2797 5016 3283 5088 progredientibus,
3320 5014 3519 5069 dictum
3570 5024 3673 5068 est.
3703 5012 3788 5065 Est

2224 5118 2327 5171 alia
2358 5130 2547 5170 rursus
2572 5113 2811 5183 quaidam
2843 5123 3128 5177 corporum
3167 5107 3456 5161 solidorum
3486 5102 3789 5160 ordiuabilis

2226 5208 2563 5276 compositio,
2592 5219 2777 5259 eorum
2808 5201 2898 5271 qui
2929 5200 3177 5255 dicuntur
3202 5198 3321 5252 cubi
3351 5198 3436 5251 vel
3465 5212 3694 5257 asseres,
3716 5192 3788 5244 rtl

2225 5297 2490 5361 laterculi,
2518 5294 2601 5348 vel
2631 5293 2811 5358 cunei,
2838 5292 2921 5344 vel
2971 5289 3215 5359 spbzerzr,
3250 5287 3331 5340 vel
3357 5283 3787 5355 parallelipipedi,

2226 5403 2343 5457 quae
2393 5394 2517 5441 sunt
2561 5386 2805 5455 quotiens
2852 5382 3166 5451 superficies
3209 5392 3394 5433 contra
3443 5394 3502 5433 se
3551 5388 3703 5441 sunt,
3740 5386 3786 5429 et

2225 5478 2397 5529 ducta:
2438 5475 2489 5528 in
2537 5472 2798 5527 inﬁnitum
2829 5484 3096 5539 nunquam
3136 5479 3481 5523 concurrent.
3521 5464 3787 5535 DispOsitis

2226 5566 2369 5620 enim
2393 5566 2445 5619 in
2479 5564 2716 5620 ordinem
2746 5563 3056 5631 tetragonis,

2230 5679 2423 5691 ..ι-.-
