4022 6366
323 424 462 484 “33

1530 426 1612 481 DE
1648 421 2111 481 ARITHMETICA
2150 422 2276 477 LIB.
2316 424 2379 476 If.

3432 440 3564 486 ΠΜ

323 537 571 606 quoniam
611 534 663 589 lii
695 534 860 590 solam
892 533 1272 603 longitudinem
1308 534 1744 603 latitudinemque
1769 549 1888 586 sor-
1921 536 1969 593 Α
1996 532 2101 583 ciat
2130 530 2210 584 bis
2245 538 2351 583 tres
2376 536 2582 599 quater,
2609 530 2692 585 vel
2723 540 2803 586 ter
2835 541 3022 601 quater
3046 534 3352 603 quinquies,
3384 546 3435 591 et
3463 538 3559 596 alia

321 628 405 681 titi
437 633 582 689 sunt,
625 634 678 679 et
728 624 1006 678 altitudine
1051 632 1256 687 carent,
1296 624 1341 678 si
1372 638 1467 692 per
1510 624 1673 678 latera
1719 623 1886 677 solam

319 729 480 767 unam
507 714 997 783 multiplicationem
1018 714 1564 783 rccipiant,aequalem
1588 714 1889 782 provehunt

310 806 754 872 profunditatem.
784 804 915 859 Nam
941 814 1170 874 quatuor
1200 815 1531 875 tetragonus,
1564 805 1698 859 duos
1730 803 1889 858 habet

309 914 367 959 ,ιη
411 902 599 961 latere,
630 904 684 951 et
713 906 870 949 natus
894 905 1073 950 estex
1110 896 1192 949 bis
1229 896 1451 950 duobus.
1486 896 1573 950 Bis
1610 896 1751 950 enim
1779 895 1886 948 duo

317 996 548 1054 quatuor
585 985 799 1039 faciunt.
835 984 941 1039 llos
969 1000 1096 1054 ergo
1136 986 1271 1039 duos
1309 1000 1374 1041 ex
1421 979 1584 1055 ipsius
1628 986 1794 1040 latere
1840 985 1884 1039 si

318 1076 639 1143 multiplices
676 1077 977 1145 aequaliter,
1011 1076 1131 1131 cubi
1176 1076 1341 1130 forma
1375 1086 1641 1131 nascetur.
1675 1076 1804 1131 Nam
1839 1077 1882 1129 si

316 1165 403 1220 bis
443 1166 595 1221 binos
635 1166 715 1221 bis
763 1166 947 1231 facies,
974 1168 1240 1222 octonaria
1279 1168 1546 1237 quantitas
1591 1168 1802 1231 crescit,
1831 1175 1884 1221 et

317 1266 401 1309 est
428 1256 628 1324 primus
658 1257 743 1311 hic
767 1257 953 1312 cubes.
993 1257 1191 1311 Novem
1226 1272 1353 1311 vero
1387 1265 1716 1325 tetragonus,
1750 1271 1884 1325 quo-

276 1382 279 1383 ν
318 1348 462 1400 niam
489 1349 522 1401 '5
551 1346 708 1401 habet
744 1347 797 1401 in
829 1347 1027 1411 latere,
1055 1356 1109 1401 et
1136 1346 1304 1401 factus
1332 1356 1415 1401 est
1444 1362 1510 1400 ex
1541 1347 1711 1400 tribus
1742 1347 1793 1399 in
1822 1360 1883 1400 se

300 1432 699 1505 multiplicatis,
727 1437 773 1490 si
808 1437 948 1491 enim
978 1452 1138 1491 unam
1178 1436 1360 1492 lateris
1389 1435 1878 1505 multiplicationem

317 1529 644 1597 adjunxeris,
674 1543 859 1583 rursus
902 1528 1035 1581 alius
1079 1527 1247 1581 cubes
1276 1527 1465 1597 aequali
1500 1528 1724 1581 laterum
1764 1526 1879 1579 for-

316 1619 549 1671 matione
574 1616 783 1672 crescit.
817 1616 923 1671 Ter
948 1618 1087 1671 enim
1127 1626 1233 1670 tres
1274 1618 1317 1670 si
1360 1616 1516 1671 tertio
1543 1616 1783 1681 duxeris,
1809 1615 1878 1670 27

314 1706 441 1760 cubi
472 1706 635 1775 ﬁgura
666 1706 995 1776 producitur.
1024 1707 1086 1759 Et
1110 1706 1195 1770 l6,
1225 1708 1313 1775 qui
1343 1715 1424 1760 est
1446 1714 1508 1760 ex
1538 1708 1591 1770 4,
1619 1707 1663 1761 si
1691 1717 1880 1775 quater

313 1806 583 1867 augescat,
625 1797 896 1866 sexaginta
928 1806 1154 1866 quatuor
1187 1798 1353 1851 cubus
1390 1798 1498 1865 pari
1531 1798 1753 1851 laterum
1795 1797 1877 1851 di-

1990 619 2333 687 hujusmodi,
2386 635 2504 687 qua:
2559 636 2651 687 per
2700 623 2985 690 ina'quales
3032 624 3322 690 spatiorum
3369 629 3560 695 gradus

1987 707 2326 775 inaequaliter
2368 706 2745 774 provehantur.
2782 709 2905 764 lla'c
2943 719 3118 765 autem
3159 713 3326 766 forma
3373 713 3558 771 Graeco

1986 796 2206 849 nomine
2234 795 2481 848 scalenos
2506 804 2745 861 vocatur,
2778 813 2876 852 nos
2919 814 3045 854 vero
3067 801 3338 869 gradatam
3370 819 3559 873 possu-

1986 897 2105 937 mus
2158 882 2355 949 dicere,
2396 884 2537 950 quod
2576 900 2604 937 a
2654 886 2859 940 minore
2912 888 3070 942 modo
3117 891 3263 945 velut
3307 894 3555 961 gradibus

1984 980 2196 1026 crescat
2227 973 2294 1027 ad
2338 973 2529 1043 majus.
2564 973 2767 1029 Vocant
2813 987 2990 1031 autem
3034 981 3275 1036 eamdem
3334 985 3554 1054 ﬁguram

1986 1060 2154 1116 Graeci
2178 1062 2390 1131 quidam
2420 1064 2752 1131 sperniscou,
2786 1081 2879 1119 nos
2910 1078 3085 1122 autem
3107 1083 3331 1125 cuneum
3362 1088 3555 1141 possu-

1985 1166 2101 1204 mus
2144 1152 2343 1207 dicere.
2376 1152 2583 1206 Etenim
2629 1168 2762 1221 quos
2802 1155 2868 1209 ad
2918 1160 3207 1225 quamlibet
3250 1162 3392 1216 illam
3442 1181 3555 1220 rem

1982 1243 2444 1311 constringendam
2500 1258 2700 1299 cuneos
2744 1245 2994 1313 formant,
3040 1266 3209 1320 neque
3238 1254 3550 1323 latitudinis,

1984 1350 2155 1404 neque
2186 1336 2552 1405 longitudinis,
2575 1352 2745 1406 neque
2773 1339 3087 1404 altitudinis,
3122 1343 3297 1396 habita
3323 1347 3550 1410 ratione,
3616 1392 3621 1395 Α

1981 1434 2234 1496 quantum
2263 1427 2602 1483 commodum
2626 1429 2802 1493 fuerit,
2829 1437 3028 1483 tantum
3054 1432 3137 1485 vel
3160 1435 3420 1505 altitudini
3453 1437 3549 1489 mi-

1983 1518 2180 1582 nuitur,
2208 1517 2293 1571 vel
2325 1518 2663 1572 crassitudini
2698 1520 3070 1587 profunditatis
3108 1532 3350 1591 augetur.
3379 1526 3549 1595 Atque

1981 1605 2101 1661 ideo
2131 1606 2227 1660 hos
2273 1606 2588 1676 plerumque
2626 1623 2847 1664 necesse
2894 1620 2979 1663 est
3022 1600 3266 1668 om'nibus
3311 1616 3548 1682 portibus

1980 1694 2327 1765 inaequalibus
2358 1698 2607 1752 inveniri.
2639 1698 2862 1764 Quidam
2886 1714 3014 1754 vero
3047 1702 3142 1754 hos
3171 1702 3435 1759 bomiscos
3457 1720 3548 1761 vo-

1979 1794 2122 1849 cant,
2154 1786 2205 1839 id
2232 1796 2314 1841 est
2343 1790 2597 1855 quasdam
2642 1789 2822 1843 arulas
2863 1804 2981 1857 qua:
3009 1790 3062 1843 iu
3104 1792 3275 1847 ionica
3327 1794 3548 1851 Graecia:

313 1889 591 1942 mensione
619 1888 957 1951 crassabitur,
972 1897 1027 1941 et
1051 1895 1335 1956 sequentes
1356 1888 1566 1956 quidem
1592 1889 1870 1956 letragoni,

1978 1875 2195 1945 regione
2244 1878 2333 1946 (ut
2377 1875 2453 1930 ait
2503 1877 2892 1947 Nicomachus)
2940 1879 3042 1934 hoc
3094 1882 3253 1936 modo
3306 1883 3545 1941 formata:

310 1977 603 2033 secundum
616 1976 859 2032 eumdem
876 1977 1115 2043 modum,
1133 1977 1567 2047 multiplicatione
1580 1977 1736 2045 facta,
1754 1994 1875 2044 pro-

310 2068 597 2123 vehuntur.
622 2068 719 2122 Tot
751 2078 925 2122 autem
960 2082 1181 2123 necesse
1209 2075 1291 2123 est
1319 2069 1549 2123 unitates
1583 2069 1750 2123 cubus
1781 2070 1871 2122 ha-

288 2156 431 2212 beat
460 2158 510 2211 iu
540 2158 725 2221 latere,
757 2166 885 2226 quot
912 2158 1099 2224 habuit
1130 2157 1331 2226 primus
1357 2158 1445 2213 ille
1475 2167 1781 2227 tetragonus
1806 2171 1871 2211 ex

306 2262 415 2317 quo
444 2249 557 2317 ipse
596 2246 880 2317 productus
919 2256 1019 2302 est.
1057 2248 1189 2301 Nam
1214 2247 1464 2317 quoniam
1496 2246 1527 2299 ι
1567 2256 1873 2315 tetragonus

305 2339 443 2393 duos
485 2348 688 2394 tantum
720 2353 971 2393 numeros
1001 2338 1160 2393 habet
1188 2338 1252 2393 in
1284 2338 1471 2404 latere,
1499 2338 1631 2393 duos
1660 2352 1873 2407 quoque

305 2426 470 2482 habet
493 2427 797 2482 octonarius
828 2427 1015 2493 cubes,
1054 2435 1110 2481 et
1139 2427 1385 2495 quOniam
1419 2441 1611 2480 novem
1641 2435 1871 2495 tetrago-

298 2535 407 2574 nus
476 2520 643 2574 tribus
693 2534 789 2589 per
842 2516 984 2573 latus'
1030 2518 1319 2573 unitatibus
1370 2518 1711 2587 ﬁgurabatur,
1753 2517 1871 2573 solo

300 2612 540 2666 ternario
566 2612 633 2664 27
660 2610 780 2665 cubi
805 2611 940 2663 latus
972 2618 1208 2679 urgetur.
1240 2608 1306 2664 Et
1335 2608 1589 2678 quoniam
1625 2608 1688 2663 16
1712 2617 1872 2663 tetra-

301 2716 475 2769 gonus
512 2710 738 2770 quatuor
781 2700 1042 2754 unitatum
1095 2700 1233 2754 latus
1274 2700 1519 2765 habebat,
1551 2699 1769 2755 totidem
1803 2701 1872 2755 64

278 2790 473 2845 cubus
502 2790 552 2844 in
579 2790 741 2845 latere
779 2790 1005 2859 gestabit
1050 2789 1300 2844 unitatcs.
1330 2788 1504 2855 Quare
1542 2791 1701 2845 etiam
1744 2790 1793 2844 vi
1817 2799 1873 2845 et

280 2889 567 2951 .potestate
608 2881 751 2946 cubi,
780 2882 921 2951 quod
958 2891 1038 2935 cst
1065 2882 1263 2947 unitas,
1295 2896 1430 2936 unus
1456 2883 1558 2937 erit
1588 2884 1638 2936 in
1679 2884 1865 2939 latere.

276 2971 488 3036 -Umnis
521 2972 663 3050 enim
706 2980 1012 3041 tetragonus
1045 2987 1145 3026 uua
1184 2972 1401 3041 quidem
1439 2974 1746 3042 superficie;
1788 2985 1870 3029 est

278 3069 528 3129 quatuor
554 3060 894 3130 angulorum,
923 3061 1251 3129 totidemque
1286 3060 1530 3116 laterum.
1565 3061 1748 3116 Omnis
1771 3078 1867 3116 au-

298 3161 411 3204 tem
441 3150 606 3204 cubus
635 3150 721 3219 qui
753 3165 817 3204 ex
848 3160 1244 3220 tetragonorum
1270 3151 1551 3219 superﬁcie
1575 3153 1627 3207 iu
1655 3153 1867 3221 profun.

1978 1966 2208 2033 fuerunt,
2243 1977 2298 2020 ut
2336 1983 2506 2036 neque
2533 1969 2757 2023 altitudo
2782 1970 3069 2037 latitudini,
3104 1988 3270 2043 neque
3300 1975 3412 2030 haec
3438 1978 3544 2030 lon-

1974 2055 2195 2124 gitudini
2217 2060 2588 2111 convenirent.
2618 2058 2849 2114 Vocatur
2876 2071 3054 2115 autem
3082 2063 3202 2117 aliis
3228 2065 3544 2132 quibusdam

1976 2146 2299 2211 nominibus,
2328 2162 2447 2215 qua:
2468 2163 2619 2212 ,nunc
2652 2150 2900 2219 prosequi
2932 2166 3314 2219 supervacuum
3342 2156 3544 2224 judica-

1975 2252 2112 2292 mus.
2153 2238 2311 2307 Igitur
2353 2240 2473 2292 cubi
2503 2242 2795 2309 mqualilius
2844 2244 3030 2311 spatiis
3061 2259 3119 2299 se
3160 2248 3545 2315 porrigentibus

1972 2336 2028 2382 et
2056 2327 2212 2396 hujus
2243 2327 2447 2393 formm.
2471 2345 2625 2398 quam
2651 2330 2909 2398 diximus,
2932 2334 3149 2401 gradata
3176 2336 3546 2391 distributione

1975 2420 2254 2488 disposita,
2286 2421 2600 2477 medietates
2625 2435 2768 2489 sunt,
2800 2442 2916 2493 qua:
2948 2443 3122 2496 neque
3150 2431 3359 2485 cunctis
3389 2433 3548 2499 parti-

1974 2510 2071 2565 bus
2111 2510 2342 2579 aeqnales
2382 2522 2525 2577 sunt,
2568 2529 2741 2583 neque
2779 2516 3028 2572 omnibus
3071 2518 3381 2588 inaequales,
3411 2537 3546 2590 quos

1973 2600 2146 2656 Graeci
2177 2604 2650 2673 paralleSepipedos
2688 2608 3087 2663 vocant..Latini
3119 2626 3311 2666 nomen
3345 2613 3446 2667 hoc
3476 2614 3545 2668 ita

1974 2692 2312 2750 uniformiter
2324 2695 2673 2763 compositum
2690 2696 2886 2753 habere
2907 2715 3008 2753 non
3032 2711 3269 2768 possunt.
3286 2702 3352 2757 Ut
3374 2712 3546 2757 tamen

1938 2778 2111 2839 'idem
2140 2784 2380 2854 pluribus
2423 2785 2622 2841 dictum
2672 2788 2763 2852 sit,
2811 2803 2871 2841 ea
2917 2804 3147 2859 namque
3192 2792 3290 2845 hoc
3334 2794 3546 2846 nomine

1971 2884 2191 2929 vocatur
2221 2874 2406 2943 ﬁgura,
2437 2891 2555 2945 qua:
2597 2877 2899 2931 alternatim
2948 2879 3134 2947 positis
3182 2880 3545 2936 latitudinibus

1971 2964 2299 3020 eutttinetur.

2530 3137 2760 3192 CAPU'I‘
2806 3139 2991 3196 XXVI.

296 3240 519 3295 ditatem
562 3240 803 3310 corporis
833 3241 1016 3303 crevit,
1063 3256 1156 3309 per
1188 3241 1450 3311 tetragoni
1482 3242 1685 3298 scilicet
1734 3243 1868 3297 latus
1893 3230 1943 3293 C
1975 3243 2048 3297 De
2072 3253 2215 3315 parte
2260 3245 2420 3300 alitro
2464 3247 2778 3317 longioribus
2821 3260 3061 3328 numeris,
3095 3258 3543 3328 antelongioribus,

296 3330 708 3400 multiplicatus,
742 3330 959 3385 habebit
986 3330 1540 3400 quidemsupetﬁcies
1567 3335 1616 3395 6,
1646 3349 1867 3401 quarum

294 3422 507 3491 singula
552 3421 825 3492 planitudo
858 3432 1134 3491 tetragono
1176 3422 1251 3476 illi
1298 3423 1459 3491 priori
1500 3426 1722 3492 aequalis
1766 3435 1867 3480 est.

297 3513 492 3566 Latera
523 3527 650 3566 vero
679 3512 763 3575 12,
820 3526 1047 3581 quorum
1083 3513 1493 3581 unumquodque
1523 3514 1749 3583 singulis
1789 3514 1871 3568 his

294 3616 418 3671 qua:
464 3603 753 3670 superioris
798 3601 945 3656 fuere
994 3603 1250 3671 letragoui
1300 3618 1508 3671 arquum
1560 3613 1663 3667 est,
1697 3614 1781 3668 et,
1818 3615 1872 3657 ut

293 3690 540 3761 superius
587 3691 1087 3755 demonstravimus,
1124 3703 1201 3746 tot
1246 3695 1504 3747 unitatem
1541 3705 1639 3748 εει.
1691 3698 1871 3763 Angu-

295 3782 381 3837 los
423 3796 550 3837 vero
591 3783 643 3846 8,
676 3798 898 3851 quorum
930 3783 1170 3852 singulus
1214 3784 1314 3838 sub
1356 3785 1525 3838 tribus
1565 3784 1869 3852 hujusmoui

291 3872 623 3938 continetur,
665 3875 845 3943 quales
883 3880 1088 3942 priores
1130 3874 1278 3928 fuere
1322 3876 1579 3944 tetragoni
1611 3878 1749 3929 unde
1779 3893 1869 3930 cu-

292 3964 396 4016 bus
429 3964 540 4031 ipse
571 3965 857 4032 productus
895 3974 996 4019 est.
1032 3965 1169 4034 Ergo
1209 3980 1278 4019 ex
1311 3967 1622 4020 naturaliter
1652 3968 1869 4036 profuso

292 4067 555 4118 numero,
586 4052 675 4122 qui
708 4054 758 4107 in
800 4053 1035 4121 subjecta
1068 4055 1233 4108 forma
1274 4055 1524 4124 descripti
1556 4066 1711 4119 sunt,
1742 4062 1867 4111 sub-

291 4141 422 4211 jecti
455 4144 710 4212 tetragoni
761 4155 1079 4207 nascuntur,
1110 4154 1164 4199 et
1195 4162 1259 4199 ex
1313 4146 1394 4199 his
1442 4147 1726 4217 tetragonis
1777 4151 1863 4217 qui

292 4233 564 4286 subnotati
596 4245 718 4287 sunt
748 4234 868 4287 cubi
901 4236 1281 4302 provehuntur.

826 4323 1070 4373 Numerus
1094 4326 1342 4375 naturalis.

415 4424 907 4505 ᾼῌΙίδ
985 4427 1181 4503 141
1259 4424 1751 4505 δΙῨῘῆἿ

947 4542 1228 4602 'l’etragoni.

299 4411 672 4423 .—_—___

1013 4760 1148 4808 Cubi.

289 4975 366 5027 Et
384 4975 630 5041 quoniam
648 4973 824 5026 omnis
836 4973 1003 5027 cubus
1018 4972 1084 5027 ab
1106 4972 1432 5041 aequilateris
1446 4971 1717 5040 quadratis
1746 4986 1859 5038 pro-

282 5066 483 5129 fectus,
500 5080 682 5133 aequus
713 5065 828 5133 ipse
848 5065 1092 5120 omnibus
1112 5064 1352 5132 partibus
1372 5072 1484 5128 est,
1514 5078 1635 5115 nam
1664 5071 1715 5115 et
1743 5063 1861 5115 lati-

284 5156 459 5210 tudini
479 5156 773 5224 longitudo,
795 5156 1163 5211 ethisduobus
1192 5156 1411 5225 compar
1436 5164 1521 5211 est
1543 5154 1787 5219 altitudo,
1806 5162 1860 5209 et

285 5247 578 5299 secundum
594 5260 683 5299 sex
700 5256 898 5315 partes,
916 5246 963 5299 id
979 5256 1053 5301 est
1070 5260 1302 5309 sursum,
1317 5247 1587 5309 deorsum,
1615 5245 1855 5307 dex‘era,

281 5338 522 5401 sinistra,
553 5347 696 5400 ante,
726 5345 866 5405 p03t,
908 5338 1004 5391 sibi
1036 5339 1292 5405 aequalem
1323 5352 1441 5391 esse
1470 5351 1693 5391 necesse
1734 5345 1814 5389 est
1840 5352 1853 5389 :

282 5428 409 5481 huic
452 5427 751 5495 oppositum
811 5429 1242 5495 contrariumque
1282 5442 1406 5482 esse
1447 5428 1735 5496 oportebit,
1769 5426 1855 5493 qui

283 5532 460 5586 neque
490 5517 869 5585 longitudinem
901 5519 1185 5581 latitudini,
1232 5534 1406 5586 neque
1453 5519 1566 5571 haec
1593 5518 1698 5569 duo
1727 5532 1855 5583 pro-

280 5610 531 5662 funditati
579 5619 727 5679 gerat
774 5611 1019 5678 mqualia,
1071 5610 1161 5664 sed
1213 5609 1418 5663 cunctis
1467 5607 1854 5674 inaequalibus,

277 5700 529 5770 quamvis
565 5699 730 5753 solida
765 5700 925 5769 ﬁgura
957 5700 1044 5762 sit,
1070 5702 1134 5753 ah
1165 5700 1468 5767 mqualitatc
1502 5698 1619 5752 cubi
1652 5698 1853 5767 longis-

279 5789 417 5842 sime
445 5788 645 5844 distare
674 5789 934 5843 videatur.
971 5791 1029 5843 lli
1062 5799 1239 5844 autem
1282 5798 1399 5845 sunt
1421 5833 1433 5851 ,
1469 5798 1525 5843 ut
1560 5790 1602 5843 si
1634 5790 1749 5855 quis
1781 5791 1852 5841 fa-

1894 4587 1946 4644 D

2396 3334 2669 3388 eorumque
2695 3323 3115 3391 generationibus.

2044 3448 2355 3519 Htijusmodi
2383 3464 2510 3504 vero
2552 3451 2749 3505 formas
2780 3454 2965 3522 quales
2994 3466 3116 3509 sunt
3141 3473 3261 3526 qua:
3290 3472 3544 3516 vocantur

1971 3553 1999 3591 a
2030 3540 2229 3595 Gra'cis
2276 3542 2676 3608 heteromikt-is,
2716 3560 2813 3597 nus
2856 3546 3032 3599 dicere
3066 3562 3348 3615 possumus
3400 3562 3545 3619 parte
3592 3608 3615 3631 ο

1970 3630 2138 3684 altera
2170 3630 2455 3699 longiores,
2482 3647 2704 3700 quarum
2739 3635 3023 3703 ﬁgurarum
3053 3653 3307 3693 numerus
3333 3657 3545 3712 quoque

1974 3720 2072 3772 l.oc
2102 3719 2259 3773 modo
2289 3720 2631 3775 difﬁniendus
2676 3733 2775 3776 est.
2813 3724 2970 3779 Parte
3012 3727 3181 3781 altera
3217 3730 3425 3800 longior
3468 3744 3545 3791 est

1972 3825 2255 3873 numerus,
2288 3826 2442 3877 quem
2482 3812 2524 3864 si
2557 3812 2606 3864 in
2654 3813 2989 3869 latitudinem
3021 3816 3314 3885 describas,
3348 3834 3399 3875 et
3435 3825 3545 3891 ipso

1972 3897 2183 3965 quidem
2212 3900 2244 3952 4
2272 3900 2513 3968 provenit
2539 3902 2759 3954 laterum
2796 3914 2849 3955 et
2878 3904 2909 3955 4
2940 3905 3276 3973 angulorum,
3307 3910 3399 3963 sed
3441 3926 3545 3965 noa

1973 3987 2176 4041 cum-tis
2225 3989 2538 4057 atqualibus,
2571 3990 2663 4043 sed
2708 4006 2920 4060 semper
2945 3992 3121 4048 minus
3150 4011 3274 4050 uno.
3308 3998 3544 4068 Namque

1975 4092 2073 4132 nec
2109 4079 2270 4133 latera
2304 4080 2582 4145 lateribus,
2624 4091 2813 4135 cuncta
2856 4085 3062 4137 cunctis
3094 4101 3241 4154 :cqua
3274 4098 3417 4153 sunt,
3449 4105 3544 4144 nec

1976 4168 2289 4238 longitudini
2337 4170 2578 4234 latitudo,
2611 4170 2703 4224 sed
2738 4172 2829 4239 (ut
2865 4172 3062 4227 dictum
3094 4175 3209 4244 est)
3253 4192 3372 4231 cum
3423 4180 3543 4233 hinc

1973 4260 2139 4313 altera
2171 4275 2293 4329 pars
2321 4261 2491 4328 major
2530 4261 2706 4329 fuerit,
2738 4277 2845 4316 uno
2876 4272 3077 4317 tantum
3107 4268 3367 4322 minorem
3412 4286 3543 4339 pra:-

1970 4349 2115 4404 cedit
2159 4366 2223 4404 ac
2266 4360 2503 4419 superat.
2529 4354 2581 4406 Si
2626 4354 2766 4406 enim
2806 4371 3082 4411 numerum
3114 4361 3407 4415 naturalem
3440 4364 3543 4416 dis-

1971 4456 2137 4508 ponas
2185 4442 2237 4493 in
2268 4442 2531 4507 ordinem,
2568 4452 2621 4497 et
2651 4445 2942 4499 secundum
2981 4462 3075 4515 per
3108 4450 3333 4516 primum
3368 4454 3543 4507 multi-

1970 4529 2156 4596 plices,
2183 4532 2299 4583 talis
2346 4544 2591 4585 nascetur
2622 4548 2910 4597 numerus;
2935 4539 3015 4590 vel
3044 4540 3088 4591 si
3129 4541 3420 4596 secundum
3453 4558 3543 4612 per

1973 4618 2183 4671 tertium
2206 4659 2220 4683 ,
2258 4619 2336 4672 vel
2367 4619 2410 4671 si
2444 4622 2655 4673 tertium
2691 4637 2782 4688 per
2814 4634 3081 4690 quartum,
3114 4628 3197 4682 vel
3226 4630 3268 4682 si
3299 4642 3544 4699 quartum

1974 4721 2069 4772 per
2096 4707 2360 4775 quintum,
2383 4722 2675 4777 omnesque
2693 4711 2742 4763 hi
2762 4712 2962 4767 unitate
2987 4723 3187 4770 tantum
3212 4720 3389 4773 addita
3417 4725 3545 4775 mul-

1973 4797 2292 4865 tiplicentur,
2328 4811 2788 4869 nascunturparte
2826 4804 2989 4858 altera
3040 4807 3324 4878 longiores.
3359 4813 3545 4880 Dispo-

1972 4898 2130 4939 natur
2160 4887 2301 4941 enim
2333 4904 2587 4945 numerus
2611 4894 2885 4947 naturalis.

2087 5016 3422 5104 Itiaisim

1970 5152 2035 5204 Et
2062 5163 2184 5205 tunc
2215 5154 2427 5222 quidem
2462 5157 2737 5212 hactenus.
2772 5161 2824 5213 Si
2856 5164 2974 5230 quis
3004 5163 3159 5231 igitur
3186 5164 3341 5217 faciat
3375 5181 3540 5217 unum

1966 5242 2070 5309 bis,
2103 5243 2262 5297 faciet
2291 5245 2416 5300 duo.
2452 5247 2516 5301 Et
2550 5265 2731 5303 rursus
2761 5252 2840 5303 bis
2866 5262 2972 5304 tres
2994 5252 3151 5306 faciet
3181 5254 3234 5316 6,
3256 5261 3336 5306 ter
3355 5262 3543 5321 quater

1966 5331 2126 5386 faciet
2168 5334 2254 5400 12,
2289 5345 2477 5402 quater
2506 5338 2539 5391 5
2564 5338 2719 5393 faciet
2749 5339 2838 5403 9.0,
2871 5350 2924 5393 et
2956 5340 3056 5394 hoc
3098 5343 3254 5394 modo
3298 5343 3363 5395 ad
3396 5357 3542 5396 eum-

1964 5424 2084 5477 dem
2114 5426 2376 5479 ordinem.
2408 5428 2719 5498 Quicunque
2754 5430 2913 5498 igitur
2958 5431 3026 5482 ita
3061 5430 3186 5484 facti
3232 5441 3374 5496 sunt,
3420 5449 3543 5501 pro-

1964 5515 2287 5570 creabuntur
2335 5527 2482 5585 parte
2528 5519 2694 5572 altera
2747 5519 3033 5586 longiores,
3065 5528 3120 5571 ut
3164 5520 3400 5587 subjecta
3446 5522 3545 5574 de:

1961 5610 2178 5679 seriptio
2199 5611 2375 5665 docet.
2402 5613 2455 5665 In
2483 5627 2606 5679 qua,
2635 5626 2700 5665 ex
2724 5611 2914 5678 quibus
2939 5612 3173 5663 numeris
3201 5612 3536 5679 multiplicati

1966 5708 2257 5770 nascuntur
2284 5709 2431 5768 parte
2460 5701 2625 5752 altera
2653 5700 2939 5767 longiores,
2968 5712 3124 5767 supra
3154 5701 3368 5769 ascripti
3394 5712 3533 5757 sunt.

1962 5792 2059 5856 Qui
2086 5808 2209 5845 vero
2234 5801 2535 5846 nascantur.
2569 5790 2832 5843 subtcrius
2865 5789 3151 5843 sulmotali.
