4022 6366
543 507 984 600 Δ,1121
1118 497 1980 579 5141516

661 615 690 661 ε
963 614 993 658 11
1257 606 1312 652 ιε.»
1558 602 1617 649 20
1858 600 1918 647 so

867 711 883 758 1
1074 687 2004 755 1111111111111

1173 764 2008 892 1,111111“H

872 899 888 946 ί
1077 897 1094 945 ¹
1477 845 2008 976 “H1iiii

567 965 586 1012 ί
773 963 793 1010 ί
1175 963 2007 1056 111ίίίιιιιιι

659 1167 662 1169 _
874 1097 889 1145 1
1081 1084 2007 1145 1111111111111

1060 1237 1284 1293 CAPUT
1331 1227 1558 1287 XXVII.

518 1340 587 1394 De
631 1333 1054 1405 antelongioribus
1103 1328 1367 1405 numeris,-
1396 1333 1439 1378 et
1479 1323 1567 1405 .de.
1598 1321 1838 1373 vocabulo
1886 1317 2079 1372 numeri

988 1411 1128 1469 parte
1161 1399 1324 1451 aL'era
1352 1393 1618 1464 longioris.

582 1501 721 1568 Ergo
748 1498 790 1551 si
822 1497 888 1550 ab
917 1495 1118 1547 unitate
1145 1499 1345 1544 tantum
1375 1486 1678 1553 discrepent
1704 1481 1794 1550 qui
1827 1479 2079 1546 multipli-

520 1601 718 1649 cantur.
768 1571 1019 1655 descripti
1061 1582 1308 1650 superius
1354 1576 1557 1632 numeri
1589 1572 1988 1643 protendentur.
2028 1570 2080 1623 Si

521 1697 644 1736 vero
667 1681 844 1747 aliquo
874 1688 1117 1736 numero,
1151 1682 1208 1725 ut
1240 1680 1321 1724 ter
1351 1676 1576 1736 septem,
1607 1664 1690 1718 vel
1723 1673 1802 1716 ter
1830 1661 2078 1730 quinque,
2125 1691 2135 1696 -

522 1773 602 1826 vel
632 1771 812 1837 aliquo
835 1766 992 1820 modo
1034 1763 1160 1827 alio,
1183 1774 1232 1816 et
1261 1775 1364 1813 non
1391 1771 1578 1813 eorum
1609 1754 1774 1808 latera
1821 1752 1934 1806 sola
1979 1751 2084 1802 dis-

524 1869 741 1930 crepent
780 1860 980 1912 unitate
1002 1896 1015 1919 ,
1050 1869 1153 1908 non
1197 1851 1476 1906 vocabitur
1525 1847 1612 1900 bic
1657 1856 1912 1897 numerus
1943 1849 2087 1907 parte
2120 1817 2165 1876 Β

524 1929 682 2008 altera
730 1951 952 2019 longior,
981 1945 1072 2001 sed
1108 1940 1458 2011 antelongior.
1491 1938 1729 1991 Alterum
1773 1931 1916 2000 enim
1949 1929 2088 1998 apud

524 2043 878 2113 Pythagoram
925 2036 1006 2092 vel
1055 2034 1331 2102 sapientia:
1366 2031 1484 2098 ejus
1533 2025 1796 2088 lucredes,
1845 2021 1975 2075 nulli
2007 2018 2091 2070 alii

526 2111 624 2187 nisi
671 2138 870 2187 tantum
926 2126 1130 2182 binario
1181 2121 1568 2177 ascribebatur.
1618 2117 1770 2171 Hunc
1815 2111 2094 2167 alteritatis

527 2224 842 2292 principium
874 2234 996 2275 e-‘se
1022 2217 1289 2271 dicebant.
1325 2211 1579 2267 Eamdem
1621 2215 1797 2261 autem
1829 2213 2094 2265 naturam.

527 2323 581 2368 et
618 2326 829 2381 semper
876 2308 975 2364 sibi
1022 2305 1250 2361 similem
1297 2301 1848 2364 consentientetnque,
1896 2294 2094 2347 nullam

529 2405 682 2458 aliam
714 2402 814 2456 nisi
848 2399 1155 2469 primaevam
1189 2395 1658 2463 ingeneratamque
1703 2386 1978 2440 unitatem.
2016 2383 2098 2435 Bi-

528 2496 708 2551 narius
729 2506 904 2548 autem
937 2503 1209 2552 numerus,
1243 2485 1448 2554 primus
1475 2489 1558 2538 est
1587 2481 1772 2535 unitati
1801 2477 2095 2540 dissimilis,

529 2590 728 2645 idcirco
773 2584 912 2654 quod
958 2583 1160 2652 primus
1199 2579 1268 2633 ab
1312 2578 1512 2631 unitate
1559 2572 1905 2642 disjungitur,
1940 2579 1994 2622 at
2036 2585 2100 2621 ue

531 2680 648 2734 ideo
695 2673 973 2729 alteritatis
1018 2667 1293 2739 cujusdam
1324 2663 1646 2735 principium
1697 2660 1814 2725 fuit,
1864 2659 2002 2728 quod
2035 2657 2102 2708 ab

532 2771 619 2825 illa
651 2767 816 2837 prima
857 2775 910 2818 et
938 2776 1154 2831 semper
1191 2758 1375 2812 eadem
1417 2755 1731 2818 substantia,
1756 2753 1865 2806 sola
1897 2739 2111 2804 tantm?

533 2870 615 2917 est
641 2860 842 2914 unitate
863 2853 1158 2911 dissimilis.
1187 2851 1375 2905 Merito
1395 2862 1531 2918 ergo
1554 2846 1798 2900 dicentur
1823 2842 1877 2896 hi
1896 2841 2100 2896 numeri

533 2961 683 3022 parte
712 2950 877 3002 altera
910 2944 1196 3014 longiores,
1227 2939 1366 3010 quod
1397 2951 1584 2994 eorum
1607 2936 1773 3014 latera
1803 2933 1958 2986 unius
1994 2943 2104 2982 tan-

535 3053 645 3096 tum
669 3052 788 3092 sese
817 3035 1018 3105 adjecta
1052 3009 1434 3086 numeresitate
1465 3009 1791 3095 praecedunt.
1811 3023 2105 3091 Argumen-

536 3143 645 3188 tum
682 3140 764 3186 est
800 3141 974 3182 au‘em
1025 3123 1344 3178 alteritatem
1376 3121 1433 3174 in
1485 3118 1690 3172 binario
1721 3129 1942 3169 numero
1967 3113 2106 3180 jiisIe

537 3222 782 3277 constitui
814 3261 828 3283 ,
863 3216 1002 3286 quod
1045 3229 1148 3268 non
1192 3211 1386 3266 dicitur
1429 3210 1654 3263 alterum
1697 3206 1798 3260 nisi
1835 3219 1865 3258 e
1903 3204 2108 3256 duolms

537 3312 604 3366 ab
639 3311 720 3364 his
755 3311 805 3362 in
837 3320 971 3376 quos
1013 3305 1150 3358 bene
1198 3300 1446 3371 loquendi
1479 3299 1614 3352 ratio
1660 3312 1763 3350 non
1807 3295 2105 3364 negligitur.

540 3401 780 3469 Amplius
823 3400 962 3466 quod
1016 3397 1186 3460 impar
1227 3405 1502 3455 numerus,
1544 3390 1659 3443 sola
1689 3389 1892 3441 unitate
1935 3383 2108 3452 perﬁci

542 3498 868 3546 monstratus
908 3494 990 3542 est
1011 3530 1024 3554 ,
1060 3499 1152 3554 par
1193 3498 1320 3538 vero
1350 3482 1461 3535 sola
1493 3479 1766 3540 dualitate,
1798 3476 1850 3530 id
1881 3484 1961 3530 est
2000 3478 2114 3526 suto

545 3581 748 3638 binario
780 3593 1022 3634 numero.
1039 3577 1168 3630 Nam
1191 3575 1551 3643 cujuscunque
1573 3569 1828 3623 medietas
1853 3575 1932 3620 est
1955 3582 2109 3624 tl'tt;S.

546 3674 638 3728 ille
655 3673 822 3741 impar
844 3681 944 3736 est,
961 3669 1112 3736 cujus
1130 3681 1255 3719 vero
1277 3665 1330 3730 9.,
1357 3664 1444 3717 hic
1463 3660 1684 3730 paritate
1706 3646 1941 3726 recepta,
1959 3657 2009 3707 in
2032 3672 2114 3720 ge-

547 3767 688 3818 mina
722 3777 870 3831 aequa
897 3758 1232 3828 disjungitur.
1251 3741 1426 3822 Quare
1452 3751 1738 3808 dicendum
1755 3756 1838 3804 est
1861 3749 2041 3816 impari
2064 3763 2112 3798 ιιι

549 3872 848 3921 numerum,
874 3851 1110 3923 ejusdem
1137 3849 1368 3919 atquein
1402 3841 1502 3901 sua‘
1529 3861 1588 3899 se
1633 3851 1820 3896 natura
1861 3843 2115 3898 tenentis.

545 3947 994 4013 lmmntaliilisque
1028 3941 1342 3998 substantiae
1385 3952 1503 3993 esse
1535 3935 1843 4005 participem
1874 3975 1887 3997 ,
1921 3932 2118 3985 idcirco

551 4040 686 4110 quod
711 4039 776 4092 ab
791 4038 989 4091 unitate
1007 4035 1281 4097 formetur,
1303 4045 1481 4099 parem
1503 4043 1650 4088 vero.
1665 4026 1884 4079 alterius
1905 4027 2116 4092 plenum

555 4146 668 4187 isse
696 4137 915 4188 uatum,
942 4125 1138 4179 idcirco
1165 4121 1304 4190 quod
1329 4136 1356 4173 a
1378 4119 1630 4173 dualitate
1655 4114 1952 4183 completur
2003 4171 2012 4175 _

1099 4233 1321 4290 CAPUT
1357 4229 1591 4286 XXVIII.

556 4332 700 4400 Quod
731 4348 794 4385 ea:
830 4327 1104 4400 imparibus
1125 4322 1493 4400 quadrantem
1540 4321 1740 4388 paribus
1779 4329 1922 4386 parte
1960 4319 2121 4369 altera

1114 4391 1370 4463 leugiores
1393 4391 1538 4460 ﬁant.

623 4493 690 4546 At
731 4505 856 4545 vero
888 4486 1072 4556 pos1tis
1113 4486 1163 4538 in
1197 4482 1440 4536 ordinem
1479 4479 1548 4532 ab
1577 4479 1779 4533 unitate
1809 4478 2116 4545 imparibus.
2149 4516 2202 4575 υ

556 4590 608 4637 et
628 4581 726 4634 sub
753 4580 834 4633 bis
859 4595 886 4631 a
917 4578 1168 4631 dualitate
1210 4572 1423 4641 paribus
1457 4569 1760 4638 descriptis,
1788 4569 2122 4622 coacervatio

555 4673 840 4742 imparium
868 4679 1170 4738 tetragonos
1202 4665 1343 4726 facit,
1375 4660 1713 4716 coacervatio
1741 4659 1948 4728 parium
1973 4673 2124 4723 supe-

557 4764 724 4817 riores
754 4760 912 4815 efﬁcit
942 4767 1090 4826 parte
1129 4757 1293 4810 altera
1325 4754 1614 4823 longiores.
1644 4751 1840 4817 Quare,
1874 4749 2121 4815 quoniam

558 4861 952 4920 tetragonorum
1003 4847 1114 4899 haec
1160 4855 1344 4898 natura
1380 4852 1482 4906 est,
1527 4849 1582 4894 ut
1620 4846 1675 4892 ct
1715 4838 1784 4892 ab
1832 4836 2124 4904 imparibus

557 4950 946 5013 procreentur,
993 4937 1079 5004 qui
1121 4943 1245 4987 sunt
1316 4932 1533 4986 unitatis
1576 4928 1896 5000 participes,
1951 4925 1999 4978 id
2045 4935 2126 4978 est

557 5038 795 5107 ejusdem
828 5028 1279 5094 immutabilisque
1305 5022 1636 5090 substant'm,
1667 5019 1979 5086 cunctisque
2009 5033 2126 5085 pir-

559 5129 700 5183 tibus
738 5125 849 5178 suis
879 5119 1110 5189 :equalcs
1139 5118 1264 5176 sint.
1303 5115 1442 5183 quod
1491 5120 1545 5168 et
1585 5110 1762 5181 anguli
1798 5108 2042 5175 angulis.
2077 5118 2128 5157 et

559 5219 724 5274 latera
752 5212 1023 5275 lateribus,
1057 5216 1111 5262 et
1147 5203 1462 5273 longitudini
1504 5215 1722 5269 compar
1758 5206 1841 5252 est
1879 5197 2124 5260 Iattudo,

559 5305 844 5362 dicendum
876 5308 957 5356 est
1003 5285 1300 5365 bujusmodi
1351 5303 1601 5346 numeros
1645 5286 1882 5356 ejusdem
1932 5296 2130 5338 natum

559 5409 718 5468 atque
762 5388 1104 5448 immutabilis
1130 5382 1447 5440 substantia:
1496 5378 1802 5448 participes.
1849 5374 1975 5428 Illos
2006 5388 2132 5426 vero

563 5501 834 5549 numeros.
873 5497 1007 5552 quos
1040 5487 1187 5547 parte
1230 5476 1397 5529 altera
1440 5471 1708 5539 longiores
1738 5469 1936 5537 paritas
1965 5475 2129 5526 creat,

563 5579 782 5634 alterius
799 5575 1037 5628 dicemus
1051 5583 1170 5624 esse
1183 5562 1514 5622 substantiae.
1533 5560 1662 5614 Nam
1685 5557 2132 5626 quemadmodum

569 5683 703 5721 unus
730 5681 759 5718 a
783 5663 985 5717 duobus
1009 5675 1116 5714 uno
1146 5665 1350 5711 tantum
1370 5653 1504 5707 alter
1531 5659 1634 5713 est,
1659 5649 1734 5702 sic
1757 5649 1943 5701 borum
1973 5648 2132 5698 latera

574 5770 602 5807 a
633 5770 688 5808 se
721 5763 919 5807 tantum
961 5766 1067 5804 uno
1114 5757 1237 5803 sunt
1285 5746 1471 5802 altera.
1503 5754 1554 5798 et
1600 5756 1702 5797 una
1738 5747 1937 5794 tantum
1983 5737 2133 5790 dilic—

1718 365 1826 419 AN.
1871 356 2076 418 MANL.
2120 350 2270 413 BEV.
2314 347 2536 408 BOETII

2103 471 2147 532 Α
2179 478 2298 522 runt
2328 464 2736 528 unitate.Quare
2761 457 3104 522 1|i~ponautnr
3134 439 3440 505 inordincnt
3471 459 3654 498 omnes
3677 447 3734 496 ab

3614 329 3634 381 I
3653 327 3733 381 I36

2173 571 2280 609 uno
2310 556 2557 619 impares.
2591 559 2642 602 et
2665 548 2761 598 Sub
2787 545 3063 596 |1i5111nnes
3077 557 3103 591 ιι
3121 539 3731 600 binarionntneropares.

2292 643 2588 736 1"“‘1
2477 661 2485 734 1
2563 641 2690 736 εἰ·
2753 634 2968 728 Γπ
3044 659 3053 724 ι
3129 659 3158 701 υ
3238 634 3440 721 ι·ιι““ι
3503 647 3560 693 ιδ
3625 640 3636 714 1

2857 713 2865 728 Ι
3044 713 3053 724 1
3239 713 3245 721 Ι
3429 713 3438 720 ,
3629 713 3633 714 ν

2179 733 2493 828 "‘T‘E‘i
2568 759 2598 805 ιι
2672 748 2681 823 1
2754 759 2783 800 σ
2858 733 3172 820 1"8’1’10
3238 739 3248 814 1
3313 747 3365 792 ιε
3429 735 3439 809 1
3506 746 3560 792 ιι
3623 733 3633 807 1

2323 734 2670 746 ___—_—.——

2180 836 2454 845 _———_

2178 892 2270 945 Est
2309 905 2436 956 ergo
2469 887 2714 954 princeps
2745 881 2969 950 imparis
3000 877 3220 937 ordinis,
3256 875 3450 935 unitas,
3492 886 3609 938 qua:
3642 868 3740 933 ipsa

2177 983 2385 1051 quidem
2410 979 2650 1034 ell‘ectrix
2685 983 2738 1029 et
2765 968 3159 1041 quodammodo
3190 968 3356 1019 forma
3400 962 3641 1030 quaedam
3674 970 3744 1012 est

2179 1070 2518 1139 imparitat‘s.
2574 1066 2704 1130 Qme
2758 1063 3020 1115 intantum
3071 1055 3311 1124 ejusdem
3344 1066 3441 1105 nec
3487 1048 3745 1102 mutabile.

2178 1161 2488 1216 substantia:
2512 1165 2612 1219 est,
2643 1164 2699 1207 nt
2724 1168 2844 1206 cum
2885 1151 2968 1204 vel
3002 1149 3233 1217 seipsam
3283 1141 3742 1212 multiplicaverit.

2179 1253 2260 1308 vel
2285 1253 2337 1304 in
2367 1247 2718 1318 plenitudine,
2753 1244 2835 1297 vel
2883 1243 2933 1295 in
2984 1238 3368 1308 prolunditate,
3401 1235 3482 1286 vel
3523 1235 3567 1285 si
3599 1231 3744 1283 alium

2185 1341 2472 1410 quemlibet
2501 1352 2673 1390 nume
2692 1349 2776 1385 um
2805 1347 2898 1402 per
2925 1332 3151 1398 seipsam
3177 1324 3516 1392 multiplicet,
3551 1335 3579 1371 a
3616 1320 3747 1388 prio‘

2186 1435 2259 1488 ris
2279 1429 2582 1501 quantitatis
2607 1427 2770 1479 forma
2796 1438 2902 1476 non
2934 1423 3224 1488 diserepet.
3256 1417 3493 1482 Namque
3523 1414 3569 1466 si
3600 1427 3742 1462 unum

2183 1524 2347 1579 semel
2380 1523 2562 1578 facies.
2586 1518 2665 1569 Vel
2690 1518 2730 1567 si
2762 1514 3110 1566 semel'unum
3143 1507 3328 1567 semel.
3359 1505 3441 1558 vel
3473 1504 3518 1555 si
3551 1501 3654 1553 duo
3677 1515 3748 1551 se-

2186 1615 2312 1676 mel,
2349 1614 2428 1665 vel
2462 1613 2501 1662 si
2531 1618 2646 1687 tres
2694 1605 2882 1668 semel,
2916 1603 2998 1655 vel
3027 1604 3069 1654 si
3113 1609 3341 1669 quatuor
3389 1594 3578 1655 semel,
3610 1592 3684 1643 vel
3711 1593 3749 1641 si

2189 1704 2470 1774 quemlibet
2515 1702 2673 1752 alium
2718 1709 2993 1750 numerum
3027 1689 3368 1758 multiplicet,
3407 1703 3434 1736 ιι
3473 1693 3638 1753 quant
3661 1692 3753 1734 tate

2190 1811 2281 1848 sua
2314 1797 2360 1848 is
2384 1809 2538 1861 quem
2581 1788 2900 1855 multiplicat
2931 1797 3184 1837 numerus
3221 1795 3326 1832 non
3360 1775 3588 1837 recedit,
3631 1773 3754 1841 quod

2193 1888 2328 1941 circa
2350 1883 2508 1938 alium
2537 1894 2815 1934 numerum
2845 1891 2948 1929 non
2978 1879 3150 1943 potest
3177 1869 3426 1924 inveniri.
3459 1866 3616 1919 Paris
3639 1879 3756 1916 vero

2193 1976 2416 2039 ordinis,
2443 1973 2678 2026 binarius
2703 1981 2959 2020 numerus
2991 1963 3236 2032 princeps
3265 1967 3367 2021 est,
3395 1955 3758 2025 qntedua‘itas

2194 2081 2314 2122 cum
2344 2065 2394 2117 in
2424 2062 2609 2117 eodein
2641 2058 2827 2112 ordine
2859 2053 3098 2123 paritatis
3141 2051 3232 2116 sit,
3285 2057 3395 2100 tum
3450 2043 3759 2113 principium

2198 2161 2356 2215 totius
2385 2163 2464 2209 est
2491 2151 2792 2207 alteritatis.
2821 2147 3057 2214 Namque
3097 2145 3139 2195 si
3169 2156 3287 2195 sese
3314 2141 3484 2209 ipsam
3515 2133 3759 2200 multip'i-

2197 2258 2306 2314 cet,
2339 2247 2422 2301 vel
2468 2259 2562 2314 per
2599 2239 2949 2298 latitudinem,
3006 2235 3085 2288 vel
3129 2232 3287 2286 etiam
3336 2225 3762 2298 profundita'em.

2197 2343 2281 2397 vel
2303 2341 2346 2394 si
2375 2352 2529 2409 quem
2554 2346 2828 2388 numerum
2854 2330 2904 2381 in
2928 2342 3075 2379 suam
3092 2322 3376 2390 conglobet
3394 2321 3761 2388 quantitatem.

2198 2406 2446 2488 continuo
2489 2428 2622 2481 alter
2673 2421 2934 2477 exoritur.
2980 2416 3111 2489 Nam
3161 2413 3240 2467 bis
3269 2413 3396 2478 duo,
3430 2409 3517 2463 vel
3570 2407 3649 2460 bis
3674 2406 3767 2456 duo

2202 2523 2302 2586 bis.
2327 2522 2367 2575 si
2397 2519 2581 2582 facias,
2602 2513 2684 2568 vel
2708 2512 2788 2566 bis
2809 2513 2865 2575 3,
2892 2508 2970 2562 vel
2995 2506 3075 2560 bis
3105 2505 3158 2563 4,
3182 2501 3268 2557 vel
3292 2499 3376 2554 bis
3401 2501 3454 2564 5,
3479 2497 3564 2552 vel
3593 2509 3766 2564 queui-

2205 2613 2337 2668 libet
2363 2613 2524 2664 alium
2559 2603 2898 2674 multiplicet,
2928 2595 3168 2666 quisquis
3207 2593 3330 2646 hinc
3361 2589 3618 2650 nascitur,
3650 2587 3770 2638 alios

2202 2722 2358 2778 quam
2388 2704 2558 2773 primo
2599 2700 2790 2757 fuerat,
2843 2691 3131 2746 invenitur.
3167 2684 3467 2739 Nascuntur
3507 2685 3686 2732 autem
3715 2691 3771 2727 ex

2203 2797 2479 2868 superiore
2509 2788 2893 2858 descriptione,
2953 2791 3005 2835 et
3034 2789 3094 2835 ex
3148 2777 3322 2848 primo
3370 2773 3560 2828 ordine
3599 2782 3773 2825 omnes

2205 2885 2462 2956 tetragoni
2491 2884 2592 2937 hoc
2622 2879 2779 2934 modo
2806 2893 2820 2930 :
2865 2875 3036 2930 Unum
3063 2872 3205 2925 enim
3249 2867 3292 2920 si
3320 2862 3643 2932 respexeris,
3677 2862 3775 2928 pri-

2207 2993 2326 3033 mus
2355 2981 2617 3045 potestate
2647 2977 2955 3035 tetragunus
3001 2968 3101 3015 est.
3135 2959 3228 3014 Sin
3257 2969 3386 3010 vero
3417 2965 3584 3005 unum
3616 2949 3776 3001 tribus

2208 3064 2621 3128 coacervaveris,
2651 3062 2682 3113 4
2721 3067 3030 3124 tetragonus
3069 3049 3327 3105 exoritur.
3363 3043 3499 3097 Huic
3531 3041 3576 3094 si
3600 3039 3775 3106 quina-

2131 3160 2178 3221 C
2211 3158 2345 3212 rium
2373 3156 2613 3225 jungam,
2659 3147 2981 3203 novenarius
3034 3152 3221 3195 rursus
3273 3133 3524 3190 occurrit.
3563 3131 3694 3184 Huic
3738 3128 3777 3178 si

2211 3221 2429 3318 cnpules
2471 3221 2525 3308 ἦ,
2577 3241 2640 3296 16
2671 3236 2914 3309 quadrati
2967 3235 3134 3287 forma
3164 3245 3222 3284 se
3250 3224 3502 3295 suggerit.
3540 3221 3781 3287 Idemque

2213 3344 2256 3396 si
2303 3341 2354 3394 in
2391 3336 2602 3392 caeteris
2649 3334 2833 3396 facias,
2879 3341 3066 3382 omnes
3095 3331 3463 3390 competen'er
3503 3315 3784 3385 quadratos

2213 3431 2395 3486 videas
2425 3427 2713 3498 procreari.
2749 3426 2816 3476 At
2842 3434 2970 3474 vero
3021 3433 3084 3472 ex
3133 3412 3369 3470 secundo
3416 3408 3659 3478 paritatis
3704 3420 3783 3457 or-

2215 3521 2359 3582 dine,
2391 3494 2546 3572 iidem
2569 3514 2744 3570 cuncti
2775 3521 2922 3581 parte
2954 3509 3120 3561 altera
3152 3505 3422 3572 longiores
3449 3499 3603 3552 fiunt.
3635 3494 3785 3549 Narn-

2216 3627 2320 3681 que
2353 3611 2396 3662 si
2424 3609 2558 3662 duos
2588 3607 2787 3676 primos
2827 3611 3132 3670 respexere,
3175 3591 3479 3662 bujusmodi
3525 3587 3657 3641 mihi
3699 3601 3786 3637 nn-

2219 3717 2400 3758 merus
2440 3698 2670 3754 occurrit
2699 3694 2785 3762 qui
2819 3695 2874 3746 (it
2910 3707 2972 3748 ex
3005 3691 3085 3744 bis
3115 3703 3240 3743 uno.
3281 3685 3412 3739 Cum
3441 3695 3570 3736 vero
3591 3679 3789 3733 duobus

2217 3802 2502 3865 sequentes
2527 3792 2558 3845 4
2581 3791 2826 3858 junxero,
2873 3793 3021 3853 parte
3050 3781 3211 3834 altera
3243 3776 3453 3844 longior
3485 3785 3669 3825 rursus
3695 3770 3790 3821 erit

2222 3885 2488 3951 senarius,
2521 3880 2724 3933 scilicet
2753 3878 2840 3944 qui
2869 3874 3006 3926 lith
3032 3871 3112 3925 bis
3138 3866 3328 3921 tribus.
3357 3861 3456 3917 Cui
3492 3862 3534 3912 si
3565 3871 3792 3926 sequen-

2224 3985 2329 4030 tem
2361 3982 2740 4041 aggregavero,
2787 3973 3031 4018 nascetur
3074 3957 3201 4011 mihi
3232 3951 3559 4007 duodenuria
3605 3946 3791 4001 forma.

2223 4079 2339 4135 qum
2372 4063 2521 4115 ﬁtex
2574 4067 2756 4127 quater
2783 4054 2974 4108 tribus.
3019 4047 3166 4115 Quod
3210 4047 3255 4100 si
3297 4041 3651 4098 continuatim
3683 4050 3795 4102 qms

2155 4183 2160 4188 -
2226 4157 2399 4216 faciat,
2425 4159 2643 4204 cunctos
2677 4143 2976 4212 bujusmodi
3008 4151 3257 4192 numeros
3278 4134 3331 4187 in
3352 4126 3681 4198 competenti
3711 4141 3793 4172 nr-

2226 4245 2352 4298 dine
2379 4246 2682 4310 procreatos
2710 4233 2927 4286 videbit.
2959 4231 3128 4296 Quam
3157 4222 3576 4291 descriptionem
3594 4216 3795 4270 scilfcet

2227 4333 2448 4386 inferior
2473 4329 2642 4382 forma
2666 4325 2995 4379 demonstrat
3022 4335 3036 4373 :

2908 4411 3126 4458 Radices.

2231 4479 3736 4517 _______________________._..___————

2919 4583 3103 4594 ____..———-

2647 4627 2928 4687 'l‘itragoni,
2958 4623 2999 4670 id
3022 4631 3095 4670 est
3119 4632 3211 4682 qua
3234 4619 3355 4665 'rati.
3735 4678 3739 4681 I

2242 4720 2787 4815 W9
2909 4727 3117 4802 |,1u
3253 4720 3264 4795 1
3494 4730 3554 4773 23
3766 4735 3772 4770 .-

2908 4845 3124 4892 lta'liceS.

2232 4913 3776 4955 _________________._________.———-

2464 4942 2927 5026 ΞΤΓὶ-ῖξίι
2975 4953 3220 5013 2,1.11,s
3261 4942 3272 4992 1
3349 4952 3397 4998 2.
3431 4944 3687 5002 1.6.9.111
3772 4955 3779 4998 ;

2248 4959 2491 5033 I212

2719 5065 2865 5113 Parte
2890 5061 3040 5108 altera
3064 5058 3329 5117 longiores.

2238 5039 2395 5048 ...ς-...-

2803 5271 3027 5326 CAPUT
3068 5267 3256 5322 XXIX.

2242 5252 2402 5262 ._..——-

2282 5376 2356 5429 De
2380 5372 2698 5444 generatione
2723 5363 3103 5423 lnterculorum,
3151 5370 3424 5424 eorumque
3453 5349 3761 5420 diffinilione.

2312 5466 2456 5532 Quos
2479 5470 2654 5514 autem
2686 5455 2927 5522 superius
2953 5448 3237 5503 laterculos
3264 5443 3514 5497 diximus.
3539 5452 3655 5506 quzc
3683 5441 3804 5486 Sunt

2245 5565 2296 5608 et
2318 5525 2444 5623 ipsa!
2471 5549 2681 5619 quidem
2712 5544 2894 5598 solida:
2923 5542 3124 5608 ﬁgitur,
3169 5535 3268 5587 hoc
3305 5531 3461 5585 modo
3485 5531 3632 5582 ﬁunt.
3661 5525 3780 5588 Qun

2247 5643 2384 5697 tiens
2418 5639 2708 5705 mqualibus
2730 5633 2913 5700 spatiis
2937 5632 2986 5682 in
3031 5624 3409 5694 longitudinem
3453 5615 3809 5672 latitudinem-

2247 5747 2348 5802 que
2400 5728 2677 5800 porrectis.
2727 5725 2898 5776 minor
2937 5719 3016 5770 bis
3062 5716 3272 5768 additur
3325 5709 3564 5763 altitudo.
3595 5705 3656 5759 Ut
3686 5709 3813 5754 sant
