4022 6366
320 276 459 331 H37

1506 281 1589 335 DE
1632 276 2082 335 Alll‘iHMETlCA
2128 280 2250 335 LIB.
2292 282 2350 336 Ill

3420 282 3440 332 rl
3458 285 3554 339 l38

322 392 624 460 ltujusmodi
658 396 688 447 5
716 402 790 445 ter
826 393 923 453 bis,
957 395 1041 460 qui
1073 405 1189 445 sunt
1226 396 1306 459 I8,
1337 396 1415 446 \el
1463 396 1493 446 4
1542 406 1728 463 quater
1778 395 1876 453 his,

1995 392 2370 460 investigantes
2399 396 2714 461 rationibus,
2746 396 2935 466 quique
2963 395 3015 449 in
3049 395 3348 449 matheseos
3379 397 3556 463 dispue

319 486 403 537 vel
431 486 534 537 alio
561 485 793 552 quolibet
827 485 1004 549 modo,
1038 495 1091 537 ιιι
1140 486 1218 538 bis
1250 486 1300 539 itt
1334 486 1731 555 longitudinem,
1770 486 1886 538 lati-

320 574 663 643 tudinemque
695 575 880 643 :cquis,
917 578 1093 628 minor
1125 575 1345 629 altitudo
1376 577 1618 630 ducatur.
1666 577 1725 629 lli
1753 576 1884 629 deli-

319 664 657 716 nionturhoc
686 663 843 716 modo
867 679 878 716 :
904 664 1165 719 Laterculi
1195 674 1337 729 sunt,
1361 667 1447 734 qui
1477 666 1686 718 fiuntex
1714 680 1887 733 acqua-

319 754 458 805 libus
488 753 761 821 :equaliter
791 753 841 806 itt
887 754 1076 807 minus.
1128 756 1348 809 Asseres
1381 768 1505 808 vero
1534 765 1584 807 et
1612 755 1740 821 ipsa:
1771 753 1887 822 qui-

314 841 437 894 dem
469 840 647 910 figura:
676 851 796 895 sunt
822 842 1026 907 solidae,
1070 843 1295 896 sed-hoc
1323 844 1485 897 modo
1510 853 1568 897 ut
1607 858 1669 898 ex
1714 858 1887 910 mqua-

316 929 456 981 libus
487 930 760 998 mqualiter
783 931 1041 985 ducantur
1070 934 1121 984 in
1153 933 1341 1000 majus.
1368 933 1496 985 Nam
1528 935 1570 987 si
1600 948 1747 1000 aequa
1777 933 1888 984 fue-

314 1021 386 1072 rit
412 1021 630 1074 latitudo
660 1022 993 1091 longitudini,
1017 1033 1072 1077 et
1103 1024 1271 1092 major
1307 1025 1376 1076 sit
1406 1026 1650 1087 altitudo,
1685 1026 1787 1078 illa:
1822 1028 1884 1078 li-

314 1128 460 1179 gura:
481 1127 508 1165 a
542 1112 692 1166 nobis
720 1128 945 1177 asseres,
980 1129 1009 1167 a
1039 1114 1237 1169 Graecis
1265 1114 1499 1169 clocidcs
1520 1116 1883 1179 nominantur,

317 1214 373 1254 ut
400 1204 442 1255 si
464 1204 581 1272 quis
627 1205 726 1256 hoc
756 1205 913 1258 modo
941 1204 1098 1258 faciat
1129 1204 1161 1257 4
1186 1214 1376 1273 quater
1407 1206 1610 1271 novies,
1645 1207 1729 1273 qui
1762 1206 1885 1258 inde

316 1305 679 1362 procreantur,
711 1310 918 1351 asseres
959 1296 1212 1350 nominati
1248 1306 1387 1349 sunt.
1426 1296 1705 1364 Spltenisc't
1735 1312 1882 1359 vero.

315 1401 452 1452 quos
481 1389 732 1440 cuneolos
761 1389 1005 1456 superius
1053 1388 1464 1456 appellavimus,
1517 1388 1570 1441 bi
1622 1388 1882 1456 suntqui,

316 1490 379 1528 ex
407 1476 753 1545 inaequalibus
777 1478 1108 1547 inatqualiter
1137 1477 1301 1544 ducti,
1336 1494 1430 1545 per
1466 1478 1741 1545 inaequalia
1770 1492 1884 1539 cre-

315 1581 474 1629 vere;
524 1567 641 1621 cubi
668 1582 816 1633 vero,
869 1569 957 1637 qui
1004 1583 1067 1623 ex
1120 1568 1412 1638 azqualibus
1458 1569 1734 1635 aequaliter
1791 1582 1884 1635 per

310 1658 483 1725 :equal
508 1672 535 1711 a
558 1657 793 1725 producti
818 1668 962 1712 sunt.
1116 1706 1117 1709 η

874 1751 1097 1807 CAPUT
1151 1752 1313 1806 XXX.

557 1839 630 1892 De
655 1840 989 1895 circularibus
1015 1843 1089 1895 vel
1111 1841 1372 1910 splttert'cis
1403 1840 1625 1893 numeris

384 1930 619 1997 Ipsorum
651 1946 778 1985 vero
824 1933 1081 1986 cuborum
1132 1932 1525 1999 quanticunque
1572 1929 1769 1983 fue'int
1813 1930 1881 1981 ita

308 2020 475 2085 ducti,
514 2030 570 2072 ut
595 2037 621 2072 a
651 2036 755 2087 quo
786 2037 1008 2076 numero
1037 2020 1237 2075 cubicze
1270 2020 1579 2088 quantitatis
1604 2020 1738 2071 latus
1768 2031 1879 2070 cm-

311 2112 469 2176 perit,
511 2112 562 2163 in
601 2111 844 2165 eumdem
875 2110 1172 2165 altitudinis
1208 2110 1516 2164 extremitas
1546 2106 1880 2168 terminetur,

307 2215 561 2254 numerus
603 2201 692 2255 ille
738 2201 971 2271 cyclicus
1014 2201 1095 2255 vel
1140 2199 1431 2269 spltaericus
1480 2197 1795 2267 appellatur,
1828 2206 1883 2248 ut

304 2298 429 2340 sunt
452 2289 922 2358 multiplicationes
946 2306 1066 2357 quas
1086 2304 1114 2341 a
1142 2289 1385 2357 qttinario
1412 2289 1493 2341 vel
1520 2286 1731 2340 senario
1762 2301 1883 2353 pro-

306 2380 635 2453 ﬁciscuntur.
672 2380 798 2433 Nam
826 2381 1110 2449 quinquies
1149 2382 1405 2449 quinque.
1438 2380 1525 2447 qui
1550 2379 1605 2433 fit
1631 2380 1723 2443 25,
1752 2379 1819 2431 ab
1850 2381 1881 2433 5

306 2485 639 2539 prngresms,
686 2471 738 2523 in
769 2471 984 2525 eosdem
1015 2471 1047 2523 5
1074 2471 1286 2525 desinit.
1342 2474 1402 2524 Et
1448 2471 1493 2525 si
1538 2471 1636 2525 hos
1666 2486 1876 2525 rursum

300 2560 583 2628 quinquies
610 2560 793 2625 ducas,
830 2559 881 2613 in
900 2560 1113 2617 eosdem
1137 2563 1169 2615 5
1191 2576 1374 2615 eorum
1405 2561 1662 2614 terminus
1679 2561 1875 2614 veniet.

301 2649 591 2718 Quinquies
620 2651 759 2702 enim
788 2650 859 2704 ‘25
890 2652 1021 2703 Iiunt
1051 2650 1175 2710 125.
1200 2660 1253 2704 et
1296 2650 1342 2703 si
1376 2650 1471 2703 hos
1513 2642 1695 2703 rursus
1719 2649 1875 2719 quin-

300 2741 455 2808 quies
484 2741 667 2807 ducas,
701 2742 753 2795 in
776 2741 1076 2810 quinarium
1110 2758 1387 2797 numerum
1416 2744 1728 2796 extremitas
1765 2750 1873 2797 ter-

302 2832 609 2887 minabitur.
644 2833 812 2901 Atque
844 2833 943 2887 hoc
981 2848 1145 2902 usque
1182 2834 1234 2887 in
1266 2834 1525 2888 inﬁnitum
1568 2834 1706 2887 idem
1739 2849 1875 2888 sem-

302 2937 399 2989 per
426 2923 621 2976 evenit.
654 2922 804 2988 Quod
835 2925 886 2978 in
915 2923 1123 2978 senario
1164 2940 1375 2994 quoque
1403 2925 1653 2978 convenit
1694 2924 1874 2978 consi-

299 3015 501 3069 derari.
545 3016 605 3069 lli
645 3026 820 3071 autem
854 3018 1057 3071 numeri
1091 3018 1286 3072 idcirco
1315 3018 1496 3089 cyclici
1521 3019 1599 3083 vel
1631 3019 1871 3085 διιιιατνίεἰ

1996 482 2191 533 ratione
2213 485 2428 551 versati,
2462 484 2587 552 quid
2642 485 2695 538 in
2726 498 2934 554 quaque
2988 501 3043 538 re
3090 492 3231 538 esset
3264 486 3556 553 praprium,

1990 568 2333 623 subtilissime
2363 572 2790 639 peritissimeque
2821 572 3122 638 ediderunt,
3154 572 3205 627 Iti
3238 588 3413 626 rerum
3446 588 3559 625 om-
3636 630 3639 632 ,

1990 654 2132 707 rium
2164 664 2379 711 naturas
2409 660 2459 712 in
2481 662 2688 729 gemina
2722 662 3038 732 dividentes,
3074 665 3171 719 ltac
3200 664 3561 732 speculatione

1988 745 2327 800 distribuunt.
2361 747 2548 803 Dicunt
2576 752 2716 806 enim
2738 768 2924 808 omnes
2951 756 3186 809 omnium
3226 770 3403 809 rerum
3433 755 3556 809 sub-

1988 835 2211 888 stantias
2236 846 2486 892 constare
2526 855 2587 892 ex
2614 854 2675 894 ea
2705 856 2823 909 qua:
2854 845 3081 912 propriae
3106 859 3321 909 sumque
3350 858 3556 911 semper

1968 922 2314 979 .ltabitudinis
2337 935 2437 991 est,
2468 942 2566 982 nec
2593 928 2699 983 ullo
2727 931 2886 984 modo
2915 940 3262 999 permutatur,
3294 941 3347 987 et
3368 947 3428 987 ea
3456 932 3557 985 sci-

1991 1014 2109 1067 licet
2139 1024 2326 1069 natura
2354 1032 2472 1085 qua:
2497 1019 2765 1073 variabilis
2788 1029 2961 1076 motus
2991 1031 3075 1076 est
3103 1022 3287 1076 sortita
3310 1022 3557 1075 substan-

1989 1108 2136 1158 t'am.
2171 1105 2236 1159 Et
2264 1106 2406 1161 illam
2456 1108 2626 1176 primo
2671 1110 3054 1167 immutabilem
3104 1122 3362 1178 naturam,
3406 1114 3559 1166 unius

1988 1192 2333 1264 ejusdemque
2376 1199 2684 1254 substantia:
2720 1211 2939 1263 vocant,
2974 1202 3110 1257 hanc
3156 1219 3281 1256 vero
3318 1203 3558 1263 alterius.

1988 1284 2189 1338 scilicet
2225 1288 2362 1355 quod
2394 1304 2420 1339 a
2464 1289 2632 1357 pritna
2663 1292 2747 1345 illa
2779 1292 3034 1347 immobili
3066 1294 3344 1347 discedens
3395 1311 3557 1359 prma

1988 1375 2057 1426 sit
2081 1374 2270 1431 altera.
2300 1378 2450 1444 Quod
2482 1380 2729 1434 nimirum
2759 1382 2823 1435 ad
2857 1383 3112 1437 unitatem
3142 1383 3385 1451 pertinet,
3418 1393 3469 1434 et
3496 1383 3558 1433 ad

1990 1466 2318 1533 dualitatem,
2349 1470 2439 1536 qui
2490 1485 2743 1525 numerus
2789 1472 2987 1537 primus
3018 1472 3085 1526 ab
3115 1487 3218 1526 uno
3256 1472 3557 1536 discedens,

1991 1555 2126 1607 alter
2150 1555 2318 1610 factus
2342 1566 2444 1610 εει.
2478 1557 2545 1611 Ει
2584 1559 2832 1627 quoniam
2861 1562 3036 1615 cuncti
3072 1560 3361 1614 secundum
3388 1560 3556 1612 unita-

1992 1644 2055 1695 [is
2069 1646 2299 1713 speciem
2319 1657 2663 1717 naturamque
2681 1651 2910 1718 impares
2938 1650 3143 1705 numeri
3171 1649 3378 1704 formati
3412 1657 3554 1711 sunt,

1922 1736 1961 1793 Β
1992 1748 2198 1803 quoque
2226 1749 2290 1789 ex
2343 1735 2427 1790 his
2478 1740 2804 1793 coacervatis
2862 1741 3119 1809 tetragoni
3176 1741 3329 1802 fiunt,
3363 1739 3555 1807 duplici

1992 1827 2146 1880 modo
2188 1827 2425 1895 ejusdem
2466 1830 2772 1884 substantiae
2813 1832 3098 1900 participes
3131 1846 3249 1886 esse
3286 1831 3554 1893 dicuntur,

1987 1914 2126 1981 quod
2158 1916 2237 1970 vel
2269 1916 2335 1970 ab
2363 1918 2665 1987 aequalitate
2696 1918 2989 1974 formantur
3020 1920 3303 1989 tetragoni,
3332 1918 3411 1972 vel
3432 1932 3553 1972 coa-

1987 2007 2214 2060 cervatis
2244 2007 2295 2061 in
2318 2024 2480 2062 unum
2508 2010 2745 2064 numeris
2769 2010 3058 2079 imparibus
3080 2020 3445 2079 procreantur.
3479 2008 3554 2061 Illi

1987 2108 2114 2147 vero
2136 2095 2224 2163 qui
2253 2106 2375 2149 sunt
2407 2111 2581 2165 pares,
2609 2099 2858 2163 quoniam
2904 2098 3092 2152 biuarii
3127 2100 3331 2153 numeri
3372 2098 3553 2152 format

1986 2194 2129 2251 suut,
2173 2186 2371 2253 quique
2413 2203 2479 2240 ex
2510 2188 2592 2241 Itis
2619 2190 2915 2242 coacervati
2947 2190 3262 2257 collectique
3312 2190 3365 2242 in
3398 2204 3552 2242 unam

1986 2276 2309 2342 congeriem,
2346 2285 2491 2344 parte
2515 2278 2677 2331 altera
2717 2277 2985 2345 longiores
3008 2276 3216 2333 numeri
3242 2285 3552 2340 nascuntur,

1988 2362 2035 2413 In
2066 2365 2356 2418 secundum
2386 2366 2550 2434 ipsius
2578 2365 2766 2420 binarii
2795 2367 3002 2421 numeri
3027 2379 3292 2430 naturam,
3318 2367 3384 2420 ab
3412 2369 3555 2434 ejus-

1984 2454 2102 2505 dem
2135 2454 2447 2508 substantia:
2492 2464 2674 2510 tratura
2706 2455 3021 2511 discessisse
3051 2456 3326 2518 dicuntur,
3371 2464 3553 2524 putan-

1985 2553 2171 2609 turqtte
2209 2543 2428 2597 alterius
2471 2554 2673 2597 natura:
2701 2560 2821 2600 esse
2852 2546 3157 2614 participes,
3190 2546 3389 2599 idcirco
3418 2554 3553 2614 quo-

1984 2630 2269 2685 niamcum
2322 2636 2482 2686 latera
2534 2643 2925 2703 tetragonortun
2976 2637 3043 2688 ab
3092 2636 3390 2704 aequalitate
3435 2649 3551 2702 pro-

1980 2736 2182 2788 gressa,
2216 2721 2265 2774 in
2310 2723 2662 2791 :equalitatetn
2706 2726 2930 2794 propria:
2978 2726 3265 2779 latitudinis
3295 2726 3550 2780 ambitum

1983 2812 2217 2878 tendant,
2250 2813 2299 2865 Ιιί
2332 2813 2537 2881 adjecto
2567 2830 2672 2869 uno
2692 2816 2757 2869 ab
2777 2818 3075 2884 aequalitate
3100 2817 3320 2870 laterum
3353 2816 3549 2871 disces--

1980 2912 2184 2965 serunt,
2209 2910 2366 2971 atque
2404 2902 2525 2957 ideo
2554 2903 2903 2958 dissimilibus
2935 2905 3188 2958 lateribus
3218 2914 3271 2957 et
3293 2905 3549 2974 quodam-

1982 2989 2139 3043 modo
2161 2990 2342 3044 alteris
2382 3006 2412 3045 a
2444 3006 2503 3046 se
2535 2992 2942 3062 tonjunguntur.
2976 2993 3149 3059 Quare
3180 2994 3331 3047 nobis
3370 3002 3548 3047 notum

300 3113 583 3170 vocantur,
614 3106 753 3173 quod
785 3106 924 3160 sicut
956 3106 1164 3175 spbiera
1193 3108 1277 3161 vel
1309 3109 1560 3174 circulus,
1593 3109 1643 3162 itt
1678 3109 1872 3175 proprii

1980 3086 2082 3143 cst,
2110 3080 2246 3149 quod
2273 3095 2335 3136 ex
2368 3080 2450 3135 bis
2470 3096 2530 3135 ea
2561 3097 2679 3151 qua:
2707 3092 2827 3137 sont
2863 3083 2913 3136 in
2941 3082 3042 3136 hoc
3080 3084 3299 3149 mundo,
3332 3084 3550 3152 conjun-

298 3213 515 3265 setnper
544 3199 785 3267 principii
812 3199 1113 3254 reversione
1144 3198 1457 3255 formantur.
1491 3201 1583 3255 Est
1609 3202 1747 3253 enim
1772 3218 1799 3254 e
1825 3218 1871 3254 r-

297 3288 454 3341 culus
484 3291 657 3357 posito
687 3289 913 3358 quodam
956 3300 1151 3357 puncto
1199 3301 1254 3345 et
1292 3292 1398 3344 alio
1442 3292 1647 3344 eminus
1677 3291 1872 3357 delixn,

300 3378 446 3431 illius
477 3378 652 3447 puncti
676 3380 764 3441 qui
797 3381 1005 3433 eminus
1032 3379 1171 3434 fixus
1195 3389 1276 3434 est
1314 3380 1589 3450 aequaliter
1619 3381 1819 3435 distans
1847 3396 1875 3433 a

298 3470 476 3537 primo
499 3479 689 3538 puncto
720 3472 1120 3535 circumductio,
1154 3481 1209 3526 et
1239 3473 1302 3526 ad
1331 3473 1573 3527 eumdem
1603 3474 1773 3528 locum
1800 3491 1876 3530 re-

301 3561 482 3614 versio
512 3562 649 3615 unde
681 3563 878 3617 moveri
911 3572 1167 3632 coeperat.
1203 3563 1419 3632 Spltmra
1448 3578 1574 3617 vero
1603 3576 1684 3618 est
1710 3567 1871 3620 semi-

297 3650 507 3713 eirCttli,
543 3661 789 3705 manente
824 3651 1105 3717 diametro,
1137 3654 1440 3707 circumduc
1468 3651 1515 3705 in
1539 3662 1592 3707 et
1635 3654 1697 3706 ad
1730 3670 1875 3708 eum-

298 3741 423 3802 dent
452 3741 625 3795 locum
650 3742 884 3796 reversio
912 3742 1048 3797 unde
1076 3743 1221 3809 prius
1252 3742 1661 3813 coeperatferri.
1696 3744 1874 3797 Uttilas

297 3844 532 3898 quoque,
556 3831 747 3884 virtute
776 3840 827 3885 et
854 3839 1132 3900 potestate,
1164 3833 1273 3898 ipsa
1306 3847 1515 3899 quoque
1539 3832 1769 3885 circulus
1792 3836 1873 3885 vel

296 3920 507 3988 sphaera
525 3930 623 3985 est,
642 3925 849 3991 quoties
877 3923 1018 3977 enim
1052 3933 1299 3991 punctum
1325 3924 1374 3975 in
1402 3938 1461 3977 se
1489 3923 1871 3993 multiplicare-

297 4014 395 4080 ris,
443 4013 493 4064 in
537 4014 765 4080 seipsum
812 4014 952 4068 unde
981 4024 1219 4081 coeperat
1269 4013 1600 4067 terminatur.
1634 4014 1687 4067 Si
1733 4014 1873 4068 enim

295 4101 459 4154 faciat
497 4103 660 4155 semel
697 4118 881 4167 unum,
925 4118 1060 4157 unus
1091 4104 1248 4169 redit,
1279 4113 1331 4157 et
1361 4104 1404 4158 si
1440 4106 1536 4157 hoc
1582 4119 1763 4157 rursus
1793 4119 1876 4158 se-

295 4191 429 4256 mel,
465 4190 602 4245 idem
628 4201 727 4246 est.
777 4194 937 4262 Igitur
976 4195 1151 4247 siuna
1186 4194 1343 4248 fuerit
1371 4194 1757 4261 multiplicatio,
1790 4210 1875 4248 so-

296 4282 405 4334 lani
437 4282 816 4349 plauitudinem
849 4285 1042 4350 reddit,
1076 4294 1130 4339 et
1160 4285 1215 4338 Iit
1242 4284 1493 4339 circulus.
1528 4286 1582 4339 Si
1615 4286 1872 4354 secunda,

293 4386 421 4425 mox
446 4371 664 4439 Vspltzera
680 4374 976 4428 conficitur.
1035 4375 1100 4429 Et
1130 4377 1269 4430 enim
1298 4375 1528 4429 secunda
1558 4376 1871 4444 multiplica-

293 4461 393 4525 tio,
420 4462 653 4515 ell'ectrix
694 4478 903 4533 semper
940 4474 1023 4519 est
1049 4466 1437 4532 profunditatis.
1471 4466 1543 4519 Ex
1577 4465 1613 4520 5
1642 4468 1799 4535 igitur
1820 4478 1870 4520 et
1906 4447 1948 4503 ί)
1981 4451 2007 4495 ⁵³

292 4552 330 4606 6
349 4593 363 4617 ,
390 4567 585 4621 paucas
618 4553 917 4622 ltujusmodi
948 4555 1145 4608 formas
1170 4556 1584 4621 Subscripsimus
1616 4575 1627 4609 :

430 4701 439 4775 l
646 4715 665 4759 I~
864 4705 891 4787 ι
1073 4717 1101 4763 5
1296 4705 1304 4777 I
1501 4704 1737 4776 δι

427 4792 439 4868 1
644 4804 664 4853 ι
859 4796 869 4870 Ι
1053 4810 1113 4857 25
1198 4878 1211 4881 Η
1292 4796 1301 4871 Ι
1376 4880 1435 4881 νη
1486 4808 1677 4881 δθννῆῆ
1722 4792 1865 4881 Ιίλζ

427 4887 438 4959 |
642 4901 659 4946 I
864 4888 872 4961 |
988 4898 1001 4907 ·
1046 4899 1132 4947 res
1198 4878 1211 4881 “
1296 4888 1305 4961 |
1376 4880 1435 4881 ⁷”
1470 4898 1560 4947 ate
1604 4878 1735 4962 M’VI

422 4976 433 5051 2
636 4992 654 5039 ι
857 4980 866 5053 |
908 5000 911 5003 δ
1033 4990 1125 5037 625
1289 4980 1299 5055 |
1450 4992 1570 5040 1296
1721 4980 1731 5055 Ι

296 5054 826 5149 ῘίΙξ-’ᾙΓῘᾝ
855 5072 864 5145 I
902 5060 1263 5133 ’Ἷῖςξέ-
1287 5072 1298 5149 l
1316 5059 1864 5146 ’“⁷ξῆἕ””ι’-

844 5245 1069 5301 CAPUT
1110 5246 1300 5305 XXXI.

283 5338 364 5389 De
387 5346 566 5389 natura
595 5353 763 5389 rerum
789 5352 900 5402 qua:
930 5337 1115 5388 dicitur
1153 5337 1376 5405 ejusdem
1406 5348 1620 5400 naturw,
1649 5348 1694 5389 et
1724 5338 1786 5390 de
1806 5355 1866 5391 ca

354 5422 469 5474 quin
496 5408 677 5458 dicitur
696 5408 904 5459 alterius
931 5418 1145 5469 naturw,
1174 5417 1218 5459 et
1239 5407 1325 5474 qui
1342 5410 1538 5459 numeri
1565 5409 1646 5460 cui
1669 5417 1866 5462 natura:

354 5476 615 5545 conjuncti
644 5486 780 5530 sunt.

310 5616 313 5617 '
354 5610 432 5661 Ac
461 5607 525 5659 de
555 5606 737 5660 solidis
768 5607 978 5675 quidem
1012 5606 1214 5676 figuris,
1263 5606 1375 5657 haec
1411 5603 1474 5657 ad
1507 5617 1743 5672 praesens
1773 5607 1855 5661 di-

278 5708 365 5752 cla
394 5697 681 5751 sufficiant.
712 5698 811 5755 Qui
837 5704 1009 5751 autem
1039 5696 1103 5752 de
1130 5705 1314 5751 natura
1337 5709 1515 5750 rerum
1538 5696 1854 5766 propinquis

1979 3180 2061 3224 cla
2088 3182 2229 3227 sunt.
2251 3174 2358 3226 Aut
2378 3174 2518 3228 enim
2548 3175 2792 3243 propriae,
2820 3175 3183 3240 immutabilis,
3208 3175 3549 3244 ejusdemque

1978 3262 2282 3316 substantia:
2312 3272 2414 3328 est,
2445 3264 2583 3333 quod
2622 3266 2781 3331 Deus,
2812 3267 2888 3319 vel
2918 3266 3113 3330 anima,
3154 3268 3231 3321 vel
3266 3282 3416 3320 tnetts
3445 3278 3547 3331 est,

1936 3394 1949 3405 κ
1982 3353 2060 3406 vel
2094 3353 2446 3423 quodcunque
2477 3357 2701 3424 promite
2729 3368 2929 3411 natura:
2962 3358 3391 3425 incorporalitate
3420 3360 3544 3412 bea-

1983 3454 2084 3508 tur,
2122 3455 2211 3499 aut
2243 3446 2532 3512 mutabilis,
2556 3446 2930 3517 variabilisque
2953 3455 3175 3512 naturae,
3202 3449 3339 3515 quod
3360 3462 3548 3516 corpo-

1980 3534 2123 3588 ribus
2140 3534 2495 3591 ittdultitantcr
2511 3537 2752 3592 videmus
2768 3538 3028 3591 accidere.
3060 3536 3210 3593 Unde
3240 3554 3377 3592 nunc
3400 3538 3549 3592 nobis
3602 3600 3611 3607 ,

1981 3625 2379 3679 monstrandum
2406 3636 2507 3691 est,
2548 3625 2646 3681 hac
2689 3629 2898 3695 gemina
2949 3643 3288 3683 numerorum
3339 3640 3547 3694 natura,

1981 3714 2353 3776 quadratorum
2386 3715 2588 3772 scilicet
2619 3726 2672 3770 et
2703 3726 2850 3785 parte
2878 3718 3041 3769 altera
3075 3718 3391 3785 longiorum,
3419 3734 3546 3771 cun-

1979 3814 2089 3855 ctas
2122 3804 2326 3856 numeri
2372 3805 2578 3872 species
2607 3815 2928 3873 ουιιει.ιειμιε
2962 3806 3314 3869 habitudines,
3352 3808 3429 3859 vel
3462 3825 3544 3859 re-

1980 3892 2096 3944 lata:
2126 3891 2189 3943 ad
2221 3892 2417 3959 aliquid
2449 3897 2775 3962 quantitatis,
2824 3904 2877 3948 ttt
2925 3894 3288 3963 multiplciunt
3334 3895 3413 3949 vel
3464 3912 3548 3948 stt~

1982 3980 2467 4047 pcrparticularium
2497 3992 2548 4037 et
2591 3994 2926 4047 cancrorum,
2953 3985 3030 4037 vel
3063 3984 3127 4036 ad
3155 3985 3384 4052 seipsam
3417 4000 3547 4039 Cott-

1978 4070 2243 4136 sideratae,
2273 4083 2327 4126 ut
2376 4073 2661 4129 formarum
2687 4091 2817 4143 quas
2845 4076 3039 4130 dudum
3068 4077 3117 4129 itt
3140 4076 3413 4144 superiore
3443 4077 3546 4131 dis-

1980 4163 2246 4226 putatione
2286 4162 2665 4232 descripsimus
2710 4166 3000 4231 informari,
3028 4177 3081 4219 ut
3104 4165 3547 4235 quemadmodum

1980 4251 2203 4303 mundus
2249 4268 2310 4307 ex
2347 4255 2681 4320 immutabili,
2732 4258 3073 4325 utu1abilique
3106 4260 3424 4325 substattt'a,
3470 4264 3547 4315 sic

1977 4329 2150 4396 omnis
2204 4361 2457 4400 numerus
2499 4363 2563 4401 ex
2616 4350 2922 4415 tetragonis,
2980 4350 3067 4415 qui
3126 4350 3547 4408 immutabilitate

2014 4432 2343 4502 υνηεὶιιιιιυν,
2374 4445 2427 4489 ει
2466 4452 2526 4489 ex
2562 4448 2708 4505 parte
2739 4438 2901 4491 altera
2934 4439 3282 4506 longioribus,
3316 4442 3401 4509 qui
3436 4459 3546 4496 mu«

1981 4524 2237 4578 tabilitate
2278 4528 2617 4596 participant,
2663 4529 2912 4596 probetur
2946 4544 3064 4584 esse
3109 4530 3442 4598 coniunctus.
3486 4536 3548 4589 Et

1980 4616 2147 4680 primo
2193 4618 2407 4686 quidem
2440 4619 2863 4674 distribuendqu
2894 4635 2996 4691 εει,
3026 4617 3115 4692 qui
3164 4634 3287 4691 sunt
3336 4625 3386 4679 bi
3415 4642 3547 4695 quos

1978 4722 2251 4772 promccas
2283 4720 2495 4774 vocant,
2527 4710 2576 4764 id
2607 4719 2687 4764 cst
2733 4711 3001 4767 anteriore
3051 4724 3198 4782 parte
3257 4715 3545 4785 longiores,

1977 4796 2057 4849 vel
2081 4798 2169 4863 qtti
2199 4813 2332 4866 quos
2364 4798 2757 4865 beteromikeis,
2785 4801 2835 4855 id
2863 4811 2946 4856 est
2973 4818 3004 4871 p
3022 4813 3118 4857 arte
3146 4806 3311 4859 a'tera
3343 4805 3546 4873 longioo

1975 4901 2079 4939 res.
2122 4888 2207 4940 Est
2248 4888 2388 4941 enim
2424 4898 2570 4958 parte
2594 4890 2763 4944 altera
2804 4892 3006 4962 longior
3038 4910 3289 4948 numerus
3333 4896 3545 4962 quicun.

1973 4990 2078 5042 que
2109 4976 2333 5030 unitate‘
2361 4987 2559 5031 tantum
2606 4978 2755 5033 lateri
2788 4982 2978 5035 crescit
3007 4982 3235 5051 adjecta,
3277 4990 3332 5034 ut
3360 4992 3483 5034 sunt
3514 4981 3544 5035 6

1972 5064 2169 5119 scilicet
2234 5066 2312 5119 bis
2352 5069 2404 5129 3,
2466 5069 2545 5123 vel
2595 5070 2660 5122 I2
2701 5078 2808 5124 tres
2860 5081 3066 5140 quater,
3119 5079 3171 5124 et
3217 5070 3541 5125 consimiles.

1972 5156 2249 5210 Anteriore
2300 5173 2424 5211 vero
2478 5167 2626 5227 parte
2668 5162 2875 5231 longior
2911 5170 2993 5214 est
3049 5162 3134 5228 qui
3190 5161 3286 5214 sub
3337 5160 3541 5216 duobus

1972 5245 2208 5299 numeris
2257 5247 2552 5315 ltnjusmodi
2603 5251 2924 5313 continetur,
2973 5264 3195 5325 quorum
3243 5250 3405 5305 latera
3435 5267 3539 5307 non

1973 5336 2204 5402 possidet
2252 5338 2464 5391 unitatis
2513 5338 2835 5405 differentia,
2875 5337 2966 5392 sed
3013 5338 3236 5392 aliorum
3284 5354 3539 5407 quorum-

1967 5439 2174 5494 cunque
2214 5442 2577 5494 numerorum,
2627 5438 2683 5481 ut
2732 5440 2811 5481 ter
2856 5429 2907 5492 5,
2951 5427 3031 5480 vel
3084 5434 3164 5481 ter
3213 5428 3264 5491 6,
3297 5430 3375 5483 vel
3412 5444 3537 5498 qua-

1966 5524 2044 5569 ter
2070 5517 2120 5569 7.
2180 5518 2579 5585 Quodammodo
2625 5518 2766 5571 enim
2807 5508 3132 5584 longitudine
3186 5518 3234 5570 in
3285 5518 3535 5586 prolixio-

1963 5624 2071 5660 rem
2116 5609 2326 5663 modum
2360 5618 2622 5678 porrecta,
2674 5609 2863 5661 merito
2903 5606 3169 5661 anteriore
3220 5618 3365 5683 parte
3422 5613 3531 5666 lett-

1958 5700 2071 5766 gior
2102 5701 2307 5755 dicitur.
2336 5700 2438 5755 Cur
2469 5706 2639 5753 autem
2655 5708 2801 5766 parte
2824 5684 2985 5762 altera
3017 5696 3285 5768 longiores
3318 5706 3524 5760 numeri
