4022 6366
480 282 618 339 1159

1698 286 1800 339 AN.
1844 281 2048 338 MANL.
2093 280 2240 336 θεν.
2282 280 2499 334 BOETII

3587 276 3709 329 ll-i‘)

479 395 743 459 dicantur,
784 410 941 465 supra
960 397 1069 465 jam
1099 395 1301 450 dictum
1328 404 1426 450 est.
1458 396 1708 461 Quadrati
1739 410 1886 461 vero,
1919 409 2050 464 quo-
2083 397 2133 455 Α
2157 407 2394 455 sensum,
2423 402 2476 446 et
2523 392 2585 445 ad
2617 401 2839 446 caeteras
2887 393 3093 448 numeri
3143 400 3316 458 partes
3369 390 3713 458 procreandas

483 487 626 539 niam
650 500 853 554 aequam
883 485 1213 540 latitudinem
1241 485 1552 554 longitudini
1580 494 1791 555 gerunt,
1821 485 2051 553 propria:

446 620 449 623 γ
482 574 822 644 longitudinis
849 574 934 628 vel
964 575 1202 643 ejusdem
1247 574 1541 628 latitudinis
1585 575 1860 641 aptissime
1886 588 2048 628 voca-

478 666 695 728 buntur,
725 673 783 717 ut
810 664 891 717 bis
912 665 968 728 2,
1000 673 1080 719 ter
1103 667 1156 730 3,
1186 676 1374 734 quater
1402 665 1456 730 4,
1479 673 1532 718 et
1557 680 1619 719 et
1639 663 1761 719 teri.
1789 664 1944 717 Parte
1972 663 2049 716 al-

478 762 589 808 tera
616 767 744 808 vero
801 754 1088 823 longiores,
1131 755 1270 823 quod
1322 771 1427 808 non
1477 756 1662 810 eadem
1716 754 2049 823 longitudine

475 844 779 910 tendantur,
802 846 1018 900 alterius
1031 846 1423 915 quodammodo
1443 846 1805 917 longitudinis,
1825 856 1875 900 et
1899 855 2048 916 parte

474 935 641 990 altera
669 935 938 1005 longiores
964 926 1221 991 vocantur

1027 1044 1252 1100 CAPUT
1292 1044 1507 1103 XXXII.

475 1133 625 1199 Quod
654 1135 822 1188 omnia
849 1151 911 1188 ea:
934 1134 1165 1199 ejusdem
1200 1143 1381 1187 natura
1411 1144 1459 1190 et
1488 1135 1698 1189 alterius
1724 1144 1903 1188 natura
1928 1150 2046 1187 cono

681 1205 883 1269 sistunt,
914 1205 1061 1273 idque
1080 1206 1132 1257 iu
1154 1206 1376 1259 numeris
1402 1208 1621 1273 primum
1655 1206 1831 1257 videri.

537 1295 709 1349 Omne
742 1305 917 1349 autem
954 1295 1208 1365 quidquid
1245 1297 1297 1350 in
1327 1296 1538 1365 propria
1581 1305 1766 1348 natura
1797 1294 2045 1347 substan-

471 1384 644 1452 tiaque
674 1395 753 1437 est
795 1386 1087 1449 immobile,
1136 1387 1474 1440 terminatum
1516 1384 1899 1451 deﬁnitumque
1941 1392 2043 1447 est,

468 1477 663 1544 quippe
689 1477 829 1545 quod
857 1479 1001 1530 nulla
1032 1477 1323 1531 variatione
1354 1485 1607 1539 mutetur,
1636 1491 1904 1542 nunquam
1925 1489 2046 1529 esse

469 1566 695 1633 desinat,
728 1583 993 1636 nunquam
1026 1569 1340 1637 possitesse
1364 1567 1503 1636 quod
1534 1580 1637 1619 non
1665 1565 1777 1620 fuit.
1813 1567 1880 1618 At
1909 1564 2042 1628 haec,

468 1656 643 1709 unitas
672 1658 784 1710 sola
815 1665 914 1724 est,
948 1667 1001 1712 et
1036 1673 1153 1726 qua:
1194 1660 1393 1712 unitate
1436 1656 1665 1711 formant
1688 1672 1749 1721 .r,
1793 1668 2043 1723 compre-

468 1746 745 1801 hensibilis
774 1756 827 1801 et
847 1720 1214 1802 determinatus
1240 1756 1292 1800 et
1318 1746 1558 1815 ejusdem
1586 1720 1896 1798 substantia:
1918 1720 2043 1799 esse
2072 1720 2121 1781 Β

467 1834 731 1889 dicuntur.
764 1837 836 1889 Ea
889 1851 1019 1891 vero
1065 1844 1207 1900 sunt,
1240 1851 1358 1904 quae
1395 1836 1480 1889 vel
1509 1835 1577 1888 ab
1608 1836 1895 1902 mqualihus
1927 1848 2045 1888 cre-

466 1933 620 1978 scunt
652 1926 795 1979 velut
824 1925 1085 1995 quadrati,
1127 1926 1208 1978 vel
1236 1939 1367 1993 quos
1398 1925 1507 1992 ipsa
1536 1924 1707 1977 unitas
1740 1921 1956 1986 format,
1992 1922 2041 1975 id

467 2024 568 2080 est,
616 2017 861 2083 impares.
894 2015 961 2069 At
989 2030 1115 2068 vero
1140 2015 1375 2068 binarius
1413 2023 1466 2067 et
1491 2014 1667 2068 cuncti
1702 2020 1852 2082 parte
1877 2011 2044 2066 altera

466 2101 749 2173 longiores,
775 2105 862 2173 qui
888 2118 917 2161 a
952 2104 1095 2158 ﬁnita
1127 2104 1421 2159 substantia
1448 2106 1827 2166 discesserunt,
1862 2103 2035 2156 varia-

466 2194 586 2248 tnis
616 2194 942 2263 inﬁnitmque
965 2194 1273 2248 substantiae
1296 2194 1656 2247 nominantur.
1681 2192 1899 2245 Constat
1916 2206 2043 2260 ergo

466 2298 715 2337 numerus
740 2285 999 2338 omniscx
1034 2284 1115 2338 his
1140 2299 1253 2353 quia
1280 2285 1435 2353 longe
1450 2284 1715 2354 disiuncta
1743 2292 1865 2336 sunt
1885 2294 2042 2353 atque

466 2375 745 2438 contraria,
773 2388 838 2427 ex
870 2373 1158 2442 imparibus
1188 2374 1392 2427 scilicet
1421 2381 1476 2427 et
1507 2372 1740 2441 paribus.
1776 2372 1871 2425 llic
1896 2373 2039 2426 enim

464 2465 739 2529 stabilitas,
774 2464 884 2518 illic
912 2464 1173 2517 instabilis
1192 2462 1447 2529 variatio;
1480 2464 1567 2517 hic
1599 2464 1885 2518 immobilis
1915 2464 2040 2517 sub-

464 2555 668 2606 S'antite
734 2554 913 2618 robur,
970 2554 1076 2608 illic
1118 2554 1328 2608 mobilis
1389 2555 1737 2623 permutatio;
1773 2555 1857 2607 hic
1907 2553 2037 2607 deﬁ-

464 2643 568 2697 nita
612 2644 874 2710 soliditas,
932 2645 1019 2699 hic
1073 2646 1279 2699 inﬁnita
1338 2648 1616 2715 congeries
1667 2646 2037 2700 multitudinis.

465 2732 611 2797 Quze,
657 2733 879 2796 scilicet,
929 2749 1049 2789 cum
1091 2736 1196 2790 sint
1238 2738 1525 2802 contraria,
1565 2739 1615 2790 in
1674 2752 1779 2791 una
1803 2756 1831 2789 n
1866 2746 2039 2791 tamen

467 2822 851 2890 quodammodo
875 2826 1158 2879 amicitiam
1203 2829 1681 2898 cognationemque
1727 2828 2035 2893 miscentur,

468 2922 516 2965 et
562 2914 706 2967 ill'us
765 2917 982 2971 unitatis
1054 2918 1432 2974 informatione
1498 2931 1656 2990 atque
1706 2922 2037 2990 regimento,

468 3019 623 3057 unum
690 3008 893 3060 numeri
948 3022 1141 3075 corpus
1190 3009 1446 3064 efficiunt.
1493 3012 1607 3065 Non
1662 3027 1787 3081 ergo
1842 3014 2038 3067 inutili-

470 3104 545 3148 ter
601 3110 769 3164 neque
822 3098 1135 3166 improvide,
1190 3101 1276 3168 qui
1325 3102 1393 3155 de
1455 3102 1553 3159 hoc
1606 3079 1824 3167 mnu-do,
1866 3079 2111 3173 dequeC

468 3184 564 3237 hac
616 3186 882 3239 communi
937 3201 1112 3240 rerum
1160 3197 1344 3243 natura
1401 3192 1869 3256 ratiocinaba:.tur,
1905 3194 2039 3247 hanc

468 3273 689 3338 primam
718 3274 879 3327 totius
907 3275 1045 3329 modi
1092 3277 1403 3332 substantia
1432 3281 1747 3336 divisionem
1780 3282 2035 3338 fecerunt.

469 3362 531 3413 Et
563 3362 709 3416 Plato
743 3364 955 3431 quidem
997 3365 1048 3418 in
1078 3363 1278 3421 Timaeo
1307 3369 1545 3436 ejusdem
1579 3384 1797 3435 naturae,
1830 3385 1883 3428 et
1911 3377 2041 3430 alte-

468 3454 577 3504 rius
608 3454 862 3518 nominat,
891 3455 1145 3526 quidquid
1179 3460 1229 3512 in
1269 3461 1468 3515 mundo
1500 3471 1603 3526 est,
1630 3473 1787 3532 atque
1819 3467 1959 3520 aliud
1987 3468 2039 3521 in

470 3556 560 3595 sua
605 3552 789 3596 natura
844 3559 1158 3612 permanere
1212 3559 1360 3617 putat
1409 3552 1734 3606 individuum
1775 3554 2043 3624 inconjun-

472 3642 715 3702 etumque
745 3644 799 3690 et
823 3650 1001 3690 rerum
1034 3639 1269 3693 omnium
1306 3642 1552 3709 primum,
1586 3645 1813 3698 alterum
1862 3646 2044 3701 divisi-

470 3726 573 3779 hile
601 3737 649 3780 et
679 3742 945 3797 nunquam
984 3730 1032 3783 in
1066 3733 1261 3801 proprii
1288 3743 1430 3787 statu
1459 3736 1661 3791 ordinis
1695 3754 2041 3807 permanens.

469 3814 733 3884 Pbyloaus
763 3834 889 3872 vero
914 3834 930 3873 :
953 3819 1187 3876 Necesse
1220 3831 1320 3889 est,
1352 3825 1542 3893 inquit,
1574 3829 1752 3881 omnia
1780 3845 1898 3898 qua:
1921 3840 2045 3885 sunt

469 3906 549 3960 vel
591 3908 789 3961 inﬁnita
827 3911 907 3963 vel
954 3910 1097 3964 ﬁnita
1141 3927 1278 3967 esse.
1317 3916 1690 3972 Demonstrare
1728 3920 1931 3974 scilicet
1954 3936 2045 3974 vo-

468 3997 582 4053 lens
611 3999 784 4051 omnia
818 4015 1144 4070 quaecunque
1185 4014 1307 4057 sunt
1359 4020 1422 4059 ex
1476 4006 1554 4061 his
1604 4008 1813 4063 duobus
1871 4012 2043 4064 consi-

469 4096 629 4151 stere,
656 4097 743 4139 aut
765 4103 827 4140 ex
859 4088 1084 4155 inﬁnita,
1128 4092 1330 4145 scilicet
1359 4109 1500 4159 esse,
1547 4106 1636 4149 aut
1680 4112 1741 4151 ex
1776 4098 1944 4162 ﬁnita,
1978 4099 2043 4153 ad

470 4178 672 4229 numeri
716 4177 829 4230 sine
876 4178 1038 4232 dubio
1067 4180 1488 4235 similitudinem.
1536 4184 1629 4238 llic
1668 4187 1808 4239 enim
1838 4202 1904 4240 ex
1940 4204 2045 4243 uno

470 4272 520 4318 et
548 4264 772 4332 duobus,
811 4276 864 4320 et
899 4267 1085 4336 impari
1135 4279 1292 4339 atque
1345 4274 1456 4341 pari
1505 4274 1860 4345 coniungitur.
1917 4280 2048 4345 Quas

468 4357 743 4411 manifesta
765 4369 907 4425 sunt,
940 4361 1262 4429 :equalitatis
1290 4373 1447 4434 atque
1479 4367 1872 4438 inmqualitatis,
1901 4373 2041 4441 ejus-

468 4448 586 4500 dem
619 4457 777 4517 atque
829 4451 1072 4517 alterius,
1114 4453 1346 4509 deﬁnitae
1392 4467 1550 4527 atque
1592 4460 1884 4517 indeﬁnitze
1925 4480 2044 4521 esse
2075 4441 2120 4500 θ

469 4537 798 4594 substantiae.
824 4543 972 4608 Quod
998 4545 1239 4601 videlicet
1269 4564 1373 4602 non
1398 4551 1513 4605 sine
1535 4566 1693 4607 causa
1721 4555 1917 4610 dictum
1940 4569 2040 4625 est,

468 4630 643 4682 omnia
673 4646 789 4700 quae
821 4650 882 4688 ex
913 4640 1193 4694 contrariis
1220 4641 1593 4706 consisterent,
1624 4645 1895 4703 harmonia
1923 4666 2047 4719 qua-

468 4722 587 4777 dam
619 4724 865 4794 conjungi
896 4738 1052 4797 atque
1079 4735 1351 4801 componi.
1402 4734 1497 4789 Est
1546 4738 1685 4792 enim
1745 4740 2038 4809 harmonia,

469 4816 816 4882 plurimorum
844 4820 1113 4888 adunatio,
1142 4833 1196 4878 et
1226 4825 1653 4885 dissentientium
1684 4834 1983 4890 consensio.

1003 4953 1225 5010 CAPUT
1268 4957 1514 5014 XXXIII.
1540 4970 1541 4973 ‘

466 5052 549 5107 Ea:
579 5058 805 5139 ejusdem
858 5068 1007 5128 atque
1030 5063 1242 5139 alterius
1289 5070 1485 5139 numeri
1534 5080 1748 5135 natura,
1792 5075 1878 5139 qui
1930 5085 2046 5129 sunt

538 5128 1065 5213 quadr'ntus‘etnparte
1104 5134 1265 5187 altera
1314 5136 1529 5206 longior,
1564 5128 2043 5213 omncs’prOportio‘

540 5212 659 5249 num
688 5197 1005 5254 habitudines
1037 5214 1284 5258 constare.
1400 5197 1422 5206 ⁷
1516 5197 1527 5205 ’
1594 5237 1599 5241 ·

540 5284 896 5355 Dispouantur
925 5306 1051 5361 ergo
1080 5294 1133 5345 in
1163 5294 1407 5350 ordinem
1438 5312 1545 5352 non
1564 5298 1673 5369 jam
1706 5316 1859 5369 pares
1885 5313 2043 5374 atque

470 5373 720 5442 impares,
753 5394 815 5433 ex
841 5381 1030 5449 quibus
1064 5383 1307 5451 quadrati
1336 5388 1422 5442 vel
1455 5400 1604 5457 parte
1639 5392 1809 5447 altera
1836 5373 2042 5465 longio-

471 5478 556 5517 res
585 5465 736 5531 ﬁunt,
771 5470 864 5523 sed
899 5470 963 5524 hi
1005 5472 1102 5540 ipsi
1134 5474 1351 5541 quiillis
1380 5480 1709 5535 coacervatis
1764 5482 1816 5536 in
1857 5499 2044 5537 unum-

470 5565 572 5619 que
598 5555 847 5623 redaetis,
891 5568 940 5613 et
985 5562 1228 5629 quadrati
1275 5572 1328 5618 et
1358 5576 1511 5634 parte
1556 5569 1721 5624 altera
1778 5573 2043 5641 longiores

475 5643 746 5707 prodeunt.
781 5645 854 5702 lta
880 5651 1016 5704 enim
1044 5652 1338 5709 videbimus
1366 5656 1582 5713 istorum
1612 5662 1888 5729 quemdam
1918 5679 2042 5719 con-

2153 481 2464 548 amicitiam,
2512 491 2568 535 ut
2614 495 2717 535 non
2744 482 2861 536 sine
2888 496 3048 536 causa
3081 483 3180 536 hoc
3210 481 3260 534 in
3293 479 3536 533 omnibus
3566 477 3712 529 rebus

2153 570 2220 623 ab
2250 570 2454 624 numeri
2495 570 2671 638 specie
2696 580 2878 624 natura
2910 586 3089 624 rerum
3135 569 3427 636 sumpsisse
3458 566 3711 619 videatur.

2151 658 2270 714 Sint
2313 659 2469 728 igitur
2497 659 2598 713 duo
2630 674 2814 713 versus
2852 670 3249 729 tetragonorum
3276 658 3342 711 ab
3370 656 3572 709 unitate
3602 668 3714 707 ont-

2150 750 2318 815 nium,
2346 758 2403 803 et
2426 764 2455 801 a
2483 749 2690 803 binario
2720 762 2940 803 numero
2969 758 3119 817 parte
3146 750 3313 801 altera
3345 747 3664 814 longiorum.

2157 844 3711 941 ἸΞ-ΙΞῙΙΪ-ΞΙ-ἮΞ-ἙΣΙΕΙΛΞΛ

2834 846 3035 857 w

2101 969 2111 977 -
2160 926 2361 1023 ΓΞ-
2376 926 2608 1023 re“)
2622 926 3710 1022 Tartari—trum

2151 1063 2346 1119 florum
2373 1063 2533 1131 igitur
2561 1062 2603 1116 si
2637 1063 2860 1129 primum
2887 1075 3163 1129 compares
3181 1060 3373 1129 primo,
3392 1058 3714 1126 dupliquan-

2149 1154 2271 1205 titas
2298 1151 2582 1216 invenitur,
2614 1166 2732 1219 qua:
2760 1160 2839 1204 est
2870 1151 3036 1219 prima
3058 1147 3466 1218 multiplicitatis
3492 1147 3708 1215 species.

2147 1241 2203 1297 Si
2233 1256 2359 1296 vero
2384 1241 2675 1297 secundum
2708 1242 2967 1305 secundo,
2993 1240 3259 1296 bemiolia:
3287 1237 3603 1309 quantitatis
3632 1236 3714 1288 ha-

2146 1332 2330 1387 bitudo
2385 1333 2713 1402 producitur.
2761 1334 2816 1387 Si
2884 1333 3098 1386 tertium
3152 1333 3326 1397 tertio,
3383 1328 3713 1399 sesquitertia

2148 1416 2420 1487 proportio
2448 1428 2820 1488 procreantur.
2864 1416 2919 1473 Si
2974 1427 3220 1485 quartum
3251 1425 3467 1485 quarto,
3517 1412 3713 1481 sesqui-

2146 1518 2351 1578 quarta,
2380 1517 2435 1563 et
2481 1510 2525 1563 si
2554 1510 2797 1578 quintum
2828 1508 3033 1575 quinto,
3065 1507 3454 1576 sesquiquinta.
3504 1505 3571 1558 Et
3601 1503 3713 1557 hinc

2146 1600 2704 1669 superparticularium
2734 1615 2976 1655 normam
3002 1599 3054 1655 in
3083 1598 3307 1668 quodvis
3353 1598 3713 1667 longissimum

2146 1693 2372 1760 spatium
2422 1693 2769 1762 progrediens
2815 1693 3072 1763 integram
3123 1692 3546 1760 inofl’ensamque
3576 1704 3715 1759 τερος

2146 1783 2270 1837 ries.
2302 1782 2373 1836 Ita
2402 1793 2459 1838 ut
2488 1784 2538 1837 in
2567 1784 2734 1852 prima
2766 1783 2913 1854 dupli
2945 1784 3285 1853 proportione
3308 1784 3527 1837 unitatis
3558 1783 3715 1835 solius

2145 1876 2215 1929 sit
2243 1875 2564 1930 differentia.
2594 1876 2710 1931 Duo
2728 1890 2957 1946 namque
2984 1876 3053 1930 ab
3096 1890 3205 1931 uno
3229 1875 3344 1929 sola
3375 1889 3588 1942 semper
3614 1874 3715 1927 dis-

2145 1973 2365 2035 crepant
2407 1966 2630 2023 unitate.
2674 1968 2731 2021 In
2781 1967 3129 2036 sesquialtera
3181 1981 3309 2021 vero
3359 1966 3588 2018 duorum
3641 1974 3715 2022 est

2145 2057 2458 2125 differentia,
2480 2060 2530 2113 in
2551 2060 2890 2128 sesquitertia
2921 2061 3102 2124 trium,
3120 2060 3173 2114 in
3199 2059 3570 2126 sesquiquarta
3587 2058 3639 2123 Α,
3667 2065 3716 2113 et

2144 2146 2421 2215 deinceps,
2451 2149 2741 2203 secundum
2764 2149 3277 2217 superparticulares
3306 2147 3509 2201 formas
3535 2162 3715 2199 nume-

2144 2252 2319 2289 rorum
2353 2280 2367 2304 ,
2419 2238 2557 2305 quod
2613 2239 2677 2292 ad
2723 2238 3055 2293 differentias
3123 2239 3253 2291 attin
3292 2248 3332 2303 t,
3379 2253 3487 2290 uno
3515 2246 3712 2291 tantum

2145 2328 2334 2383 cre~cit
2365 2328 2575 2398 adjecto
2603 2344 2882 2383 numerum
2914 2330 3188 2398 explicans
3218 2331 3541 2381 naturalem.

2780 2494 3106 2556 Tetragonum

2174 2704 2272 3044 Ω

2591 2584 2862 2704 WE

2598 2704 2686 2820 εει

2597 2798 2685 2944 ΙξΙ

2394 2610 2607 2673 terminil
2679 2610 2687 2673 Ι
2724 2622 2736 2667 Ι
2769 2610 2778 2673 Ι
2853 2610 2861 2673 l
2892 2610 2951 2673 ‘l
3026 2610 3123 2673 l9l
3200 2610 3645 2673 llﬁl‘e'mlﬂl\

2677 2684 3292 2803 Ι“Ι“⁵Ι“Ι·⁵Ι’“Ιὲ[]
3524 2706 3601 2775 \

2342 2787 3615 2898 Μίἓὶἷιὲιῖιεὲιῖιοὲωιξτᾜὲὶ

2272 2803 2313 2892 (<
2342 2786 2832 3013 diﬁ‘erentJE-‘TF
3022 2786 3545 3013 lglggdiﬁerent.
3578 2792 3615 2877 >⁴⁵

2615 2890 2656 2918 Ὀ
2690 2896 2765 2906 -—-
2800 2897 2841 2909 --
2864 2896 2937 2904 —
3034 2894 3110 2903 --
3144 2902 3187 2914 ..-

2230 2930 2345 3013 ξοθολ
2494 2986 2497 2989 λ
2596 2821 2605 3013 Ι

2307 2988 2605 3079 emt
2674 2988 2775 3079 lsi
2798 2988 2829 3004 "
2850 2988 2947 3079 ΙῙΙ
2969 2988 3002 3003 ’³
3022 2988 3118 3079 ΙΕΙ
3140 2988 3174 3012 ⁸³
3194 2988 3583 3079 ΕΒιῶἶὲ

2636 3137 2795 3185 Altera
2830 3145 2965 3194 parte
3004 3139 3266 3193 longiores.

2144 3351 2235 3405 Sin
2263 3364 2387 3404 vero
2412 3347 2700 3403 secundum
2751 3356 3106 3416 tetragonum,
3145 3346 3317 3415 primo
3349 3358 3505 3415 parte
3546 3348 3708 3400 altera

2146 3442 2365 3510 longiori
2390 3454 2683 3507 compares,
2718 3448 2771 3492 et
2824 3437 3033 3505 tertium
3084 3438 3336 3502 secundo,
3370 3447 3426 3491 et
3472 3448 3717 3505 quartum

2148 3530 2320 3596 tertio,
2352 3541 2404 3582 et
2426 3528 2664 3596 quintum
2688 3535 2895 3594 quarto,
2915 3527 3126 3581 easdem
3153 3542 3335 3581 rursus
3354 3529 3719 3597 preportincs

2146 3623 2278 3677 efﬁci
2307 3620 2609 3691 pernotabis
2636 3634 2766 3688 quas
2810 3619 2860 3672 in
2903 3620 3175 3686 sugeiiore
3219 3618 3386 3673 forma
3437 3621 3719 3688 descripsi-

2148 3728 2283 3767 mus.
2330 3713 2435 3766 Sed
2482 3712 2565 3765 hic
2614 3710 2927 3764 differentia:
2972 3711 3037 3763 ab
3082 3712 3281 3764 unitate
3315 3724 3421 3764 non
3451 3712 3718 3773 inchoant,

2146 3806 2236 3859 sed
2269 3821 2296 3858 a
2335 3804 2538 3858 binario
2570 3817 2790 3855 numero
2822 3804 2870 3855 in
2902 3802 3161 3855 infinitum
3196 3816 3288 3870 per
3308 3800 3529 3855 eosdem
3553 3802 3717 3855 calcu~

2149 3896 2226 3947 lus
2276 3895 2700 3963 progrediuntur.
2744 3893 2961 3961 Eritque
3001 3893 3265 3946 secundus
3308 3893 3464 3959 primi
3511 3892 3716 3960 duplus,

2150 3984 2335 4037 tertius
2372 3982 2587 4037 secundi
2619 3981 2955 4049 sesquialter,
2999 3991 3214 4049 quartus
3247 3982 3388 4035 tertii
3430 3983 3718 4049 sesquiter-

2150 4077 2272 4136 tius,
2301 4073 2589 4127 secundum
2609 4073 2848 4128 eamdem
2873 4073 3302 4128 convenientiam
3330 4088 3449 4142 qua:
3478 4075 3720 4141 superius

2148 4168 2505 4220 demonstrata
2533 4174 2632 4220 est.

2773 4353 3100 4419 Tetragonum

2666 4458 2770 4602 ιιι
2843 4462 2852 4602 l

2305 4555 2577 4602 β’,
2682 4559 2755 4568 -
2790 4557 2821 4602 Ξ

2856 4484 2926 4567 3

2785 4602 2821 4656 Ξ
2959 4602 2994 4648 ἑ
3136 4602 3169 4649 ἓ

2284 4682 2295 4734 <
2325 4680 2570 4729 different.
2854 4654 2928 4735 ἵ
3027 4654 3101 4733 Ἰ
3122 4602 3607 4768 .E‘different..\‘

2212 4792 2279 4850 θλ
2600 4756 2642 4784 Ὁ
2677 4762 2751 4771 ἡ
2852 4762 2926 4770 —
2959 4760 3005 4843 ἓ.
3026 4762 3101 4771 —
3132 4689 3637 4871 §__Je‘

2268 4844 2567 4934 oportionnm
2784 4847 2817 4871 Ὦ
2849 4858 2925 4937 —6_
2958 4847 2992 4870 ω
3025 4859 3100 4938 ἦ.
3131 4856 3165 4881 ω
3202 4893 3268 4942 20
3297 4841 3600 4951 ρωρθτὑοῦο

2177 4816 2245 4863 \.,

2207 4863 2257 4899 \

2790 4557 2821 4604 Ξ
2843 4557 2995 4605 Ι“Ι.ΞΞ

2284 4680 2673 4754 {different-El
2705 4689 2729 4732 ρ
2756 4680 2848 4754 ιηξι
2876 4690 2904 4735 δ
2932 4680 3022 4754 ιξι
3050 4689 3079 4733 ι
3105 4680 3129 4754 l-

2600 4756 2642 4784 ‘J
2665 4756 2763 4788 l‘l
2787 4756 2939 4788 :rl—l
2961 4756 3101 4788 σι-

2245 4823 2279 4850 Α
2786 4817 2817 4857 ἓ)
2959 4816 2992 4843 ω

2212 4856 2229 4876 ι
2268 4844 2328 4876 ολ
2676 4859 2749 4868 ——
2784 4847 2817 4871 Δ
2849 4858 2925 4867 ——
2958 4847 2992 4870 (Ω
3025 4859 3100 4869 -.

2289 4861 2589 4937 ἓοτιῖιῆι
2659 4861 2761 4937 El
2784 4861 2817 4871 ”
2836 4861 2902 4937 IT;

2657 4662 2673 4961 Ι

2244 4899 2299 4935 \‘
2332 4899 2588 4959 νινυοιιιιηιι
2657 4899 2669 4961 1
2698 4899 2761 4963 Ἅι
2836 4899 2846 4961 Ι

2625 5004 2782 5053 Altera
2818 5013 2953 5066 parte
2993 5007 3257 5069 longiores.

2148 5145 2349 5200 Rursus
2389 5146 2630 5215 quadrati
2671 5148 2893 5203 invicem
2935 5150 3225 5219 imparibus
3249 5151 3512 5212 differunt,
3561 5164 3692 5220 parte

2147 5242 2311 5295 altera
2342 5240 2624 5307 longiores,
2653 5242 2886 5310 paribus.

2655 5375 2959 5425 Differenlim
2985 5377 3213 5438 impares.

2607 5478 2616 5554 Ι
2674 5493 2703 5538 5
2766 5478 2776 5553 Ι
2834 5490 2861 5535 7
2925 5478 2934 5552 |
2997 5481 3027 5528 9
3089 5478 3100 5553 ι
3148 5488 3194 5534 tl
3247 5476 3258 5552 Ι
3307 5488 3359 5537 l3
3404 5475 3415 5551 Ι

2588 5578 2616 5625 ι
2683 5570 2691 5644 ι
2748 5574 2778 5619 9
2846 5570 2857 5644 ι
2909 5572 2964 5618 16
3008 5569 3017 5642 ι
3066 5573 3125 5619 23
3168 5570 3177 5645 ι
3224 5582 3282 5629 55
3327 5568 3336 5641 ι
3382 5572 3437 5618 tu
3479 5567 3488 5638 ί

2815 5682 3056 5743 Quadrati.
