4022 6366
256 313 386 365 {HI

799 423 1100 472 Dili‘erentiut
1127 441 1285 486 pares.

712 521 1527 601 lGl§|ln|l2|lt|

747 728 897 778 Parte
921 730 1076 780 altéra
1102 731 1364 793 longiores.

249 915 316 963 At
348 924 476 965 vero
527 913 572 966 si
605 914 751 970 inter
782 917 1013 985 primum
1053 928 1109 974 et
1153 920 1445 974 secundum
1472 929 1832 990 tetragonum,

249 1002 482 1065 primum
507 1015 656 1072 parte
677 1007 845 1062 altera
876 1009 1166 1080 longiorem
1201 1013 1467 1081 ponimus,
1501 1012 1565 1068 ad
1589 1020 1840 1081 utrosque

246 1104 340 1142 eos
374 1107 476 1144 una
510 1097 856 1163 proportione
885 1101 1260 1170 coniungitur.
1304 1101 1358 1156 In
1410 1103 1651 1172 utrisque
1696 1103 1838 1158 enim

251 1183 686 1247 preportionibus
711 1185 856 1255 dupli
889 1190 1258 1259 multiplicitas
1290 1191 1577 1247 invenitur.
1600 1193 1694 1248 Sin
1715 1209 1842 1248 vero

253 1269 391 1322 inter
439 1273 734 1328 secundum
764 1277 1091 1348 tertiumque
1147 1290 1506 1351 tetragonum,
1549 1283 1840 1339 secundum

253 1368 404 1422 parte
430 1362 596 1416 altera
626 1363 918 1434 longiorem
949 1383 1131 1437 ponas,
1165 1371 1535 1440 sesquiallem
1561 1387 1841 1442 οοῐηρθτθσ

251 1448 412 1503 tionis
459 1450 524 1504 ad
576 1461 831 1523 utrosque
874 1456 1042 1512 forma
1072 1461 1430 1528 componitur.
1484 1461 1551 1516 Et
1604 1462 1649 1515 si
1709 1462 1847 1516 inter

255 1539 469 1591 tertium
496 1548 550 1594 et
573 1551 819 1610 quartum
853 1556 1208 1616 tetragonum,
1242 1551 1460 1604 tertium
1494 1559 1646 1619 parte
1674 1552 1777 1604 alte
1791 1567 1843 1603 ra

253 1625 548 1694 longiorem
599 1633 916 1700 constituas,
965 1639 1302 1707 sesquitertia
1343 1642 1547 1710 species
1579 1653 1845 1706 nascetur,

253 1726 308 1767 et
336 1717 474 1772 idem
502 1720 546 1773 si
578 1722 626 1774 in
654 1725 862 1779 cunctis
892 1725 1104 1791 feceris,
1138 1740 1358 1783 cunctas
1402 1745 1568 1800 super
1609 1731 1846 1800 particu-

255 1807 398 1862 lares
423 1814 626 1880 species
657 1816 900 1874 invenire
931 1821 1236 1876 miraberis.

1194 2027 1438 2073 secundus

1336 2087 1366 2134 4
1512 2087 1702 2149 lduplus

1111 2213 1156 2225 .-
1177 2184 1368 2232 Itertius

1122 2254 1159 2325 ξ
1177 2254 1818 2329 μ-ᾈΙᾏΞςαυίοιιθτ

775 2352 954 2401 tertius

898 2424 954 2470 12
1095 2424 1184 2492 151
1325 2426 1380 2474 16
1516 2424 1820 2492 Ιεοδῆιθτιίυε

285 2232 321 2278 Ξ

287 2282 334 2312 =6

284 2316 321 2362 Ξ

281 2370 323 2384 ά

282 2391 323 2439 ἑ.

1194 2529 1392 2586 quintus

1323 2599 1385 2647 ‘25
1513 2598 1838 2662 [sesqquartns

261 2783 331 2836 Et
351 2783 416 2836 ad
443 2787 691 2841 eumdem
745 2788 962 2844 modum
1007 2791 1057 2845 in
1103 2795 1314 2848 caeteris
1346 2801 1598 2854 convenit
1625 2802 1847 2862 intueri.

262 2873 466 2928 Rursus
493 2876 538 2928 si
575 2885 842 2942 ponantur
873 2879 978 2934 duo
1028 2886 1288 2952 tetragoni
1343 2901 1406 2940 ex
1445 2873 1690 2958 superius
1755 2895 1850 2949 de.

263 2966 496 3034 scriptis,
529 2966 579 3020 id
600 2978 681 3022 est
714 2970 914 3039 primus
936 2980 989 3027 et
1011 2976 1297 3044 secundus,
1325 2987 1379 3032 et
1403 2979 1455 3033 in
1487 2997 1649 3036 unum
1696 2985 1848 3040 colli-

260 3065 475 3125 gantur,
509 3067 561 3112 et
606 3059 816 3116 medius
862 3075 1048 3116 eorum
1105 3073 1255 3129 parte
1304 3066 1473 3121 altera
1522 3071 1732 3140 longior
1770 3073 1852 3129 bis

261 3148 668 3219 multiplicetur,
718 3163 1023 3222 letragoaus
1055 3153 1130 3207 lit.
1194 3153 1430 3226 Namque
1461 3176 1595 3213 unus
1626 3171 1679 3216 et
1709 3162 1761 3228 4,
1802 3165 1846 3218 si
1877 3153 1922 3214 C

261 3244 572 3322 iungantur,
629 3247 662 3300 5
695 3245 915 3312 faciunt,
967 3263 1149 3304 eorum
1209 3249 1444 3305 binarins
1486 3262 1636 3321 parte
1684 3255 1847 3310 altera

262 3341 479 3409 longior
507 3341 552 3394 si
586 3340 667 3394 bis
689 3341 932 3407 duoatur,
967 3351 1198 3410 quatuor
1227 3341 1456 3407 faciunt,
1486 3347 1576 3414 'qni
1601 3347 1791 3415 juncti,
1816 3350 1850 3404 9

269 3431 395 3482 sine
424 3430 530 3484 ulla
586 3431 917 3485 dubitatione
967 3432 1275 3498 conﬁcient,
1329 3436 1416 3502 qui
1475 3446 1555 3489 est
1600 3454 1852 3493 numerus

263 3518 583 3589 quadratus.
618 3521 684 3574 Et
713 3521 776 3574 ad
800 3521 1044 3576 eumdem
1078 3522 1293 3576 modum
1340 3523 1392 3576 in
1420 3524 1538 3578 aliis
1565 3525 1664 3580 huc
1696 3530 1853 3582 modo

266 3609 550 3677 dispositis
581 3610 839 3674 numeris,
871 3625 1006 3678 quos
1051 3625 1209 3679 supra
1256 3610 1657 3680 descripsimus,
1712 3615 1850 3670 idem

268 3709 486 3753 constat
539 3699 782 3768 intelligi.
831 3700 886 3755 Si
919 3714 1047 3753 vero
1091 3711 1371 3754 convertas
1394 3739 1409 3764 ,
1460 3709 1515 3755 et
1543 3703 1694 3757 inter
1723 3704 1855 3758 duos

267 3795 505 3863 primum
550 3804 604 3846 et
633 3795 929 3848 secundum
962 3804 1112 3863 parte
1158 3795 1325 3848 altera
1355 3797 1621 3864 longiores
1668 3812 1859 3852 secun-

270 3887 399 3940 dum
437 3896 770 3955 tetragonuui
806 3900 990 3954 ponas,
1020 3887 1107 3956 qui
1137 3887 1187 3940 in
1211 3888 1400 3941 ordine
1427 3889 1640 3956 quidem
1672 3905 1859 3944 secun-

273 3975 376 4028 dus
406 3984 511 4040 est,
539 3975 634 4030 sed
665 3985 787 4029 actu
809 3983 864 4029 et
891 3990 1053 4043 opere
1085 3974 1318 4044 primus,
1358 3992 1426 4030 ex
1460 3977 1664 4032 duobus
1713 3989 1861 4047 parte

271 4065 446 4118 altera
505 4065 837 4134 longioribus
886 4068 1244 4136 congregatis,
1297 4080 1349 4122 et
1399 4069 1481 4122 bis
1513 4072 1861 4140 multiplicato

243 4223 248 4226 _
272 4156 459 4210 medio
486 4165 790 4226 tetragono,
819 4173 1002 4212 rursus
1035 4166 1345 4226 tetragonus
1370 4160 1668 4213 coniicitur.
1703 4161 1864 4214 Nam-

273 4263 383 4315 que
413 4248 552 4302 iuter
581 4247 614 4302 6
641 4257 697 4303 et
727 4249 988 4306 binarium
1020 4265 1320 4316 numerum,
1365 4252 1453 4321 qui
1496 4264 1620 4306 sunt
1658 4255 1862 4323 primus

277 4350 334 4394 et
363 4341 626 4396 secundus
661 4351 812 4411 parte
842 4346 1006 4397 altera
1039 4343 1302 4412 longiores
1322 4386 1336 4410 ,
1386 4344 1430 4398 si
1471 4354 1702 4413 ponatur
1730 4358 1864 4414 qua-

279 4432 553 4485 ternarius
575 4431 762 4486 ordine
785 4438 1073 4498 secundus,
1127 4434 1325 4502 primus
1377 4443 1495 4487 actu
1533 4442 1862 4504 tetragonus,

1464 318 1550 372 DE
1591 319 2049 374 ARI'I‘IIMETICA
2092 319 2215 373 LIB.
2260 319 2320 373 11.

1859 441 1908 494 Α

340 1989 542 2075 'primus
705 2031 741 2086 ξ
777 2021 962 2082 primus
1194 2027 1438 2073 secundus

499 2077 524 2126 1
696 2089 740 2159 ἕ
919 2085 949 2131 2
1336 2087 1366 2134 4
1527 2088 1702 2149 duplus

273 2199 322 2245 -Ξ
706 2163 752 2260 ξ
775 2184 1018 2231 secundus
1111 2213 1157 2260 ..Ξ
1195 2184 1368 2232 tertius

285 2249 334 2339 g‘
503 2248 532 2295 4
691 2265 738 2327 ζ
769 2322 850 2329 _
917 2254 946 2300 6
1122 2264 1159 2325 8
1271 2277 1291 2298 ο
1331 2255 1364 2303 9
1527 2267 1818 2324 sesquialter

281 2343 323 2416 ξ
361 2349 535 2396 tertius
700 2331 739 2407 Ξ
775 2352 954 2401 tertius
1192 2361 1391 2410 quartus

282 2422 323 2439 ··’
498 2419 530 2464 9
690 2414 737 2507 ’Ξ
898 2424 954 2470 12
1118 2408 1158 2456 Ξ
1325 2426 1380 2474 16
1529 2425 1820 2492 εοδῆιθτιίυε

359 2524 561 2576 (ιυειιιιιε
698 2512 738 2585 ξ
773 2531 974 2581 quartus
1194 2529 1392 2586 quintus
1539 2501 1604 2510 --

487 2587 544 2634 16
679 2625 687 2654 ,
706 2589 751 2616 =-
897 2593 959 2640 20
1323 2599 1385 2647 25
1527 2598 1838 2662 sesqquartns

3384 321 3517 376 ειη

2189 463 2219 507 8
2681 461 2739 507 18
3195 462 3256 508 32

1947 431 3500 447 —__———-————————_——-—

1947 525 3503 541 _._—————-————-————————————-————_—

1963 801 3441 878 |e|4|6|6|9|12|12|16|gi

1972 895 1983 968 Ι
2200 908 2256 955 ns
2469 895 2482 969 ί
2561 963 2570 970 ,
2699 907 2759 954 so
2985 894 2994 968 Ι
3208 906 3270 955 st
3488 892 3497 968 Ι

2089 1006 2373 1059 ιμιι-θιζοιιιιε
2599 1005 2884 1066 tetragqnus
3105 1006 3172 1046 tet
3183 1009 3390 1066 {agnitus

2107 1073 2134 1106 a
2154 1066 2361 1121 quatuor
2671 1071 2695 1106 a
2725 1061 2815 1107 se'l
3158 1061 3216 1105 ali
3241 1064 3348 1104 octo

1950 1198 2077 1253 Illud
2108 1215 2318 1269 quoque
2344 1215 2448 1254 non
2488 1209 2698 1268 oportet
2747 1200 2950 1256 minore
2978 1200 3326 1254 admiratione
3358 1199 3524 1253 susci-

1953 1305 2099 1359 pere,
2131 1290 2272 1360 quod
2303 1290 2592 1345 secundum
2627 1291 2872 1359 proprias
2903 1303 3140 1356 naturas,
3172 1274 3258 1343 υῘιὶ
3287 1290 3528 1343 altrinse-

1951 1397 2044 1435 cus
2077 1380 2180 1434 duo
2210 1381 2472 1450 tetragoni
2508 1389 2671 1442 stant,
2705 1388 2758 1434 et
2787 1396 2922 1434 unus
2951 1387 3103 1448 parte
3127 1379 3293 1432 altera
3326 1378 3529 1443 longior

1955 1472 2006 1524 in
2029 1471 2202 1524 medio
2227 1471 2458 1538 ponitur,
2481 1479 2787 1540 tetragonus
2816 1471 2904 1540 qui
2930 1470 3185 1534 nascitur,
3212 1467 3299 1521 ille
3320 1481 3530 1534 semper

1955 1564 2020 1611 ab
2051 1559 2236 1628 impari
2265 1569 2594 1627 procreatur.
2637 1559 2767 1613 Nam
2815 1577 2878 1614 ex
2909 1558 3274 1628 superioribus
3294 1599 3308 1623 ,
3342 1571 3448 1610 uno
3478 1562 3532 1609 et

1954 1648 1984 1700 4
2017 1659 2069 1701 et
2103 1649 2182 1702 bis
2215 1648 2565 1717 multiplicato
2607 1649 2835 1714 binario,
2870 1649 3041 1702 factus
3087 1657 3166 1702 est
3213 1645 3531 1700 novenarius

1965 1751 2290 1810 tetragonus,
2315 1744 2402 1810 qui
2433 1742 2636 1796 scilicet
2660 1759 2688 1796 a
2718 1743 2886 1795 tribus
2910 1749 3240 1810 procreatur.
3266 1737 3370 1793 Ter
3391 1737 3531 1792 enim

1967 1844 2074 1887 tres
2103 1833 2136 1888 9
2163 1833 2381 1900 faciunt,
2408 1834 2496 1904 qui
2542 1835 2801 1888 ternarius
2833 1834 3003 1902 impar
3031 1842 3110 1886 est
3141 1845 3416 1884 numerus.
3469 1828 3532 1884 Et

1965 1937 2196 1992 sequens
2225 1924 2310 1992 qui
2343 1939 2408 1977 ex
2458 1933 2685 1993 quatuor
2714 1933 2767 1976 et
2793 1923 2846 1984 9,
2877 1932 2928 1976 ct
2962 1921 3040 1974 bis
3074 1919 3420 1988 multiplicato
3449 1932 3531 1970 se«

1965 2013 2117 2067 nario
2139 2013 2478 2082 coniunctus,
2499 2023 2578 2068 est
2607 2014 2675 2068 25
2701 2021 3026 2080 tetragonus,
3055 2020 3105 2062 ι-ι
3129 2010 3239 2078 ip-e
3261 2023 3322 2061 ex
3349 2004 3531 2074 impari

1962 2102 2206 2172 quinario
2251 2103 2484 2156 nascitur
2513 2102 2802 2156 continenti
2846 2110 2964 2170 post.
3016 2097 3320 2152 ternarium.
3370 2095 3531 2160 Quin-

1962 2196 2112 2262 quies
2137 2197 2276 2248 enitn
2310 2195 2539 2262 quinque
2561 2195 2631 2247 ‘25
2671 2193 2984 2262 pretcdunt,
3020 2204 3070 2245 et
3099 2190 3368 2260 quinarius
3419 2195 3532 2256 post

1963 2286 2274 2347 ternarium,
2303 2283 2569 2351 imparest
2597 2299 2865 2338 numerus.
2902 2283 2965 2336 Et
2987 2284 3036 2334 in
3065 2279 3302 2348 sequenti
3327 2293 3532 2347 quoque

1961 2377 2146 2431 eadem
2174 2377 2308 2431 i'atio
2331 2389 2430 2432 cst.
2478 2378 2608 2432 Nam
2637 2379 2724 2445 qui
2754 2394 2814 2432 ex
2851 2378 2883 2432 9
2929 2386 2984 2431 et
3016 2376 3078 2430 16
3103 2385 3152 2430 et
3182 2375 3260 2428 bis
3281 2374 3438 2428 ducto
3470 2373 3532 2428 13

1959 2469 2248 2538 quadratus
2307 2473 2372 2525 49
2426 2472 2769 2539 producitur,
2846 2471 2937 2524 ille
2993 2484 3021 2522 a
3072 2467 3376 2537 sep‘enario
3434 2466 3531 2520 im-

1961 2562 2070 2628 pari
2123 2561 2177 2614 lit
2231 2570 2347 2627 post
2399 2562 2694 2630 quinarium
2755 2557 3069 2614 continenti.
3121 2558 3330 2625 Septies
3384 2556 3525 2609 enim

1960 2663 2166 2720 septem
2217 2655 2288 2708 49
2345 2665 2550 2708 creant.
2610 2659 2675 2708 At
2730 2670 2856 2708 vero
2933 2653 3020 2706 ubi
3069 2652 3174 2705 duo
3211 2647 3544 2704 altrinsecus"

1960 2751 2109 2812 parte
2154 2743 2316 2796 altera
2367 2744 2636 2812 longiores
2681 2759 2845 2796 unum
2902 2743 3132 2796 medium
3194 2750 3525 2809 tetragonum

1958 2833 2229 2898 claudunt,
2261 2848 2447 2887 omnes
2469 2833 2530 2888 e'x
2562 2834 2643 2887 his
2665 2835 2752 2902 qui
2783 2835 2912 2886 liunt
2944 2832 3221 2900 tetragoni,
3255 2847 3282 2884 a
3315 2831 3527 2898 paribus

1959 2923 2343 2989 producuntur.
2371 2924 2498 2977 Nam
2532 2928 2618 2994 q'ui
2662 2939 2725 2978 ex
2762 2924 2970 2976 duobus
3006 2932 3059 2976 et
3100 2921 3132 2976 6
3169 2929 3318 2990 parte
3362 2921 3543 2976 altera

1961 3013 2286 3083 loiigioribus
2313 3025 2363 3070 et
2387 3018 2727 3085 quaternario
2757 3015 2836 3069 bis
2864 3015 3239 3082 multiplicato,
3273 3013 3335 3067 16
3364 3021 3526 3066 tetra-

1958 3124 2128 3177 gonns
2166 3109 2330 3163 lactus
2363 3118 2462 3171 est,
2489 3107 2576 3161 ille
2623 3123 2650 3159 a
2706 3105 3044 3174 quaternaiio
3081 3119 3322 3168 numero,
3368 3103 3415 3156 id
3449 3113 3526 3157 est

1955 3201 2087 3268 pari,
2120 3201 2449 3268 producitur.
2499 3198 2696 3262 Quater
2733 3197 2872 3249 enim
2905 3205 3131 3263 quatuor
3169 3194 3230 3249 l6
3276 3203 3417 3247 sunt.
3466 3191 3538 3262 Et:

1957 3293 2005 3344 in
2029 3291 2270 3360 scquemi
2300 3305 2509 3359 quoque
2531 3288 2718 3342 ordine
2742 3287 2827 3341 ubi
2849 3302 2911 3340 ex
2928 3287 3136 3339 senario
3159 3296 3210 3338 et
3229 3282 3526 3344 duodecim,

1954 3394 2005 3437 et
2040 3384 2119 3437 bis
2149 3385 2197 3436 in
2224 3398 2372 3436 suam
2398 3396 2658 3435 summam
2688 3381 2846 3434 ducto
2872 3377 3179 3442 novenario,
3209 3376 3442 3438 56liunt,
3466 3389 3530 3429 el

1954 3474 2246 3528 continenti
2281 3473 2391 3542 pari
2422 3471 2633 3526 senario
2659 3470 2996 3538 copulan'ur.
3038 3468 3139 3523 Sex
3171 3468 3309 3522 enim
3357 3466 3530 3520 sexies

1957 3565 2026 3619 56
2054 3565 2358 3618 resrituunt.
2380 3562 2487 3616 Nec
2510 3562 2685 3615 minus
2715 3562 2764 3614 in
2796 3559 3036 3615 eamdem
3067 3558 3324 3612 rationem
3355 3554 3527 3617 cadet,

1956 3670 2016 3724 e15
2056 3654 2118 3707 12
2149 3665 2202 3708 et
2231 3654 2299 3706 20
2327 3661 2379 3706 ct
2411 3652 2491 3706 bis
2521 3652 2584 3705 16
2609 3651 2775 3705 factus
2803 3649 2870 3704 61
2897 3660 3225 3716 tetragonus.
3271 3647 3366 3700 Ille
3392 3644 3530 3698 enim

1957 3762 2024 3800 ett
2087 3743 2361 3799 octonario
2414 3744 2707 3796 continenti
2773 3751 2892 3811 post
2951 3742 3215 3794 senarium
3282 3740 3532 3792 nascitur.

1959 3836 2137 3889 Octies
2167 3837 2308 3887 enTm
2331 3845 2452 3886 octo
2476 3832 2543 3886 64
2577 3841 2908 3900 tetragonum
2935 3831 3186 3898 jungunt.
3244 3829 3305 3880 Et
3335 3829 3385 3880 in
3415 3827 3534 3879 aliis

1961 3939 2169 3994 quoque
2219 3921 2511 3977 secundum
2558 3921 2802 3976 eumdem
2858 3919 3072 3973 modotu
3114 3919 3156 3972 si
3187 3907 3323 3970 idem
3355 3916 3532 3980 iacias,

1966 4017 2184 4071 rationis
2213 4012 2344 4067 ordo
2375 4027 2477 4066 non
2510 4012 2794 4078 discrepat.

2503 4104 2729 4161 CAPUT
2769 4103 3008 4160 XXXIV.

2064 4203 2212 4270 Quod
2250 4217 2312 4256 ex
2342 4199 2601 4270 quadratis
2631 4216 2694 4253 ea:
2717 4210 2858 4268 parte
2886 4199 3048 4252 altera
3087 4197 3442 4270 longioribus,

2305 4268 2464 4325 omnis
2493 4272 2770 4340 formarum
2801 4270 2932 4321 ratio
2958 4268 3200 4320 consistat

2043 4367 2174 4421 Illud
2198 4381 2346 4435 vero,
2366 4365 2505 4435 quod
2531 4380 2595 4418 ex
2618 4363 2699 4418 h‘s
2725 4363 2931 4416 duobus
2955 4369 3060 4414 tota
3086 4361 3321 4413 omnium
3349 4360 3536 4409 lorum.

1974 4475 2088 4512 rum
2120 4457 2326 4511 videtur
2350 4464 2464 4509 orta
2498 4453 2721 4522 prolatio
2749 4467 2851 4506 non
2889 4451 3092 4505 tninore
3123 4435 3539 4506 comideratiom

277 4531 335 4576 εί
355 4521 750 4614 coniungantur
778 4523 884 4576 duo
908 4533 1100 4614 use?"
1129 4525 1329 4578 “mium
1354 4523 1407 4579 8'
1436 4525 1569 4578 Tum
1591 4527 1639 4614 ⁸1
1667 4524 1748 4578 bis
1770 4525 1868 4578 δυ’
1898 4522 1950 4580 D
1978 4550 2262 4604 notandum
2293 4555 2392 4602 est.
2440 4521 2677 4614 Namque
2733 4543 2976 4613 trianguli
3029 4542 3116 4610 qui
3166 4551 3386 4595 cunctas
3418 4538 3544 4594 aliat

279 4619 479 4665 cantur
498 4610 682 4675 medii,
709 4621 937 4681 quatuor
967 4611 1168 4667 faciunt
1192 4627 1376 4666 rurSus
1405 4613 1761 4681 octonarium,
1779 4616 1867 4682 qui

281 4717 408 4757 cum
437 4701 801 4771 superioribus
825 4701 1014 4771 juncti,
1068 4702 1304 4757 sedecim
1358 4711 1690 4772 tetragonum
1743 4718 1867 4773 pan-

279 4793 446 4846 dunL

559 5118 590 5166 5
1051 5119 1108 5167 13
1553 5119 1615 5166 25

300 5460 1854 5540 tilel4ltl6'l9l9l12l16l

1214 5634 1492 5645 _____.————

305 5556 327 5642 ί
563 5566 598 5613 9
825 5557 836 5632 ι
1059 5571 1119 5617 2:5
1339 5557 1349 5632 Ι
1496 5567 1626 5640 _to
1836 5555 1847 5630 ι

409 5659 727 5720 ’διεινειεζοηυε
952 5668 1236 5718 tetragonus
1346 5648 1359 5663 ’
1463 5666 1744 5716 tetragonus

486 5733 510 5763 ει
536 5720 690 5768 tribus
937 5736 983 5782 ‘a
1016 5725 1228 5782 quinque
1477 5731 1501 5764 a
1535 5727 1724 5778 septem

1569 5633 1877 5645 ..ῃ

1974 4644 2194 4703 formas,
2223 4640 2360 4693 sicut
2387 4638 2630 4707 superius
2659 4635 2956 4698 docuimus,
2987 4633 3192 4688 collecti
3228 4631 3546 4700 producunt,

1980 4737 2061 4789 Itis
2087 4735 2288 4804 junctis
2319 4733 2462 4787 velut
2507 4747 2571 4784 ex
2611 4727 2926 4800 quibusdam
2960 4722 3238 4780 elementis
3279 4721 3545 4776 oriuntur.

1977 4823 2213 4891 Namque
2243 4837 2306 4874 ex
2344 4837 2448 4874 uno
2480 4820 2650 4887 primo
2696 4827 2993 4887 tetragono,
3053 4822 3107 4869 et
3137 4812 3346 4867 binario
3377 4812 3545 4880 primo

1979 4924 2126 4983 parte
2147 4915 2310 4966 altera
2337 4912 2594 4980 longiore,
2621 4911 2886 4965 ternarias
2929 4905 3220 4978 triangulus
3247 4906 3546 4974 copulatur,

1987 5006 2052 5060 Et
2079 4988 2142 5060 ex
2177 5004 2380 5059 binario
2404 5005 2486 5058 vel
2532 5003 2888 5071 quaternario,
2921 5001 2971 5055 id
3002 5010 3082 5055 est
3119 5014 3179 5054 ex
3211 4995 3446 5052 secundo
3470 5003 3544 5050 [01

1987 5103 2204 5164 tragono
2227 5093 2470 5148 senarius
2500 5093 2791 5162 triangulus
2813 5100 3141 5161 procreatur.
3172 5087 3245 5141 Ex
3277 5096 3542 5154 quaterna

1985 5187 2064 5238 rio
2092 5199 2300 5254 quoque
2322 5192 2374 5237 et
2403 5183 2636 5248 senario,
2669 5184 2919 5236 denarius
2966 5179 3256 5246 triangulus
3286 5172 3544 5227 nascitur.

1987 5275 2053 5328 Et
2074 5275 2138 5328 ad
2169 5274 2414 5328 eumdem
2447 5275 2689 5329 ordinem
2714 5319 2726 5340 ,
2768 5282 2953 5327 cuncta
3005 5269 3384 5338 triangulorum
3418 5265 3543 5320 rati!

1985 5366 2265 5421 constabit.
2302 5366 2657 5435 Disponantur
2695 5365 2836 5419 enim
2881 5359 3177 5417 alternatim
3211 5359 3346 5411 inter
3376 5369 3432 5408 se
3466 5363 3542 5408 te-

1987 5457 2189 5525 tragoni
2218 5465 2270 5511 et
2294 5467 2438 5524 parte
2467 5456 2630 5510 altera
2662 5455 2948 5522 longiores,
2975 5450 3060 5520 qui
3115 5456 3170 5502 ut
3217 5446 3402 5501 melius
3435 5458 3543 5512 per-

1988 5557 2316 5613 notarentur,
2343 5550 2487 5615 prius
2515 5549 2566 5602 in
2615 5547 2822 5601 duobus
2864 5559 2957 5598 eos
3007 5542 3249 5596 versibus
3281 5536 3543 5605 dispns..i~

1987 5651 2124 5702 mus,
2158 5646 2470 5703 postautem
2495 5636 2704 5690 eosdem
2727 5632 3146 5701 permiscuimns,
3167 5641 3214 5686 et
3249 5631 3333 5700 qui
3359 5627 3542 5690 exinde

1989 5728 2229 5796 trianguli
2256 5735 2595 5782 nascerentur
2624 5725 2986 5784 ascripsimus.
