4022 6366
494 354 631 413 1145

497 551 876 565 -σ--“

1132 463 1412 531 'fetragoni'.

635 551 876 641 1—“:
781 571 789 641 t
845 554 930 643 ιι

898 741 904 746 ,
963 688 1110 737 Parte
1136 691 1285 739 altera
1313 691 1572 752 longiores.

919 775 1206 783 ~——_—_—

1211 777 1362 784 —_—_.

490 863 516 872 -
635 785 644 860 ι
780 779 2021 872 ΙἩᾉἮΙἮἙΙἨΠΞῚἯΓ

663 898 928 960 'l‘etragtni
954 910 1005 950 et
1029 903 1182 950 altera
1209 913 1344 963 parte
1369 905 1614 964 l-utgiores
1639 908 1882 955 altr‘niati.

718 1092 1809 1174 is!6[to]t5|2t128|561tslsitlm

1138 1209 1412 1268 Trianguti.

1036 1287 1257 1344 CAPUT
1283 1282 1494 1344 XXXV.

489 1389 1201 1470 Quemadmodumquadrati
1232 1417 1294 1454 ea:
1328 1410 1470 1470 parte
1511 1403 1668 1453 altera
1716 1403 2048 1470 longioribus,

626 1466 701 1516 vel
732 1475 874 1529 parte
901 1469 1059 1520 altera
1082 1466 1336 1539 longiores
1371 1486 1433 1522 ex
1459 1473 1719 1540 quadratis
1765 1466 1909 1537 ﬁant.

553 1552 738 1608 Omnis
770 1571 895 1610 vero
926 1549 1228 1627 lelragOnus
1267 1560 1309 1613 si
1343 1560 1388 1612 ci
1421 1561 1689 1629 proprium
1735 1561 1870 1614 latus
1895 1559 2054 1613 adda-

488 1649 591 1705 tur,
624 1647 702 1696 vel
737 1645 924 1699 eodem
959 1663 1140 1701 rursus
1167 1649 1431 1713 dematur,
1463 1657 1610 1717 parte
1644 1650 1810 1703 altera
1854 1650 2057 1721 longior

490 1733 568 1784 fit.
599 1733 834 1804 Namque
862 1740 893 1792 4
930 1748 1203 1808 tetragono
1253 1744 1294 1793 si
1327 1741 1446 1809 quis
1493 1742 1598 1794 duo
1619 1741 1821 1810 jungat,
1852 1742 1930 1796 vel
1952 1742 2056 1795 duo

1702 361 1808 418 ΛΝ.
1851 360 2056 421 ΜᾹΝίι.
2098 367 2249 423 SEV.
2293 368 2513 423 BUETII

3598 375 3726 428 II“

2085 484 2129 540 Α
2159 481 2500 547 quaternario
2527 479 2643 532 solo
2685 479 2894 534 binario
2934 481 3322 549 relinquuntur.
3369 482 3591 548 Rursus,
3623 486 3663 539 si
3687 487 3720 538 9.

2159 570 2224 622 ad
2250 569 2283 621 4
2311 569 2622 637 speculcris,
2653 568 2814 637 dupla
2839 580 2916 624 est
2951 574 3224 638 pr0portio
3261 587 3276 625 :
3327 573 3370 624 si
3409 583 3636 641 quatuor
3659 575 3716 627 ad

2157 675 2272 724 sex,
2327 661 2691 734 habitudinem
2743 661 3146 730 sesquialteram
3205 677 3576 730 recognosces.
3633 665 3718 719 llic

2159 766 2288 819 ergo
2319 752 2370 804 in
2405 752 2832 820 preportionibus
2854 753 3181 823 discrepant,
3217 755 3268 807 in
3295 755 3608 809 differentiis
3642 771 3718 826 pa-

2159 857 2244 894 res
2275 852 2414 896 sunt.
2451 843 2687 912 Namque
2716 852 2771 898 et
2798 853 3028 913 quatuor
3051 859 3080 897 a
3110 844 3341 910 duobus,
3381 856 3434 899 et
3471 846 3504 900 6
3532 862 3560 898 a
3601 864 3721 916 qna-

2162 942 2300 999 tuor,
2330 934 2516 989 eodem
2567 934 2772 988 binario
2819 935 3043 990 distant.
3088 937 3143 990 In
3185 939 3532 1004 sequentibus
3569 941 3718 994 etiam

2159 1021 2344 1074 eodem
2379 1022 2535 1075 modo
2556 1024 2693 1076 sicut
2724 1023 2773 1076 in
2799 1025 2982 1092 primis
3010 1023 3123 1088 fuit,
3167 1026 3302 1078 ratio
3327 1037 3553 1080 constat.
3599 1029 3717 1081 Nam

2159 1110 2340 1163 eadem
2377 1111 2646 1180 pr0portio
2677 1121 2758 1167 est
2783 1112 3096 1167 differentiis
3118 1129 3222 1167 non
3248 1115 3472 1168 eisdem.
3518 1116 3648 1169 Nam
3690 1120 3715 1174 .t

2159 1203 2219 1252 ad
2247 1201 2280 1255 6
2309 1211 2362 1256 et
2387 1203 2419 1256 6
2445 1205 2507 1254 ad
2536 1203 2591 1266 9,
2639 1203 2984 1270 sesquialtera
3034 1207 3374 1274 proportione
3414 1219 3718 1275 junguntur,
3760 1275 3768 1281 .

2158 1296 2189 1344 ϋ
2215 1302 2386 1346 autem
2418 1285 2812 1361 quaternariiim
2841 1296 3070 1362 duobus,
3095 1296 3126 1349 9
3156 1311 3284 1350 vero
3328 1300 3598 1351 senarium
3631 1303 3716 1349 iri-

2159 1383 2258 1435 bus
2289 1393 2629 1450 praetereunt.
2673 1385 2728 1438 In
2760 1386 3104 1454 sequentibus
3151 1388 3309 1441 etiam
3347 1387 3535 1443 eadem
3595 1388 3720 1442 ratio

2157 1474 2538 1542 speculabitur,
2571 1487 2624 1530 et
2652 1491 2863 1544 semper
2883 1477 3203 1544 alternatim,
3229 1493 3368 1532 nunc
3386 1480 3603 1548 quidem
3625 1495 3717 1533 ea:-

2157 1563 2278 1616 dem
2309 1565 2702 1632 proportiones,
2730 1566 2848 1620 alite
2871 1566 3185 1621 differentia:
3211 1577 3716 1633 sunt,nuucautcm,

2159 1653 2343 1708 ordine
2375 1665 2694 1723 permutato,
2723 1657 2908 1712 iisdem
2940 1657 3250 1712 differentiis
3283 1661 3400 1713 alia:
3430 1663 3717 1730 proportio~

2145 1757 2272 1799 'nes.
2320 1744 2647 1817 Semperque
2670 1748 2722 1801 in
2761 1750 2952 1817 quibus
2982 1747 3256 1818 differunt,
3299 1751 3592 1804 secundum
3636 1767 3719 1805 na-

488 1826 747 1894 detrahat,
779 1831 809 1884 6
835 1832 1078 1887 addendo
1109 1835 1344 1902 perficiet
1373 1845 1426 1889 et
1473 1835 1577 1888 duo
1611 1834 1954 1900 dettahendo,
2002 1845 2055 1888 at
2086 1839 2132 1896 B
2159 1839 2344 1890 turalis
2376 1841 2582 1894 numeri
2605 1841 2820 1895 ordines
2853 1843 3108 1909 tetragoni
3140 1852 3192 1895 et
3229 1852 3374 1910 parte
3405 1842 3575 1895 altera
3616 1843 3718 1896 lon-

491 1924 711 1986 uterque
733 1919 949 1989 figuram
974 1923 1206 1978 continet
1222 1936 1368 1992 parte
1387 1924 1550 1978 altera
1577 1925 1892 1994 longiorem,
1914 1939 2051 1993 qutr,

491 2009 914 2081 scilicetmagna,
940 2024 1026 2068 est
1049 2016 1324 2070 alteritatis
1355 2017 1450 2069 vis.
1477 2017 1660 2070 Omnis
1684 2016 1824 2071 enim
1855 2015 2054 2069 infinita

491 2107 544 2150 et
569 2100 973 2157 indetcrminata
999 2107 1256 2174 potentia,
1281 2108 1347 2159 ab
1375 2107 1687 2174 aequalitatis
1711 2114 1918 2172 natura,
1954 2115 2005 2159 et
2028 2120 2054 2156 a

491 2191 598 2244 suis
628 2207 686 2247 se
718 2195 908 2249 finibus
932 2198 1220 2251 continenti
1251 2197 1545 2252 substantia
1567 2197 1864 2263 discedens,
1895 2207 1984 2251 aut
2006 2199 2054 2250 in

491 2281 660 2347 majus
690 2285 964 2348 exuberat,
997 2297 1085 2338 aut
1116 2287 1165 2339 in
1191 2289 1388 2340 min'ert
1419 2288 1676 2341 decrescit

1021 2381 1243 2435 CAI’U'I‘
1282 2381 1517 2434 XXXVI.

492 2462 639 2529 Quod
663 2469 1014 2539 principaliter
1041 2475 1265 2540 eiusdem
1288 2475 1490 2543 quidem
1527 2476 1592 2526 sit
1618 2475 1913 2527 substantiae
1941 2475 2056 2527 uui-

554 2545 652 2612 tas,
682 2543 902 2612 secundo
949 2559 1062 2594 vero
1099 2547 1212 2596 loro
1242 2545 1460 2612 impares
1499 2546 1717 2607 numeri,
1751 2546 1894 2596 tertio
1932 2561 2060 2610 qua-

554 2607 711 2680 drati,
739 2618 786 2661 et
809 2613 946 2679 quod
977 2607 1322 2680 principaliter
1358 2614 1579 2666 dualitas
1599 2615 1808 2666 alterius
1834 2616 1899 2667 sit
1926 2607 2052 2666 sub-

555 2679 774 2753 ιςςιηαηιὶιιιΒ
807 2682 1027 2753 secundo
1051 2679 1162 2736 vero
1192 2684 1300 2737 loco
1328 2700 1474 2753 pares
1501 2686 1711 2747 numeri,
1737 2686 1882 2738 tertio
1909 2694 2052 2752 parte

553 2745 714 2799 altera
753 2750 1019 2818 longiores.

515 2835 517 2837 ’
555 2837 777 2894 Constat
815 2842 973 2911 igitur
1004 2845 1174 2913 primo
1214 2845 1426 2915 quidem
1477 2848 1614 2912 loco,
1645 2845 1902 2900 unitatem
1936 2861 2055 2914 pro-

490 2926 616 2992 prize
645 2927 1097 3003 immutabilisque
1126 2935 1433 2989 substantia:
1457 2935 1800 3004 ejusdemque
1827 2947 2050 3003 naturae,

489 3015 794 3072 dualitatem
829 3034 953 3075 vero
994 3023 1251 3091 primam,
1304 3024 1586 3078 alterit‘atis
1645 3025 2054 3092 mu'ationisque

489 3119 605 3159 esse
638 3109 972 3178 principium.
1001 3111 1249 3166 Secundo
1275 3128 1399 3167 vero
1430 3114 1576 3178 loco,
1601 3129 1787 3168 omnes
1825 3115 2052 3182 impares

488 3212 737 3253 numeros
770 3211 985 3269 propter
1008 3203 1226 3257 unitatis
1257 3204 1645 3273 cognationem,
1693 3205 1931 3273 eiusdem
1977 3214 2054 3258 at-
2082 3187 2128 3248 (ἶ

489 3286 970 3353 queimmutabilis
1016 3292 1323 3346 substantiae
1354 3308 1474 3348 esse
1523 3295 1807 3363 participes
1835 3337 1848 3357 ,
1902 3310 2059 3364 pares

491 3388 614 3428 vero
637 3377 704 3430 ob
730 3379 918 3434 binarii
952 3385 1154 3435 numeri
1185 3385 1534 3446 consortium,
1568 3385 1918 3440 alteritatibus
1939 3400 2060 3441 esse

490 3469 799 3532 permixtos.
833 3471 1160 3540 Tetragonos
1186 3489 1395 3542 quoque
1429 3476 1494 3527 ad
1548 3475 1794 3529 eumdem
1843 3476 2057 3531 modum

491 3559 815 3614 considerari
842 3563 1178 3616 manifestum
1207 3549 1320 3619 est.
1345 3564 1474 3619 Nam
1503 3566 1642 3634 quod
1674 3581 1856 3620 eorum
1914 3583 2060 3620 com-

491 3649 682 3714 positio
702 3661 755 3704 e‘t
779 3651 1082 3721 conjunctio
1112 3671 1174 3708 ex
1201 3656 1490 3723 imparibus
1521 3658 1595 3720 fit,
1627 3658 1940 3712 immutabili
1968 3675 2060 3713 eos

491 3749 694 3795 naturae
758 3745 1112 3810 pronuntiabo
1162 3745 1494 3815 coinjunctos.
1538 3747 1688 3814 Quod
1736 3764 1864 3802 vero
1912 3759 2061 3818 parte

490 3830 653 3885 altera
685 3832 948 3903 longiores
975 3850 1036 3889 ex
1063 3836 1398 3904 copulatione
1431 3838 1654 3904 parium,
1690 3848 2058 3906 procreantur,

490 3917 754 3994 nunquam
781 3925 846 3981 ab
872 3928 1145 3981 alteritalis
1179 3930 1430 3983 varietate
1453 3927 1793 3999 separantur.

1015 4039 1240 4094 CAPUT
1272 4039 1530 4093 XXXVII.

493 4131 791 4182 Alternatim
817 4131 994 4199 posits
1024 4131 1310 4198 quadratis.
1343 4140 1388 4182 et
1429 4139 1579 4200 parte
1611 4132 1780 4184 altera.
1818 4132 2062 4200 longiori-

561 4200 780 4280 bus,_qui
809 4209 873 4252 εἰ
899 4216 1073 4253 eorum
1089 4215 1378 4265 consensus,
1402 4201 1454 4253 in
1481 4199 1764 4266 differentia
1786 4211 1829 4255 et
1859 4201 1909 4254 in
1937 4218 2060 4271 pro-

559 4281 802 4336 portione.

560 4380 690 4434 Illud
717 4362 872 4449 igitur
889 4380 1314 4449 perspiciendum
1346 4389 1450 4446 est,
1484 4381 1623 4449 quod
1655 4384 1697 4436 si
1729 4382 1867 4436 idem
1903 4392 2060 4438 tetra-

489 4469 614 4538 goni
659 4479 713 4522 et
741 4478 889 4536 parte
941 4471 1106 4523 altera
1155 4469 1422 4537 longiores
1479 4469 1852 4538 disponantur,
1885 4472 1955 4525 ita
2002 4483 2059 4526 ut

2157 1926 2334 1996 giores
2362 1943 2479 1982 sese
2499 1932 2847 1998 superabunt,
2882 1941 3082 1986 tantum
3109 1934 3245 2002 quod
3275 1933 3555 2002 geminatis
3584 1948 3717 1986 sum--

2161 2019 2578 2073 mulisaaturalis
2604 2023 2808 2076 muneri
2853 2024 2910 2076 fit
2955 2026 3275 2093 progressio.
3329 2023 3480 2089 Quod
3532 2026 3718 2078 mirum

2157 2111 2322 2166 videri
2354 2129 2456 2165 non
2488 2113 2662 2179 debet,
2700 2129 2795 2168 nos
2823 2116 2964 2170 enim
2989 2118 3130 2184 ipsas
3161 2131 3392 2169 summas
3425 2127 3718 2184 tetragono

2158 2219 2272 2257 rum
2305 2214 2354 2258 et
2385 2213 2531 2272 parte
2554 2205 2722 2259 altera
2745 2205 3038 2274 longiorum
3068 2208 3398 2276 geminamus
3433 2206 3496 2259 ad
3530 2222 3561 2275 p
3585 2209 3722 2260 imas

2160 2295 2524 2364 secundusque
2557 2296 2941 2364 pr0portiones.

3156 2464 3188 2486 υ)

3150 2493 3189 2563 ἓ

3155 2569 3188 2613 2

3155 2615 3188 2628 -ο

3143 2635 3200 2678 Ξ

3155 2685 3188 2712 5

3154 2719 3202 2828 Ξ

3417 2466 3451 2526 ἓ

3418 2546 3452 2591 Ξ

3415 2597 3463 2674 Ξ.

3418 2683 3451 2710 =

3416 2717 3465 2826 ξ

2634 2535 2670 2591 e

2620 2597 2670 2691 ε

2623 2683 2683 2748 s

2632 2749 2670 2802 ἕ

2633 2803 2669 2828 ω

2889 2495 2924 2564 ἒ

2885 2571 2924 2612 z

2883 2617 2926 2664 Ξ).

2883 2669 2924 2715 ’Ξ

2890 2719 2938 2773 Ξ·

2888 2775 2925 2829 3

2388 2652 2423 2678 at

2373 2685 2423 2729 ,Ξ

2389 2731 2437 2760 Ω-

2377 2767 2424 2826 ’ἓ

2200 3124 2418 3197 ,περ
2464 3124 2472 3198 ι
2527 3125 2603 3198 ιι
2655 3125 2812 3198 δίε)
2863 3089 3648 3202 μειίδῖξοιξδιδοιδδι

2275 3216 3670 3295 Ι¹Ι²Ι²ΙΗ⁵Ι⁴Ι⁴Ι⁵Ι⁵1⁶Ἥ

2171 3295 2422 3306 -ο-ι

2793 3332 3120 3383 Differentite.

2166 3472 2377 3527 Eirdem
2404 3487 2616 3542 quoque
2655 3473 2988 3540 differentiae,
3027 3475 3323 3530 mirabilem
3355 3477 3408 3529 in
3461 3476 3677 3529 modum
3703 3491 3731 3532 ι

2166 3573 2276 3616 toto
2303 3579 2395 3632 per
2441 3572 2725 3631 sequentes
2784 3573 2901 3633 part
2921 3569 2981 3628 σε,
3010 3575 3064 3618 et
3111 3580 3205 3632 per
3245 3564 3458 3619 easdem
3506 3566 3734 3618 unitatcs

2164 3654 2354 3723 quibus
2395 3654 2640 3722 superius
2683 3664 2988 3717 creverunt,
3035 3655 3463 3724 progrediuntur.
3501 3653 3734 3722 Namque

2167 3743 2303 3797 inter
2330 3758 2492 3796 unum
2521 3751 2575 3797 et
2601 3743 2707 3797 duo
2732 3751 2932 3797 tantum
2957 3744 3133 3797 unitas
3152 3744 3452 3808 intercedit,
3475 3759 3594 3812 quaa
3622 3744 3733 3796 uni~

2166 3832 2257 3886 tati
2289 3834 2371 3886 cui
2400 3831 2617 3901 mqualis
2647 3842 2730 3887 est
2761 3841 2925 3888 totum
2958 3842 3058 3895 est,
3112 3833 3298 3887 binarii
3327 3848 3478 3898 vero,
3535 3832 3733 3887 medie-

2166 3929 2263 3974 tas.
2289 3919 2486 3976 Eodem
2513 3921 2670 3974 modo
2716 3921 2853 3976 inter
2877 3921 2912 3973 2
2947 3932 3000 3976 et
3019 3923 3051 3975 4
3084 3930 3284 3974 tantum
3335 3922 3443 3976 duo
3471 3932 3618 3984 sunt,
3648 3923 3734 3990 qui

2166 4009 2352 4063 binarii
2379 4018 2543 4067 totum
2579 4019 2722 4075 sunt,
2747 4011 3068 4079 quaternarii
3100 4011 3380 4066 medietas.
3423 3999 3581 4066 Inter.
3607 4026 3734 4079 qua-

2166 4098 2454 4154 ternarinm
2487 4113 2613 4153 vero
2638 4109 2692 4153 et
2714 4100 2979 4153 senarium
3009 4099 3164 4154 iidein
3200 4099 3312 4154 duo
3342 4109 3486 4162 sunt,
3513 4099 3580 4154 ad
3608 4114 3734 4168 qua-

2166 4191 2451 4244 ternarinm
2467 4191 2744 4256 medietas,
2759 4191 2823 4244 ad
2839 4190 3102 4245 senarium
3118 4190 3434 4260 parstertia.
3453 4191 3585 4246 Tres
3601 4206 3735 4249 sero

2165 4283 2252 4352 qui
2276 4292 2588 4351 sequuntur,
2619 4283 2706 4350 qui
2742 4283 2878 4336 inter
2907 4282 2937 4335 6
2965 4291 3019 4334 et
3042 4280 3073 4334 9
3107 4281 3383 4336 constituti
3407 4291 3532 4334 sunt
3554 4282 3732 4340 medii.

2163 4385 2286 4428 sunt
2314 4374 2524 4442 quidem
2566 4373 2759 4429 senarii
2787 4373 3083 4438 dimidium,
3111 4387 3370 4442 parsvero
3399 4372 3554 4425 tertia
3579 4386 3714 4424 nove

2166 4467 2312 4520 narii.
2334 4467 2398 4519 Et
2413 4482 2595 4520 rursus
2613 4465 2896 4531 ternarius,
2912 4469 2998 4532 qtti
3025 4464 3294 4519 novena‘rii
3316 4463 3468 4517 tertia
3492 4476 3615 4530 pars
3636 4471 3733 4522 est,

487 4558 787 4633 alternatim
819 4558 916 4611 sibi
947 4558 1195 4626 permixti
1226 4559 1353 4627 sint,
1376 4567 1517 4612 tanta
1549 4559 1600 4613 in
1623 4559 1704 4613 his
1731 4571 1813 4615 est
1832 4562 2053 4630 conjun-
2087 4547 2139 4606 Ι)
2163 4559 2472 4614 duodenarii
2500 4566 2683 4627 quarta
2723 4566 2827 4621 est,
2869 4568 2920 4610 t-t
2945 4556 3013 4610 ad
3037 4556 3282 4612 eumdem
3316 4555 3536 4609 modum
3567 4569 3733 4619 usque

488 4649 617 4712 ctio,
643 4655 698 4700 ut
721 4648 855 4700 alias
883 4647 983 4701 sibi
1031 4648 1082 4700 in
1115 4647 1315 4702 eisdem
1347 4649 1781 4716 proportionibus
1818 4664 2056 4704 commn-

491 4738 689 4800 nicent,
725 4737 1034 4802 discrepent
1064 4748 1239 4791 autem
1268 4735 1603 4791 differentiis;
1639 4739 1781 4791 Alias
1805 4754 1930 4793 vero
1957 4740 2056 4792 dif-

489 4833 749 4896 ferentiis,
783 4846 937 4900 pares
958 4832 1086 4896 sint,
1117 4829 1549 4900 proportionibus
1596 4831 1812 4886 distent.
1861 4833 2052 4900 Dispu-

488 4933 681 4976 nantur
704 4923 850 4986 enim.
869 4920 920 4973 in
948 4920 1187 4975 ordinem
1231 4920 1394 4974 iidem
1442 4921 1518 4974 illi
1565 4923 1865 4990 superiores
1895 4931 2057 4994 tetra-

484 5016 630 5083 goni,
661 5024 713 5069 et
744 5022 894 5084 parte
923 5000 1090 5066 altera
1123 5011 1389 5080 longiores
1429 5014 1494 5065 ab
1524 5029 1647 5066 uno.

600 5119 1916 5201 ιιιειιιδι91121ι612.,›,1251;υι

485 5238 624 5307 Ergo
645 5239 698 5292 in
727 5238 1000 5307 superiore
1045 5234 1270 5288 formula
1320 5233 1421 5288 hoc
1457 5236 1689 5287 maxime
1742 5232 2054 5286 intuendum

484 5339 582 5385 est.
627 5330 867 5399 Namque
897 5330 1037 5384 inter
1067 5341 1252 5392 unum,
1286 5323 1374 5392 qui
1417 5333 1498 5378 est
1543 5334 1870 5393 tetragonus,
1915 5331 1969 5376 et
1996 5321 2051 5387 2,

483 5422 638 5491 dupla
665 5421 936 5492 proportio
960 5427 1062 5484 est,
1090 5417 1231 5472 inter
1254 5415 1288 5468 2
1311 5423 1366 5470 et
1392 5416 1425 5469 4
1457 5415 1637 5483 dupla.
1687 5414 1782 5466 llic
1822 5427 1950 5481 ergo
1977 5421 2054 5466 te-

485 5526 759 5584 tragonus,
789 5529 910 5569 cum
943 5521 1092 5582 parte
1119 5499 1574 5578 altera-longiore,
1609 5516 1767 5575 atque
1813 5504 1898 5558 hic
1933 5517 2053 5556 cum

483 5614 737 5672 sequente
769 5614 1067 5672 tetragono,
1114 5601 1300 5656 eadem
1345 5598 1689 5667 proportione
1738 5595 2052 5662 junguntur,

483 5692 795 5747 differentiis
826 5709 949 5747 vero
979 5707 1084 5745 non
1116 5692 1320 5745 iisdem.
1358 5689 1595 5757 Namque
1635 5686 1863 5740 duorum
1901 5692 2054 5750 atque

487 5783 639 5838 unius
680 5784 791 5841 sola
841 5785 1012 5838 unitas
1059 5783 1351 5837 differentia
1403 5789 1501 5839 cst.
1553 5778 1645 5835 sed
1701 5777 1853 5832 iidem
1883 5775 1985 5830 duo
2027 5787 2079 5863 al

2163 4653 2214 4706 in
2240 4653 2396 4708 finem
2413 4652 2806 4719 descriptionis,
2836 4651 3117 4720 geminatis
3142 4649 3442 4718 bujusmodi
3475 4646 3732 4716 partibus.

2164 4744 2303 4796 sicut
2333 4744 2444 4810 ipsa
2472 4757 2685 4810 quoque
2715 4755 3044 4794 summarum
3088 4739 3419 4805 comparatio
3472 4737 3733 4806 geminata

2163 4843 2264 4897 est,
2297 4846 2475 4901 {equas
2502 4830 2725 4900 partium
2754 4829 3149 4900 progressiones
3175 4827 3370 4896 aspir-ie

2682 4977 2905 5034 CAPUT
2943 4976 3226 5032 XXXVIII.

2345 5089 2602 5156 Probatio,
2634 5090 2908 5157 quadratos
2935 5087 3160 5158 ejusdem
3200 5101 3306 5138 esse
3337 5091 3550 5135 natura.

2235 5219 2366 5274 Illud
2387 5227 2561 5272 autem
2584 5217 2976 5286 apertissimum
2999 5216 3205 5282 signum
3228 5221 3328 5275 est,
3357 5225 3544 5265 omnes
3566 5217 3722 5264 tetra-

2161 5325 2328 5380 gonos
2358 5307 2648 5377 imparibus
2675 5321 2793 5361 esse
2823 5315 3096 5375 cognatos,
3127 5303 3267 5373 quod
3309 5303 3360 5356 in
3388 5302 3530 5354 omni
3555 5300 3720 5366 dispo-

2161 5403 2354 5455 sitione
2374 5401 2441 5454 ab
2471 5415 2598 5464 uno,
2630 5399 2713 5452 vel
2750 5399 2803 5451 in
2835 5396 3152 5465 duplicibus,
3198 5395 3277 5449 vel
3331 5394 3381 5447 in
3434 5384 3724 5460 ti'iplicibus

2160 5493 2277 5546 talis
2310 5499 2510 5546 naturae
2550 5490 2683 5543 ordo
2731 5489 3051 5550 conseritur,
3082 5496 3140 5540 ut
3191 5500 3458 5554 nunquam
3510 5483 3607 5536 nisi
3639 5495 3717 5532 se.

2159 5587 2388 5642 cundum
2421 5587 2676 5653 imparem
2714 5585 2886 5637 locum
2913 5590 3221 5651 tetragonns
3243 5579 3564 5633 inveniatur.
3607 5575 3718 5628 Dis-

2161 5695 2417 5748 ponamus
2439 5679 2582 5732 enim
2610 5679 2661 5729 in
2687 5676 2931 5730 ordinem
2981 5663 3251 5735 numeros,
3307 5673 3478 5740 primo
3514 5667 3715 5739 quidem

2161 5770 2368 5833 duplos.
2397 5765 2587 5825 deinde
2620 5767 2820 5828 triplos.
