4022 6366
276 378 413 432 1146

280 512 946 524 ¢———-.——__—.»-—-—

410 510 1788 605 ΓἸἜἿΤΙἿῙΠΤἮῙἙῙἾἙΠΞΞἩ

276 738 331 792 Si
362 729 519 804 ig'ttur
551 738 600 785 in
632 734 870 799 utrisque
902 734 1143 785 versibus
1192 733 1392 798 primos
1444 732 1691 797 aspicias,
1740 730 1853 782 sin-

276 826 427 893 gulos
457 837 588 891 quos
614 822 842 888 invenis,
877 821 1120 889 quoniam
1176 820 1435 887 tetragoni
1478 829 1621 883 sunt,
1672 819 1722 871 in
1753 818 1853 870 im-

275 930 403 981 pare
427 914 543 967 loco
567 919 687 965 sunt
710 911 1005 973 constituti,
1034 910 1284 978 quoniam
1310 909 1463 977 primi
1488 917 1628 962 sunt.
1648 909 1702 962 Si
1732 922 1855 959 vero

279 1007 496 1059 tertium
520 1005 693 1057 locum
725 1004 1017 1070 repexeris,
1050 1002 1082 1057 4
1133 1010 1184 1054 et
1214 1002 1245 1053 9
1267 1001 1494 1061 notabis,
1516 1015 1741 1069 quorum
1771 998 1854 1051 hic

278 1118 307 1155 ιι
352 1102 560 1156 duobus
608 1099 983 1167 proficiscitur,
1043 1098 1187 1150 illum
1230 1096 1493 1148 ternarius
1547 1104 1711 1157 creat,
1765 1093 1855 1161 qui

278 1204 403 1245 sunt
426 1193 540 1246 loco
569 1191 758 1259 impari
784 1188 1080 1242 constituti.
1113 1186 1365 1252 Quintum
1390 1184 1581 1239 deinde
1602 1185 1645 1237 si
1679 1183 1857 1236 videas

279 1285 473 1347 locum,
511 1283 573 1337 16
626 1292 677 1335 ct
720 1282 780 1334 81
816 1279 1090 1347 respicies,
1127 1277 1219 1331 sed
1273 1292 1408 1331 unus
1435 1290 1463 1328 a
1514 1275 1856 1344 quaternario

282 1376 535 1435 nascitur,
566 1373 788 1425 alterum
819 1372 1137 1423 novenarius
1180 1377 1344 1421 creat.
1383 1366 1447 1418 Et
1479 1366 1519 1418 si
1552 1379 1746 1416 nonum
1775 1362 1855 1414 lo-

282 1483 403 1521 cum
424 1482 605 1520 rursus
627 1464 876 1533 aspicias,
903 1472 1205 1530 tetragonos
1226 1459 1527 1528 pernotabis
1548 1457 1675 1519 9.36,
1695 1456 1855 1520 6561,

280 1574 509 1627 quorum
540 1558 785 1623 superior
819 1554 877 1605 lit
907 1569 932 1605 a
966 1551 1052 1617 l6,
1081 1550 1297 1604 inferior
1322 1564 1449 1602 vero
1480 1549 1545 1599 ab
1573 1546 1659 1599 8i.
1690 1547 1856 1606 Idem,

284 1652 327 1704 bi
358 1654 410 1703 in
444 1649 704 1704 inﬁnitum
746 1646 922 1698 facere
951 1644 1131 1705 libeat,
1172 1636 1854 1708 indiscrepanterincurrit.

802 1756 1029 1811 CAPUT
1086 1755 1324 1809 XXXIX.

947 512 1222 520 .——~—-——-—-

1332 510 1635 520 W—

1644 512 1845 521 ___-_.

1492 371 1575 430 DE
1616 368 2078 434 ΑΙΗΤΗΜΕΉΟΛ
2120 373 2242 432 LIB.
2285 375 2343 432 ΙΙ.

3401 364 3533 433 tito

1883 497 1931 554 Α
1958 492 2150 558 positio
2173 493 2311 559 quod
2342 491 2522 557 efﬁcit,
2545 493 2942 559 proportionale
2960 503 3059 548 e~t.
3086 493 3161 548 Ex
3186 497 3533 563 junctisenim

1960 581 2390 648 proportionibus
2441 583 2909 649 proportionalitas
2937 584 3013 637 fit.
3071 585 3123 637 In
3154 586 3323 639 tribus
3354 596 3533 641 autem

1959 671 2198 723 terminis
2230 671 2445 723 minima
2470 673 2935 739 proportionalitas
2955 674 3239 729 invenitur.
3275 676 3533 730 Fitetiam

1958 763 2009 814 in
2036 761 2293 829 pluribus,
2318 763 2408 816 sed
2435 763 2660 831 longior,
2713 775 2763 815 ut
2810 764 3052 825 binarius
3078 765 3144 818 ad
3184 782 3367 830 unum,
3404 783 3537 835 quo-

1958 855 2099 905 niam
2122 853 2229 905 duo
2252 861 2375 905 sumt
2394 854 2625 917 termini,
2651 855 2863 922 duplam
2888 856 3091 909 obtinet
3116 859 3533 924 proportionem,

1958 948 2039 999 sin
2063 962 2188 999 vero
2218 953 2443 1011 quatuor
2472 956 2655 999 contra
2714 948 2748 999 2
2778 963 3079 1017 compares,
3110 959 3164 1002 et
3213 949 3300 1004 hic
3327 966 3536 1018 quoque

1960 1043 2117 1109 dupla
2151 1040 2423 1109 proportio
2474 1051 2576 1104 est,
2619 1056 2750 1108 quos
2779 1050 2887 1095 tres
2930 1044 3182 1096 terminos
3213 1043 3255 1096 si
3284 1046 3537 1096 continue

1960 1133 2287 1195 consideres,
2312 1146 2373 1183 ex
2396 1131 2596 1183 duabus
2628 1132 3057 1199 proportionibus
3083 1134 3139 1185 fit
3164 1134 3537 1201 proportiona-

1963 1224 2104 1276 litas.
2140 1224 2205 1275 Et
2232 1234 2312 1275 est
2345 1224 2834 1291 preportionalitas.
2881 1241 3042 1277 unum
3088 1225 3152 1277 ad
3184 1225 3309 1290 duo,
3349 1206 3401 1280 et
3432 1226 3537 1278 duo

1961 1315 2027 1366 ad
2058 1308 2297 1382 quatuor.
2337 1314 2425 1367 Est
2449 1314 2589 1367 enim
2617 1315 3101 1383 preportinnalitas,
3130 1317 3401 1370 utdictum
3432 1324 3537 1383 est,

1964 1409 2208 1462 collectio
2258 1408 2663 1475 proportionum
2710 1409 2763 1463 in
2822 1425 3091 1478 unumque
3144 1412 3401 1468 redactio.
3448 1414 3537 1470 Fit

1963 1498 2122 1550 etiam
2153 1506 2202 1551 et
2238 1499 2288 1552 in
2312 1498 2656 1567 longioribus.
2681 1498 2808 1553 Nam
2833 1502 2877 1555 si
2909 1513 3137 1569 quatuor
3168 1503 3270 1556 illis
3298 1514 3420 1558 octo
3450 1521 3538 1560 ve-

1964 1588 2027 1642 lis
2057 1590 2366 1657 adjuugere,
2400 1600 2452 1644 et
2482 1591 2563 1644 his
2598 1592 2683 1655 '16,
2738 1602 2790 1646 et
2824 1594 2904 1647 his
2944 1594 3033 1660 52,
3064 1604 3116 1648 et
3156 1595 3409 1663 deinceps
3438 1597 3541 1651 du-

1965 1679 2081 1747 plos
2109 1679 2201 1747 qui
2231 1688 2545 1748 sequuntur,
2580 1682 2636 1734 fit
2670 1681 2721 1735 in
2751 1683 2997 1736 omnibus
3035 1683 3194 1753 dupla
3245 1686 3538 1752 proportio.

1963 1768 2156 1822 nalitas
2202 1784 2269 1824 ex
2315 1772 2749 1837 preportionibus
2776 1775 2968 1843 duplis.
2988 1772 3148 1845 Igitur
3170 1777 3379 1844 quoties
3407 1793 3542 1831 unus

357 1856 521 1909 Cubos
543 1854 763 1924 ejusdem
789 1852 1097 1935 participare
1125 1850 1418 1902 substauliw
1445 1830 1581 1915 quod
1604 1846 1666 1898 ab
1696 1846 1861 1914 impa-

1970 1870 2122 1928 atque
2163 1858 2302 1935 idem
2335 1870 2383 1915 te
2419 1862 2619 1925 minus,
2651 1864 2719 1917 ita
2752 1864 2957 1920 duobus
2989 1880 3189 1919 ereum
3214 1882 3271 1922 se
3302 1870 3541 1922 terminis

842 1922 979 1973 ribus
1003 1929 1297 1973 nascantur.

357 2019 456 2086 Ipsi
513 2033 638 2071 vero
669 2016 809 2083 cubi,
866 2015 953 2083 qui
994 2026 1295 2081 quanquam
1347 2010 1515 2063 tribus
1568 2007 1861 2062 inti-rt'ailis

285 2108 478 2161 sublati
510 2115 652 2170 sunt,
688 2115 864 2157 tamen
901 2111 1116 2171 propter
1152 2100 1408 2169 aequalem
1460 2096 1858 2164 multiplicatio-

285 2216 410 2255 nem
443 2197 761 2268 participant
783 2194 1129 2249 immutabilis
1159 2191 1491 2254 substantia},
1518 2189 1863 2257 ejusdemque

285 2299 489 2344 natura:
540 2297 661 2341 sunt
718 2286 872 2348 socii,
927 2300 1029 2337 non
1089 2282 1311 2336 aliorum
1365 2295 1519 2350 quam
1582 2280 1860 2346 imparium

286 2379 687 2435 coacervatione
736 2376 1045 2443 produntur,
1111 2386 1379 2440 nunquam
1434 2383 1560 2423 vero
1634 2367 1859 2435 parium.

286 2471 419 2523 Nam
448 2470 492 2524 si
518 2482 701 2521 omnes
724 2467 789 2519 ab
817 2465 1017 2517 unitate
1050 2464 1155 2527 imp
1193 2476 1277 2513 res
1306 2460 1668 2526 disponantur,
1694 2455 1861 2524 juncti

287 2566 486 2630 figuras
507 2559 721 2613 cubieas
749 2553 1106 2623 expliCabunt.

404 2646 1800 2739 ΓΤΓῖΠΤῖΓΓΠῙἿῖΓἮΠΙἛἿ

292 2788 351 2839 in
382 2785 464 2837 his
490 2783 649 2851 igitur
679 2772 1001 2847 qui'primus
1032 2783 1114 2828 est
1146 2782 1405 2841 potestate
1434 2782 1484 2824 et
1524 2770 1718 2823 virtute
1760 2770 1866 2837 pri-

287 2892 434 2931 mum
462 2875 656 2929 cubum
699 2871 874 2925 faciet.
913 2867 1087 2921 lunt-ti
1134 2880 1264 2918 vero
1286 2864 1389 2917 duo
1428 2863 1514 2931 qui
1547 2873 1861 2930 sequuntur,

288 2968 554 3023 ternarias
592 2964 796 3018 scilicet
839 2970 893 3014 et
942 2959 1235 3029 quinarius,
1289 2955 1579 3010 set-uadum
1625 2954 1865 3008 efficiunt

289 3064 502 3123 rubum,
531 3058 725 3127 quiest
772 3053 1095 3108 octonarius.
1150 3049 1324 3103 .luncti
1360 3057 1534 3101 autem
1578 3050 1609 3101 5
1636 3047 1725 3115 qui
1780 3062 1861 3100 sc-

290 3158 541 3220 quunlur,
567 3145 902 3215 septenarius
926 3139 1355 3207 novenariusque
1385 3149 1439 3192 et
1467 3136 1524 3189 Η
1556 3137 1748 3190 cubum
1783 3136 1861 3189 fa-

820 2648 989 2657 ...υ-ο

290 2656 454 2665 ..η-

1966 1953 2347 2016 communicat,
2382 1961 2437 2006 ut
2460 1953 2524 2005 ad
2564 1970 2723 2007 untun
2751 1955 2859 2009 dux
2892 1958 2981 2023 sit,
3012 1959 3077 2011 ad
3130 1959 3291 2012 alium
3336 1974 3541 2026 comes,

1969 2043 2080 2095 haec
2114 2044 2578 2111 proportionalitas
2606 2047 2854 2101 continua
2885 2059 3123 2111 vocatur,
3150 2061 3205 2103 ut
3235 2066 3390 2116 unus,
3414 2052 3543 2117 duo,

1966 2142 2211 2201 quatuor.
2241 2133 2336 2186 Est
2373 2135 2513 2187 enim
2546 2136 2819 2203 aequalitas
2867 2138 2920 2191 in
2952 2138 3032 2191 his
3063 2142 3440 2207 proportionis,
3490 2154 3543 2200 et

1966 2225 2415 2294 quemadmodum
2446 2238 2570 2281 sunt
2596 2230 2627 2282 Il
2658 2230 2722 2281 ad
2754 2231 2808 2295 2,
2842 2233 2919 2285 sic
2965 2244 3090 2286 sunt
3118 2235 3222 2288 duo
3259 2235 3324 2287 ad
3357 2252 3543 2290 unum.

1970 2316 2034 2369 Et
2060 2302 2260 2375 rursus.
2288 2318 2738 2385 quemadmodum
2779 2336 2913 2374 unus
2944 2323 3007 2375 ad
3040 2324 3167 2389 duo,
3219 2325 3295 2379 sic
3342 2327 3451 2380 duo
3477 2329 3544 2383 ad

1967 2415 2212 2473 quatu'tr.
2247 2405 2311 2459 Et
2337 2408 2631 2461 secundum
2671 2411 3021 2478 quantitatem
3050 2428 3262 2482 quoque
3315 2418 3542 2480 numeri,

1967 2499 2156 2553 eodem
2190 2499 2347 2552 modo
2372 2509 2469 2554 est.
2518 2501 2784 2567 Quantum
2803 2507 2944 2557 enim
2978 2514 3083 2558 tres
3107 2516 3362 2574 superant
3391 2508 3543 2562 bina-

1969 2588 2126 2654 rium,
2166 2598 2367 2642 tantum
2398 2589 2448 2643 hi
2493 2592 2635 2643 arius
2668 2607 2735 2645 un
2762 2601 2948 2657 tatem,
2987 2603 3041 2647 et
3064 2608 3318 2664 quantum
3354 2614 3488 2652 unus
3514 2615 3542 2654 a

1968 2680 2174 2734 duobus
2204 2680 2379 2735 minor
2406 2691 2506 2745 est,
2549 2690 2750 2736 tantum
2790 2684 3030 2739 binarius
3056 2690 3337 2741 aternario
3378 2704 3538 2758 supe-

1968 2782 2133 2825 ratur.
2182 2771 2274 2825 Sin
2328 2787 2456 2826 vero
2508 2774 2641 2826 alius
2684 2774 2750 2827 ad
2798 2791 2958 2827 unum
2998 2776 3228 2830 refertur
3264 2781 3543 2848 terntinus,

1968 2862 2103 2915 alius
2130 2877 2255 2916 vero
2281 2862 2347 2916 ad
2378 2863 2575 2927 alium,
2622 2878 2843 2919 neci-sse
2891 2876 2973 2918 est
3023 2866 3384 2922 habitudinem
3430 2870 3542 2923 dis-

1964 2954 2200 3019 junctam
2236 2954 2432 3007 vocari.
2480 2953 2543 3009 Ut
2576 2955 2637 3007 ad
2670 2955 3024 3023 aequalitatem
3064 2957 3277 3025 quidem
3324 2975 3542 3027 propor-

1968 3036 2129 3102 tionis
2154 3056 2295 3110 sunt,
2330 3049 2381 3110 1,
2404 3046 2459 3109 2,
2500 3045 2550 3112 4,
2585 3050 2616 3101 8
2641 3065 2653 3111 ;
2679 3048 2756 3100 sic
2780 3049 2921 3101 enim
2944 3057 3069 3102 sunt
3097 3050 3539 3119 quemadmodum
3568 3080 3571 3083 -

1967 3138 2072 3191 duo
2106 3142 2172 3192 ad
2204 3154 2386 3202 unum,
2434 3140 2479 3195 si
2527 3151 2649 3195 octo
2697 3139 2762 3195 ad
2817 3150 3065 3211 quatuor,
3126 3152 3181 3197 et
3218 3148 3542 3211 conversim,

290 3212 454 3304 ciunt,
479 3212 567 3307 qui
606 3212 673 3290 i7
706 3248 929 3289 numero
965 3231 1289 3295 continetur,
1322 3229 1410 3295 qui
1439 3236 1520 3281 est
1565 3228 1773 3281 tertius.
1805 3226 1870 3281 Et
1893 3212 1938 3275 C
1974 3232 2422 3299 quemadmodum
2455 3248 2589 3286 υηυε
2609 3233 2673 3286 ad
2696 3235 2823 3299 duo,
2856 3235 2932 3289 sic
2953 3250 3181 3304 ηυηευοι.
3210 3237 3274 3290 ad
3303 3248 3446 3293 οειο.
3480 3239 3545 3293 Ει

290 3346 574 3403 nequeutes
629 3339 873 3398 quatuor,
910 3330 1259 3394 quartum,et
1304 3322 1391 3391 qui
1442 3329 1738 3390 sequuntur
1813 3317 1865 3385 5,

290 3426 556 3493 quintium,
584 3431 636 3476 et
672 3421 735 3473 ad
760 3418 1004 3472 eumdem
1022 3414 1235 3469 modum
1256 3420 1445 3482 quotus
1462 3413 1687 3481 quisque
1704 3412 1870 3465 culms

290 3514 542 3579 efficitur,
576 3519 653 3565 tot
680 3506 1056 3577 conjunctione
1082 3505 1313 3572 impares
1359 3513 1717 3570 apponuntur.
1764 3502 1872 3554 Hoc

292 3616 468 3659 .-utem
495 3603 803 3670 diligentius
830 3599 1068 3667 subjecta
1102 3594 1389 3661 descriptio
1414 3593 1608 3648 docet:

850 3926 1023 3971 tertius
1049 3933 1073 3966 a
1101 3928 1179 3968 ter

890 3986 1045 4033 tribus
1070 3990 1144 4030 ter

1316 3926 1520 3981 quartus
1551 3930 1576 3964 a
1609 3924 1783 3975 quater

1351 3989 1555 4041 quatuor
1575 3985 1751 4038 quater

510 3927 754 3976 secundus

555 4004 581 4037 a
623 3989 699 4035 bis

532 4052 722 4099 duobus

604 4113 675 4159 his

372 3933 406 3960 O

372 3966 407 3995 ε

372 4001 407 4028 D

361 4046 406 4073 ..ἒ

373 4080 407 4103 ﬂ

373 4114 408 4169 ἔς

362 4226 407 4277 ’Ξ

375 4280 422 4293 —

378 3729 714 3777 iss
844 3716 1806 3774 79fll'st'jl7l‘)

376 3834 389 3878 1
613 3826 643 3873 8
775 3720 786 4200 \
985 3823 1042 3868 27
1146 3888 1215 3893 β
1527 3819 1587 3865 6i

372 3933 407 3995 ἓ
510 3927 754 3976 secundus
850 3926 1023 3971 tertius
1049 3933 1073 3966 a
1101 3928 1179 3968 ter
1316 3926 1520 3981 quartus
1551 3930 1576 3964 a
1609 3924 1783 3975 quaer

372 4001 407 4059 Ξ
555 4004 581 4037 a
623 3989 699 4035 bis
890 3986 1045 4033 tribus
1070 3990 1144 4030 ter
1351 3989 1555 4041 quatuor
1575 3985 1751 4038 quater

361 4061 407 4103 ἲς
532 4052 722 4099 duobus
1838 4060 1847 4069 .

373 4114 408 4185 ἒ
604 4113 675 4159 his

863 4346 1089 4402 CAPUT
1129 4345 1242 4399 XL.

744 4438 818 4492 De
840 4435 1421 4507 proportionalitatibus.

374 4537 442 4590 Et
469 4534 537 4588 de
565 4532 645 4585 his
674 4531 884 4599 quidem
916 4528 1244 4582 sufficienter
1271 4527 1468 4580 dictum
1488 4535 1588 4580 est.
1620 4524 1767 4580 Nunc
1797 4539 1883 4578 res

297 4627 575 4687 admonet,
626 4622 865 4690 quaedam
909 4618 975 4672 de
1031 4608 1468 4687 proportionibus
1514 4617 1878 4683 d‘sputantes,

295 4735 425 4790 qua:
457 4716 608 4769 nobis
632 4713 712 4767 vel
740 4712 804 4765 ad
836 4711 1060 4765 musicas
1081 4710 1489 4778 speculationes,
1518 4706 1598 4760 vel
1622 4706 1687 4760 ad
1715 4716 1885 4760 astro-

294 4810 547 4869 nomicas
570 4804 905 4865 subtilitates,
932 4801 1017 4854 vel
1048 4801 1112 4852 ad
1134 4799 1471 4867 geometrica:
1498 4796 1883 4851 consideratio.

294 4904 389 4957 Itis
423 4900 553 4961 vim,
584 4896 665 4951 vel
696 4896 854 4951 etiam
888 4891 951 4944 ad
986 4900 1224 4945 veterum
1259 4889 1543 4942 lectionum
1578 4887 1881 4955 intelligeno

293 4995 436 5047 tiam
508 4987 763 5057 prodesse
816 4983 1040 5051 possint,
1095 4980 1431 5033 arithmetica
1495 4977 1887 5031 introductione

286 5077 741 5139 commodissime
766 5075 1068 5128 terminare.
1099 5072 1189 5124 Est
1212 5068 1370 5139 igitur
1398 5065 1887 5138 proportionalitas,

286 5177 535 5230 duarum
558 5170 639 5224 vel
654 5170 811 5222 trium
835 5167 917 5220 vel
945 5164 1202 5235 quotlibet
1227 5164 1653 5232 proportionem,
1681 5174 1890 5213 assum-

290 5272 421 5342 ptio
448 5268 512 5322 ad
542 5279 705 5319 unum
735 5272 893 5332 atque
922 5259 1188 5315 collectio.
1230 5257 1300 5313 Ut
1327 5266 1501 5334 autem
1535 5254 1891 5311 communiter

284 5361 659 5420 definiamus:
695 5351 1167 5422 Proportionalitas
1191 5358 1275 5405 est
1297 5349 1519 5403 duarum
1550 5348 1629 5401 vel
1662 5347 1888 5416 plurium

286 5451 714 5524 proportionum
746 5443 935 5498 similis
965 5440 1238 5503 habitudo,
1280 5439 1486 5492 etiamsi
1536 5452 1639 5489 non
1685 5435 1886 5489 eisdem

280 5539 691 5612 quantitatibus
704 5544 751 5587 et
777 5529 1087 5585 differentiis
1109 5528 1408 5581 constitute
1430 5528 1555 5579 sint.
1586 5525 1698 5577 Diff.
1721 5526 1887 5578 rentia

278 5645 442 5683 vero
488 5636 589 5687 est,
642 5625 780 5676 inter
826 5633 1074 5672 numeros
1131 5617 1419 5683 quantitas.
1478 5614 1755 5679 Proportio
1806 5621 1890 5667 est

276 5724 540 5776 duorum
570 5713 915 5767 lerminorum
944 5706 1009 5758 ad
1046 5720 1103 5759 se
1133 5705 1360 5756 invicem
1390 5702 1629 5769 qttzedam
1674 5701 1885 5753 habitu-

269 5812 401 5878 do,
431 5816 482 5863 et
505 5803 653 5876 quasi
685 5797 1075 5873 quodammodo
1098 5792 1440 5851 continentia.
1474 5790 1707 5861 Quorum
1741 5804 1885 5843 com-

1973 3322 2332 3391 permutatim,
2382 3324 2832 3392 quemadmodum
2878 3333 3106 3394 quatuor
3156 3326 3220 3380 ad
3250 3329 3546 3393 unum,sic

1973 3422 2093 3468 octo
2123 3413 2188 3467 ad
2223 3414 2513 3469 biuarium.
2554 3413 2856 3468 Secundum
2901 3416 3250 3484 quantitatem
3285 3432 3414 3472 vero
3451 3433 3547 3472 nu-

1974 3508 2127 3571 meri,
2160 3516 2217 3560 ut
2242 3515 2365 3560 sunt
2394 3508 2444 3572 f,
2473 3507 2526 3569 2,
2559 3508 2611 3570 5,
2645 3507 2699 3573 4,
2727 3518 2981 3574 quantum
3029 3509 3171 3564 enim
3206 3524 3385 3564 unusa
3416 3511 3548 3565 duo-

1972 3596 2072 3650 bus
2104 3596 2349 3662 vincitur,
2380 3605 2583 3650 tantum
2613 3601 2876 3652 tcroarius
2899 3614 2926 3652 a
2960 3600 3305 3668 quaternario
3332 3614 3549 3668 supera-

1977 3695 2079 3739 tur.
2108 3687 2173 3740 Et
2197 3696 2451 3755 quantum
2477 3687 2582 3741 duo
2613 3704 2771 3741 unum
2806 3692 3043 3753 vincunt,
3084 3700 3231 3743 tanto
3262 3692 3550 3757 ternarium

1976 3776 2348 3842 quaternatius
2377 3778 2588 3829 transit.
2630 3778 2945 3831 l’ermixtim
2974 3780 3153 3844 etiam,
3192 3789 3389 3848 quanto
3420 3795 3552 3832 unus

1979 3864 2146 3917 tribus
2174 3865 2347 3918 minor
2387 3875 2489 3931 est,
2546 3875 2693 3918 tanto
2758 3867 2999 3921 bin-trius
3056 3868 3416 3937 quaternatio,
3471 3869 3553 3928 vel

1977 3962 2174 4023 quanto
2204 3955 2465 4007 ternarius
2514 3956 2774 4009 unitatem
2823 3968 3041 4025 supcrat
3120 3966 3270 4011 tanto
3298 3957 3552 4009 binarium

1981 4045 2363 4112 transgreditur
2390 4045 2783 4113 quaternarius.

2554 4158 2782 4215 CAPUT
2847 4162 2979 4216 XLI.

2052 4248 2179 4311 Qua:
2205 4250 2345 4317 apud
2371 4251 2600 4317 antiquos
2630 4252 3082 4319 praportioualitas
3110 4252 3263 4319 fuerit
3290 4262 3335 4301 cl
3365 4266 3493 4319 quas

2507 4323 2693 4390 posteri
2715 4322 3021 4374 addiderint.

2052 4412 2327 4466 Confessa:
2356 4411 2570 4481 quidem
2600 4420 2653 4465 et
2699 4410 2838 4479 apud
2871 4409 3201 4477 antiquiores
3231 4416 3392 4473 nntzc,
3420 4424 3555 4478 qua:-

1982 4512 2085 4572 que
2114 4502 2179 4555 ad
2208 4501 2521 4572 Pythagora:
2551 4502 2632 4555 vel
2661 4501 2899 4556 Platonis
2938 4499 3019 4553 vel
3052 4498 3357 4553 Aristotelis
3386 4500 3531 4553 scien
3555 4527 3559 4535 -

1912 4584 1959 4643 D
1987 4592 2111 4647 tiam
2141 4600 2518 4661 pervenerunt,
2556 4591 2634 4644 ha:
2665 4601 2774 4645 tres
2806 4589 3121 4643 medietates
3149 4598 3273 4642 sunt
3303 4588 3559 4643 arithme'

1990 4684 2112 4745 tica,
2136 4683 2478 4751 geometrica,
2505 4681 2835 4737 harmonica.
2864 4681 2988 4734 Post
3012 4694 3142 4748 quas
3164 4680 3560 4751 preportionum

1992 4774 2352 4841 habitudines,
2388 4785 2495 4830 tres
2524 4776 2641 4828 alia:
2668 4785 2791 4829 sunt
2822 4791 2938 4841 qua:
2966 4774 3083 4829 sine
3107 4775 3320 4830 nomine
3350 4773 3561 4843 quidem

1991 4862 2254 4918 feruntur.
2282 4866 2555 4919 Vocantur
2577 4875 2752 4921 autem
2781 4875 2987 4933 quarta,
3020 4854 3225 4934 quinta,
3269 4865 3352 4918 νει
3395 4875 3562 4925 sexta.

1993 4971 2108 5024 qua:
2130 4958 2376 5025 superius
2416 4957 2573 5011 dictis
2604 4957 2864 5026 opposita:
2912 4966 3055 5011 sunt.
3092 4960 3160 5011 At
3202 4972 3328 5009 vero
3371 4954 3561 5022 posteri

1995 5056 2211 5113 propter
2249 5046 2451 5100 denarii
2486 5049 2690 5113 numeri
2719 5046 3124 5115 perfectionem,
3153 5046 3292 5115 quod
3321 5055 3435 5099 erat
3464 5046 3563 5112 Py-

1995 5138 2228 5207 thagorae
2252 5138 2621 5210 complacitus,
2652 5138 2966 5195 medietates
2996 5140 3127 5195 alias
3156 5147 3381 5207 quatuor
3418 5136 3575 5188 addi:

1994 5232 2211 5300 derunt,
2242 5243 2296 5286 ut
2328 5223 2380 5286 in
2412 5232 2492 5288 his
2515 5231 3367 5301 proportionalitatihus,denaria:
3395 5244 3563 5297 quan-

1993 5326 2158 5378 titatis
2183 5339 2376 5392 corpus
2405 5324 2698 5380 efﬁcerent.
2750 5322 3056 5379 Secundum
3085 5336 3241 5391 quem
3284 5333 3563 5373 numerum

1994 5423 2046 5469 et
2100 5416 2305 5484 priores
2348 5417 2580 5484 quinque
2635 5416 2977 5471 habitudines
3034 5411 3565 5480 comparationesque

1997 5507 2276 5575 descriptte
2304 5521 2379 5559 su.
2408 5513 2449 5571 t,
2480 5506 2569 5560 ubi
2616 5507 2850 5574 quinque
2888 5503 3178 5572 majoribus
3210 5501 3567 5570 proportioni~

1995 5602 2111 5662 bus,
2135 5615 2267 5668 quos
2310 5584 2612 5653 vocavimus
2639 5596 2802 5649 duces
2830 5595 3065 5648 minores
3103 5592 3399 5659 aptavimus
3433 5593 3567 5649 alios

1993 5691 2253 5745 terminos
2282 5704 2415 5757 quos
2442 5689 2665 5742 comites
2700 5684 2955 5738 diximus.
2994 5682 3119 5736 Inde
3145 5683 3304 5735 etiam
3352 5684 3402 5736 in
3442 5682 3565 5736 Ari-

1992 5786 2233 5842 stotelica
2274 5793 2427 5852 atque
2453 5781 2700 5851 Archytzc
2736 5780 2879 5850 prius
2912 5779 2996 5847 10,
3031 5776 3564 5847 praedicamcnturum
