4022 6366
490 283 622 337 1147

1695 283 1811 339 AN.
1843 278 1888 333 Μ
1918 281 2049 335 tNL.
2092 283 2241 337 SEV.
2282 283 2499 337 BOETII

3592 290 3717 341 {Hb

487 396 866 465 descriptione,
926 396 1327 465 Pythagoricum
1387 396 1661 450 denarium
1718 397 2053 450 manifestum
2082 393 2126 449 A
2160 393 2366 459 rentize,
2398 404 2768 462 proportsoues
2800 409 2919 450 vero
2936 394 3167 449 alianNa
3191 410 3328 465 taque
3349 398 3455 451 duo
3469 396 3535 452 ad
3562 414 3715 453 unum

488 495 572 539 est
602 487 845 540 inveniri.
876 485 1311 555 Quandoquidem
1355 497 1408 540 et
1458 486 1603 539 Plato
1632 487 2055 541 studiosissimus

488 577 798 646 Pythagora:
827 577 1115 631 secundum
1155 592 1269 631 eam
1302 577 1717 645 disputationem
1750 577 1970 641 dividit,
2000 585 2056 631 et

486 669 748 738 Archytas
801 668 1175 738 Pythagoricus
1207 678 1329 723 ante
1374 670 1716 724 Aristotelem
1766 670 1913 741 (licet
1939 671 2057 738 qui-

483 761 703 813 bnsdam
726 762 796 813 sit
814 760 1138 831 ambiguum)
1166 762 1348 817 decem
1375 762 1486 815 hare
1501 762 1906 830 przedicamenta
1930 775 2058 814 con-

478 850 671 903 stituit.
722 851 846 906 Inde
886 853 1046 905 etiam
1103 854 1169 907 10
1217 854 1579 907 membrorum
1611 854 1904 922 particulae,
1932 851 2058 905 inde

478 938 582 992 alia
611 941 873 1009 permulta
912 957 1030 1011 qua;
1056 943 1232 997 omnia
1274 944 1519 1013 persequi
1550 958 1655 997 non
1703 951 1783 996 est
1812 954 2048 995 necesse.

1056 1054 1281 1112 CAPUT
1319 1057 1477 1112 XLII.

480 1134 632 1206 Quod
658 1145 877 1212 primum
906 1145 968 1195 de
995 1162 1055 1198 ea
1081 1164 1193 1211 qua:
1240 1158 1447 1200 vocatur
1476 1146 1793 1200 aritlmtetica
1842 1161 2057 1216 prepar-

903 1216 1183 1269 tionalitate
1206 1218 1471 1270 dicendum
1502 1226 1595 1269 est.

548 1301 699 1356 Nunc
725 1318 851 1356 vero
879 1303 945 1357 de
984 1306 1589 1373 proportionalitatihns,
1639 1307 1810 1373 deque
1859 1306 2057 1359 medic-

480 1395 675 1449 tatibus
702 1396 985 1451 dicendum
1017 1407 1117 1451 est.
1154 1396 1220 1451 Et
1250 1399 1476 1467 primum
1502 1398 1715 1467 quidem
1745 1398 1811 1451 de
1838 1413 1898 1450 ea
1941 1413 2055 1451 mev-

478 1488 676 1540 dietate
751 1489 1143 1555 tractabimus,
1221 1505 1338 1558 qua:
1392 1489 1682 1543 Secundum
1746 1489 2057 1557 quantitatis

478 1577 854 1645 mualitatem,
887 1580 1122 1647 neglecta
1156 1581 1515 1648 proportionis
1540 1580 1826 1649 parilitate,
1858 1580 2058 1633 consti-

480 1674 711 1720 tutorum
740 1669 1086 1723 terminorum
1109 1670 1447 1723 habitudines
1467 1678 1660 1722 servat.
1682 1669 1737 1721 ln
1768 1668 1849 1722 his
1876 1678 2053 1722 autem

477 1759 857 1825 quantitatibus
896 1762 1153 1816 medietas
1182 1763 1279 1815 ista
1323 1772 1580 1823 versatur,
1631 1763 1790 1827 inque
1820 1763 1900 1815 his
1929 1775 2046 1824 sne-
2078 1743 2125 1802 Β

476 1848 701 1902 culanda
751 1861 850 1915 est,
887 1851 939 1905 iu
987 1854 1179 1921 quibus
1233 1868 1260 1904 a
1290 1855 1480 1922 seipsis
1511 1854 1721 1907 termini
1771 1854 2046 1908 dilIcrttttt.

477 1940 611 2003 Quid
634 1948 809 1994 autem
832 1953 968 1996 esset
990 1943 1285 1998 ditl‘erentia
1316 1946 1660 1998 terminorum
1684 1946 1928 2013 superius
1951 1944 2053 1999 dif-

479 2031 681 2083 [initum
712 2040 814 2086 est.
849 2032 993 2086 Ilanc
1017 2043 1193 2087 autem
1223 2049 1343 2088 esse
1368 2034 1758 2088 arithmeticam
1790 2035 2053 2089 medieta-

478 2127 605 2184 tem,
640 2136 983 2176 numerorum
1017 2123 1127 2190 ipsa
1158 2124 1296 2176 ratio
1322 2123 1633 2189 declarabit,
1665 2126 1914 2193 quoniam
1937 2127 2053 2191 ejus

481 2212 754 2278 proportio
780 2212 831 2265 in
857 2214 1062 2267 numeri
1089 2216 1385 2282 quantitate
1423 2215 1685 2267 consistit.
1735 2214 1865 2289 Quae
1893 2215 2054 2284 igitur

480 2317 635 2355 causa
666 2312 770 2365 est,
805 2303 1105 2370 hujusmodi
1158 2306 1503 2359 terminorum
1555 2306 1946 2371 habitudinem,
2000 2306 2052 2360 id

479 2402 557 2446 est
606 2394 1017 2463 arithmeticim,
1052 2395 1259 2450 cunctis
1307 2397 1427 2449 aliis
1470 2397 2054 2464 proportionalitatibus

480 2488 855 2555 anteponere?
888 2488 1122 2541 Primum
1161 2488 1301 2557 quod
1350 2488 1487 2541 hanc
1528 2489 1681 2540 nobis
1709 2488 1760 2541 in
1792 2489 2054 2557 principio

478 2580 589 2648 ipsa
618 2594 961 2633 numerorum
999 2590 1205 2643 natura,
1247 2590 1299 2633 et
1329 2579 1409 2633 vis
1432 2581 1688 2634 naturalis
1734 2582 2053 2649 quantitatis

477 2670 715 2736 opponit.
765 2670 1077 2738 Hujusmodi
1132 2670 1272 2723 enim
1304 2672 1672 2738 proportiones
1713 2685 1936 2739 quaeque
1984 2670 2051 2724 ad

476 2760 823 2814 tcrminorum
848 2760 1180 2815 differentias
1211 2762 1508 2828 pertinent,
1540 2772 1595 2814 ut
1627 2762 1786 2829 paulo
1815 2770 1933 2829 post
1959 2761 2055 2815 de-

476 2851 879 2915 monstrabitur,
913 2852 966 2905 in
1008 2852 1268 2906 naturalis
1298 2854 1529 2921 primum
1579 2853 1787 2907 numeri
1816 2852 2051 2919 diiposi-

476 2942 618 2995 tione
659 2943 1053 3009 cognoscimus.
1128 2944 1346 3009 Deinde,
1400 2943 1540 3013 quod
1590 2946 1866 3012 superiore
1914 2944 2051 2998 libro

477 3030 870 3096 disputantibns
891 3032 1043 3085 nobis
1063 3034 1332 3101 apparuit,
1360 3020 1750 3087 arithmeticam
1784 3035 1888 3087 vim
1925 3020 2051 3102 geo-

477 3123 693 3177 metrica
720 3133 877 3191 atque
907 3124 1106 3178 musica
1129 3139 1249 3179 esse
1273 3125 1648 3194 antiquiorem.
1679 3135 1732 3179 et
1757 3125 1899 3195 quod
1929 3125 2051 3179 illa-
2080 3101 2126 3164 (ἶ

476 3224 548 3279 ta,
582 3215 677 3269 has
698 3216 854 3269 simul
890 3216 1132 3283 inferret,
1167 3218 1373 3272 sublata
1396 3234 1525 3273 vero
1540 3220 1846 3286 perimeret.
1880 3219 2056 3286 Quare

478 3305 666 3359 ordine
692 3306 983 3373 disputatio
1010 3308 1370 3375 progreditur,
1394 3311 1436 3362 si
1464 3310 1531 3361 ab
1555 3306 1611 3360 ea
1639 3311 1784 3377 prius
1809 3310 2057 3363 inchoau-

480 3395 601 3449 dum
629 3398 692 3447 sit
726 3398 1033 3461 medietate,
1066 3413 1185 3465 qum
1215 3401 1268 3451 in
1293 3398 1497 3452 numeri
1519 3398 1839 3463 diﬂerentia,
1872 3414 1976 3453 non
2002 3399 2054 3452 in

479 3486 841 3555 proportionis
867 3488 1230 3555 speculatione
1258 3497 1519 3542 versatur.

1042 3576 1267 3632 CAPUT
1315 3576 1493 3631 XLIII.

582 3663 661 3743 pe
689 3666 1003 3721 arithmetica
1021 3669 1286 3722 medietate
1311 3672 1518 3740 ejusque
1537 3671 1948 3740 prcprielatibus.

546 3756 951 3811 Aritbmeticam
1008 3759 1349 3813 medietatem
1390 3776 1671 3825 vocamus,
1718 3765 1925 3830 quoties
1971 3766 2053 3820 vel

480 3847 649 3901 tribus
678 3849 759 3902 vel
806 3851 1068 3918 quotlibet
1099 3853 1340 3907 terminis
1386 3855 1540 3922 positi
1575 3895 1589 3918 ,
1640 3856 1861 3921 a-qualis
1897 3865 2055 3926 atque

478 3938 661 3993 eadem
714 3940 1011 3995 dill'erentia
1068 3944 1204 3997 inter
1257 3959 1445 3997 omm-s
1484 3945 1769 4011 diSpusitos
1800 3948 2057 4002 terminos

479 4032 763 4085 invenitur.
797 4033 850 4085 In
882 4049 1006 4101 qua,
1040 4034 1282 4099 neglecta
1329 4037 1687 4105 proportionis
1714 4039 2014 4105 aequalitate
2037 4079 2054 4105 ,

480 4123 829 4176 lerminorum
860 4132 1059 4177 tantum
1091 4125 1618 4194 differentiarumque
1646 4128 1938 4190 si‘eculatio
1967 4143 2061 4181 cu-

481 4214 729 4278 stoditur,
749 4222 808 4267 ut
836 4213 885 4277 l,
914 4215 967 4278 2,
1003 4218 1055 4277 5,
1080 4218 1135 4281 4,
1165 4217 1218 4280 5,
1246 4219 1301 4282 ti,
1335 4217 1390 4276 7.
1424 4218 1477 4280 8,
1503 4219 1556 4281 9,
1591 4220 1673 4271 tt).
1704 4215 1759 4270 In
1790 4216 1889 4271 hac
1914 4219 2058 4272 enim

481 4305 740 4359 naturalis
791 4307 997 4359 numeri
1030 4306 1416 4374 diSpositione,
1458 4309 1501 4361 si
1533 4310 1653 4377 quis
1706 4310 2055 4362 continuatim

481 4396 805 4450 dill‘erentias
847 4398 1197 4451 terminorum
1252 4408 1403 4451 curet
1447 4399 1707 4463 aspicere,
1764 4400 2055 4454 secundum

481 4486 868 4540 arithmeticam
902 4487 1262 4551 medietatem,
1289 4504 1438 4556 :equa
1466 4489 1811 4542 terminorum
1843 4489 1983 4542 inter
2003 4504 2063 4543 se

484 4577 836 4646 discrepantia
860 4588 961 4632 est.
996 4579 1253 4647 Athuales
1281 4580 1422 4631 enim
1450 4588 1574 4631 sunt
1602 4577 1937 4655 d-lI'vrentize.
1963 4578 2061 4632 sed

483 4668 668 4722 eadem
703 4670 972 4735 proportio
1004 4680 1161 4738 atque
1211 4670 1464 4723 habitudo
1504 4686 1607 4724 non
1650 4678 1752 4725 est.
1812 4671 1865 4724 Si
1898 4671 2061 4740 igitur

488 4772 536 4820 in
567 4768 733 4820 tribus
763 4767 1002 4821 terminis
1032 4768 1390 4821 consideratio
1420 4769 1515 4827 sit.
1548 4770 1799 4821 continua
1830 4783 2058 4835 prop-r-

486 4858 752 4931 tionalitas
780 4856 996 4914 dieitur.
1026 4859 1118 4912 Sin
1149 4874 1275 4911 vero
1307 4858 1389 4911 hic
1418 4859 1552 4912 alius
1592 4859 1695 4912 dux
1723 4867 1776 4913 et
1805 4859 1940 4912 alius
1969 4873 2061 4912 ce-

485 4965 621 5015 ntes,
655 4950 762 5005 illic
790 4964 919 5004 vero
958 4952 1169 5019 utrique
1204 4951 1309 5003 sint
1332 4951 1442 5013 alii,
1477 4951 1754 5004 vocabitur
1797 4949 2067 5017 disiuncta

484 5041 762 5095 medietas.
796 5041 851 5095 Si
878 5040 1036 5108 igitur
1068 5041 1118 5093 in
1149 5040 1319 5094 tribus
1349 5049 1551 5094 tantum
1598 5041 1839 5094 terminis
1868 5055 2065 5095 secun-

483 5133 609 5186 dum
640 5132 949 5186 continuam
977 5132 1317 5186 medietatem
1351 5131 1718 5200 conspexeris,
1745 5132 1826 5186 vel
1857 5131 1912 5185 in
1935 5145 2068 5200 qua-

486 5234 623 5289 tuor,
658 5226 739 5278 vel
765 5225 818 5277 in
851 5224 1083 5292 quolibet
1114 5216 1547 5277 aliTsseeondum
1572 5221 1913 5289 disiunctam,
1947 5236 2068 5275 eas-

486 5314 607 5369 dem
632 5329 843 5382 semper
866 5314 1194 5367 dilI‘crentias
1226 5314 1574 5366 tertninorum
1604 5313 1827 5379 videbis,
1862 5322 2064 5365 tantum
2112 5386 2115 5393 γ

487 5404 616 5458 solis
664 5405 1098 5473 proportionith
1159 5408 1489 5470 permutatis.
1553 5402 1607 5457 Id
1652 5402 1776 5456 siin
1816 5402 2063 5470 unoqnis

491 5494 726 5557 noverit,
756 5493 958 5563 reliqua
1009 5508 1130 5546 eum
1163 5492 1299 5546 ratio
1332 5506 1436 5545 non
1470 5491 1671 5545 latebit.
1709 5492 1790 5545 Sit
1818 5492 2068 5545 continua

493 5586 751 5640 medietas
784 5586 829 5650 l,
850 5585 906 5653 2,
936 5586 988 5638 3.
1021 5583 1115 5638 llic
1138 5599 1274 5637 unus
1294 5598 1321 5635 a
1354 5583 1583 5645 duobus,
1615 5590 1669 5637 et
1689 5582 1795 5636 duo
1825 5598 1853 5635 a
1876 5583 2066 5643 tribus.

496 5676 623 5729 solis
656 5686 857 5730 tantutn
886 5675 1106 5738 singu'is
1137 5676 1356 5734 distant,
1408 5684 1460 5728 et
1509 5683 1629 5728 sunt
1660 5688 1736 5727 ea:
1760 5674 1859 5726 'em
1906 5673 1934 5725 d
1965 5672 2061 5725 [Ic-

2158 482 2349 548 duplus
2389 492 2491 547 est,
2526 494 2633 538 tres
2657 484 2723 537 ad
2768 484 2895 551 duo,
2930 486 3265 554 sesquialter,
3314 499 3366 541 et
3418 488 3471 542 in
3519 492 3715 545 caeteris

2159 574 2296 628 idrm
2328 575 2552 630 videbis.
2585 576 2676 631 Sin
2703 584 2879 632 autem
2912 579 3235 644 permiscens
3268 587 3323 633 et
3352 581 3562 649 aliquos
3588 597 3715 649 prae-

2159 663 2356 717 teriens
2379 665 2561 733 eligas,
2581 674 2635 719 et
2660 666 2710 718 in
2730 665 2812 721 b's
2838 667 3067 735 aliquam
3094 670 3512 737 speculationem
3538 687 3714 741 ponas,

2158 754 2295 807 idem
2320 757 2507 823 poterit
2530 757 2765 809 evenire.
2798 756 2929 811 Nam
2960 759 3004 813 si
3027 759 3259 827 aequales
3284 762 3538 815 terminos
3567 764 3715 816 'nter-

2159 843 2358 908 mittas,
2397 852 2451 898 et
2497 860 2615 899 sese
2648 847 2696 899 in
2734 848 2909 915 priore
2934 848 3283 916 dispositione
3314 861 3651 918 praetr-ream,
3677 853 3715 904 si

2156 931 2392 1000 singulos
2421 932 2760 999 intermittas,
2782 936 2949 990 solius
2973 936 3157 991 binarii
3184 938 3451 993 notabituc
3472 939 3716 992 differen-

2157 1018 2252 1083 tia,
2278 1020 2359 1073 sin
2380 1034 2509 1073 vero
2536 1020 2642 1074 duo
2670 1033 2974 1091 praetereas,
3011 1027 3248 1092 teznarii,
3279 1027 3323 1080 si
3355 1037 3483 1092 tres,
3510 1038 3715 1096 quater-

2158 1108 2315 1169 narii,
2344 1118 2395 1163 et
2430 1110 2500 1195 .ad
2534 1112 2778 1165 eumdem
2810 1114 3024 1167 modum
3060 1132 3162 1168 uno
3205 1114 3323 1186 plus
3352 1132 3509 1185 quam
3566 1119 3714 1171 inter:

2158 1195 2388 1260 miseris,
2418 1198 2513 1251 erit
2535 1199 2623 1252 ilia
2650 1215 2807 1268 quam
2838 1205 3122 1271 quaerimus
3149 1207 3444 1260 diﬂ‘eruntia
3477 1210 3713 1261 termino-

2155 1300 2295 1338 rum.
2324 1285 2560 1356 Namque
2586 1290 2630 1343 si
2660 1291 2709 1343 in
2740 1292 2907 1348 tribus
2937 1292 3177 1350 terminis
3207 1300 3392 1368 singuli
3423 1299 3713 1368 relinquan-

2159 1383 2262 1441 tur,
2292 1375 2526 1433 binarius
2550 1392 2762 1451 semper
2792 1383 3050 1439 intererit.

2785 1536 2923 1586 Diﬂ'c;
2940 1541 3104 1587 entiae.

3056 1646 3299 1709 β

2584 1766 2665 1832 .Ζ
3217 1783 3270 1832 z

2158 1913 2685 2054 ’λζ-Ζ
2894 1959 2942 2041 5'
3171 1936 3303 2043 4'

2925 2155 2976 2210 z

2798 2388 3063 2437 Interm’ssi
3076 2426 3088 2437 .

2160 2493 2387 2548 Videsne
2416 2503 2476 2547 ut
2503 2509 2624 2547 cum
2672 2494 2917 2561 superius
2945 2494 2996 2548 in
3022 2494 3276 2547 naturalis
3308 2494 3511 2546 numeri
3550 2493 3707 2560 dispo

2154 2582 2346 2636 sitione
2369 2597 2428 2637 se
2452 2583 2665 2637 termini
2697 2583 2925 2652 singulis
2963 2583 3312 2652 pratterirent,
3358 2585 3717 2651 prtctcrmissii

2154 2672 2362 2728 duobus
2389 2682 2443 2727 et
2468 2674 2520 2739 4,
2555 2690 2690 2727 unus
2717 2674 2782 2727 ad
2812 2684 2943 2740 tres,
2983 2684 3036 2728 et
3065 2676 3107 2729 5η
3126 2675 3189 2727 ad
3237 2674 3536 2742 quinarium
3582 2688 3717 2727 com-

2156 2762 2349 2829 parati,
2381 2762 2644 2817 binarium
2674 2764 2844 2817 solum
2870 2765 2922 2817 in
2944 2762 3240 2817 diilerentia
3264 2764 3360 2817 reti
3403 2764 3513 2816 ueri
3560 2772 3598 2815 t.
3623 2761 3719 2818 Nec

2158 2868 2261 2906 non
2289 2853 2449 2908 etiam
2482 2854 2534 2909 in
2556 2854 2818 2925 disiuncta
2847 2855 3032 2909 eadem
3064 2856 3363 2910 versabitur
3400 2855 3718 2909 observatio.

2784 2984 3104 3036 Ditl'erentize.

2418 3202 2465 3256 Ζ
3255 3195 3299 3243 z

2872 3353 3456 3716 ii

2795 3763 3020 3813 Intermis
3047 3763 3079 3810 i.

2158 3868 2375 3924 Tal;bus
2402 3866 2562 3937 igitur
2593 3867 2832 3937 vestigiis
2860 3866 3213 3926 insistentem,
3246 3862 3422 3918 nullus
3450 3865 3519 3917 ab
3548 3863 3721 3917 eadem

2158 3958 2512 4014 similitudine
2559 3973 2714 4013 error
2745 3956 2991 4011 abducet.
3048 3955 3285 4023 Namque
3313 3954 3359 4007 si
3389 3953 3529 4007 duos
3572 3954 3722 4007 inter.

2160 4043 2358 4119 mittas,
2418 4052 2682 4106 ternarius
2733 4048 3083 4103 differentiam
3134 4046 3454 4109 continebit,
3503 4046 3547 4098 si
3591 4054 3722 4109 tres,

2160 4143 2559 4211 quaternarius,
2588 4141 2634 4192 si
2662 4149 2913 4207 quatuor,
2947 4137 3243 4206 quinarius,
3277 4152 3430 4204 reque
3481 4138 3533 4189 in
3569 4137 3723 4190 conti.

2162 4232 2281 4285 nuis
2312 4230 2743 4301 preportionibus
2768 4236 2927 4296 atque
2956 4226 3253 4293 disiunctis.
3280 4226 3523 4290 Qualitas
3562 4237 3727 4281 autent

2163 4321 2521 4391 preportionis
2574 4320 2759 4374 eadem
2804 4332 2908 4372 non
2940 4317 3059 4380 erit,
3115 4316 3356 4385 quamvis
3414 4316 3523 4368 sint
3578 4316 3730 4383 aequit

2165 4410 2377 4464 termini
2404 4409 2720 4464 diﬂerentiis
2750 4407 3039 4462 distributi.
3070 4406 3149 4470 Qu
3188 4405 3222 4458 d
3253 4405 3296 4458 si
3327 4407 3729 4473 conversiinpo.

2174 4508 2386 4562 tuuitur,
2417 4507 2469 4551 ut
2527 4512 2631 4551 non
2681 4497 2882 4551 eisdem
2932 4494 3247 4550 dilferentiis
3284 4494 3472 4548 eadem
3518 4495 3728 4560 qualitas

2176 4587 2533 4657 proportionis
2562 4587 2793 4651 eveniat.
2826 4583 3147 4655 geometrica
3183 4586 3302 4638 talis
3329 4583 3725 4652 proportionali-

2174 4687 2273 4740 tas,
2318 4691 2424 4731 non
2481 4675 2813 4730 arithmetica
2866 4675 3194 4728 nominatur.
3245 4673 3340 4726 Est
3388 4680 3568 4725 autem
3624 4686 3727 4736 pro-

2171 4772 2340 4839 prium
2371 4770 2528 4838 huius
2576 4768 2900 4833 medietatis,
2942 4768 3081 4836 quod
3113 4769 3158 4819 si
3190 4766 3240 4819 in
3285 4765 3457 4818 tribus
3506 4762 3723 4817 terminis

2170 4860 2462 4930 speculatio
2483 4861 2574 4923 sit,
2597 4858 2906 4927 compositis
2946 4856 3391 4916 extremitatibus,
3425 4856 3511 4907 illa
3542 4867 3723 4906 summa

2176 4966 2293 5018 que
2320 4951 2458 5005 inter
2476 4949 2842 5005 extremitates
2886 4955 2988 5009 est,
3023 4961 3129 5001 ι;οιι
3158 4945 3273 4998 loco
3304 4954 3532 5009 tantum,
3561 4956 3722 4995 verum

2176 5044 2337 5097 etiam
2365 5042 2417 5095 lit
2447 5042 2740 5111 quantitate
2765 5039 3044 5093 medietas.
3112 5037 3179 5091 Ut
3225 5037 3270 5090 si
3319 5049 3582 5104 pouan'ur
3612 5034 3657 5095 l,
3678 5032 3721 5091 Ξ,

2175 5132 2228 5197 3,
2259 5148 2395 5187 unus
2422 5141 2475 5186 ct
2506 5142 2613 5185 tres
2641 5138 2868 5199 quatuor
2910 5127 3155 5182 reddunt.
3202 5126 3315 5179 Duo
3343 5140 3468 5178 vero
3500 5126 3587 5191 qui
3630 5134 3720 5174 nis-

2174 5224 2292 5278 dius
2319 5224 2455 5278 inter
2480 5234 2736 5290 utrosque
2766 5228 2866 5286 est,
2920 5218 3249 5288 quaternarii
3285 5216 3541 5270 medietas
3592 5215 3717 5266 inve

2176 5317 2336 5371 nitur.
2366 5314 2518 5380 Quod
2551 5314 2595 5367 si
2620 5315 2701 5367 bis
2725 5312 3065 5366 medietatem
3094 5310 3275 5370 ducas,
3308 5322 3491 5375 mquus
3517 5306 3613 5358 erit
3640 5316 3716 5354 ex-

2173 5404 2548 5458 tremitatibus.
2578 5403 2668 5455 Bis
2696 5403 2838 5455 enim
2867 5398 2994 5460 duo,
3022 5408 3247 5466 quatuor
3273 5403 3476 5449 creant.
3504 5395 3591 5446 Sin
3615 5402 3717 5442 vere

2171 5493 2431 5561 (Ιὶμῇυηοιτι
2483 5492 2572 5555 sit,
2626 5490 2764 5560 quod
2820 5490 2878 5542 [it
2924 5502 2987 5541 ex
3038 5488 3275 5554 utrisque
3319 5481 3715 5539 extremitatibut

2170 5581 2504 5650 compositis,
2558 5582 2657 5634 hoc
2688 5596 2751 5635 ex
2801 5579 3007 5633 duabus
3055 5576 3427 5645 IIICdIL'lalIbUS
3482 5574 3713 5628 redditur.

2169 5673 2223 5727 Si
2252 5674 2393 5728 enim
2418 5682 2535 5726 sunt
2570 5673 2615 5735 l,
2662 5672 2717 5737 2,
2749 5672 2801 5738 5,
2837 5669 2891 5735 4,
2934 5684 3068 5722 unus
3112 5678 3163 5721 et
3192 5676 3415 5737 quatuor
3444 5664 3714 5736 quinariutr.
