4022 6366
198 242 201 247 ’
252 284 385 337 1149

1409 284 1494 339 DE
1536 279 1999 339 ARITIIMETICA
2040 278 2165 334 LIB.
2192 278 2275 333 11.

3338 265 3473 321 1150

249 400 447 456 treant,
474 391 578 445 duo
607 401 657 447 et
686 402 791 450 tres
826 394 982 449 medii
1025 394 1076 449 in
1108 393 1352 450 eumdem
1389 411 1573 451 rursus
1623 395 1817 465 quina-
1842 396 1892 453 Α
1922 388 2156 443 minores
2172 385 2598 456 comparationes
2621 398 2839 439 necesse
2869 392 2950 439 est
2973 380 3218 437 inveniri.
3242 379 3477 449 Namque

249 483 381 535 rium
413 493 656 553 surgunt.

918 596 1151 647 Conttnua

738 850 1772 1172 Titi

354 1104 431 1232 ῖ-
500 1147 508 1232 ,-
594 1070 609 1083 ’
688 1147 705 1197 ι
997 1142 1102 1218 ,ε
1439 1139 1487 1215 ς
1635 1140 1782 1240 L__

928 1702 965 1763 5
1852 1714 1892 1772 n

750 2062 971 2333 ἓ
1614 2316 1617 2321 ι

242 2392 335 2446 Est
362 2392 437 2446 illi
469 2392 567 2445 hoc
613 2403 822 2459 quoque
868 2387 948 2442 sol
970 2386 1035 2440 da
1078 2384 1403 2454 proprietate
1450 2385 1814 2456 conjunctum,

240 2483 384 2548 quod
414 2478 860 2550 quemadmodum
900 2485 1025 2532 sunt
1054 2490 1180 2531 omn
1216 2492 1241 2530 s
1270 2475 1482 2529 termini
1516 2476 1818 2544 hujusmodi

240 2570 605 2638 dispositionis
634 2570 697 2621 ad
728 2567 954 2637 seipsos,
988 2567 1057 2620 ita
1096 2575 1218 2619 sunt
1270 2563 1589 2619 dlll'erentim
1623 2565 1689 2618 ad
1710 2564 1817 2618 dir-

240 2641 498 2718 rerentias
526 2663 849 2718 constitutae.
884 2658 1122 2725 Namque
1168 2656 1340 2710 omnis
1393 2656 1654 2710 terminus
1711 2655 1813 2710 sibi

239 2753 343 2819 ipsi
371 2751 590 2821 aequalis
608 2758 709 2819 est,
726 2761 777 2804 et
800 2748 1117 2802 differentiae
1144 2745 1458 2801 dillerentiis
1484 2755 1606 2799 sunt
1638 2759 1816 2813 arqua-

238 2842 339 2897 les.
368 2842 499 2897 lllud
530 2856 740 2912 quoque
768 2839 1033 2902 subtilius,
1077 2837 1215 2907 quod
1250 2836 1399 2890 multi
1450 2835 1609 2904 hujus
1655 2834 1819 2889 disci-

238 2936 402 3004 plina:
429 2936 606 3005 periti,
638 2935 739 2989 nisi
768 2931 1124 3007 Nicomachus
1177 2943 1443 2997 nunquam
1484 2936 1636 2982 antea
1690 2940 1814 2996 per-

238 3033 552 3094 spexerunt,
577 3024 721 3094 quod
756 3022 807 3077 in
838 3022 983 3076 omni
1020 3020 1389 3088 dispositione,
1422 3018 1502 3072 vel
1531 3017 1808 3081 continua,

1919 476 1969 528 in
1992 475 2339 542 dispositione
2362 476 2460 529 hac
2487 477 2538 539 1,
2563 476 2621 538 2,
2645 477 2698 540 5,
2732 476 2972 528 minores
2992 482 3116 527 sunt
3138 471 3349 527 termini
3380 472 3403 524 1
3424 476 3481 524 et

1913 555 1968 619 Ξ,
2002 553 2231 620 majores
2252 553 2287 605 2
2309 563 2362 607 et
2382 556 2445 620 5,
2476 562 2530 607 et
2561 554 2595 605 2
2622 554 2688 606 ad
2722 568 2883 606 unum
2932 552 3125 620 duplus
3152 558 3261 614 est,
3291 550 3325 602 5
3352 562 3480 603 vero

1913 641 1982 695 ad
2000 640 2036 693 2
2065 641 2404 709 sesquialter,
2430 642 2523 695 sed
2554 641 2722 710 major
2750 650 2832 696 est
2855 640 3130 709 proportio
3150 639 3295 707 dupli
3323 652 3478 706 quam

1916 731 2287 799 sesquialtera.
2321 730 2378 784 In
2410 731 2719 785 harmonica
2758 745 2931 785 autem
2960 731 3272 793 medietate,
3318 743 3480 783 econ-

1917 819 2080 873 trario
2107 820 2324 874 evenire
2348 819 2623 884 contingit.
2658 821 2712 873 In
2742 820 3035 874 minoribus
3074 819 3214 873 enim
3246 817 3485 872 terminis

1914 908 2151 963 minores
2173 909 2575 977 proportiones,
2609 910 2661 962 in
2702 911 2991 973 majoribus
3034 910 3202 977 major
3258 921 3481 976 propor-
3562 928 3563 931 η

1916 996 2077 1051 tionis
2114 997 2383 1066 quantitas
2410 996 2727 1051 custoditur.
2759 998 2953 1051 Harum
2968 1013 3093 1052 vero
3122 997 3480 1061 medietatum,

1915 1084 1969 1139 id
2018 1095 2103 1141 est
2156 1086 2509 1142 arithmetica:
2560 1096 2719 1156 atque
2760 1087 3114 1150 harmonicm,
3160 1086 3485 1154 geometrica

1920 1176 2388 1246 pr0portionalitas
2412 1175 2586 1230 media
2614 1189 2733 1230 esse
2754 1183 2931 1228 notata
2959 1184 3062 1241 est,
3080 1189 3196 1243 qua:
3209 1173 3290 1227 vel
3308 1174 3358 1226 in
3378 1186 3485 1225 ma-

1912 1266 2117 1336 joribus
2143 1266 2227 1320 vel
2257 1267 2307 1320 in
2339 1264 2633 1319 minoribus
2655 1262 2913 1327 terminis,
2944 1277 3122 1330 aequas
3144 1274 3487 1315 numerorum

1917 1357 2201 1424 qualitates
2237 1356 2289 1410 in
2322 1353 2818 1425 proportionalitate
2849 1351 3099 1406 custodit.
3157 1350 3295 1403 Inter
3318 1349 3487 1415 majus

1918 1461 2044 1500 vero
2064 1456 2117 1501 et
2147 1446 2321 1500 minus
2340 1485 2354 1508 ,
2380 1444 2659 1513 aequalitas
2690 1442 2808 1496 loco
2839 1442 3053 1510 ponitur
3077 1437 3395 1493 medietatis.
3428 1436 3489 1494 Et

1916 1535 1983 1591 de
2004 1535 2335 1589 arithmetica
2364 1533 2578 1603 quidem
2618 1531 2903 1586 medietate
2932 1530 3063 1584 satis
3088 1528 3285 1583 dictum
3315 1534 3415 1581 est.

2481 1614 2705 1679 CAPUT
2747 1621 2906 1676 XLIV

2027 1715 2105 1769 De
2130 1717 2427 1785 geometrica
2454 1715 2715 1768 medietate
2741 1716 2948 1783 ejusque
2973 1707 3381 1781 prapiietatibus.

1990 1812 2138 1866 Nunc
2169 1826 2295 1867 vero
2317 1827 2433 1879 qua:
2466 1810 2602 1863 hanc
2631 1807 2873 1877 sequitur
2894 1803 3217 1875 geometrica
3234 1800 3487 1855 medietas

1920 1902 2251 1971 expediatur,
2269 1916 2387 1969 qua:
2411 1898 2527 1953 sola
2545 1897 2627 1952 vel
2654 1896 2884 1951 maxime
2908 1890 3375 1963 pr0portionalitas
3395 1903 3488 1955 ap-

1921 1993 2106 2063 pellari
2139 2000 2335 2062 potest,
2367 1999 2647 2061 propterea
2678 1987 2819 2056 quod
2864 1988 2916 2041 in
2957 2001 3018 2040 ea
3045 1984 3246 2041 eisdem
3274 1996 3487 2051 propor.

1923 2086 2156 2140 tionibus
2192 2084 2538 2138 terminowm
2558 2120 2572 2145 ,
2607 2080 2687 2134 vel
2718 2081 2769 2131 in
2801 2076 3092 2146 majurLbus
3121 2074 3204 2127 vel
3235 2074 3287 2127 in
3318 2074 3489 2125 minos

1919 2180 2066 2236 ribus
2089 2176 2386 2248 speculatio
2411 2179 2646 2245 ponitur.
2684 2172 2778 2227 Hic
2794 2172 2935 2225 enim
2954 2184 3105 2237 :equa
3132 2182 3341 2235 semper
3372 2180 3490 2234 pro.

1919 2270 2093 2341 portio
2111 2268 2431 2331 custoditur,
2462 2262 2672 2319 numeri
2700 2262 2968 2332 quantitas
2991 2257 3375 2325 multitudoque
3396 2269 3490 2308 ne-

1918 2366 2130 2436 gligitur
2154 2364 2420 2419 contrarie
2444 2377 2601 2430 quam
2635 2360 2686 2413 in
2723 2358 3058 2413 arithmetica
3093 2352 3406 2414 medietate,
3438 2356 3492 2406 ut

1919 2464 2045 2510 sunt
2068 2455 2119 2518 1,
2140 2454 2196 2520 2,
2224 2454 2277 2518 4,
2306 2452 2359 2518 8,
2389 2454 2475 2519 16,
2500 2453 2592 2518 52,
2622 2451 2712 2505 64.
2756 2447 2854 2502 γει
2891 2447 2942 2500 in
2974 2444 3126 2513 tripla
3157 2438 3491 2511 proportione

1920 2547 1971 2608 Ι,
2003 2546 2057 2612 3,
2084 2544 2139 2608 9,
2161 2543 2252 2608 27,
2284 2543 2373 2597 8|.
2411 2542 2504 2596 Vel
2527 2540 2573 2595 si
2605 2538 2898 2610 quadrupla
2921 2577 2936 2601 ,
2987 2535 3071 2590 vel
3099 2534 3143 2587 si
3188 2527 3491 2600 quincupla,

1920 2635 2003 2687 vel
2034 2634 2077 2687 si
2124 2634 2177 2687 in
2215 2632 2505 2703 quamlibet
2551 2629 2994 2699 multiplicitatem
3040 2635 3381 2679 numerorum
3425 2620 3490 2678 sil

1918 2725 2204 2780 constituta
2236 2724 2515 2779 distenslo.
2559 2723 2617 2775 lu
2655 2722 2739 2775 bis
2766 2721 2909 2775 enim
2948 2717 3204 2786 quotlibet
3236 2712 3489 2767 terminos

1919 2819 2251 2888 sumpseris,
2319 2817 2609 2886 explebunt
2668 2814 3048 2885 geometricam
3116 2811 3487 2873 medietatem,

1918 2908 2365 2979 quemadmodum
2394 2917 2519 2962 ante
2542 2908 2689 2977 prior
2713 2908 2779 2961 ad
2808 2915 3141 2975 sequentem,
3167 2904 3237 2957 ita
3263 2914 3487 2970 sequens

1919 3005 1984 3058 ad
2018 3004 2201 3059 alium.
2236 3004 2302 3058 Et
2329 3017 2513 3057 rursus
2533 3043 2548 3069 ,
2574 3002 2635 3069 si
2670 3000 2931 3070 permixte
2963 2998 3127 3051 facias
3148 3036 3164 3062 ,
3203 2996 3340 3049 idem
3372 2994 3485 3049 erit.

238 3068 325 3171 νέξι
355 3068 639 3184 ἀίεῙυηέιιέ,
667 3114 805 3182 quod
840 3068 1144 3167 contineturr
1172 3110 1272 3164 sub
1304 3108 1509 3162 duabus
1556 3068 1814 3162 extremi;
1842 3068 1886 3130 ε
1918 3096 1975 3151 Si
2003 3096 2145 3151 enim
2176 3102 2442 3164 ponantur
2469 3102 2579 3147 tres
2607 3068 2818 3146 termini
2841 3090 2876 3142 2
2894 3129 2909 3153 ,
2940 3088 2973 3142 ι
2995 3095 3051 3141 et
3072 3085 3125 3151 8,
3145 3083 3485 3154 quemadmo-

237 3208 459 3277 tatibus,
490 3208 666 3262 minus
694 3215 777 3261 est
804 3221 868 3261 eo
910 3217 1130 3259 numero
1152 3201 1240 3271 qui
1270 3217 1332 3255 ex
1363 3200 1643 3254 medietate
1684 3213 1811 3253 con-

238 3297 436 3364 ﬁcitur,
468 3306 669 3352 tantum
691 3306 943 3367 quantum
976 3301 1193 3363 possunt
1213 3291 1329 3344 dua:
1354 3289 1453 3343 sub
1477 3303 1535 3343 se
1564 3288 1811 3343 differen-

238 3388 327 3440 tiae
350 3388 643 3451 continere,
674 3401 790 3455 qua:
819 3386 955 3439 inter
988 3384 1129 3453 ipsos
1158 3391 1281 3436 sunt
1324 3380 1577 3434 terminos
1613 3379 1812 3433 consti-

237 3485 386 3530 tutae.
418 3476 685 3530 Ponamus
709 3477 848 3529 enim
891 3485 998 3529 tres
1042 3472 1299 3527 terminos
1338 3469 1641 3538 hujusmodi
1668 3470 1722 3531 5,
1754 3472 1809 3537 5,

236 3564 289 3621 7.
313 3566 366 3621 Si
396 3566 558 3635 igitur
582 3575 687 3619 tres
734 3565 933 3634 septies
979 3572 1293 3633 augeantur,
1328 3560 1380 3614 in
1420 3560 1482 3614 ‘21
1528 3574 1809 3614 numerum

234 3658 452 3713 cadunt.
484 3657 639 3725 Quod
666 3657 709 3711 si
742 3657 971 3712 medium
999 3655 1300 3721 terminum,
1335 3652 1384 3705 id
1406 3662 1487 3707 est
1526 3650 1580 3717 5,
1633 3652 1683 3704 in
1716 3665 1805 3705 se-

232 3750 518 3815 metipsum
542 3748 995 3818 multiplicaveris,
1026 3746 1305 3816 quinquies
1334 3743 1565 3813 quinque
1611 3742 1807 3797 faciunt

230 3841 324 3895 25.
359 3842 421 3896 Et
456 3841 541 3895 hic
575 3854 829 3895 numerus
868 3840 935 3894 ab
962 3854 1027 3893 eo
1056 3854 1211 3907 quem
1261 3836 1624 3891 extremitates
1656 3833 1807 3887 colli-

232 3939 388 3999 gunt,
422 3931 763 4000 quaternario
791 3930 959 4000 major
974 3938 1073 3994 est,
1093 3943 1247 3997 quem
1269 3926 1471 3980 scilicet
1495 3924 1808 3978 diﬂ‘erentim

233 4021 700 4076 tonﬁciuntJnter
723 4024 755 4076 5
775 4022 915 4074 enim
950 4031 1001 4074 et
1033 4021 1065 4073 5
1092 4028 1145 4072 et
1175 4021 1203 4070 7
1223 4018 1328 4071 bini
1366 4016 1627 4070 intersunt
1679 4028 1814 4082 quos

231 4113 278 4167 si
306 4112 361 4167 in
403 4128 523 4168 sese
549 4112 866 4183 multiplices
896 4113 928 4167 4
956 4112 1200 4172 reddunt,
1234 4109 1315 4163 bis
1359 4106 1501 4162 enim
1529 4107 1655 4171 duo,
1687 4119 1818 4171 qua-

227 4208 358 4257 luor
388 4204 542 4258 tiunt.
567 4202 730 4258 Recte
759 4202 917 4272 igitur
942 4202 1139 4257 dictum
1171 4209 1273 4265 est,
1302 4200 1355 4252 in
1383 4198 1481 4252 hac
1509 4195 1812 4265 hujusmodi

230 4296 593 4365 dispositione
648 4296 787 4366 quod
857 4296 1159 4351 continetur
1210 4292 1307 4346 sub
1352 4289 1811 4355 extremitatibus,

227 4390 410 4447 minus
439 4401 559 4448 esse
606 4387 696 4447 illo
724 4401 944 4446 nurnero
970 4386 1056 4461 qui
1082 4387 1134 4441 tit
1160 4399 1229 4441 ex
1261 4383 1565 4463 medietate,
1612 4394 1812 4437 tantum
1841 4381 1895 4441 Ι)

214 4495 493 4557 quantum
518 4483 831 4540 differentia:
860 4486 910 4539 in
933 4498 992 4539 se
1021 4480 1382 4549 multiplicata:
1413 4477 1719 4531 restituunt.

580 4723 841 4886 ζῆ

318 4897 502 5043 :I
580 4835 841 5035 2
930 4934 973 5015 ς
1029 4850 1039 4899 ³

504 4899 551 5188 ἐ
688 5095 763 5185 9
874 4905 920 5183 ᾖ

491 5045 634 5234 K
688 5045 925 5234 θ]
1033 5045 1041 5119 ¹
1118 5045 1127 5117 ¹

671 5322 704 5372 5
1392 5310 1446 5362 21

1915 3192 2039 3245 dum
2056 3198 2180 3243 sunt
2208 3188 2241 3243 8
2270 3187 2335 3241 ad
2363 3185 2419 3249 4,
2444 3186 2515 3239 ita
2530 3184 2579 3238 ’4
2611 3182 2677 3237 ad
2709 3183 2765 3235 2.
2799 3183 2974 3249 Atque
3004 3179 3105 3231 lioc
3128 3179 3170 3231 si
3189 3183 3485 3238 convertas,

1913 3276 2360 3349 quemadmodum
2392 3274 2568 3329 sunt?!
2596 3273 2664 3326 ad
2692 3272 2747 3337 4,
2768 3271 2840 3324 ita
2869 3276 3027 3323 erunt
3058 3268 3090 3320 4
3122 3264 3185 3318 ad
3215 3265 3268 3317 8.

2068 3395 2142 3481 li
2274 3415 2291 3463 ι
2402 3395 3143 3481 ,,,,l!_‘__L___8

2414 3719 2575 3781 Dupla
2842 3714 2998 3775 Dupla

1917 3820 2012 3877 Vel
2042 3821 2086 3875 si
2114 3822 2164 3874 in
2187 3827 2414 3889 quatuor
2443 3816 2720 3881 terminis,
2773 3823 2831 3868 ut
2857 3822 2980 3865 sunt
3007 3812 3042 3863 ἓ
3071 3818 3125 3863 et
3148 3811 3178 3862 4
3204 3854 3216 3873 ,
3249 3810 3281 3863 8
3303 3819 3353 3862 ct
3390 3810 3475 3872 tu,

1915 3908 2362 3979 quemadmodum
2392 3913 2475 3959 est
2503 3905 2707 3973 primus
2736 3901 2801 3955 ad
2829 3900 3071 3959 tertium,
3101 3898 3150 3951 id
3180 3905 3262 3951 est
3285 3897 3320 3949 Ω
3342 3898 3406 3949 ad
3437 3900 3469 3949 8

1917 4001 1995 4053 sic
2015 3999 2118 4053 erit
2146 3995 2487 4052 secundusad
2513 4001 2782 4061 quartum,
2808 3990 2858 4045 id
2892 3989 3027 4044 estzi
3050 3988 3114 4041 ad
3143 3987 3231 4042 16.
3259 3986 3488 4054 Utraque

1918 4089 2059 4144 enim
2082 4087 2355 4157 proportio
2380 4084 2672 4156 quadrupla
2706 4090 2807 4137 est.
2841 4082 2906 4135 Et
2934 4079 3234 4135 conversim
3262 4123 3274 4146 ,
3302 4093 3486 4146 quem-

1916 4177 2202 4232 admodum
2230 4186 2454 4247 quartus
2482 4183 2566 4230 est
2593 4175 2656 4228 ad
2676 4173 2990 4236 secundum,
3022 4174 3092 4225 ita
3118 4170 3307 4225 tertius
3341 4179 3487 4223 "0L!-

1918 4280 2004 4324 tur
2028 4268 2093 4323 ad
2127 4270 2375 4337 primum.
2410 4266 2519 4321 Hoc
2545 4281 2672 4321 vero
2690 4266 2850 4319 etiam
2882 4264 3144 4332 disjuncte
3174 4262 3320 4315 licet.
3355 4260 3487 4314 Nam

1919 4360 2364 4436 quemadmodum
2390 4372 2471 4416 est
2502 4360 2705 4428 primus
2735 4357 2798 4411 ad
2822 4354 3140 4419 secundum,
3193 4351 3242 4405 id
3272 4360 3353 4406 est
3379 4352 3487 4408 2nd

1914 4459 1969 4523 4,
2004 4458 2082 4512 sic
2103 4456 2290 4512 terzius
2321 4453 2385 4507 ad
2410 4460 2678 4521 quartum,
2712 4449 2761 4503 id
2792 4457 2875 4503 est
2900 4447 2931 4499 8
2960 4446 3024 4499 ad
3052 4444 3153 4509 16;
3187 4451 3241 4499 et
3270 4457 3489 4497 convcr-

1912 4552 2036 4617 sim,
2067 4546 2514 4619 quemadmodum
2547 4542 2817 4599 sectmdus
2843 4541 2911 4595 ad
2939 4539 3168 4609 primum
3190 4578 3204 4601 ,
3252 4535 3304 4590 id
3338 4542 3419 4588 est
3460 4534 3489 4585 4

1912 4644 1977 4698 ad
1996 4642 2053 4709 2,
2082 4644 2151 4695 ita
2172 4648 2389 4711 quartus
2419 4636 2487 4692 ad
2518 4634 2755 4703 tertium,
2786 4634 2841 4688 id
2865 4642 2947 4688 est
2979 4632 3046 4687 16
3075 4630 3139 4685 ad
3160 4629 3216 4697 8,
3250 4627 3410 4697 idque
3443 4627 3490 4677 in

1913 4734 2160 4792 omnibus
2190 4741 2302 4788 rata
2332 4712 2769 4785 consideratione
2796 4723 3111 4796 perspicies.

2290 4853 2447 4915 Dupia
2876 4847 3034 4910 Dupla

185 5441 497 5506 Quartum
521 5439 651 5481 vero
670 5422 941 5493 proprium
966 5416 1270 5488 huiusmodi
1309 5412 1674 5483 dispositionis
1718 5425 1813 5465 no-

189 5504 400 5589 tatur,
435 5517 581 5585 quod
611 5515 934 5584 antiquiores
963 5525 1173 5580 quoque
1197 5507 1428 5560 habuere
1456 5504 1807 5568 notissimum,

184 5614 375 5692 quod
403 5614 460 5665 in
494 5608 593 5662 hac
623 5601 1108 5675 proportionalitate
1134 5598 1212 5651 vel
1254 5595 1564 5657 medietate,
1604 5591 1655 5644 in
1704 5591 1807 5644 mi-

178 5681 463 5767 rioribus
490 5695 728 5755 terminis
757 5692 981 5763 majores
1011 5688 1398 5759 proportiones,
1421 5683 1473 5738 in
1506 5681 1798 5752 majoribus

2125 4973 2424 5135 ίἿ
2702 4976 3133 5175 ΓΝ

2033 5001 3217 5567 Γπὲἶὶῑῖ]

2352 5676 2622 5739 Quadrupla
2686 5674 2897 5732 Quadru,
2917 5669 2960 5717 la
