4022 6366
506 308 636 366 1151

1709 299 1817 355 AN.
1862 296 2065 354 MANL.
2107 295 2258 352 SEV.
2304 286 2522 350 BOETH

3604 288 3723 341 “232

506 423 672 477 liabet
692 432 866 476 autem
896 420 1162 489 proprium
1196 416 1497 487 Imjusmodi
1528 416 1813 479 medietas,
1844 412 1981 481 quod
2014 412 2064 465 in
2100 416 2141 469 Α
2181 417 2402 462 crescat.
2441 406 2507 459 Ut
2538 406 2579 457 si
2609 404 2714 456 sint
2739 400 2795 467 ἢ,
2819 400 2952 489 4,-8,
2988 398 3239 489 16,Δ(ιυο(1
3272 397 3326 451 lit
3356 415 3418 452 ex
3442 400 3523 489 bis
3558 400 3639 463 16,
3680 400 3723 489 id

507 514 645 562 Ullllll
676 509 1022 575 dispositione
1042 507 1331 561 secundum
1367 505 1504 559 hanc
1530 496 2071 573 proportionalitatem

508 598 849 650 terminorum
881 596 1193 651 dill'erentite
1225 596 1277 649 in
1301 596 1486 648 eadem
1524 595 1863 663 proportione
1889 604 2073 648 contra

508 702 562 738 se
605 698 744 751 sunt,
777 703 875 755 qua
904 688 1097 741 fuerint
1136 688 1233 756 ipsi
1276 687 1488 740 termini
1531 702 1754 754 quorum
1798 695 1921 738 sunt
1948 686 2076 753 ipsa:

509 776 835 829 differentiae.
866 776 988 830 Sive
1019 776 1159 830 enim
1208 776 1357 843 dupli
1402 786 1582 828 contra
1611 789 1668 827 se
1700 774 1806 827 sint
1837 774 2073 837 termini,

470 887 474 891 ’
509 866 677 933 duplae
699 877 854 921 erunt
880 870 1038 920 etiam
1076 868 1389 921 dilferentia:
1421 868 1531 921 sive
1569 866 1708 934 tripli
1737 865 1907 932 tripla:
1927 906 1942 931 ,
1966 864 2079 919 sive

511 954 796 1007 secundum
827 955 1118 1023 quamlibet
1163 956 1627 1023 multiplicitatem,
1688 953 1870 1008 eadem
1898 954 1949 1007 in
1978 952 2078 1006 dif-

514 1046 749 1099 I‘ereutiis
786 1047 1147 1113 multiplicitas
1176 1048 1298 1111 crit,
1331 1062 1488 1116 quam
1524 1047 1691 1115 prima
1724 1047 2080 1100 consideratio

517 1136 717 1189 invenit
740 1136 789 1188 in
823 1137 1090 1197 terminis,
1117 1146 1173 1188 ut
1202 1136 1439 1204 subjecta
1474 1136 1762 1204 descriptio
1785 1147 1986 1189 monet.

1052 1226 1348 1274 Ditierentiae
1376 1225 1551 1286 duplae.

1095 1314 1334 1321 ..υ-...-

521 1398 551 1407 κ
611 1313 1334 1405 ἰ-ΤΤΤῙ-ῑ-η-μςι

562 1413 2029 1491 |t|2jtj8|telazjot|irzsg256|

526 1495 897 1503 σῃ-

902 1496 1163 1504 ————

1100 1531 1314 1579 Termini
1352 1532 1502 1593 dupli.

522 1609 657 1661 Nulli
686 1611 1072 1679 igiturdubium
1097 1628 1215 1667 esse
1240 1623 1431 1680 potest,
1460 1613 1597 1683 quod
1622 1627 1741 1667 cum
1772 1625 1960 1665 omnes
1984 1621 2088 1664 ter-

524 1704 649 1755 mini
677 1702 819 1771 dupli
850 1705 987 1771 sint,
1022 1706 1091 1759 ita
1123 1705 1433 1760 dill‘erenliie
1457 1724 1665 1777 quoque
1694 1724 1878 1762 eorum
1909 1709 2088 1760 termi-

526 1798 711 1835 norum
745 1784 918 1853 dupla:
945 1800 1064 1839 esse
1094 1786 1400 1850 videantur,
1436 1798 1491 1840 ut
1520 1804 1626 1841 uno
1656 1790 1828 1841 minus
1856 1788 2086 1841 termino

528 1872 575 1921 in
607 1872 921 1927 dill'erentiis
945 1914 959 1938 ,
1000 1890 1187 1929 omnes
1217 1892 1352 1944 pene
1382 1877 1669 1945 dispositos
1695 1878 1879 1932 subter
1910 1878 2090 1930 termi-

529 1976 622 2012 nos
653 1977 877 2029 quorum
903 1972 1023 2017 sunt
1046 1966 1172 2031 ipsa:
1191 1966 1525 2033 dill‘erentite,
1560 1970 1801 2034 superior
1823 1969 1953 2021 ordo
1984 1970 2095 2022 red-

528 2050 735 2104 diderit.
763 2054 853 2105 E~t
876 2055 1031 2106 etiam
1060 2056 1201 2107 aliud
1222 2058 1511 2131 proprium,
1540 2058 1677 2125 quod
1710 2061 1882 2113 omnis
1910 2060 1973 2112 ad
2000 2062 2094 2113 mi-

532 2158 711 2197 norem
743 2146 911 2211 major
955 2148 1211 2201 terminus
1238 2160 1578 2217 comparatus
1630 2152 1801 2219 ipsum
1834 2154 2093 2207 minorem

530 2234 719 2286 retinet
748 2234 1119 2289 differentiam.
1172 2236 1408 2305 Namque
1465 2240 1698 2293 binarius
1734 2242 1800 2295 ad
1839 2244 2093 2297 ttnitatem

530 2325 636 2388 ipsa
668 2325 869 2377 unitate
895 2325 1103 2390 ditl‘ert,
1135 2330 1582 2395 etquateruarius
1611 2330 1816 2385 binario
1860 2334 1974 2401 ipso
2016 2335 2097 2386 bi-

538 2416 702 2477 nariu,
727 2418 1098 2468 etoctouarius
1120 2420 1464 2484 quateruario
1495 2418 1611 2486 ipso
1640 2422 2011 2488 quaternario,
2044 2432 2098 2476 et

531 2502 781 2571 deinceps
828 2504 1055 2572 majores
1087 2505 1173 2557 alii
1207 2507 1334 2573 ipsis
1357 2508 1652 2563 minoribus
1681 2510 1748 2563 ab
1778 2512 1977 2565 eisdem
2016 2513 2097 2581 ip-

532 2591 603 2642 sis
650 2591 901 2645 diﬂ‘erunt
940 2609 1071 2661 quos
1102 2597 1479 2651 numerositate
1509 2610 1849 2666 praetereunt.
1902 2602 1966 2655 Et
2002 2604 2101 2658 hoc

533 2679 746 2746 quidem
778 2680 829 2734 in
862 2682 1057 2751 duplici
1091 2687 1431 2753 proportione
1478 2690 1641 2742 cadit.
1689 2692 1779 2745 Sin
1817 2708 1945 2746 vero
1996 2696 2102 2747 sint

533 2767 765 2835 triplices
788 2771 1179 2839 proportiones,
1220 2775 1387 2843 major
1414 2778 1668 2831 terminus
1697 2795 1726 2831 a
1761 2781 1965 2834 minore
1991 2792 2097 2836 ter-

534 2857 697 2920 mino,
722 2858 992 2927 duplicato
1029 2862 1233 2918 minore
1264 2867 1489 2918 termino
1518 2865 1711 2920 diﬂ‘ert.
1762 2868 1826 2921 Ut
1846 2871 1887 2923 si
1916 2872 2023 2925 sint
2048 2874 2095 2939 l,

534 2947 584 3011 5,
610 2946 661 3012 9,
699 2957 803 3001 tres
828 2948 894 3001 ab
922 2964 1046 3014 uno,
1089 2950 1295 3004 binario
1326 2952 1575 3029 diﬂeruttt
1595 2994 1609 3019 ,
1644 2956 1694 3008 in
1727 2972 1881 3025 quem
1907 2959 2096 3022 un’tas.

540 3035 589 3087 id
616 3047 697 3089 cst
725 3037 896 3090 minor
919 3039 1174 3093 terminus
1197 3041 1496 3107 duplicatus
1521 3045 1773 3109 exundat,
1805 3056 1858 3101 et
1889 3048 1921 3103 9
1952 3065 1980 3101 a
2009 3052 2103 3103 tri-

537 3127 630 3196 bus
655 3126 864 3181 senario
887 3127 1152 3196 dill'erunt,
1186 3144 1343 3197 que.u
1372 3133 1633 3186 ternarius
1650 3134 1946 3203 duplicatus
1971 3139 2101 3194 edu-

536 3217 625 3269 cit.
660 3216 725 3271 Et
752 3217 801 3270 iu
827 3217 944 3271 aliis
974 3218 1179 3272 cunctis
1203 3220 1466 3287 eiusmodi
1500 3223 1635 3277 ratio
1667 3227 1979 3293 reperietur.
2006 3228 2045 3283 S
2070 3247 2101 3283 n

538 3321 660 3362 vero
703 3309 1075 3378 quadruplices
1119 3311 1259 3377 siut,
1319 3314 1583 3381 triplicato
1612 3317 1816 3372 minore
1848 3322 2100 3387 termino,

539 3400 705 3465 major
735 3400 993 3454 terminus
1022 3415 1050 3452 a
1080 3402 1286 3455 minore
1323 3402 1563 3459 distabit.
1621 3407 1685 3459 Et
1710 3408 1757 3461 si
1803 3410 2098 3480 qnincupli,

502 3528 515 3536 .
542 3487 966 3555 quadruplicato,
1005 3501 1056 3544 et
1088 3492 1132 3544 si
1164 3494 1400 3562 scxcupli
1427 3536 1440 3560 ,
1472 3496 1897 3565 quincuplicato,
1927 3510 1981 3557 et
2002 3518 2103 3557 una

542 3575 714 3628 minus
741 3577 1176 3645 multiplicatione
1203 3598 1359 3651 quam
1382 3593 1464 3638 est
1492 3587 1599 3653 ipsa
1632 3588 1971 3644 minorumad
1996 3607 2103 3646 ma-

543 3664 678 3732 jores
723 3670 1045 3735 comparatio
1100 3673 1483 3739 tcrminorum,
1540 3676 1799 3732 minorem
1854 3696 2105 3735 numerus

545 3756 703 3823 major
731 3768 1035 3826 exsuperat.

551 3931 1257 4013 ..-__l__!_|__‘-’_I_Llj
1288 3934 1327 4013 el
1376 3937 1432 3988 ‘6
1480 3935 1489 4009 l
1536 3940 1596 3992 52
1640 3937 1648 4010 Ι
1698 3948 1759 3995 εί
1804 3938 1811 4011 l
1849 3940 1972 4013 ιέδι

1122 4132 1267 4180 Term
1288 4135 1337 4181 ni
1376 4135 1507 4196 dupli

1060 4212 1364 4266 Ditl'erentite
1411 4217 1588 4279 triplaa.

1003 4412 1011 4485 |
1071 4422 1101 4466 9
1164 4413 1431 4487 127Ι81
1483 4416 1613 4489 lata
1647 4417 1656 4489 Ι
1689 4415 1975 4491 τευιειδη

1121 4525 1335 4574 Termini
1363 4528 1507 4588 tripli.

1018 4606 1317 4657 Diﬂerentia:
1335 4610 1633 4673 quadruplaa.
1678 4674 1689 4683 _

1068 3850 1373 3901 Dill‘erentiae
1397 3854 1575 3917 dupla.

1063 3942 1092 3989 4
1154 3931 1164 4006 Ι

1078 4019 1087 4093 ι
1151 4032 1180 4075 8

910 4453 922 4468 ⁸.

1058 4912 1277 4961 Termini
1320 4916 1593 4977 quadrupli.

548 4989 671 5043 ΙΙωο
690 4999 864 5043 autem
900 4995 1363 5060 proportionalitns
1389 5006 1437 5051 et
1486 4997 1535 5049 in
1574 4997 1690 5050 aliis
1720 4997 1998 5064 omnibus,
2035 5001 2116 5053 vel

547 5082 1139 5149 superparticularibus,
1158 5084 1237 5139 vel
1267 5087 1796 5154 superpartientibus,
1827 5087 2111 5152 invenitur,

547 5171 847 5238 Imjusmodi
882 5176 1206 5242 proprietate
1238 5176 1289 5228 in
1331 5177 1577 5230 omnibus
1603 5186 1947 5241 conservata,
1977 5188 2033 5232 ut
2064 5181 2115 5232 in

544 5263 794 5317 continua
829 5267 1202 5336 proportione,
1234 5268 1372 5334 quod
1406 5269 1460 5321 tit
1490 5270 1589 5323 sub
1610 5271 2039 5324 extremitatibus
2070 5272 2113 5324 si

545 5364 652 5409 tres
703 5358 896 5412 fuerint
952 5359 1189 5423 termini,
1237 5360 1337 5412 hoc
1366 5375 1392 5411 a
1442 5360 1726 5413 medietate
1769 5361 2115 5429 multiplicata

544 5460 848 5517 consurgat.
895 5451 950 5505 Si
977 5452 1117 5505 enim
1150 5452 1254 5503 sint
1307 5451 1361 5514 2,
1392 5451 1445 5516 4,
1491 5453 1547 5514 8,
1590 5452 1729 5519 quod
1761 5454 1817 5505 lit
1854 5469 1919 5506 ex
1959 5454 2039 5506 bis
2061 5456 2113 5515 8,

546 5540 682 5594 idem
716 5543 770 5593 lit
794 5558 858 5595 ex
886 5554 1070 5611 quater
1100 5542 1151 5595 4.
1210 5543 1299 5596 Vel
1331 5543 1374 5595 si
1430 5542 1500 5595 sit.
1538 5543 1587 5595 in
1620 5553 1847 5611 quatuor
1879 5546 2117 5597 terminis

548 5630 804 5696 disiuncta
836 5633 1132 5697 proportio,
1158 5632 1296 5698 quod
1328 5633 1382 5685 ﬁt
1410 5632 1508 5686 sub
1538 5633 1774 5701 utrisque
1807 5634 2114 5685 extremita-

550 5720 713 5787 tibus,
767 5720 817 5773 id
861 5721 1084 5777 duarum
1125 5723 1463 5777 medietatum
1497 5723 1932 5793 multiplicatione
1985 5736 2112 5776 cou-

2176 512 2240 546 ev
2272 504 2459 562 quater
2488 493 2520 546 8
2551 489 2819 545 reddatur.
2870 486 3158 553 Exemplar
3182 496 3357 540 autem
3394 486 3545 539 nobis
3578 486 3727 540 maxi-

2180 607 2321 643 mum
2345 587 2803 652 certissimumque
2828 583 2897 634 sit
2923 580 3048 634 illud
3073 580 3159 634 ubi
3188 596 3252 634 ex
3282 580 3585 649 :equalitate
3614 580 3731 633 dixi-

2178 698 2291 734 Inus
2316 694 2501 732 omnes
2522 672 2895 744 inmqualitatis
2928 671 3134 739 species
3171 669 3334 723 fundi.
3361 669 3478 723 Illic
3502 669 3661 735 enim,
3686 670 3730 721 in

2179 776 2428 827 oiuuihus
2457 772 2537 826 vel
2571 767 2965 838 multiplicibus,
2989 764 3072 818 vel
3105 761 3639 831 superpartientibus,
3661 763 3731 813 vel

2180 860 2777 930 superparticularibus,
2823 855 2908 909 vel
2942 854 2995 907 in
3044 854 3254 906 czeteris
3282 852 3602 921 conjunctis,
3621 868 3732 922 geo-

2182 953 2397 1005 metrica
2430 946 2893 1019 proportionalitas
2922 941 3215 997 custoditur
3235 985 3248 1005 ,
3284 941 3379 997 has
3402 956 3591 995 omnes
3632 958 3737 1009 pro-

2186 1042 2436 1109 prietates
2466 1053 2598 1107 quas
2624 1032 3020 1102 supradiximus
3050 1028 3348 1083 continens.
3396 1019 3595 1095 Quarta
3625 1046 3739 1083 vero

2183 1139 2265 1185 est
2285 1127 2574 1197 proprietas
2604 1123 2825 1191 hujusce
2850 1116 3183 1182 medietatis,
3207 1116 3348 1185 quod
3375 1117 3455 1170 vel
3493 1118 3547 1171 in
3579 1118 3732 1184 majo.

2187 1221 2330 1274 ribus
2358 1217 2438 1270 vel
2470 1212 2761 1268 minoribus
2804 1207 3042 1261 terminis
3092 1205 3325 1273 aequales
3375 1219 3589 1274 semper
3634 1223 3740 1273 pru-

2187 1308 2458 1376 portiones
2488 1314 2630 1357 sunt.
2665 1292 2903 1365 Namque
2932 1295 2978 1349 si
3009 1301 3274 1363 ponantur
3302 1295 3359 1359 2,
3391 1295 3446 1359 ι,
3471 1294 3526 1358 8,
3562 1295 3739 1358 16,512,

2188 1398 2256 1453 64
2282 1438 2295 1460 ,
2341 1396 2479 1448 inter
2526 1393 2623 1445 hos
2650 1399 2836 1442 omnes
2867 1384 3026 1452 dupla
3057 1384 3327 1451 proportio
3365 1393 3466 1436 est.
3528 1383 3742 1451 Apparet

2191 1487 2349 1539 etiam
2383 1486 2495 1536 lure
2539 1475 3003 1549 proportionalitas
3047 1472 3099 1525 in
3136 1474 3273 1527 binis
3305 1472 3742 1541 proportionibus,

2190 1577 2256 1629 ab
2298 1574 2500 1627 unitate
2543 1565 2841 1622 alternatim
2876 1573 3023 1631 parte
3053 1562 3219 1615 altera
3269 1561 3597 1629 longioribus
3624 1580 3743 1631 qua-

2192 1650 2465 1731 malist]th
2511 1656 2811 1727 dispositis,
2844 1668 2869 1703 a
2906 1651 3073 1719 prima
3122 1651 3526 1717 multiplicitatis
3555 1650 3745 1707 habitu.

2124 1756 2165 1809 Β
2196 1759 2314 1809 αἱμα
2336 1794 2349 1820 ,
2377 1752 2428 1806 id
2456 1762 2537 1805 est
2582 1764 2611 1801 a
2642 1744 2837 1813 duplici
2870 1756 2962 1809 per
3007 1750 3223 1793 cunctas
3251 1743 3749 1809 superparticulares

2199 1842 2532 1898 habitudines
2578 1834 3055 1905 proportionesque
3085 1829 3387 1884 discurrens
3409 1869 3423 1894 ,
3466 1834 3607 1897 quod
3635 1834 3749 1887 sub.

2193 1938 2331 2003 jccta
2361 1930 2721 1999 descriptione
2752 1926 3012 1990 signatum
3042 1930 3139 1972 est.

3420 2039 3749 2051 -———_._..

2890 2132 3081 2141 _——.

3022 2497 3247 2506 ———_.

2918 2955 3120 2965 —~—_—_

2918 3134 3238 3149 -α-Ψν

2196 2053 2245 2059 ’
2258 2053 3245 2139 “ἹπεριΕῌ-Λ-έ.ᾼ

2207 2142 2220 2150 β
2293 2165 2435 2211 Parte
2462 2162 2608 2209 altera
2630 2142 2821 2216 longior
2899 2146 2908 2220 Ι
3067 2159 3096 2204 2
3242 2147 3252 2222 Ι
3333 2159 3485 2220 Unpla

2292 2236 2596 2322 faragonns
2840 2236 2909 2322 Δ
3064 2248 3097 2293 ιι
3246 2237 3255 2311 Ι
3335 2250 3488 2309 Dupla

2294 2344 2439 2390 Parte
2465 2322 2827 2399 alteraanigior
2901 2328 2910 2402 Ι
3032 2322 3039 2323 ί
3064 2338 3097 2384 6
3242 2329 3254 2401 Ι
3280 2322 3295 2323 ἡ
3328 2342 3657 2400 Sesquialtera
3744 2322 3754 2333 ’

2292 2434 2595 2492 'l'elrago.ttts
2897 2420 2905 2493 Ι
3063 2434 3094 2477 9
3240 2410 3288 2506 Ι..
3322 2434 3663 2491 Sesnuiallen
3748 2504 3754 2506 Δ

2298 2504 2827 2578 ﬁgtjeialteralongiur
2901 2510 2911 2585 Ι
3056 2504 3287 2586 12ὴΙ*
3335 2524 3654 2577 Sest‘tuitertia
3745 2504 3755 2514 ’

2254 2636 2259 2642 ·
2294 2620 2599 2677 Tetragonus
2904 2603 2914 2677 Ι
3055 2616 3110 2663 16
3243 2608 3258 2676 Ι
3334 2616 3660 2676 Sesquitertia

2300 2711 2440 2756 Parte
2464 2708 2617 2756 altera
2642 2707 2826 2758 longior
2903 2695 2911 2765 Ι
3049 2707 3110 2752 2η
3246 2685 3678 2778 .HSesquiquarta
3748 2688 3756 2696 ’

2214 2777 2247 2783 —
2295 2799 2601 2853 'l'etragouus
2853 2826 2857 2829 -
3049 2798 3111 2845 2’5
3247 2788 3258 2859 Ι
3332 2798 3679 2857 Sesquiquaru

2297 2977 2598 3037 Te'ragonus
2890 2955 2916 3039 Ῑ
3048 2957 3211 3028 7.6—
3332 2982 3676 3039 Sesquiquinu

2218 3045 2276 3131 ᾖ
2300 3066 2441 3116 Parte
2464 3068 2613 3115 altera
2639 3068 2826 3125 longior
3048 3070 3105 3115 42
3178 3050 3292 3060 *-
3329 3072 3653 3131 Sesquisexla

2222 3220 2233 3221 ί
2296 3156 2598 3215 Tctragonus
2902 3151 2910 3221 Ι
3052 3162 3106 3205 ιε·
3333 3164 3657 3221 Sosqnisexta

2777 3307 3001 3365 CAPUT
3028 3309 3182 3363 XLV.

2281 3388 2407 3455 Qua:
2428 3390 2735 3460 medietatrs,
2770 3398 2946 3465 quibus
2964 3415 3127 3452 rerum
3149 3398 3467 3466 publicarum
3491 3395 3703 3447 statibus

2791 3484 2901 3520 com
2910 3479 3168 3537 parentur.

2278 3552 2449 3622 Atque
2479 3555 2599 3609 ideo
2629 3556 2961 3613 arithmetica
2986 3558 3199 3628 quidem
3229 3558 3276 3611 ei
3307 3554 3613 3622 reipublicae
3636 3566 3764 3606 corr.

2210 3652 2423 3709 paratur
2452 3661 2569 3713 quce
2594 3650 2775 3716 paucis
2800 3652 3035 3719 regitur,
3086 3650 3284 3703 idcirco
3313 3646 3453 3716 quod
3485 3646 3539 3699 in
3568 3643 3769 3698 minori-

2211 3732 2306 3786 bus
2332 3734 2445 3802 ejus
2469 3738 2710 3791 terminis
2742 3740 2913 3808 majnr
2940 3739 3214 3809 proportio
3241 3736 3330 3791 sit.
3367 3735 3624 3788 Musicam
3656 3748 3774 3786 vero

2213 3824 2551 3881 medietatem
2601 3831 2916 3898 optimatum
2968 3832 3151 3886 dicunt
3195 3844 3317 3885 esse
3373 3828 3777 3897 rempublicam.

2212 3914 2328 3967 ideo
2358 3916 2495 3983 quod
2530 3917 2581 3970 in
2623 3920 2915 3987 majoribus
2943 3922 3184 3975 terminis
3216 3918 3391 3988 major
3414 3917 3775 3987 pr0portiona-

2214 4008 2331 4061 Iitas
2360 4009 2639 4064 invenitur.
2669 4014 3003 4068 Geometrica
3030 4012 3310 4078 med'etas,
3344 4010 3619 4080 popularis
3649 4021 3779 4077 qua-

2212 4098 2498 4154 dammodo
2529 4110 2583 4156 et
2602 4117 2665 4157 ex
2698 4105 3000 4172 :Pqualitate
3038 4098 3268 4159 civitatis
3294 4112 3400 4156 est.
3443 4101 3684 4168 Namque
3704 4098 3784 4151 vel

2216 4206 2264 4241 iu
2298 4190 2606 4257 majoribus,
2637 4194 2717 4247 vel
2754 4195 2804 4247 in
2836 4196 3149 4260 minoribus,
3174 4194 3365 4263 atquali
3397 4192 3639 4246 omnium
3668 4204 3784 4257 pro~

2216 4280 2608 4346 portionalitate
2633 4285 2993 4352 componitur,
3020 4294 3074 4339 et
3103 4292 3184 4339 est
3214 4285 3351 4338 inter
3372 4297 3565 4338 omnes
3589 4282 3787 4350 paritas

2214 4373 2456 4449 quaedam
2514 4374 2819 4429 medietatis
2866 4392 3073 4445 aequum
3126 4376 3214 4445 jus
3256 4376 3308 4429 in
3359 4372 3787 4444 proportionibus

2145 4465 2189 4525 Ι)
2218 4468 2602 4519 conservantis.

2788 4575 3013 4631 CAPUT
3050 4575 3231 4629 XLVI.

2222 4665 2369 4729 Quod
2417 4665 2709 4731 superﬁcies
2756 4682 2857 4717 una
2887 4676 3081 4718 tantum
3122 4668 3173 4719 in
3229 4665 3783 4733 proportiounlitaiibnt

2291 4735 2550 4786 medietate
2570 4738 2861 4803 junguntur
2884 4779 2897 4799 ,
2944 4736 3093 4787 solidi
3116 4752 3229 4788 vero
3258 4735 3454 4788 numeri
3479 4736 3673 4787 duabus
3688 4750 3759 4785 me

2292 4805 2559 4856 dietatibus
2591 4805 2641 4856 in
2665 4805 2825 4857 medio
2865 4806 3177 4858 collocantur

2297 4912 2421 4965 Post
2449 4912 2561 4965 htec
2586 4912 2744 4979 igitur
2788 4921 2995 4979 tempus
3024 4923 3108 4967 est
3152 4923 3210 4966 ut
3257 4906 3605 4981 expediamus
3653 4925 3783 4964 nunc

2226 5000 2473 5068 quiddam
2506 4999 2666 5053 nimis
2717 5001 2846 5054 utile
2878 5002 2930 5055 in
2973 5002 3240 5056 Platonica
3271 5002 3503 5069 quadam
3550 5004 3782 5067 disputa-

2231 5094 2389 5156 tione,
2418 5108 2536 5161 qua:
2566 5093 2616 5146 in
2646 5092 2829 5146 Timaei
2862 5094 3163 5161 cosmopeia
3200 5094 3335 5147 haud
3368 5092 3509 5147 facili
3544 5093 3784 5161 cuiquam

2229 5184 2310 5235 vel
2341 5183 2655 5251 penetrabili
2681 5183 2887 5236 ratione
2910 5192 3174 5237 versatur.
3216 5181 3416 5238 Omnes
3446 5184 3584 5237 enim
3621 5184 3785 5250 piam!

2232 5274 2409 5337 ﬁgurae
2437 5286 2555 5340 qua:
2581 5272 2722 5325 nulla
2745 5272 3023 5326 altitudine
3037 5283 3301 5339 crescunt,
3330 5290 3430 5327 una
3452 5283 3649 5326 tantum
3678 5285 3786 5322 me-

2222 5362 2419 5415 dietate
2444 5362 2767 5433 geometrica
2789 5363 3189 5427 continuantur,
3215 5364 3318 5417 alia
3341 5380 3458 5432 qure
3476 5365 3659 5433 jungat
3680 5376 3787 5414 non

2224 5459 2395 5517 potest
2439 5450 2695 5515 inveniri;
2738 5452 2877 5505 unde
2916 5452 3021 5507 duo
3051 5462 3252 5505 tantum
3290 5455 3340 5506 in
3386 5454 3466 5507 his
3514 5451 3787 5507 intervalla

2221 5549 2346 5593 sunt
2367 5542 2679 5604 constituta,
2720 5557 2749 5595 a
2783 5542 2954 5609 primo
2992 5544 3195 5598 scilicet
3244 5544 3308 5596 ad
3353 5545 3617 5607 medium,
3662 5552 3719 5596 et
3760 5556 3790 5590 a

2224 5631 2398 5683 medio
2417 5630 2481 5683 ad
2514 5633 2755 5688 tertium.
2775 5633 2831 5687 Si
2866 5650 2990 5685 vero
3024 5632 3218 5687 fuerint
3247 5634 3389 5693 eubi.
3422 5634 3555 5687 duas
3581 5643 3793 5687 tantum

2227 5723 2490 5776 habebunt
2519 5724 2852 5791 medictalcs,
2888 5726 2971 5779 ubi
3005 5726 3154 5779 tertia
3182 5725 3409 5780 inveniri
3434 5742 3535 5779 non
3565 5726 3793 5795 poterit,
