4022 6366
292 375 416 432 1155

1475 372 1562 426 DE
1603 368 2056 425 AltlTIlilETlCA
2096 366 2221 422 LIB.
2263 364 2327 423 11.

3380 360 3514 411 1134

289 483 573 556 secundum
600 482 974 551 geometricam
1006 481 1204 536 scilicet
1245 485 1658 550 proportionem.
1689 478 1838 554 Untle
1871 482 1912 534 Λ
1953 475 2074 527 ximi
2108 485 2163 528 et
2189 474 2346 526 medii
2372 481 2552 524 contra
2609 470 2960 524 din‘erentiam
3003 466 3159 522 medii
3211 476 3368 536 atque
3400 484 3517 536 par-

290 572 466 625 lormze
521 570 708 625 solidae
757 571 856 624 tria
889 570 1163 625 intervalla
1207 572 1455 624 dicuntur
1487 570 1703 622 habere.
1753 569 1842 617 list

290 661 422 712 enim
451 675 612 711 unum
647 659 980 713 intervallum
1013 676 1040 712 a
1075 660 1246 728 primo
1269 659 1333 712 ad
1387 659 1712 720 secundum,
1735 665 1787 708 et
1813 669 1842 705 a

289 749 520 803 secundo
548 749 614 801 ad
647 749 885 814 tertium,
918 761 971 802 et
993 765 1021 802 a
1046 750 1202 802 tertio
1222 749 1286 802 ad
1315 759 1580 817 quartum,
1609 760 1724 812 qua:
1764 752 1845 795 est

289 840 485 894 scilicet
514 850 779 907 postrema
809 840 1081 894 distantia.
1117 840 1294 894 Recta:
1322 839 1477 907 igitur
1507 849 1559 892 et
1585 835 1755 905 plana:
1781 832 1842 884 [i-

287 948 423 1000 gtll‘J!
453 931 660 986 duobus
687 933 978 986 intervallis
1003 941 1056 986 et
1087 933 1270 986 solida:
1296 932 1466 985 tribus
1487 927 1745 985 contineri
1773 927 1847 979 di-

288 1033 490 1078 cuntur.
524 1026 641 1077 Sint
665 1025 809 1078 enim
840 1025 946 1077 duo
979 1026 1260 1092 tetragoni.
1292 1026 1323 1079 4
1349 1025 1553 1078 scilicet.
1573 1031 1626 1077 et
1653 1023 1685 1076 9
1706 1061 1721 1084 ,
1754 1021 1847 1071 ho-

289 1126 397 1164 rum
448 1112 608 1181 igitur
664 1129 798 1168 unus
829 1123 1030 1167 tantum
1073 1113 1280 1168 medius
1323 1118 1372 1166 in
1404 1115 1590 1169 eadem
1622 1126 1844 1181 propor.

291 1201 427 1255 tione
449 1203 696 1256 constitui
731 1213 925 1272 potest.
952 1205 1190 1272 Namque
1215 1205 1460 1256 senarius
1488 1202 1553 1256 ad
1585 1201 1616 1254 4
1639 1201 1847 1262 sesqui-

289 1295 419 1348 alter
445 1303 547 1360 est,
568 1304 630 1348 et
659 1296 692 1349 9
713 1295 777 1347 ad
805 1297 1073 1348 senarium
1104 1295 1290 1349 eodem
1335 1294 1493 1348 modo
1511 1291 1844 1362 sesquialter.

293 1386 396 1439 lloc
424 1395 600 1440 autem
627 1385 828 1442 idcirco
858 1387 1059 1450 evenit,
1092 1387 1233 1455 quod
1263 1385 1469 1455 singula
1513 1387 1700 1448 latera,
1733 1385 1844 1436 sin-

290 1475 526 1542 gnlorum
541 1482 934 1543 tetragonorum
953 1476 1192 1530 efticiunt
1211 1478 1473 1531 senariam
1489 1475 1844 1529 medietatem.

293 1563 527 1632 Namque
577 1566 900 1634 quaternarii
951 1568 1210 1636 tetragoni
1259 1567 1394 1620 latus
1447 1566 1682 1618 binarius
1732 1574 1844 1627 est,

298 1653 569 1708 novenarii
598 1657 894 1717 tertiarius;
931 1655 983 1708 hi
1030 1671 1173 1724 ergo.
1202 1655 1531 1722 multiplicati
1582 1653 1847 1717 senarium

298 1741 649 1808 perfecerunt.
680 1743 767 1796 Bis
796 1744 937 1798 enim
969 1755 1075 1800 tres
1097 1746 1336 1800 senarius
1361 1755 1464 1799 est.
1488 1745 1551 1798 Et
1575 1745 1847 1812 quatiens-

1945 563 2148 616 vissitni
2173 572 2533 628 comparatur.
2568 561 2627 615 Ut
2659 562 2701 613 si
2734 561 2838 614 sint
2860 557 2912 623 '5,
2942 560 2994 621 4,
3028 559 3084 621 6,
3118 561 3195 612 vel
3232 561 3274 613 si
3301 561 3357 624 Ξ,
3385 560 3438 622 5,
3464 561 3516 613 6.

1941 650 2193 704 Senarius
2215 650 2354 702 enim
2389 649 2784 716 qttalet'ttarittm
2816 664 2906 702 sua
2929 647 3084 702 lettia
3116 657 3265 716 parte
3284 659 3517 716 superat,

1946 743 1994 796 id
2011 753 2090 795 est
2115 741 2354 805 duobus;
2377 743 2750 810 quaternarius
2771 757 2897 796 vero
2913 741 3207 794 ternarium
3224 756 3315 794 sua
3333 751 3516 809 quarta

1944 835 2430 905 partesupervenit,
2452 833 2500 885 id
2525 841 2751 896 estuno;
2776 844 2828 887 et
2849 835 3092 888 senarius
3118 833 3405 892 ternarium
3423 846 3516 885 sua

1947 924 2248 990 medietate,
2275 923 2324 976 id
2346 933 2428 976 est
2459 923 2627 976 tribus
2647 964 2660 986 ,
2693 925 2957 976 ternarius
2980 937 3107 976 vero
3138 921 3405 975 binarium
3426 934 3519 974 sua

1949 1023 2097 1084 parte
2119 1013 2307 1077 tertia,
2339 1011 2390 1066 id
2423 1021 2506 1066 est
2533 1012 2736 1064 unitate
2760 1011 3107 1065 transcendit.
3155 1013 3331 1077 Quare
3354 1013 3403 1063 in
3440 1011 3518 1064 his

1949 1118 2120 1172 neque
2156 1103 2342 1157 eadem
2377 1101 2645 1171 proportio
2678 1102 3024 1154 terminorum
3061 1111 3164 1165 est,
3200 1117 3369 1170 neque
3400 1111 3520 1154 sunt

1948 1192 2150 1246 eadem
2178 1189 2514 1244 dill‘ereutia’.
2555 1190 2647 1242 Est
2673 1197 2849 1242 autem
2876 1190 3322 1258 quemadmodum
3357 1189 3519 1241 maxi-

1951 1296 2068 1336 mus
2090 1285 2347 1336 terminus
2390 1283 2453 1333 ad
2508 1280 2876 1348 parvissimum
2907 1281 3230 1345 terminum,
3276 1281 3352 1334 sic
3377 1279 3520 1333 dille~

1950 1376 2120 1429 rentia
2153 1373 2370 1427 maximi
2401 1384 2450 1426 et
2487 1372 2641 1425 medii
2681 1371 2744 1424 ad
2801 1370 3156 1424 dill'erentiam
3187 1370 3522 1438 mediiatque

1949 1466 2221 1536 postremi.
2249 1465 2484 1534 Namque
2513 1465 2563 1518 in
2589 1464 2687 1519 hac
2709 1463 3072 1532 proportione.
3105 1479 3223 1531 qua:
3245 1472 3349 1525 est,
3382 1463 3436 1524 '5,
3455 1460 3516 1522 4,

1951 1556 2006 1620 6,
2037 1557 2209 1624 major
2239 1555 2498 1608 terminus
2520 1595 2535 1619 ,
2570 1554 2618 1608 id
2667 1563 2750 1608 est
2789 1555 3032 1608 senarius
3058 1553 3120 1606 ad
3149 1553 3522 1621 parvi-simum

1954 1648 2241 1700 terminum
2275 1648 2559 1701 ternarium
2607 1647 2799 1716 duplus
2827 1655 2944 1709 est,
2996 1655 3050 1698 et
3080 1644 3373 1698 dill'erenti:t
3414 1659 3522 1696 ma-

1954 1739 2078 1793 ximi
2109 1748 2162 1793 et
2193 1739 2380 1805 medii,
2407 1739 2456 1792 id
2487 1748 2570 1793 est
2600 1738 2795 1794 senarii
2825 1748 2879 1793 et
2907 1735 3252 1807 quaternarii,
3284 1735 3391 1788 duo
3418 1735 3523 1788 sei-

291 1844 517 1899 cunque.
545 1831 686 1885 datis
707 1833 912 1888 duobus
942 1817 1260 1904 tetragonis,
1286 1851 1469 1890 eorum
1501 1835 1846 1889 medietatem
1883 1819 1926 1876 Β
1957 1831 2078 1885 licet
2106 1829 2172 1882 ad
2215 1829 2571 1884 differentiam
2619 1830 2776 1882 medii
2807 1840 2862 1883 et
2887 1828 3093 1891 ultimi,
3126 1827 3174 1879 id
3203 1837 3284 1880 est
3308 1834 3522 1895 quater-

292 1923 533 1975 volumus
568 1923 835 1987 invenire,
870 1926 1034 1980 latera
1059 1942 1242 1980 eorum
1280 1927 1676 1997 multiplicamla
1706 1934 1848 1990 sunt,

291 2019 346 2063 et
368 2012 455 2080 qui
485 2027 552 2066 ex
578 2011 661 2066 his
687 2015 1141 2082 procreahuntur,
1171 2017 1424 2072 medietas
1454 2027 1554 2071 est.
1597 2017 1650 2069 Si
1676 2027 1850 2069 autem

292 2102 408 2154 eubi
438 2101 564 2168 sint,
617 2111 674 2156 ut
703 2105 734 2158 8
753 2114 814 2159 et
835 2106 926 2171 27,
981 2107 1100 2161 dure
1128 2117 1330 2161 tantum
1361 2109 1498 2162 inter
1545 2109 1641 2161 hos
1669 2108 1852 2160 eadem

294 2194 632 2260 proportione
660 2195 974 2250 medietates
1001 2197 1252 2252 constitui
1279 2206 1508 2266 queunt,
1555 2197 1622 2248 12
1651 2197 1857 2249 scilicet

292 2292 344 2334 et
376 2283 458 2348 l8,
492 2300 719 2352 namque
746 2285 810 2338 l2
828 2287 894 2340 ad
923 2287 977 2353 8,
1003 2297 1055 2342 et
1084 2290 1144 2342 l8
1170 2289 1234 2342 ad
1256 2287 1346 2354 27,
1370 2288 1716 2356 sesquialtera
1742 2297 1871 2339 tanv

296 2383 404 2425 tum
437 2375 774 2442 proportione
798 2376 1112 2446 junguntur.
1142 2378 1195 2431 ltt
1225 2378 1309 2432 his
1334 2393 1543 2446 quoque
1570 2379 1755 2432 eadem
1783 2379 1855 2429 la-

296 2473 464 2518 terum
495 2469 628 2520 ratio
650 2477 750 2522 est.
803 2468 1038 2537 Namque
1075 2485 1134 2521 ex
1168 2484 1271 2522 uno
1321 2468 1458 2522 cubo
1506 2467 1595 2536 qui
1643 2469 1857 2536 propin-

295 2554 450 2623 quior
480 2566 582 2620 est,
630 2571 731 2610 una
763 2559 1018 2611 medietas
1048 2559 1153 2610 duo
1200 2557 1364 2612 latera
1395 2557 1594 2626 colligit
1623 2573 1636 2618 ;
1691 2574 1752 2610 ex
1784 2557 1860 2608 al-

295 2647 542 2701 ternatim
557 2663 684 2703 vero
695 2650 900 2720 posito,
919 2665 1100 2702 unum.
1135 2650 1188 2703 In
1229 2650 1329 2702 alia
1353 2665 1562 2718 quoque
1581 2651 1863 2702 med‘etate

296 2734 436 2790 idem
468 2745 568 2791 est.
611 2737 883 2793 Ponantur
912 2741 1053 2793 enim
1077 2741 1184 2795 duo
1231 2741 1374 2807 eubi,
1406 2751 1455 2794 et
1489 2741 1541 2793 in
1571 2740 1748 2794 medio
1775 2757 1866 2793 eo-

299 2840 417 2879 rum
441 2828 558 2882 dute
603 2831 917 2884 medic-tates
949 2845 1078 2898 quas
1107 2832 1351 2900 superius
1379 2831 1641 2897 diximus,
1686 2831 1740 2895 8,
1777 2832 1859 2890 1'3,

303 2916 394 2980 18,
425 2917 516 2983 27,
541 2921 797 2974 octonarii
833 2922 989 2986 igitur
1022 2922 1158 2975 latus
1185 2931 1266 2974 est
1297 2923 1563 2986 binarius,
1616 2924 1696 2976 his
1725 2925 1864 2976 enim

302 3004 412 3060 bini
441 3009 520 3062 his
547 3013 877 3064 octonarium
913 2997 1168 3064 fecerunt.
1203 3012 1492 3066 Ternarius
1522 3031 1648 3069 vero
1678 3016 1744 3067 27
1777 3030 1867 3067 ett-

249 3144 268 3159 ,
298 3097 352 3150 lii
383 3099 516 3151 latus
539 3111 641 3153 est.
673 3101 776 3155 Ter
807 3102 948 3155 enim
983 3112 1087 3156 tres
1119 3111 1200 3156 ter
1227 3102 1296 3156 ‘27
1333 3105 1634 3157 restituunt.
1683 3105 1867 3158 Mi-die-

301 3196 385 3240 las
411 3189 564 3254 igitur
583 3204 700 3257 qua:
720 3189 867 3257 juxta
897 3191 1226 3244 octonarium
1257 3203 1359 3258 est,
1395 3193 1444 3245 id
1464 3203 1545 3247 est
1576 3195 1662 3258 12,
1692 3207 1866 3248 muta-

303 3290 392 3331 tur
416 3280 522 3333 duo
553 3282 717 3334 latera
747 3298 809 3337 ex
839 3283 1135 3352 propinquo
1167 3283 1268 3338 sibi
1306 3287 1581 3339 octonario
1603 3328 1615 3348 ,
1643 3295 1697 3339 et
1727 3288 1867 3340 aliud

301 3385 466 3422 unum
491 3371 636 3425 latus
657 3387 719 3425 ex
750 3373 1064 3428 altrinsecus
1095 3374 1266 3442 posito
1305 3374 1374 3428 27
1403 3375 1558 3429 cubo.
1609 3376 1698 3429 Bis
1729 3381 1870 3429 enim

302 3460 418 3514 bini
445 3470 524 3515 ter
552 3461 619 3514 12
647 3464 904 3532 pandunt.
937 3463 1001 3516 Et
1027 3464 1090 3518 l8
1117 3463 1302 3518 eadem
1342 3467 1546 3518 ratione
1571 3465 1678 3518 duo
1710 3465 1873 3517 latera

303 3566 335 3602 a
371 3553 667 3620 propinquo
689 3551 788 3606 sibi
818 3552 886 3604 27
917 3553 1053 3606 cubo
1075 3552 1295 3621 Colligit,
1323 3564 1376 3608 et
1403 3570 1566 3607 ttnum
1601 3555 1666 3608 ab
1687 3556 1872 3606 altrin-

305 3655 466 3694 secus
495 3641 664 3709 posito
686 3641 980 3696 octonario.
1015 3643 1152 3696 Tres
1180 3644 1317 3696 enim
1356 3654 1434 3698 ter
1456 3645 1536 3697 bis
1577 3645 1641 3697 l8
1663 3645 1877 3698 conciu-

304 3731 462 3785 dunt.
500 3731 610 3785 Hoc
630 3741 806 3786 autem
839 3732 1210 3788 universaSiter
1258 3734 1636 3802 speculandum
1677 3744 1786 3797 est,
1832 3736 1874 3786 si

307 3831 618 3889 tetragouus
645 3830 978 3892 tetragonum
1004 3825 1317 3893 multiplicet
1337 3866 1352 3890 ,
1384 3827 1500 3880 sine
1530 3827 1692 3880 dubio
1719 3836 1879 3879 tetra-

304 3925 481 3978 gonus
507 3913 767 3980 provenit.
809 3913 901 3968 Sin
935 3928 1062 3968 vero
1095 3924 1242 3984 parte
1273 3916 1438 3970 altera
1476 3915 1680 3984 longior
1715 3925 1877 3967 tetra-

303 4016 507 4071 gOuutn
556 4004 888 4072 multiplicet,
945 4007 1025 4061 vel
1059 4017 1361 4078 tetragonus
1393 4013 1542 4074 parte
1569 4007 1730 4057 altera
1767 4005 1880 4057 lin-

303 4093 513 4163 giorem
539 4112 806 4163 nunquam
837 4107 1162 4166 tetragontts,
1192 4095 1285 4150 sed
1309 4111 1520 4164 semper
1549 4094 1881 4163 antelongior

305 4187 522 4239 crescit.
559 4185 760 4239 Rursus
791 4186 835 4241 si
863 4188 1026 4240 cubus
1055 4189 1246 4242 cubum
1275 4185 1727 4253 multiplicaverit,
1760 4185 1878 4236 cubi

305 4273 480 4328 fortna
511 4278 803 4330 coniicitur.
837 4278 891 4332 Si
925 4292 1052 4331 vero
1078 4287 1224 4347 parte
1245 4278 1406 4331 altera
1432 4276 1636 4344 longior
1665 4275 1881 4335 cubum,

303 4364 396 4417 vel
439 4364 605 4418 cubus
656 4377 803 4435 parte
852 4366 1014 4421 altera
1047 4362 1365 4436 longiorem,
1414 4381 1677 4436 nunquam
1719 4353 1884 4418 cubas

306 4454 710 4522 procreabitur,
759 4456 858 4509 hoc
899 4455 1101 4509 scilicet
1150 4455 1441 4510 secundum
1486 4454 1882 4508 similitmiinmu

303 4545 458 4612 paris
485 4552 642 4612 atque
672 4545 908 4612 imparis.
954 4545 1054 4598 l’ar
1085 4546 1224 4598 enim
1262 4562 1439 4614 parem
1467 4548 1510 4600 si
1546 4546 1879 4611 multiplicet,

304 4648 530 4701 semper
559 4649 653 4702 par
681 4635 936 4698 nascitur,
967 4645 1016 4688 et
1044 4636 1215 4704 impar
1251 4636 1507 4706 imparem
1550 4637 1595 4689 si
1631 4636 1878 4702 multipii-

303 4731 419 4786 cet,
437 4722 607 4790 impar
631 4724 884 4777 continuo
901 4733 1226 4793 procreatur.
1255 4724 1310 4779 Si
1335 4741 1462 4779 vero
1486 4726 1656 4790 impar
1679 4740 1876 4793 parem,

305 4813 398 4866 vel
427 4814 469 4866 si
494 4829 588 4880 par
609 4814 864 4882 imparem
891 4812 1224 4880 multiplicat,
1257 4827 1351 4880 par
1384 4826 1596 4880 semper
1623 4815 1878 4867 exoritur.

305 4903 428 4956 Hoc
450 4912 624 4956 autem
657 4903 861 4958 facilius
889 4903 1226 4972 cognoscitur
1255 4917 1321 4957 ex
1355 4903 1587 4956 lectione
1648 4903 1884 4956 Platonis

310 4992 373 5044 in
394 4991 545 5045 libris
583 4991 648 5045 de
678 4991 990 5060 Republica,
1032 5005 1097 5047 eo
1128 4991 1247 5046 loco
1270 4993 1359 5061 qui
1385 4992 1642 5061 nuptialis
1673 4991 1884 5048 dicitur.

308 5093 478 5146 quem
530 5095 591 5132 ex
625 5093 848 5146 persona
881 5080 1147 5134 Musarum
1203 5080 1552 5150 pliilosOphus
1582 5079 1885 5133 introducit.

312 5167 428 5220 Sed
454 5183 593 5221 nunc
620 5168 682 5221 ad
713 5168 922 5225 tertiam
945 5167 1285 5223 medietatem
1309 5169 1636 5224 redeundum
1661 5178 1760 5223 est.

885 5275 1108 5332 CAPUT
1148 5277 1355 5332 XLVII.

427 5365 504 5418 De
534 5366 828 5419 harmonica
855 5368 1120 5420 medietate
1139 5371 1346 5438 ejusque
1371 5369 1779 5437 proprietatibus.

389 5457 706 5512 liarmonica
734 5469 909 5514 autem
940 5460 1195 5514 medietas
1226 5470 1306 5514 est
1328 5475 1446 5529 qua:
1477 5475 1648 5528 neque
1683 5460 1885 5520 eisdem

299 5550 660 5614 differentiis,
704 5564 802 5604 nec
832 5549 998 5619 requis
1055 5550 1490 5618 proportionibus
1521 5549 1884 5610 constituitur,

298 5655 331 5693 ε
362 5641 406 5693 -d
443 5639 530 5691 iila
555 5640 604 5692 in
634 5655 734 5708 qua
760 5638 1204 5708 quemadmodum
1238 5638 1496 5691 maximus
1531 5638 1784 5691 terminus
1815 5639 1881 5690 ad

299 5731 690 5792 I‘ﬁl’VlSSilllUtn
724 5733 1003 5786 terminum
1034 5731 1284 5795 ponitur;
1337 5731 1414 5784 sic
1455 5730 1748 5785 differentia
1777 5747 1884 5784 ma-

1955 1919 2086 1972 narii
2112 1929 2273 1987 atque
2305 1918 2546 1981 ternarii,
2577 1932 2696 1986 quae
2729 1926 2810 1972 est
2843 1918 3035 1981 unitas,
3067 1915 3222 1983 dupla
3266 1913 3522 1982 perspici-

1956 2018 2059 2062 tur.
2132 2008 2235 2064 Sed
2287 2009 2387 2062 hoc
2429 2024 2642 2076 quoque
2689 2007 2927 2077 subjecta
2975 2004 3332 2072 descriptione
3379 2018 3523 2055 mm

1955 2107 2152 2149 strattrr
2184 2112 2197 2148 ε

2101 2209 2404 2256 “Jb-rentia:
2429 2205 2586 2268 duplae
2897 2204 3196 2253 Dillerentize
3224 2203 3377 2264 triplae

2048 2289 3449 2494 βὶ-ζὶ

1965 2495 2022 2502 ,__
2035 2479 2642 2499 ,/__._________.______
2659 2479 3155 2495 ’ζα-ι*-
3175 2479 3514 2495 .4'____—‘.__

2046 2506 3453 2582 Ι¹1²ΙΙ¹9,’⁵Ι

2823 2596 3359 2672 [alain

1983 2596 3454 2801 _|.\j__|_i_l__6_/L_L\_?_L'_‘_Li]l
3473 2673 3521 2679 _

2966 2916 3185 2965 Termini
3210 2915 3337 2977 tripli

2367 2490 2642 2498 _———_——

2491 2585 2676 2592 η*

2054 2696 2498 2893 Κλ

2153 2919 2366 2968 Termini
2395 2920 2474 2980 duj
2495 2919 2524 2965 1.

1973 3029 2141 3083 Habet
2193 3038 2368 3082 autem
2421 3030 2821 3096 proprietatem,
2864 3029 3306 3098 quemadmodum
3341 3028 3531 3084 dictum

1974 3129 2074 3182 est,
2106 3120 2425 3172 contrariam
2455 3119 2805 3172 arithmeticae
2833 3119 3124 3172 medictati.
3175 3119 3228 3172 ln
3264 3118 3351 3172 illa
3371 3121 3534 3178 enim,

1972 3207 2023 3260 in
2048 3207 2339 3261 minoribus
2366 3209 2605 3261 terminis
2637 3207 2807 3274 major
2833 3218 2948 3262 erat
2990 3211 3290 3276 proportio,
3345 3211 3392 3260 in
3426 3224 3532 3260 ma-

1970 3296 2173 3361 joribus
2203 3295 2373 3349 minor
2403 3313 2418 3361 ;
2455 3297 2504 3348 in
2536 3297 2630 3381 hace
2680 3312 2806 3349 vero
2839 3337 2853 3359 ,
2899 3298 2952 3349 in
3000 3297 3288 3363 majoribus
3325 3297 3535 3364 quidem

1975 3385 2213 3438 terminis
2245 3387 2413 3450 major
2432 3398 2512 3439 est
2545 3386 2838 3452 proportio,
2870 3387 2919 3437 in
2955 3385 3253 3437 minoribus
3284 3401 3411 3438 vero
3439 3385 3536 3436 mi-

1974 3492 2087 3528 nor.
2155 3476 2388 3543 Namqne
2435 3478 2484 3528 in
2533 3479 2629 3529 hac
2678 3477 3028 3543 dispositione
3056 3477 3118 3539 5r,
3143 3476 3206 3539 4,
3237 3475 3297 3536 6,
3337 3484 3443 3527 tres
3477 3476 3538 3526 ad

1975 3581 2199 3638 quatuor
2229 3569 2520 3635 comparati
2573 3569 2969 3637 sesquitertiatn
3019 3565 3402 3626 habitudinem,
3453 3564 3542 3617 se!

1977 3676 2105 3713 vero
2140 3660 2202 3711 ad
2235 3669 2462 3723 quatuor
2492 3659 2894 3726 sesquialteram
2935 3655 3194 3719 reddunt;
3247 3655 3336 3707 sed
3378 3653 3540 3718 majm-

1977 3756 2060 3802 est
2084 3746 2357 3817 pr0p0rtio
2375 3747 2722 3812 sesquialtera
2746 3759 2773 3796 a
2789 3744 3044 3811 sesquitet
3058 3748 3151 3804 tia,
3171 3751 3372 3794 tantum
3389 3756 3541 3807 quan-

1980 3845 2088 3890 tttm
2121 3850 2244 3903 pars
2276 3834 2428 3888 tertia
2461 3833 2745 3886 medietate
2775 3831 3188 3886 transcenditur.
3217 3831 3363 3883 Juste
3391 3830 3544 3898 igitur

1981 3922 2242 3977 medietas
2270 3920 2510 3988 quadam
2533 3921 2856 3987 geometrica
2886 3919 3207 3987 prOprieque
3258 3932 3378 3971 esse
3430 3932 3543 3984 pro.

1984 4010 2354 4079 purtionalitas
2381 4008 2669 4076 judicatur,
2703 4007 2910 4062 scilicet
2934 4009 3070 4060 inter
3095 4022 3212 4061 eam
3238 4007 3323 4060 ubi
3359 4007 3407 4058 in
3433 4022 3545 4063 ma-

1984 4101 2193 4169 joribus
2218 4099 2457 4152 tet-minis
2495 4099 2668 4151 minor
2700 4109 2779 4151 est
2813 4099 3116 4166 proliortio,
3169 4107 3219 4149 et
3263 4097 3548 4151 minoribus

1987 4190 2176 4258 major,
2205 4199 2256 4242 et
2305 4189 2383 4241 int
2420 4205 2445 4242 r
2479 4204 2594 4241 eam
2626 4188 2714 4241 ubi
2749 4189 2798 4240 in
2827 4187 3033 4254 tnajoril
3055 4192 3116 4240 tis
3143 4188 3312 4253 major
3342 4198 3444 4251 εει,
3499 4190 3548 4239 itt

1989 4278 2283 4330 minoribus
2323 4277 2512 4328 minor.
2571 4276 2663 4328 Illa
2700 4285 2780 4329 est
2809 4280 2948 4328 enim
2975 4290 3097 4328 vere
3139 4276 3389 4343 preportii
3415 4276 3550 4327 uali-

1989 4377 2067 4420 tas
2094 4382 2229 4434 qttze,
2258 4365 2553 4419 medietatis
2579 4364 2974 4434 quodammodo
3005 4365 3068 4416 lat
3090 4380 3176 4416 um
3199 4364 3470 4424 obtinens,
3499 4375 3555 4416 et

1992 4459 2042 4510 in
2076 4458 2362 4522 majoribus
2401 4468 2453 4509 et
2482 4456 2534 4507 in
2563 4455 2876 4517 minorbus,
2921 4454 3212 4522 :equalihus
3263 4453 3556 4520 jroportio~

1991 4567 2114 4604 tmm
2137 4547 2621 4616 comparatiOnibus
2644 4547 2964 4600 eontiuetur.
2990 4543 3098 4598 lloc
3117 4558 3326 4611 quoque
3349 4543 3556 4610 signum

1990 4652 2092 4705 est,
2117 4641 2337 4692 duarum
2357 4637 2750 4692 extremitatum
2787 4635 3012 4688 mediam
3036 4647 3153 4687 esse
3170 4633 3559 4701 quodammodo

1991 4729 2368 4799 geometricam
2403 4726 2822 4794 prOpottionem.
2873 4723 3110 4793 Namque
3140 4723 3190 4775 in
3226 4722 3558 4775 ar.tbmetica

1993 4820 2337 4891 proportione
2364 4860 2376 4880 ,
2413 4817 2619 4870 medius
2666 4813 2926 4868 terminus
2970 4814 3154 4868 eadem
3187 4827 3278 4866 sua
3309 4826 3480 4882 parte,
3509 4823 3561 4871 et

1993 4915 2250 4966 minorem
2281 4909 2530 4978 prtecedil.
2557 4918 2610 4961 et
2632 4923 2660 4960 a
2688 4905 2889 4973 majore
2925 4905 3236 4974 praeced'tur
3257 4948 3272 4971 ,
3320 4904 3411 4957 sed
3458 4905 3560 4957 alia

1996 5013 2143 5070 parte
2193 5002 2455 5064 minoris,
2495 4998 2601 5052 alia
2650 5013 2777 5052 vero
2828 5005 2975 5065 parte
3025 4995 3258 5065 majoris.
3302 4995 3384 5048 Sit
3423 4994 3562 5047 enim

1996 5091 2328 5146 arithmetica
2361 5089 2638 5157 dispositio
2665 5090 2719 5156 ‘2,
2758 5089 2811 5152 5,
2948 5086 3236 5142 Ternarius
3285 5084 3442 5154 igitur
3471 5099 3566 5136 nu-

1995 5199 2183 5238 merus
2216 5181 2477 5236 binarium
2508 5181 2659 5233 tertia
2682 5193 2772 5232 sua
2806 5189 2954 5248 parte
2973 5176 3248 5246 prmcedit,
3269 5174 3318 5228 id
3341 5183 3564 5236 estuno,

1997 5285 2051 5332 et
2083 5293 2109 5329 a
2139 5273 2480 5344 quaternario
2512 5273 2665 5326 tertia
2688 5285 2779 5324 sua
2812 5279 2960 5338 parte
3002 5267 3352 5336 prmceditttr,
3407 5265 3457 5316 id
3488 5274 3564 5318 est

1998 5383 2123 5423 uno.
2156 5368 2220 5420 At
2250 5379 2375 5420 vero
2398 5366 2661 5418 ternarius
2693 5379 2722 5415 n
2767 5377 2797 5414 n
2830 5359 3013 5414 eadem
3045 5366 3192 5425 parte
3222 5356 3444 5409 minoris
3472 5359 3565 5407 mi-

1998 5474 2184 5514 norem
2210 5457 2395 5521 vincit,
2426 5455 2509 5508 vel
2541 5452 2756 5521 majoris
2789 5466 2816 5502 a
2853 5449 3054 5517 majore
3086 5455 3381 5515 superatur.
3415 5445 3565 5498 Narn-

1997 5563 2098 5616 que
2127 5549 2406 5609 minorem,
2437 5545 2486 5598 id
2523 5555 2602 5597 e51
2637 5539 2918 5605 binarium,
2979 5553 3083 5592 ttno
3110 5546 3356 5606 superat,
3407 5535 3455 5589 id
3488 5545 3566 5592 est

1998 5639 2164 5707 ipsius
2195 5637 2478 5690 medietate
2512 5638 2520 5683 Ι
2546 5629 2695 5684 inarii
2724 5672 2736 5693 ,
2770 5643 2796 5679 a
2827 5626 3166 5696 quaternario
3201 5641 3331 5679 vero
3354 5642 3457 5678 uno
3488 5641 3564 5677 ie-

1998 5731 2271 5794 linquilm’,
2330 5741 2448 5792 quo
2499 5737 2616 5790 pars
2654 5718 2978 5787 quaternarii
3009 5727 3192 5786 quarta
3244 5724 3345 5771 est.
3400 5717 3563 5770 ltci-te
