2011 3183
276 198 343 227 H55
877 195 933 223 AN.
954 178 1055 222 itm.

1076 194 1151 222 SEV.
1173 193 1283 223 BOETII
1823 196 1890 224 “56

274 256 352 291 igitur
366 255 464 282 dictum
479 258 519 281 est
544 249 660 281 medium
685 252 828 280 terntinum
852 251 878 278 in
903 251 1051 286 liujusmotli
1070 252 1092 281 Α
1107 258 1193 284 neque
1209 251 1295 278 solum
1308 250 1333 277 in
1351 250 1471 277 terminis
1489 251 1698 285 sprcnlatiotzem
1714 254 1892 287 proportionis

273 302 413 328 medietate
423 300 514 326 cadent
530 300 569 326 sui
583 304 656 333 parte
671 303 697 324 et
720 299 850 325 minorem
878 298 984 324 vincere
999 302 1024 324 ct
1040 304 1055 323 a

272 347 371 379 majore
382 345 512 379 superari,
526 345 571 371 sed
588 352 640 371 non
656 343 758 371 eisdem
773 343 904 378 partibus,
916 342 957 369 vel
970 343 1055 369 mino-

271 394 307 419 ris
323 393 453 419 minorem
473 391 633 425 transgredi,
649 391 688 417 vel
704 390 812 424 majoris
836 397 850 416 a
865 391 965 423 majore
984 393 1055 415 tran-

270 438 372 465 scendi.
388 437 528 464 Contrarie
545 436 700 463 ltarmonica
722 435 851 462 medietas
871 434 1055 469 proportiones

270 483 359 509 habet.
375 481 493 516 Namque
503 489 554 508 non
568 482 661 508 eadem
679 485 753 515 parte
771 488 829 513 sua,
845 480 948 506 medius
964 480 1055 506 ιρι-ιη’-

270 535 319 554 ntts
335 527 359 553 in
373 527 420 552 hac
429 527 600 561 proportione
613 526 654 552 vel
671 526 802 552 minorem
813 525 904 555 vincit.
921 524 961 551 vel
976 531 989 549 a
1002 531 1056 550 ma-

240 592 242 594 -
269 572 326 606 iore
338 566 488 606 superatur,
516 572 563 598 sed
580 570 674 598 eadem
700 575 776 605 parte
800 569 909 596 minoris
925 569 1053 596 minorem

269 623 395 652 superat,
431 626 480 652 qua
509 624 583 652 parte
605 618 714 653 majoris
735 625 749 643 a
778 617 878 651 majore
902 620 1053 650 superatur.

269 662 297 689 ln
313 663 361 689 h-tc
373 663 443 690 enim
460 664 633 697 dispositione
648 663 812 694 harmonica,
824 670 882 696 qua:
893 666 933 689 est
946 662 972 694 ἓ,
988 663 1014 694 5,
1027 661 1053 693 6,

269 708 402 734 ternarius
417 708 443 734 bi
464 709 549 734 ariqu
566 709 643 735 tertia
661 709 700 734 sui
720 713 793 742 parte
809 708 901 739 vincit,
919 707 987 734 idem
1003 712 1056 733 ter-

269 753 360 779 narius
383 760 398 778 a
420 753 527 779 senario
556 758 609 780 tota
629 754 670 780 sui
686 754 834 787 quantitate
859 757 1014 787 superatur,
1030 753 1054 779 id

269 801 308 823 est
321 797 412 823 tribus.
427 797 551 831 [denique
564 798 620 831 ipse
637 798 779 830 tertiarius,
789 798 932 824 medietate
947 797 1056 824 m'noris

270 841 349 868 vincit
365 842 510 874 minorem,
536 842 561 868 id
576 848 617 868 est
631 849 683 868 lmO
695 862 701 874 ,
718 848 744 869 et
761 843 902 869 medietate
921 842 1027 876 majoris
1041 849 1055 867 a

269 886 371 919 majore
383 886 496 912 tertuiuo
512 886 642 919 vincitur,
668 886 692 913 id
704 892 744 913 est
759 887 852 913 tribus.
865 887 970 914 Senarii
981 887 1053 913 enim

268 931 538 957 niedictasternarius
553 936 604 957 est.
621 931 647 958 In
661 932 822 966 geutnetrlca
832 939 894 959 vero
903 931 1053 962 medietate,

268 983 353 1010 neque
368 976 468 1002 eisdem
483 976 540 1002 suis
554 977 674 1010 partibus
689 977 793 1004 meditts
809 978 849 1004 vel
871 977 951 1004 vincit
971 978 1055 1004 mino-

263 1027 333 1053 rem,
351 1022 391 1048 vel
405 1029 419 1047 a
441 1021 541 1055 majore
557 1023 672 1049 vincitur
684 1044 690 1053 ,
716 1031 801 1057 neque
814 1023 906 1050 eadem
929 1030 1001 1057 parze
1015 1024 1053 1049 vel

268 1067 378 1093 tuinoris
400 1067 530 1094 minorem
546 1073 663 1101 ruperat,
678 1068 720 1094 vel
736 1068 869 1102 majorisa
888 1068 987 1101 majore
1014 1076 1054 1094 re-

268 1111 349 1145 linqui
364 1119 404 1142 ur,
421 1111 466 1138 sed
482 1119 533 1146 qua
552 1118 626 1146 purle
642 1121 688 1138 sua
707 1113 811 1139 medius
830 1112 959 1139 terminus
974 1112 1055 1138 miuo-

269 1164 322 1183 rem
338 1161 463 1190 superat,
475 1157 568 1184 eadem
589 1163 663 1191 parte
687 1165 733 1183 sua
749 1158 834 1191 major
857 1157 985 1184 terminus
998 1164 1054 1183 me-

268 1203 339 1229 tlium
356 1202 446 1229 vincit.
460 1202 535 1235 Quod
550 1208 591 1229 est
606 1208 635 1230 ut
649 1204 778 1231 medietas
798 1208 877 1238 atque
887 1204 1053 1236 extremitas,

269 1251 415 1284 tequalibus
428 1250 598 1277 medietatem
614 1251 846 1277 ett‘xtremitatem
860 1251 990 1285 reliquam
1000 1251 1055 1277 suis

269 1295 386 1328 partibus
404 1295 593 1328 supervadant.
606 1296 633 1322 In
647 1296 696 1322 hac
710 1295 780 1322 enim
792 1296 979 1330 dispositione,
996 1303 1055 1329 qua:

261 1343 307 1365 test
318 1342 349 1371 5,
367 1339 397 1371 6,
411 1339 443 1371 9,
460 1343 485 1365 te
502 1339 537 1365 tia
552 1340 591 1366 sui
610 1343 683 1373 parte
699 1340 801 1367 medius
814 1340 1056 1374 senariuquuatcr-

268 1385 372 1411 narium
387 1384 547 1417 superalyid
559 1391 600 1411 est
610 1385 723 1417 duobus,
734 1390 760 1411 et
775 1385 849 1412 tertia
857 1385 897 1412 sui
912 1389 986 1419 parte
998 1393 1056 1411 rur—

268 1438 313 1456 sus
324 1430 484 1457 novenarius
499 1432 632 1457 senarium
650 1432 742 1463 vincit,
756 1431 782 1457 id
795 1436 836 1458 est
847 1432 945 1457 tribus.
972 1431 1057 1458 liabet

268 1481 355 1502 autem
378 1476 456 1502 alam
480 1477 669 1510 proprietatem
683 1476 837 1502 harmonica
854 1476 984 1503 medietas
995 1496 1002 1508 ,
1028 1480 1056 1502 ut

268 1529 326 1547 cum
339 1521 372 1547 du
384 1528 405 1548 ts
417 1523 600 1548 extremitates
625 1522 651 1548 in
673 1529 752 1548 uuutn
768 1521 901 1550 redactas.
928 1521 1056 1548 medietas

268 1566 483 1600 multiplicaveiit
496 1588 503 1599 ,
530 1567 609 1600 tlupla
626 1567 760 1600 quantitas
780 1567 924 1600 colligitur,
940 1574 1018 1601 quant
1034 1567 1056 1595 si

268 1619 297 1638 se
310 1612 486 1645 multiplicent
506 1612 567 1638 duae
579 1612 773 1639 extremitates.
799 1611 858 1639 Sint
881 1612 951 1638 enim
964 1612 989 1638 hi
1004 1616 1058 1639 ter-

268 1657 331 1684 mini
347 1657 373 1689 5,
390 1658 417 1689 4,
430 1658 456 1685 6.
471 1658 498 1684 Si
515 1658 593 1692 igitur
609 1657 751 1686 ternarium
766 1661 793 1683 et
804 1657 1056 1691 senaiiumjungas,

269 1703 442 1737 novenarium
471 1702 562 1735 facies,
588 1703 631 1737 qui
649 1710 696 1735 per
709 1702 907 1737 quaternarium
918 1702 1012 1729 ductus
1024 1703 1058 1729 56

258 1746 361 1785 _efficit.
377 1747 453 1779 Quod
464 1748 484 1773 si
502 1754 530 1773 se
547 1747 612 1780 ipsa:
628 1747 813 1774 extremitates
828 1747 1058 1780 multiplicent,et

271 1792 333 1816 Iiant
347 1795 400 1817 tres
412 1791 509 1823 sexies,
524 1791 556 1818 l8
571 1792 727 1824 coniiciunt,
741 1791 811 1826 quod
827 1796 868 1818 est
882 1792 977 1826 prioris
986 1799 1057 1818 Sllltt-

272 1840 319 1861 tam
330 1834 480 1862 dimidium.

546 2568 659 2597 CAPUT
678 2569 794 2598 XLVI".

273 2617 357 2650 Quare
370 2617 438 2644 dicta
451 2616 482 2643 sit
494 2615 642 2643 harmoniai
663 2617 786 2644 medietas
796 2625 825 2644 ea
834 2624 893 2653 qua!
905 2617 948 2653 dig
963 2621 1002 2643 sta
1013 2621 1057 2642 est.

306 2662 535 2690 Considerandum
551 2661 661 2688 forsitan
673 2661 796 2689 videatur
809 2669 857 2689 cur
871 2661 940 2689 hanc
953 2661 1061 2688 harmo-

273 2707 360 2735 n’eam
385 2706 556 2734 medietatem
576 2714 716 2734 vocemus.
740 2705 823 2742 Cujus
845 2707 902 2734 lucc
924 2706 993 2734 ratio
1006 2710 1059 2739 est,

272 2752 398 2786 quoniam
421 2751 592 2779 arithmetica
612 2752 759 2787 dispositio
783 2759 873 2787 aequas
898 2755 999 2779 tantum
1015 2759 1062 2787 per

269 2797 439 2831 ,diﬂ’crentias
457 2797 553 2824 dividit
569 2798 743 2833 quantitates,
758 2797 918 2832 geometrica
934 2803 998 2824 vero
1010 2801 1063 2824 ter-

276 2843 362 2874 minus
370 2851 447 2880 requa
463 2844 635 2878 proportione
651 2842 798 2878 coniungit.
829 2843 863 2870 At
881 2850 947 2869 vero
957 2842 1063 2869 harmo—

275 2889 337 2915 uiua
350 2889 382 2915 ad
403 2896 416 2915 a
429 2889 499 2924 iquid
521 2889 719 2923 quodammodo
737 2889 819 2916 relata
836 2888 1059 2919 consideratione,

1108 297 1203 328 habet,
1225 303 1309 330 neque
1324 296 1409 322 solum
1424 297 1450 322 in
1466 296 1636 327 tlitferentiis.
1659 298 1704 325 sed
1721 298 1747 325 in
1771 293 1892 333 utrisque

1106 341 1292 368 communiter.
1304 340 1403 374 Quaerit
1416 341 1487 368 enim
1504 345 1532 368 ut
1544 341 1765 376 quemadmodum
1782 348 1845 369 sunt
1856 343 1891 370 ad

1107 393 1135 412 se
1149 386 1261 412 extremi
1275 386 1396 418 termini,
1412 386 1450 413 sic
1464 386 1573 420 majoris
1588 387 1621 413 ad
1638 386 1752 413 medium
1766 387 1892 414 diﬁc-ren-

1106 432 1152 464 tia,
1168 435 1261 457 contra
1280 431 1456 458 dill'erentiam
1474 431 1624 458 medietatis
1644 431 1677 458 ad
1692 432 1826 459 ultimum.
1850 432 1890 460 Ad

1106 475 1204 510 aliquid
1230 480 1329 507 autem,
1353 476 1595 503 considerationem
1616 476 1765 503 harmonite
1785 477 1891 511 proprie

1106 527 1175 552 esse,
1193 520 1218 546 in
1237 521 1313 553 primi
1330 520 1390 546 libri
1413 527 1501 547 rerum
1518 520 1636 546 onmium
1662 520 1794 548 divisione
1815 528 1891 548 mon-

1106 565 1259 592 stravimus.
1275 564 1395 599 lpsarum
1410 572 1515 598 quoque
1531 564 1692 591 musicorum
1705 565 1892 592 consonantia-

1106 618 1164 637 rum
1180 617 1245 645 quas
1263 610 1384 645 symphot
1398 610 1452 637 icas
1477 610 1615 637 nominant
1635 609 1836 644 proportiones,
1865 610 1891 637 in

1107 656 1157 682 hac
1171 663 1236 689 pene
1259 656 1315 682 sola
1327 655 1469 682 medietate
1482 648 1637 689 irequenter
1653 655 1783 681 invenias.
1813 655 1890 681 Nam-

1106 707 1157 733 que
1171 699 1329 734 symphonia
1357 700 1534 731 diatessaron,
1562 707 1620 734 qute
1649 700 1777 734 princeps
1803 704 1890 726 estet

1106 745 1302 779 quodammodo
1314 745 1366 771 vim
1382 744 1506 771 obtinens
1521 745 1645 771 clementi
1659 765 1666 776 ,
1686 745 1829 771 constituta
1840 745 1889 771 sci—

1107 790 1166 817 licet
1180 790 1255 824 in.ep
1268 791 1329 816 tri:a
1345 790 1528 824 propattione,
1552 794 1580 816 ut
1603 794 1645 816 est
1658 790 1843 824 quaternarius
1859 790 1889 816 ad

1108 835 1264 866 ternarium,
1283 836 1307 861 in
1320 835 1450 868 ejusmodi
1466 834 1628 861 ltarutonicis
1642 834 1831 861 medietatibus
1853 835 1890 861 in-

1107 880 1221 906 venitur.
1237 879 1296 906 Sint
1309 880 1378 906 enim
1402 878 1533 913 ejusmodi
1555 878 1718 906 harmoniae
1742 878 1889 906 medietatis

1071 923 1093 952 B
1108 924 1212 952 termini
1227 932 1337 958 quorum
1353 924 1445 950 extimi
1459 923 1530 957 dupli
1545 924 1609 955 sint.
1625 928 1652 950 et
1667 930 1760 950 rursus
1773 923 1825 950 alia
1841 922 1887 949 bu-

1105 969 1219 1004 jusmodi
1235 970 1284 1002 dis;
1296 969 1374 995 ositio
1388 976 1501 1003 quorum
1517 969 1611 995 extimi
1626 968 1707 1002 tripli.

1165 1034 1453 1071 ιδιιίθι
1543 1033 1835 1071 Ι²Ιό’]6-

1105 1109 1233 1137 Senarius
1250 1110 1329 1143 Sg‘tur
1340 1110 1371 1135 ad
1388 1109 1532 1136 ternarium
1546 1109 1699 1143 duplusest.
1715 1109 1788 1137 Idem
1801 1115 1886 1136 autem

1106 1155 1132 1181 in
1159 1156 1211 1181 alia
1233 1154 1423 1188 dispositione.
1444 1154 1565 1181 senarius
1580 1154 1613 1181 ad
1635 1154 1767 1181 binarium
1786 1155 1886 1188 triplus.

1107 1201 1206 1226 llorum
1218 1200 1296 1234 igitur
1318 1200 1340 1226 si
1354 1199 1518 1226 dili‘erentias
1531 1199 1687 1234 colligamus
1696 1204 1724 1226 et
1734 1199 1767 1226 ad
1782 1207 1811 1226 se
1823 1200 1887 1226 invi~

1105 1251 1162 1271 cem
1175 1251 1359 1277 comparemus
1370 1265 1376 1275 ,
1390 1243 1496 1277 epitrita
1511 1246 1648 1278 proportio
1661 1244 1807 1278 colligitur,
1822 1244 1887 1272 unde

1106 1289 1270 1316 diatessaron
1284 1289 1441 1323 symphonia
1457 1289 1602 1315 resonabit.
1620 1288 1691 1316 Inter
1712 1289 1730 1316 3
1741 1289 1812 1316 enim
1828 1294 1854 1316 et
1872 1289 1887 1316 6

1106 1335 1239 1361 tcrnarius
1250 1338 1333 1366 est,el
1345 1334 1414 1360 inter
1431 1334 1560 1360 binarium
1582 1339 1608 1361 et
1625 1333 1758 1361 senarium
1784 1338 1886 1368 quater-

1107 1379 1208 1409 narius,
1220 1378 1276 1412 qui,
1288 1378 1394 1405 sibimet
1402 1378 1558 1411 comparati,
1568 1378 1767 1413 scsquitertiatn
1775 1378 1886 1406 efﬁcient

1107 1423 1317 1458 proportionem.

1666 1502 1682 1524 δ
1756 1495 1764 1533 l

1318 1497 1589 1540 5__J__‘_._l

1072 1600 1094 1629 Ο
1327 1547 1399 1640 \
1429 1573 1568 1597 dim-rentia
1595 1568 1659 1640 /

1493 1696 1506 1717 3

1492 1745 1506 1769 4

1249 1674 1877 1683 ._____—__—

1344 1859 1361 1890 /
1429 1861 1569 1885 differentia
1639 1859 1657 1892 \

1234 1929 1766 1970 1⁷21516η1

1110 2020 1137 2047 In
1153 2020 1245 2047 eadem
1259 2027 1363 2054 quoque
1384 2018 1525 2046 medietate
1543 2023 1571 2046 et
1588 2018 1714 2053 diapente
1736 2016 1885 2053 symphonia

1107 2064 1278 2098 componitur
1292 2085 1298 2096 ,
1323 2071 1402 2098 quam
1426 2064 1598 2097 sesquiallcrtt
1618 2063 1746 2090 habitudo
1768 2061 1903 2090 restituit.’

1108 2109 1173 2135 Nam
1191 2109 1217 2135 in
1233 2109 1352 2141 utrisque
1378 2108 1594 2142 dispositionibus
1620 2107 1661 2134 his
1683 2114 1742 2141 qua:
1766 2106 1886 2140 subjecta:

1109 2160 1180 2186 sunt,
1194 2154 1218 2179 in
1234 2153 1331 2188 duplici
1349 2153 1470 2179 senarius
1480 2153 1512 2179 ad
1526 2152 1725 2187 quaturnarium
1736 2150 1886 2185 sesquiallcr

1108 2205 1159 2233 est,
1171 2202 1198 2228 in
1211 2201 1306 2235 triplici
1321 2200 1453 2228 tertiarius
1463 2200 1495 2226 ad
1507 2199 1691 2232 biuarium,ex
1703 2197 1799 2233 quibus
1813 2196 1885 2223 utris-

1072 2270 1098 2300 Β
1110 2254 1173 2282 que,
1189 2246 1313 2280 diapente
1327 2244 1486 2280 symphonia
1498 2244 1679 2279 conjungitur.

1544 2321 1660 2352 diapente

1525 2352 1686 2382 sesquialtera

1324 2736 1485 2767 sesquiatt'ra

1343 2767 1457 2797 diapente

1118 2841 1180 2868 Post
1207 2840 1275 2867 hanc
1288 2844 1376 2866 autem
1392 2839 1521 2873 diapason
1540 2834 1728 2864 consonantia,
1751 2840 1807 2868 qua:
1820 2829 1842 2856 lit
1856 2835 1888 2857 el

1118 2885 1227 2920 duplici,
1240 2888 1269 2912 ut
1279 2890 1318 2912 est
1330 2886 1355 2911 lu
1367 2883 1484 2917 subjecta
1497 2880 1618 2909 formula.
