4022 6366
512 320 644 380 “59

1857 315 1963 369 ΑΝ.
2006 309 2204 366 MANL.
2248 307 2397 365 SEV.
2442 306 2664 362 BOETii

3623 302 3757 356 1160

505 438 701 492 senarii
731 435 855 500 duo,
887 433 1046 502 dupla
1077 440 1252 486 autem
1305 429 1510 483 l‘MiOTte
1557 427 1832 480 distabunt
1870 425 2082 478 duobus
2115 423 2159 479 Λ
2189 417 2538 483 diSpositione
2565 415 2648 477 10,
2681 414 2771 477 25,
2806 412 2891 465 40.
2923 411 3086 502 Vides,
3103 411 3242 466 enim
3270 421 3324 465 ιιι
3345 409 3626 479 quindenm
3646 425 3761 466 sese

507 535 732 596 quatuor
761 525 1076 592 comparati.
1108 523 1311 575 Rursus
1337 519 1662 577 oct0uarius,
1692 519 1778 584 qui
1822 515 2080 568 medietas

508 635 538 670 e
573 627 613 677 ι,
650 614 751 666 alia
806 628 900 666 sua
937 620 1083 680 parte
1118 614 1378 664 minorem
1425 607 1698 676 prmcedit,
1752 616 1805 659 et
1843 605 1943 657 alia
1989 617 2082 655 sua

508 716 660 774 parte
688 719 718 758 a
747 704 950 772 majore
982 702 1318 773 przeccditur,
1349 701 1535 754 eadem
1570 710 1747 753 autem
1795 708 1942 765 parte
1989 696 2084 747 tui-

511 800 658 852 noris
685 798 947 851 minorem
977 807 1191 865 superat
1220 812 1322 864 qtta
1365 807 1515 864 parte
1547 793 1762 862 majoris
1806 809 1833 843 a
1884 791 2084 858 majore

507 899 812 958 superatur.
859 890 1064 942 Rursus
1094 889 1137 941 si
1167 889 1536 942 extremitates
1566 886 1617 938 in
1649 900 1810 938 unum
1841 884 2085 950 redigan-

510 991 595 1034 tur
624 989 678 1035 et
706 995 734 1034 a
769 980 1052 1034 medietate
1083 980 1360 1032 octonario
1414 977 1853 1042 multiplicentur,
1896 972 2088 1039 duplus

510 1073 612 1128 erit
632 1073 699 1127 ab
736 1088 800 1127 eo
832 1088 1054 1126 numero
1091 1087 1247 1142 quem
1279 1071 1406 1124 sola:
1435 1069 1802 1123 extremitates
1827 1064 2088 1131 multipli-

508 1174 643 1219 catae
683 1165 1027 1232 perfecerint.
1061 1164 1258 1218 Omnes
1288 1171 1464 1216 autem
1511 1161 1562 1212 in
1597 1159 1696 1212 hac
1740 1155 2090 1224 dispositione

510 1257 860 1326 symphon'as
891 1256 1122 1308 musicas
1145 1253 1463 1308 invenimus.
1501 1251 1842 1304 Diatessaron
1874 1247 2088 1314 quidem

511 1358 592 1402 est
623 1357 744 1402 octo
773 1348 838 1401 ad
871 1363 984 1409 sex,
1030 1348 1280 1414 quoniam
1329 1345 1600 1414 proportio
1628 1343 1962 1411 se~qnitertia
1987 1350 2088 1394 est.

512 1440 586 1492 At
609 1439 880 1507 diapente,
930 1438 994 1492 12
1023 1438 1088 1492 ad
1121 1439 1176 1502 8,
1219 1437 1467 1506 quoniam
1499 1451 1560 1490 ea
1590 1451 1708 1501 qum
1746 1434 2090 1501 sesquialtera

516 1528 845 1596 comparatio
875 1529 1090 1592 dicitur,
1117 1527 1166 1580 in
1200 1543 1259 1582 ea
1285 1527 1531 1595 diapente
1562 1533 1859 1578 consonant
1882 1539 1907 1574 a
1942 1536 2091 1588 repe-

517 1618 672 1670 ritur.
708 1618 968 1685 Diapason
1002 1633 1158 1683 vero,
1189 1632 1309 1685 qum
1330 1633 1391 1669 ex
1422 1617 1616 1683 duplici
1650 1613 1905 1676 nascitur,
1933 1628 1993 1664 ex
2030 1611 2094 1663 1‘2

519 1707 585 1760 ad
627 1723 720 1760 sex
769 1710 1156 1776 compositione
1206 1707 1538 1775 producitur.
1571 1706 1832 1771 Diapason
1878 1718 2006 1757 vero
2043 1711 2096 1754 et

522 1798 786 1865 diapente,
835 1769 952 1866 qua:
984 1769 1438 1866 triplicis-obtinet
1484 1769 1766 1856 rationem,
1813 1794 1868 1846 tit
1897 1793 1964 1845 ab
2006 1807 2098 1845 cx-
2129 1769 2174 1827 Β

521 1888 846 1941 tremitatum
898 1887 1239 1950 differentia,
1295 1885 1358 1939 ad
1409 1885 1763 1940 differentiam
1813 1882 2093 1936 minorem.

522 1977 759 2047 Namque
801 1977 1114 2032 duodenarii
1162 1986 1217 2031 et
1263 1977 1459 2031 senarii
1489 1991 1580 2030 sex
1630 1974 1928 2030 differentia
1983 1980 2097 2033 est;

523 2069 698 2125 minor
724 2084 851 2124 vero
881 2082 960 2123 est
991 2069 1287 2124 differentia
1328 2068 1582 2123 octonarii
1616 2076 1669 2121 et
1691 2064 1904 2128 senarii,
1941 2064 1989 2117 id
2021 2073 2102 2118 est

524 2163 578 2216 ‘2.
608 2163 706 2229 Qui
730 2163 973 2216 senarius
1016 2161 1082 2214 ad
1114 2161 1373 2214 binarium
1405 2160 1596 2227 iriplus
1627 2169 1727 2221 est,
1758 2165 1813 2211 et
1849 2157 1899 2210 di
1921 2171 2000 2224 ipa
2022 2171 2102 2207 .on

529 2253 688 2306 simul
716 2263 769 2306 et
799 2253 1048 2322 diapente
1069 2252 1420 2305 Consonantia
1447 2258 1656 2302 sonant.
1680 2249 1766 2300 Illa
1790 2261 1915 2300 vero
1938 2243 2106 2311 major

528 2343 877 2396 conyinantia
909 2359 1025 2411 qua:
1054 2351 1134 2395 est
1161 2342 1241 2393 bis
1269 2340 1542 2408 diapason,
1574 2354 1690 2406 quae
1719 2353 1781 2391 ex
1812 2334 2108 2404 qtt-adrupfo

529 2432 586 2484 lit
612 2431 663 2484 ia
688 2432 843 2485 medii
871 2432 1104 2497 termini,
1141 2431 1190 2483 i.l
1213 2440 1296 2483 est
1325 2429 1608 2493 octonarii,
1633 2436 1685 2479 et
1715 2426 1832 2494 ejus
1864 2424 2109 2478 differen-

532 2522 618 2573 tiae
646 2520 1046 2589 comparatione
1073 2519 1413 2589 perspicitur,
1457 2533 1524 2586 qtt
1547 2533 1574 2569 e
1615 2517 1752 2570 inter
1782 2513 2108 2568 octonarium

532 2613 903 2680 Benariumque
932 2611 1221 2680 reperitur.
1260 2611 1434 2675 Quare
1469 2608 1681 2677 proprie
1726 2615 1884 2674 atque
1914 2620 2110 2658 conve-

533 2703 738 2755 nienter
780 2701 1084 2768 huiusmodi
1133 2699 1605 2772 proportionalitas
1637 2696 1946 2750 harmonica
2003 2710 2114 2747 me-

537 2793 700 2847 tlietas
728 2793 1043 2862 appeilatur.

1159 3058 1382 3113 CAPUT
1423 3059 1478 3112 L.

540 3212 981 3279 Quemadmodum
1005 3211 1288 3262 constitutis
1317 3210 1617 3261 altrinsecus
1644 3207 1841 3279 duobus
1873 3205 2117 3261 terminis,

609 3282 948 3341 arithmetica,
981 3283 1302 3346 geometrica,
1334 3288 1376 3329 et
1427 3278 1726 3329 harmonica
1753 3278 1881 3328 inter
1909 3291 1991 3327 eos
2015 3291 2117 3325 mc-

607 3353 770 3403 (ἤεισα
793 3352 1088 3412 alternetur,
1116 3359 1263 3415 atque
1286 3351 1347 3398 de
1376 3363 1546 3398 eorum
1577 3346 2012 3415 generationibus.

618 3517 922 3570 Nosautem
957 3529 1213 3583 przesare
1244 3514 1519 3573 debemus,
1566 3523 1830 3581 quatenus
1859 3512 2117 3580 quemad-

549 3606 767 3660 modum
797 3605 920 3659 d-to
949 3605 1177 3669 calamo,
1204 3604 1459 3658 extremis
1480 3602 1831 3657 foraminibus
1862 3606 2125 3656 manenti-

549 3695 653 3750 bus
678 3696 894 3750 musicis
926 3710 1040 3748 mos
1070 3703 1174 3757 est,
1199 3705 1255 3749 ut
1286 3694 1514 3748 medium
1549 3694 1788 3748 foramen
1828 3703 2131 3762 permutan-

550 3797 656 3850 tes,
689 3798 844 3855 atque
873 3785 1014 3840 aliud
1046 3786 1366 3853 aperientes,
1400 3785 1540 3838 aliud
1565 3784 1744 3853 digitis
1765 3785 2129 3849 occludentes,

548 3875 794 3929 diversos
814 3876 1066 3929 emittant
1094 3889 1275 3940 Simos,
1306 3874 1386 3928 vel
1417 3889 1536 3929 cum
1579 3874 1784 3931 duabus
1812 3876 2132 3930 altrinsecus

553 3966 821 4032 protensis
846 3965 1084 4030 chordis,
1135 3965 1294 4018 medii
1330 3965 1479 4019 nervi
1525 3979 1715 4018 sonum
1764 3967 1998 4018 musicus
2048 3967 2132 4019 vel

554 4056 898 4127 astringendo
928 4065 1128 4120 tenuat,
1177 4057 1259 4110 vel
1300 4058 1622 4110 remittendo
1668 4065 1872 4124 gravat,
1904 4058 1975 4110 ita
2007 4073 2138 4126 quo-

556 4163 661 4215 que
699 4148 836 4202 datis
865 4148 1072 4203 duobus
1104 4149 1364 4215 numeris,
1399 4164 1538 4202 nunc
1578 4149 1794 4218 qudem
1845 4151 2137 4203 arithmeti-

557 4251 697 4303 cam,
724 4253 862 4291 nunc
885 4252 1012 4292 vero
1033 4238 1431 4304 geometricam,
1467 4253 1606 4292 nunc
1639 4247 1817 4292 autem
1869 4241 2139 4293 harmoni-

557 4343 676 4382 cam
725 4328 1065 4383 medietatem
1117 4329 1456 4396 experiamur
1507 4329 1773 4392 inserere,
1827 4338 1883 4381 ut
1935 4338 2134 4382 rectum

558 4418 933 4487 propriumque
961 4418 1262 4471 medietatis
1284 4433 1478 4471 nomen
1513 4418 1603 4481 sit,
1627 4419 1764 4486 quoi
1797 4419 2137 4472 manentibus

560 4511 984 4564 extremitatibus
1039 4510 1142 4564 ltuc
1178 4519 1341 4578 atque
1381 4510 1503 4562 illuc
1557 4511 1680 4564 ferri
1741 4510 2136 4578 permutaiiqne
2167 4480 2218 4539 Β

560 4600 822 4652 videatur.
847 4599 1150 4655 Poterimus
1188 4611 1366 4654 autem
1395 4600 1532 4653 hanc
1561 4601 1614 4653 in
1646 4601 1857 4653 duobus
1897 4602 2141 4653 altrinse—

561 4704 657 4742 cus
697 4692 880 4756 positis
921 4692 1179 4756 terminis,
1229 4692 1309 4745 vel
1343 4693 1558 4759 paribus
1589 4693 1668 4745 vel
1703 4692 1992 4758 imparibus
2027 4708 2142 4758 per-

560 4789 788 4842 mutare,
825 4779 894 4831 ita
924 4789 981 4831 ut
1022 4795 1140 4832 cum
1189 4781 1577 4835 arithmeticam
1611 4781 1854 4848 ponimus
1885 4783 2142 4836 medieta-

562 4878 668 4922 tem
683 4867 1097 4922 ditl'erent'arum
1117 4879 1316 4922 tantum
1337 4871 1469 4923 ratio
1489 4871 1834 4940 mqualitasqu
1848 4890 1867 4923 δ
1881 4885 2143 4926 servetur.

562 4957 694 5012 Cum
741 4974 868 5012 vero
905 4960 1304 5028 geometricam,
1339 4969 1448 5014 rata
1495 4977 1555 5015 se
1586 4963 1990 5030 proportionum
2022 4965 2142 5030 jun-

561 5061 708 5104 ctttra
747 5051 1032 5104 custodiat.
1065 5050 1159 5104 Sin
1192 5061 1366 5104 autem
1419 5052 1657 5105 harmoni
1695 5068 1722 5104 a
1765 5055 1854 5104 tiat
1894 5054 2141 5108 ditl‘ert'n-

565 5144 754 5195 tiarmn
801 5143 1151 5210 comparatio,
1179 5143 1246 5195 ab
1276 5143 1620 5197 terminorum
1668 5147 2011 5212 proportione
2039 5162 2142 5199 non

563 5234 849 5302 discrepet.
883 5235 946 5288 Et
975 5235 1080 5286 sint
1127 5234 1338 5301 quidem
1389 5235 1560 5303 primo
1589 5250 1739 5302 pares
1782 5237 1966 5302 posita:
1997 5252 2142 5303 qum-

564 5328 684 5380 dam
713 5328 1104 5390 extremitates,
1155 5327 1292 5379 inter
1321 5343 1450 5394 qttas
1491 5328 1584 5378 bas
1614 5343 1798 5380 omnes
1829 5328 2144 5381 medi-t-tes

564 5428 806 5485 oporteat
838 5421 1212 5483 internectere,
1276 5421 1338 5475 10
1369 5431 1423 5474 et
1473 5422 1559 5473 40.
1596 5421 1746 5473 Prius
1778 5422 1934 5488 igitur
1981 5423 2146 5475 arith-

563 5513 752 5565 metiea
778 5514 1034 5567 medietas
1055 5522 1284 5581 aptetur.
1309 5513 1449 5566 lmer
1475 5513 1568 5566 hos
1591 5528 1716 5580 ergo
1740 5515 1781 5564 si
1803 5514 1871 5565 “25
1898 5527 2144 5579 posuero,

567 5604 667 5654 erit
703 5603 829 5655 milii
861 5603 1188 5656 arithmetica
1234 5605 1505 5671 proportio
1530 5601 1948 5654 dillerentiarum
1975 5617 2144 5670 quan-

478 5727 482 5731 -
569 5692 718 5744 titate
746 5693 1144 5748 iuituutabiliter
1171 5695 1452 5758 custod’ta,
1487 5693 1536 5746 in
1573 5691 1896 5756 huiusmodi,
1943 5693 2146 5746 scilicet

2184 507 2462 560 summoue
2489 505 2784 571 quantitate
2813 501 3211 554 transcendant.

2268 606 2600 701 ΓΙ
2671 598 3690 701 ηζΙΕΞῖῙ-ΕᾼΙ

2189 695 3763 796 D'tT'FQFE'L-ﬁttETTUM-WW1

3535 837 3632 872 ste.-

2777 945 2784 949 .
2860 884 3105 950 ψ

2189 989 2494 1054 Omnesque
2521 987 2900 1054 proprietates,
2930 1001 3061 1054 quas
3101 1001 3262 1054 supra
3295 987 3528 1040 diximus
3560 987 3610 1040 in
3665 1002 3768 1041 me-

2190 1078 2387 1132 dietate
2442 1076 2774 1130 arithmetica
2833 1076 3119 1130 convenire
3192 1077 3261 1130 ab
3321 1077 3420 1132 hac
3471 1076 3767 1146 hujusmodi

2192 1169 2540 1237 diSpositione
2571 1181 2674 1221 non
2730 1172 2967 1236 reperies
3005 1166 3225 1220 alienas.
3257 1166 3496 1234 Namque
3525 1170 3770 1238 quemad-

2194 1258 2408 1313 modum
2432 1258 2793 1326 unusquisque
2823 1271 3006 1310 eorum
3031 1258 3289 1310 terminus
3317 1257 3381 1309 ad
3413 1257 3650 1326 seipsum
3673 1271 3767 1320 est,

2194 1349 2442 1419 quoniam
2465 1348 2564 1402 sibi
2590 1347 2809 1415 a'qualis
2832 1356 2934 1414 est,
2968 1347 3192 1399 ita'sunt
3212 1345 3278 1399 ad
3315 1361 3374 1400 se
3405 1347 3635 1401 invicem
3676 1347 3768 1400 dif-

2196 1438 2431 1492 ferentia:
2461 1437 2711 1504 quoniam
2740 1435 2839 1488 sibi
2873 1445 2995 1488 sunt
3017 1433 3269 1500 aequales,
3300 1442 3354 1488 et
3380 1446 3584 1504 quanto
3610 1437 3773 1503 major

2199 1528 2458 1582 terminus
2487 1525 2718 1580 medium
2749 1526 2955 1587 transit,
3003 1534 3148 1578 tanto
3179 1525 3384 1578 medius
3413 1525 3580 1578 vincit
3613 1525 3772 1579 miuo-

2200 1634 2332 1674 rem.
2369 1618 2433 1670 Et
2462 1617 2857 1670 extremitatutn
2890 1615 3192 1682 aggregatio
3227 1614 3422 1682 duplex
3466 1624 3551 1669 est
3578 1616 3772 1669 medie-

2205 1721 2330 1773 tate,
2379 1718 2434 1763 et
2479 1707 2744 1761 minorum
2779 1706 3124 1759 terminorum
3166 1704 3439 1772 praportio
3486 1705 3659 1772 major
3699 1716 3773 1758 est

2202 1803 2290 1856 illa
2312 1799 2732 1868 comparatione,
2761 1813 2883 1868 qua:
2930 1797 3069 1851 inter
3097 1797 3329 1865 majores
3358 1797 3616 1851 terminos
3654 1813 3772 1850 cou-

2205 1895 2418 1950 tinetur.
2455 1891 2518 1944 Et
2541 1898 2686 1943 tanto
2715 1889 2887 1943 minor
2916 1896 2998 1942 est
3026 1883 3280 1942 numerus
3307 1887 3395 1956 qui
3422 1887 3481 1940 ﬁt
3507 1902 3576 1941 ex
3602 1888 3774 1941 multi.

2205 1984 2415 2054 plicatis
2435 1981 2881 2043 extremitatibus,
2928 1981 2994 2033 ab
3023 1995 3088 2034 eo
3119 1981 3206 2046 qui
3237 1978 3291 2031 ﬁt
3328 1993 3391 2032 ex
3439 1978 3774 2046 multiplicata

2207 2074 2511 2138 medietate,
2546 2082 2799 2140 quantum
2848 2085 3032 2124 conum
3071 2070 3384 2123 dill'erentite
3425 2068 3775 2137 m-dtiplicataa

2209 2167 2511 2220 restituunt.
2560 2162 2689 2218 lllud
2738 2177 2949 2231 quoque
2978 2162 3118 2231 quod
3169 2161 3426 2215 medietas
3472 2163 3660 2216 eadem
3705 2164 3774 2214 sui

2211 2264 2359 2325 parte
2386 2264 2440 2308 et
2465 2270 2492 2306 a
2520 2255 2722 2321 majore
2749 2252 2998 2319 vincitur,
3030 2261 3084 2306 et
3113 2253 3376 2306 minorem
3405 2254 3517 2320 ipsa
3541 2268 3777 2320 superve-

2213 2347 2306 2411 nit,
2335 2346 2438 2399 non
2462 2345 2648 2399 eadem
2677 2351 2852 2398 autem
2884 2352 3030 2410 parte
3053 2344 3270 2396 mium-is
3293 2343 3553 2397 minorem
3579 2346 3776 2405 transit,

2214 2439 2295 2492 vel
2325 2438 2541 2506 majoris
2567 2453 2596 2491 a
2627 2437 2826 2504 majore
2854 2435 3189 2500 relinquitur,
3220 2450 3338 2504 qua:
3374 2449 3564 2490 omnes
3593 2422 3780 2489 scilicet

2216 2527 2565 2595 pr0prietates
2590 2539 2693 2578 non
2725 2524 2944 2578 alterius
2987 2523 3088 2576 nisi
3120 2523 3467 2577 arithmetica:
3495 2525 3780 2578 medietatis

2213 2624 2362 2672 sunt.
2391 2615 2544 2681 Quod
2576 2617 2618 2669 si
2661 2613 3072 2683 superius-dicta
3130 2613 3434 2668 meminerit
3481 2615 3672 2679 lector,
3721 2616 3779 2667 ita

2215 2720 2336 2761 esse
2365 2705 2722 2760 indubitanter
2753 2705 3029 2774 intelliget.
3059 2703 3262 2759 Rursus
3298 2704 3343 2758 si
3394 2706 3535 2760 inter
3577 2707 3781 2760 eosdem

2222 2796 2287 2850 10
2328 2804 2383 2850 et
2409 2797 2474 2851 40
2515 2795 2701 2864 viginti
2743 2796 3065 2850 constituam
3086 2835 3099 2857 ,
3133 2797 3306 2849 statim
3338 2797 3658 2863 geometrica
3687 2814 3782 2850 me-

2225 2888 2398 2941 dietas
2454 2902 2575 2941 cum
2631 2887 2742 2940 suis
2795 2886 3208 2956 proprietatibus
3261 2887 3469 2940 cunctis
3539 2889 3785 2950 exoritur,

2222 2979 2558 3034 arithmetica
2583 2979 2863 3032 medietate
2899 2988 3174 3046 pereunte.
3207 2979 3260 3030 lu
3286 2979 3383 3031 hac
3409 2981 3554 3032 enim
3576 2981 3786 3048 disposi-

2226 3071 2368 3123 tione
2410 3071 2496 3134 10,
2537 3068 2627 3134 20,
2654 3069 2742 3132 40,
2772 3069 3219 3137 quemadmodum
3249 3079 3330 3122 est
3373 3071 3544 3137 major
3573 3071 3636 3124 ad
3683 3087 3787 3124 me-

2147 3121 2192 3184 Ο
2227 3160 2396 3225 dium,
2419 3159 2496 3212 sic
2525 3160 2732 3212 medius
2775 3158 2839 3210 ad
2864 3165 3188 3212 extremum.
3219 3158 3286 3212 Et
3333 3159 3475 3227 quod
3502 3161 3787 3212 continetur

2226 3252 2294 3306 ab
2335 3251 2777 3314 extremitatibus,
2809 3264 3014 3318 mquum
3058 3258 3139 3302 est
3186 3250 3234 3304 ei
3273 3265 3340 3318 qu
3367 3250 3412 3302 :d
3444 3265 3472 3302 a
3530 3250 3788 3317 multiplici

2203 3340 2515 3395 'medietate
2545 3339 2859 3408 completur.
2913 3338 3227 3393 Dill‘erenti'c
3277 3355 3489 3409 quoque
3539 3356 3714 3393 eorum
3743 3341 3790 3391 in

2231 3429 2420 3484 eadem
2471 3437 2597 3483 sunt
2646 3428 2992 3497 proportione
3037 3445 3137 3496 qua
3189 3430 3418 3483 termini.
3468 3431 3790 3484 Crementum

2233 3535 2365 3575 vero
2392 3529 2443 3572 et
2475 3520 2774 3572 imminutio
2807 3519 3202 3587 proportionum
3233 3519 3522 3572 secundum
3555 3520 3792 3573 terminos

2233 3611 2371 3664 nulla
2403 3619 2504 3673 est,
2535 3611 2626 3662 sed
2674 3609 2934 3676 majorum
2967 3611 3312 3663 terminorum
3349 3610 3624 3678 proportio
3653 3624 3680 3661 a
3705 3611 3792 3662 mi-

2235 3716 2423 3755 norum
2478 3699 2828 3754 termiuorum
2876 3702 3219 3768 proportione
3269 3717 3371 3753 non
3419 3701 3702 3766 discrepat.
3741 3701 3793 3752 Si

2234 3807 2362 3845 vero
2404 3791 2766 3843 hartnonicam
2817 3789 3154 3844 medietatem
3185 3791 3509 3859 eoi-jungere
3535 3790 3707 3852 velim,
3739 3789 3794 3842 16

2237 3881 2365 3936 mihi
2399 3894 2652 3935 numerus
2681 3881 2819 3934 inter
2848 3884 3210 3935 extremitates
3241 3891 3493 3948 utrasque
3535 3881 3796 3949 ponendus

2237 3980 2340 4034 est,
2374 3983 2429 4025 ut
2451 3972 2520 4025 sit
2546 3971 2648 4024 hoc
2676 3973 2832 4025 modo
2873 3971 2968 4033 10,
3004 3973 3091 4037 16,
3131 3973 3216 4028 40.
3243 3971 3392 4025 Nunc
3417 3973 3575 4040 igitur
3605 3973 3718 4025 licet
3748 3972 3797 4023 in

2241 4061 2540 4130 hujusmodi
2571 4061 2917 4131 diSpositione
2946 4076 3131 4115 omnes
3160 4061 3493 4115 Itarntonicas
3524 4062 3798 4130 pr0prieta-

2242 4164 2320 4208 tes
2349 4168 2666 4223 agnoscere,
2699 4171 2799 4223 qua
2855 4155 2994 4208 enim
3029 4156 3288 4208 maximus
3330 4155 3394 4207 ad
3447 4155 3800 4223 parvissimutn

2243 4242 2501 4296 terminus
2543 4243 2886 4312 preportioitc
2929 4243 3184 4311 jungitur,
3230 4242 3416 4295 eadem
3470 4242 3800 4310 proportione

2242 4333 2553 4387 differentia:
2601 4333 2663 4385 ad
2711 4348 2768 4387 se
2807 4333 3030 4386 invicem
3088 4343 3484 4400 cetnparantnr.
3522 4332 3584 4384 Et
3625 4332 3802 4399 quibus

2245 4441 2307 4493 pa
2345 4425 2483 4478 tibus
2530 4424 2745 4491 ntajorts
2791 4440 2819 4475 a
2868 4425 3070 4492 majore
3101 4424 3306 4477 medius
3339 4423 3587 4486 vincitur,
3618 4423 3802 4476 eisdem

2247 4515 2482 4583 partibus
2525 4514 2747 4567 minoris
2790 4514 3022 4580 praeterit
3053 4514 3332 4566 minorem.
3377 4513 3498 4567 Suis
3545 4527 3665 4565 vero
3705 4495 3801 4562 non

2247 4603 2444 4656 eisdem
2473 4603 2554 4656 vel
2598 4617 2627 4654 a
2659 4602 2859 4670 majore
2889 4602 3134 4665 vincitur,
3189 4602 3270 4654 vel
3317 4604 3506 4654 transit
3537 4602 3797 4654 minorem.

2251 4699 2312 4749 lit
2335 4696 2385 4748 in
2419 4696 2710 4762 majoribus
2735 4694 2972 4747 terminis
3003 4696 3170 4760 major
3191 4704 3270 4747 est
3300 4695 3601 4762 proportio,
3636 4694 3681 4744 in
3709 4691 3796 4743 nti-

2250 4787 2465 4840 noribus
2489 4786 2683 4841 minor.
2711 4785 2776 4837 Et
2797 4787 2839 4837 si
2861 4786 2910 4838 in
2932 4801 3093 4838 tinum
3113 4785 3472 4838 extremitates
3492 4786 3795 4852 redigantur.

2250 4889 2300 4932 et
2357 4878 2653 4932 medietatis
2710 4879 3003 4946 quantitate
3051 4871 3418 4939 concrescant,
3468 4875 3652 4941 duplus
3687 4871 3798 4922 inde

2249 4970 2528 5024 coniicitur
2555 4983 2809 5022 numerus
2853 4969 2919 5021 ab
2963 4983 3029 5022 eo
3059 4969 3147 5036 qui
3178 4983 3242 5020 ex
3293 4968 3423 5020 solis
3463 4964 3800 5031 multip'iratis

2250 5059 2676 5112 extremitutibus
2709 5068 3039 5123 procreatur.
3074 5060 3244 5124 Atque
3268 5055 3368 5110 hoc
3393 5056 3602 5122 quidem
3634 5053 3676 5104 in
3702 5060 3801 5101 lcr-

2253 5149 2408 5202 minis
2455 5149 2668 5214 parihus
2714 5147 3058 5199 constitutum
3110 5157 3213 5198 est.
3244 5148 3307 5197 At
3350 5161 3476 5198 vero
3503 5146 3544 5196 si
3591 5145 3800 5208 imptres

2255 5249 2640 5308 preponantur,
2702 5245 2758 5290 ut
2800 5248 2918 5291 sunt
2961 5240 2993 5292 5
3038 5246 3090 5291 et
3126 5238 3215 5299 45,
3247 5246 3458 5305 aptatus
3502 5235 3688 5289 medius
3712 5233 3798 5289 9.5.

2255 5329 2642 5382 arithmeticam
2666 5327 3054 5395 proportionem
3077 5327 3518 5395 medietatemque
3533 5323 3802 5379 constituit.

2257 5420 2386 5472 Nam
2419 5420 2461 5471 si
2491 5419 2594 5470 sint
2623 5419 2675 5481 5,
2702 5416 2793 5483 23,
2817 5417 2902 5478 45,
2936 5416 3118 5469 eadem
3147 5429 3265 5469 sese
3295 5429 3630 5468 numerorum
3652 5424 3809 5478 quau—

2257 5511 2406 5563 titate
2438 5509 2648 5562 termini
2681 5506 3154 5574 transgredientur,
3203 5515 3253 5558 el
3283 5505 3458 5558 omnis
3488 5503 3713 5574 superius
3735 5499 3808 5550 di.

2255 5608 2340 5652 cla
2376 5597 2668 5666 proprietas
2694 5595 3040 5650 arithmeticae
3077 5594 3370 5648 medietatis
3404 5594 3456 5646 in
3482 5595 3560 5646 his
3591 5588 3814 5644 terminis

2261 5690 2575 5746 custoditur.
2605 5688 2707 5743 Sed
2758 5688 2802 5741 si
2837 5686 2900 5739 13
2934 5699 3208 5739 numerum
3244 5682 3477 5736 medium
3529 5694 3729 5750 ponam,
3766 5684 3820 5727 nt
