4022 6366
278 335 437 421 1161.

1484 323 1568 380 DE
1606 315 2078 379 ARITIIMETICA
2117 314 2245 370 LIB.
2286 313 2351 370 II.

3411 303 3552 364 1162

276 453 375 508 sint
405 451 457 515 5,
493 449 580 518 I5,
607 447 699 516 45,
730 447 783 502 in
812 443 1194 518 geometricam
1240 439 1581 496 medietatem
1635 434 1848 494 termini
1876 435 1931 496 Α
1957 428 2210 502 gnitionis
2265 440 2450 482 eorum
2505 433 2750 482 versatur
2793 423 3016 480 utilitas.
3071 423 3308 482 Ceteras
3357 435 3536 481 autem

277 543 604 608 relabuntur,
660 537 954 610 aequalibus
1008 535 1357 590 terminorum
1407 530 1471 584 ad
1518 545 1574 583 se
1626 529 1852 582 invicem

277 632 706 710 proportionibus
728 629 1028 686 custoditis.
1059 627 1259 682 Novem
1288 638 1418 679 vero
1442 623 1486 676 si
1512 622 1648 676 inter
1681 629 1857 673 utros-

276 725 375 800 'que
420 725 676 782 terminos
705 737 920 794 ponam,
971 729 1030 776 ut
1054 719 1162 774 sint
1189 718 1244 786 5,
1297 714 1350 782 9,
1383 715 1437 781 4,
1471 714 1522 780 5,
1559 712 1615 764 fit
1644 710 1857 763 harmo-

279 819 390 876 nica
418 817 697 882 medietas,
727 824 784 870 ut
803 830 906 886 qua
932 828 1139 868 summa
1169 809 1430 865 maximus
1461 817 1716 861 numerus
1741 817 1858 872 par-

279 916 551 972 vissimum
593 910 872 983 praecedit,
903 907 1088 964 eadem
1122 904 1293 975 major
1338 898 1639 956 differentia
1683 896 1858 950 miuo-

279 1024 387 1065 rem
416 1005 774 1063 difl'erentiam
804 1003 998 1058 vincat.
1026 999 1139 1067 Qua
1188 1009 1319 1051 vero
1356 991 1639 1060 disciplina
1669 987 1860 1058 lmjus-

280 1099 417 1155 modi
448 1096 763 1153 medietates
781 1092 1002 1164 reperiri
1029 1093 1318 1160 possimus,
1344 1081 1734 1154 expediendum
1758 1086 1860 1133 est.

282 1193 423 1247 Datis
452 1189 662 1247 duobus
692 1185 966 1253 terminis,
1012 1183 1058 1238 si
1086 1179 1479 1236 arithmeticam
1521 1173 1863 1229 medietatem

281 1281 601 1340 consuluere
629 1279 916 1351 oportebit,
949 1287 1175 1346 utraque
1200 1282 1283 1329 est
1307 1268 1618 1326 extremitas
1639 1265 1867 1335 conjun-

281 1375 470 1447 genda,
493 1372 741 1444 quodque
760 1386 825 1426 ex
846 1385 909 1426 ea
939 1367 1278 1438 copulatione
1310 1360 1582 1432 colligitur
1621 1357 1868 1414 dividen-

282 1471 430 1536 dum,
476 1468 626 1537 isque
650 1477 906 1520 numerus
933 1461 1024 1532 qui
1064 1474 1133 1515 ex
1161 1455 1426 1513 divisione
1472 1451 1720 1508 redactus
1763 1456 1865 1513 est,

283 1560 675 1619 arithmeticam
725 1557 1063 1615 medietatem
1101 1554 1241 1608 inter
1265 1547 1634 1607 extremitates
1665 1544 1872 1598 locatus

286 1657 522 1713 efficiet:
549 1665 607 1710 ut
636 1653 704 1709 10
742 1662 798 1708 et
837 1651 906 1708 40
933 1651 976 1706 si
1015 1651 1243 1722 junxero
1273 1644 1514 1702 efficiunt
1538 1641 1630 1706 50,
1660 1653 1796 1710 quos
1825 1637 1870 1692 si

287 1747 540 1814 dividam,
578 1745 651 1801 25
677 1743 990 1800 redduntur.
1018 1741 1114 1797 Hic
1140 1733 1477 1796 erit’medius
1503 1732 1764 1789 terminus
1789 1744 1876 1785 se-

1961 518 2336 593 prtctereundo
2368 518 2806 584 transcurrimus,
2843 517 3042 572 idcirco
3066 517 3208 588 quod
3259 532 3364 572 non
3409 519 3549 573 mul-

1961 625 2071 670 tum
2104 612 2258 667 nobis
2289 613 2340 666 in
2374 610 2694 666 lectionibus
2718 622 2964 679 prosunt,
2996 610 3090 666 sed
3115 620 3318 666 tantum
3344 611 3410 666 ad
3442 611 3546 666 im-

1960 703 2208 777 plendam
2229 702 2431 757 denarii
2457 701 2663 756 numeri
2679 702 3049 769 quantitatem.
3070 701 3219 770 Qum,
3239 717 3306 757 ne
3328 703 3529 758 lateant

1961 812 2098 854 neve
2129 796 2235 851 sint
2267 794 2533 863 aliquibus
2561 794 2838 864 ignoratae,
2869 793 3260 863 depromimus.
3289 794 3554 850 Videntur

1965 891 2107 946 enim
2141 889 2222 942 ha:
2257 884 2578 954 supradictis
2608 884 2984 941 medietatibus
3005 899 3128 940 esse
3154 885 3457 952 contrariae,
3485 902 3553 942 ex

1966 984 2158 1056 quibus
2187 981 2444 1051 originem
2492 977 2731 1033 trahunt.
2778 978 2852 1032 Ex
2906 977 2989 1032 his
3038 977 3182 1056 enim
3232 979 3393 1033 etiam
3439 978 3556 1033 ista!

1967 1052 2093 1133 sunt
2121 1056 2453 1129 constituta}.
2483 1071 2576 1125 Est
2596 1078 2772 1124 autem
2805 1079 2990 1138 quarta
3026 1052 3285 1124 medietas
3310 1085 3428 1139 qum
3459 1083 3558 1139 op-

1970 1171 2138 1241 posita
2167 1166 2377 1222 videtur
2407 1163 2754 1225 harmonicm,
2786 1162 2838 1215 in
2868 1176 2968 1230 qua
3003 1161 3170 1217 tribus
3192 1163 3434 1218 terminis
3467 1176 3560 1232 po-

1971 1263 2108 1327 sitis,
2144 1256 2594 1330 quemadmOdum
2619 1264 2703 1310 est
2731 1253 2996 1310 maximus
3025 1256 3286 1310 terminus
3333 1256 3398 1310 ad
3432 1272 3558 1326 par-

1973 1355 2275 1418 vissimum,
2317 1352 2396 1407 sic
2439 1349 2740 1405 differentia
2774 1349 3040 1405 minorum
3093 1349 3159 1403 ad
3205 1349 3562 1406 differentiam

1974 1447 2351 1502 maximorum.
2386 1441 2454 1498 Ut
2482 1450 2610 1495 sunt
2637 1443 2690 1508 5,
2723 1441 2777 1507 5,
2810 1440 2862 1506 6,
2918 1454 3010 1496 sex
3041 1439 3106 1494 ad
3139 1447 3432 1496 ternarum
3462 1436 3563 1495 d‘u-

1974 1539 2114 1609 plus.
2151 1537 2216 1591 Et
2244 1545 2366 1590 sunt
2398 1534 2633 1588 minores
2659 1533 2692 1587 5
2718 1543 2770 1588 et
2790 1535 2843 1596 5,
2871 1533 3088 1589 maximi
3118 1549 3248 1589 veto
3279 1534 3435 1604 hujus
3457 1534 3564 1589 dis.

1976 1635 2257 1708 positionis
2286 1634 2319 1689 6
2349 1642 2401 1688 et
2427 1634 2481 1688 5.
2517 1631 2820 1686 Differentia
2857 1645 2984 1687 vero
3015 1631 3301 1700 minorum,
3333 1633 3566 1703 quinarii

1978 1730 2185 1787 scilicet
2211 1737 2266 1782 et
2307 1727 2526 1781 ternarii
2553 1726 2588 1780 9.
2619 1734 2765 1791 sunt,
2799 1725 3084 1794 majorum,
3117 1726 3347 1796 quinarii
3391 1736 3442 1781 ct
3485 1741 3569 1782 se-

285 1839 521 1896 cundum
575 1837 966 1895 arithmeticam
1015 1833 1439 1907 proportionem.
1487 1827 1582 1882 ‘Jel
1627 1827 1672 1879 si
1725 1823 1872 1878 illum
1903 1820 1954 1884 B
1981 1823 2139 1885 narii,
2175 1821 2227 1886 1,
2261 1820 2350 1890 qui
2379 1818 2415 1872 2
2459 1818 2522 1872 ad
2554 1833 2719 1872 unum
2752 1819 3042 1886 comparati
3075 1817 3294 1886 duplum
3344 1818 3566 1876 faciunt.

287 1949 567 1990 numerum
597 1949 704 2004 quo
730 1935 900 2003 major
921 1932 1183 1987 minorem
1214 1933 1430 1996 superat
1457 1919 1694 1986 dividas,
1722 1932 1871 1973 eum-

287 2043 388 2099 que
442 2026 635 2081 minori
685 2039 1048 2095 superponas,
1099 2021 1348 2093 quodque
1399 2016 1524 2072 inde
1578 2010 1880 2068 concrescit

287 2117 522 2187 medium
582 2132 789 2187 ponas,
836 2114 1178 2169 arithmetica
1230 2109 1491 2164 medietas
1539 2106 1876 2158 informatur.

288 2183 419 2267 Nam
442 2209 511 2265 40
530 2207 810 2264 denarium
838 2205 1124 2260 tricenario
1149 2210 1396 2270 snperat;
1424 2213 1580 2268 quem
1605 2197 1649 2250 si
1671 2193 1880 2248 dividas

291 2307 359 2360 15
386 2304 548 2369 fiunt;
577 2302 718 2356 hunc
742 2300 788 2355 si
818 2299 1033 2364 minori,
1065 2297 1114 2351 id
1143 2306 1224 2351 est
1251 2294 1496 2356 denario,
1524 2302 1881 2360 superposue-

250 2463 257 2472 1
289 2398 388 2461 ris,
418 2394 489 2452 ΞΟ
513 2404 568 2450 et
595 2394 628 2448 5
657 2402 983 2457 nascentur;
1022 2405 1180 2460 quem
1209 2388 1255 2443 si
1301 2387 1530 2442 medimn
1563 2384 1904 2451 constituas“

292 2486 642 2543 arithmetica:
668 2483 970 2540 medietatis
997 2481 1132 2536 ordo
1169 2479 1448 2535 formatur.
1488 2475 1883 2532 Geometricam

295 2597 427 2638 vero
455 2583 498 2637 si
525 2582 791 2636 rationem
815 2577 1068 2645 vestiges,
1111 2575 1228 2644 ejus
1257 2571 1466 2627 numeri
1491 2571 1580 2640 qui
1603 2570 1700 2623 sub
1725 2571 1887 2622 utris-
1967 2569 1975 2579 '

293 2688 402 2743 que
449 2670 880 2727 extremitatibus
934 2667 1260 2728 continetur,
1309 2661 1697 2731 tetragonicum
1747 2659 1887 2712 latus

294 2765 526 2834 inquire,
553 2771 606 2818 et
637 2761 780 2817 hunc
828 2759 1063 2816 medium
1112 2772 1272 2827 pone.
1305 2755 1434 2809 Nam
1465 2753 1565 2808 sub
1608 2753 1677 2807 10
1706 2760 1757 2806 ct
1789 2750 1886 2804 de-

297 2855 450 2910 nario
487 2867 710 2909 numero
744 2851 850 2907 400
876 2850 1240 2906 continentur.
1275 2845 1330 2901 Si
1363 2847 1502 2900 enim
1533 2843 1807 2897 denarium
1834 2842 1886 2896 in

298 2946 369 3002 40
407 2944 751 3013 ntiiltiplices,
802 2942 890 2998 hic
937 2953 1193 2996 numerus
1223 2939 1438 2994 crescit.
1482 2937 1680 2990 Horum
1731 2934 1889 3005 igitur

312 3038 823 3109 quadringentorum
851 3035 1064 3105 require
1091 3031 1477 3102 tetragonicum
1502 3030 1662 3093 latus,
1689 3027 1740 3081 hi
1765 3035 1892 3082 sunt

298 3133 391 3190 20.
425 3131 600 3186 Vieies
641 3131 782 3186 enim
822 3128 916 3195 20,
946 3127 1050 3183 400
1079 3125 1408 3180 efficiuntur.
1442 3121 1729 3192 Repertum
1761 3134 1889 3191 ergo

313 3227 450 3281 latus
465 3224 806 3296 quadratum,
831 3221 1068 3277 medium
1095 3220 1412 3274 constitues.
1433 3217 1526 3271 Vel
1557 3219 1600 3270 si
1623 3231 1740 3272 eam
1769 3231 1892 3286 pro-

301 3320 603 3389 portionem
634 3331 791 3387 quam
822 3315 964 3369 inter
991 3329 1049 3369 se
1089 3313 1196 3366 dati
1229 3309 1444 3367 termini
1473 3310 1781 3385 custodiunt
1811 3310 1890 3365 di-

302 3409 476 3474 vidas,
499 3417 553 3464 et
581 3407 631 3461 id
675 3406 816 3477 quod
849 3407 1182 3476 relinquetur
1212 3403 1445 3460 medium
1479 3403 1765 3458 terminum
1793 3417 1888 3472 po-

302 3514 425 3556 nas.
457 3499 693 3568 Namque
718 3498 786 3553 40
815 3498 882 3552 ad
929 3497 1206 3554 denarium
1235 3495 1569 3566 quadruplus
1599 3505 1698 3552 est.
1729 3496 1891 3564 Igitur

302 3590 660 3661 quadruplum
689 3591 733 3644 si
754 3590 983 3654 dividas,
1006 3589 1222 3658 duplum
1253 3588 1435 3657 facies,
1460 3589 1549 3658 qui
1578 3601 1656 3642 est
1687 3589 1893 3644 scilicet

303 3681 400 3741 20.
429 3683 556 3736 Nam
579 3682 651 3738 20
679 3682 743 3735 ad
775 3683 1052 3736 denarium
1078 3681 1272 3751 duplus
1293 3689 1394 3736 est.
1424 3680 1574 3734 llunc
1591 3678 1636 3734 si
1659 3680 1890 3734 medmm

304 3777 621 3842 constituas,
658 3775 996 3830 medietatem
1027 3775 1404 3843 geometricam
1451 3772 1704 3839 perferet.
1762 3771 1895 3826 IIar-

305 3867 574 3924 nmnicam
605 3883 732 3920 vero
755 3866 1115 3928 medietatem,
1149 3864 1238 3918 tali
1269 3864 1427 3918 modo
1457 3862 1895 3931 reperieszdiffe-

305 3959 538 4014 rcntiam
599 3958 947 4012 terminorum
993 3955 1047 4009 in
1089 3955 1348 4010 miuoi-em
1383 3954 1663 4009 terminum
1712 3953 1898 4008 multi-

309 4053 475 4122 plica,
503 4059 556 4106 et
585 4059 701 4120 post
726 4049 890 4120 junge
923 4049 1198 4116 terminos,
1227 4057 1280 4104 et
1303 4048 1454 4117 juxta
1496 4064 1618 4103 eum
1651 4049 1738 4118 qui
1772 4047 1896 4104 inde

309 4147 591 4200 confectus
618 4152 697 4197 est
717 4183 731 4207 ,
759 4143 1034 4196 committe
1064 4143 1211 4196 illum
1237 4156 1516 4197 numerum
1542 4142 1628 4211 qui
1653 4157 1718 4196 ex
1746 4139 1899 4197 diffe-

311 4235 500 4291 rentiis
541 4244 592 4288 et
625 4235 851 4289 termino
877 4233 1086 4290 minore
1116 4235 1402 4302 productus
1434 4244 1534 4289 est.
1584 4234 1748 4303 Cujus
1778 4250 1899 4290 cum

312 4327 654 4382 latitudinem
680 4326 969 4394 inveneris,
1001 4328 1165 4380 addas
1191 4342 1310 4381 eam
1342 4327 1536 4381 minori
1565 4327 1816 4392 termino,
1845 4336 1902 4382 et

313 4421 458 4492 quod
504 4420 626 4476 inde
670 4420 936 4489 colligitur
985 4419 1218 4475 medium
1277 4420 1561 4474 terminum
1611 4434 1800 4488 pones,
1841 4417 1902 4476 l0

305 4514 464 4570 ‘enim
493 4521 547 4568 et
583 4513 674 4580 40,
703 4515 772 4568 50
801 4522 956 4578 sunt;
1003 4529 1161 4584 quem
1201 4511 1247 4566 si
1302 4513 1623 4581 multiplicas
1655 4514 1705 4567 in
1737 4513 1903 4568 dena-

315 4608 482 4670 rium,
507 4605 557 4658 id
587 4613 668 4659 est
695 4605 746 4659 iu
780 4605 1062 4672 minorem,
1092 4606 1274 4660 decies
1294 4607 1382 4672 50,
1415 4615 1630 4674 oportet
1654 4607 1758 4661 300
1788 4606 1904 4660 effi-
1933 4591 1986 4652 D

317 4701 454 4754 cias.
486 4697 631 4764 Quos
675 4697 778 4753 500
813 4698 964 4766 juxta
994 4714 1115 4753 eum
1158 4699 1433 4753 committe
1462 4700 1550 4768 qui
1600 4716 1666 4754 ex
1705 4699 1906 4768 junctis

317 4792 565 4857 utrisque
592 4789 865 4846 confectus
892 4800 992 4857 est,
1027 4790 1078 4844 id
1117 4801 1200 4844 est
1223 4789 1373 4858 juxta
1417 4772 1507 4853 50,
1542 4789 1740 4846 facient
1765 4791 1906 4846 enim

317 4881 673 4953 quinquagies
720 4879 901 4944 senos,
959 4889 1012 4935 et
1062 4881 1330 4935 invenitur
1359 4880 1583 4935 latitudo
1632 4883 1906 4939 senarius.

317 4973 478 5029 Hunc
510 4973 667 5041 igitur
711 4973 756 5027 si
799 4973 989 5027 minori
1034 4974 1264 5028 termino
1291 4971 1479 5039 addas,
1514 4973 1708 5029 facient
1740 4975 1828 5041 I6,
1856 4985 1912 5031 et

317 5065 412 5120 hic
443 5079 696 5120 numerus
723 5065 930 5119 medius
967 5066 1287 5119 constitutus
1319 5065 1457 5119 inter
1488 5064 1553 5119 10
1595 5075 1648 5120 et
1674 5065 1763 5130 40,
1789 5066 1911 5121 har-

316 5156 592 5215 monicam
619 5157 1020 5226 proportionem
1053 5157 1500 5226 medietatemque
1527 5156 1783 5213 servabit.

943 5267 1170 5323 CAPUT
1208 5268 1294 5323 LI.

317 5361 400 5420 De
429 5359 591 5416 tribus
619 5359 974 5413 medietatibus
1001 5376 1117 5430 qua:
1161 5361 1468 5416 harmonij
1506 5369 1554 5416 el
1598 5361 1914 5432 geometrica:

575 5441 584 5447 ’
903 5453 1170 5506 contrariae
1205 5463 1344 5508 sunt.

394 5546 491 5604 Ha:
548 5547 762 5617 quidem
793 5555 916 5601 sunt
945 5544 1087 5614 apud
1118 5543 1450 5614 antiquiores
1503 5545 1734 5600 inventa:
1787 5560 1910 5616 pro-

317 5644 570 5712 baturque
606 5639 939 5706 medietates,
966 5653 1099 5708 quas
1139 5636 1339 5690 idcirco
1366 5636 1576 5706 longius
1602 5637 1910 5692 enodatius-

315 5750 427 5804 que
467 5731 830 5793 tractavimus,
884 5729 1025 5800 quod
1077 5731 1160 5783 ha:
1191 5729 1422 5783 maxime
1470 5729 1522 5783 in
1563 5731 1906 5798 antiquorum

314 5824 640 5891 lectionibus
670 5821 1029 5889 inveniuntur,
1062 5832 1114 5876 et
1159 5822 1224 5877 ad
1255 5835 1466 5878 omnem
1499 5835 1633 5892 pene
1662 5820 1766 5877 vim
1812 5836 1904 5880 eo-

569 5941 842 6003 Pnaon.
888 5937 1118 6028 LXIII.

1984 1917 2122 1985 Ergo
2150 1910 2602 1983 quemadmodum
2635 1917 2718 1963 est
2761 1909 3024 1963 maximus
3068 1907 3326 1963 terminus
3357 1909 3419 1961 ad
3453 1924 3567 1977 par-

1980 2005 2280 2069 vissimum,
2309 2003 2388 2056 sic
2409 2002 2675 2055 minorum
2701 2001 3050 2056 terminorum
3078 2000 3377 2057 differentia
3402 2013 3483 2058 est
3507 2004 3568 2057 ad

1981 2093 2339 2154 differentiam
2367 2092 2742 2148 maximorum.

2530 2182 2836 2233 Differcntize
2855 2182 3032 2245 duplae.

2479 2797 2702 2850 Termini
2723 2796 2936 2848 extremi
2960 2794 3110 2857 dupli.

1988 2873 2184 2948 Liquet
2212 2889 2387 2938 autem
2421 2885 2722 2953 oppositam
2748 2889 2804 2937 et
2828 2879 3580 2951 quodammodo'contrariam

1990 2984 2111 3026 esse
2135 2971 2274 3029 hanc
2320 2975 2663 3031 medietatem
2695 2976 3018 3032 harmoniae
3046 2974 3341 3041 medietati,
3380 2975 3582 3031 idcirco

1993 3065 2135 3134 quod
2169 3067 2218 3121 in
2245 3067 2330 3122 illa
2353 3070 2804 3139 quemadmodum
2834 3079 2914 3124 est
2937 3068 3197 3123 maximus
3231 3068 3492 3122 terminus
3515 3067 3584 3122 ad

1920 3203 1966 3270 Ο
1996 3158 2408 3226 parvissimum,
2463 3162 2539 3215 sic
2573 3161 2840 3230 majorum
2881 3162 3232 3215 terminorum
3282 3159 3584 3215 differentia

1999 3247 2060 3270 ,Δ
2099 3249 2386 3270 ,Ιῖη-ᾼηκριγ
2419 3268 2444 3270 ,_
2487 3253 2553 3270 νη·
2608 3268 2643 3270 _,
2684 3269 2688 3270 ,
2735 3269 2741 3270 ,
2809 3252 2898 3270 II'-
2934 3260 3100 3270 -,,.,,--
3147 3251 3433 3270 -_-__._._,!-
3496 3251 3584 3270 η-.

1996 3247 2061 3303 ad
2093 3249 2454 3306 differentiam
2484 3253 2774 3308 minorum.
2809 3252 2904 3308 llic
2929 3260 3105 3306 autem
3139 3251 3461 3306 eeontrario.
3495 3251 3587 3308 Est

1993 3352 2170 3397 autem
2203 3345 2472 3414 propritnn
2494 3344 2652 3412 hujus
2675 3345 3000 3411 medietatis,
3028 3343 3276 3414 quoniam
3297 3343 3434 3412 quod
3459 3357 3587 3397 eou-

1995 3436 2198 3489 tinetur
2255 3436 2353 3489 sub
2396 3438 2630 3491 maximo
2681 3437 2912 3493 termino
2944 3444 2997 3490 et
3028 3435 3202 3490 medio
3241 3436 3460 3504 duplum
3505 3443 3589 3490 est

1995 3539 2062 3580 eo
2111 3525 2251 3594 quod
2301 3529 2605 3581 continetur
2657 3529 2757 3581 sub
2809 3526 2982 3582 medio
3033 3537 3194 3597 atque
3235 3525 3587 3595 parvissimo;

1998 3618 2180 3673 sexies
2210 3618 2351 3671 enim
2381 3619 2612 3688 quinque
2635 3617 2701 3673 50
2732 3629 2876 3684 sunt,
2906 3619 3188 3688 quinquies
3220 3634 3347 3672 vero
3367 3628 3476 3672 tres
3501 3615 3589 3669 I5.

1998 3708 2127 3762 Dum
2161 3725 2288 3764 vero
2329 3710 2446 3763 alia:
2479 3712 2821 3775 medietates,
2864 3712 3044 3780 quinta
3089 3711 3298 3764 scilicet
3325 3719 3377 3761 et
3418 3719 3588 3769 sexta.

1998 3799 2336 3868 geninetrica:
2367 3800 2637 3853 medietati
2660 3803 2944 3854 contraria!
2967 3809 3107 3865 sunt,
3135 3810 3188 3854 et
3209 3800 3380 3853 eidem
3401 3799 3591 3851 viden-

2003 3899 2089 3944 tur
2131 3891 2414 3958 oppusitm.
2449 3891 2544 3945 Est
2574 3904 2749 3946 autem
2801 3892 2983 3959 quinta
3016 3891 3296 3955 medietas,
3344 3890 3592 3958 quotiens

2003 3982 2055 4036 in
2091 3981 2258 4035 tribus
2291 3983 2554 4046 terminis,
2583 3983 3034 4052 quemadmodum
3057 3993 3139 4038 est
3179 3982 3385 4036 medius
3413 3980 3594 4034 termi-

2005 4089 2106 4128 nus
2133 4073 2196 4126 ad
2231 4075 2488 4128 minorem
2524 4076 2833 4142 terminum,
2882 4078 2950 4130 ita
2981 4091 3164 4130 eorum
3201 4074 3496 4128 differentia
3526 4073 3593 4128 ad

2006 4165 2364 4220 differentiam
2389 4167 2545 4233 medii
2576 4178 2734 4235 atque
2759 4168 2996 4234 maju'is.
3042 4167 3172 4220 Nam
3205 4167 3256 4220 in
3291 4167 3386 4218 hac
3413 4167 3596 4234 dispo-

2006 4257 2200 4310 sitione
2222 4257 2275 4321 '2,
2301 4257 2354 4323 4,
2379 4256 2432 4319 5,
2465 4260 2836 4326 quaternarius
2868 4260 2932 4312 ad
2964 4260 3225 4313 hinarium
3257 4259 3454 4324 duplus
3481 4267 3594 4324 est;

2007 4348 2099 4402 sed
2131 4349 2271 4401 inter
2296 4349 2695 4416 quaternarium
2743 4358 2795 4402 et
2840 4350 3102 4403 binarium
3135 4350 3240 4403 duo
3284 4359 3428 4412 sunt,
3457 4349 3596 4403 inter

2009 4441 2408 4509 quaternaiium
2429 4457 2554 4494 vero
2576 4450 2628 4493 et
2657 4441 2910 4509 majorem
2938 4442 3242 4509 terminum,
3271 4441 3321 4497 id
3344 4441 3596 4511 estquia.

2009 4546 2134 4600 que,
2170 4529 2223 4597 1,
2255 4539 2309 4587 et
2333 4532 2438 4588 duo
2465 4533 2529 4586 ad
2563 4549 2724 4587 unum
2756 4535 2902 4601 dupli
2927 4544 3070 4588 sunt.

2562 4625 2866 4676 Differeutiaa
2890 4627 3066 4687 duplic.

2383 4820 3234 4902 leltl-sl

2620 5159 2823 5211 Numeri
2847 5157 3000 5222 dupli.

2015 5263 2356 5320 Contrarium
2386 5278 2563 5324 autem
2593 5272 2930 5338 genmetricm
2961 5269 3232 5324 medietati
3263 5270 3314 5324 in
3353 5268 3451 5324 hac
3483 5287 3604 5341 pro.

2020 5355 2265 5426 portione
2293 5368 2398 5426 est,
2430 5362 2568 5430 quod
2609 5362 2663 5416 in
2697 5363 2784 5416 illa
2817 5360 3260 5432 quemadmodum
3305 5361 3477 5429 major
3501 5373 3604 5418 ter-

2020 5451 2198 5506 minus
2223 5453 2287 5506 ad
2323 5453 2581 5510 minorem
2614 5464 2777 5519 esset,
2806 5457 2884 5509 sic
2923 5453 3184 5520 majorum
3215 5450 3510 5508 differentia
3539 5457 3605 5515 ad

2018 5547 2374 5603 differentiam
2421 5550 2710 5604 minorum.
2746 5549 2841 5604 llic
2871 5563 2999 5603 vero
3028 5551 3314 5612 cantrarie,
3349 5550 3606 5617 quemad«

2019 5639 2234 5696 modum
2267 5641 2502 5696 minores
2557 5642 2622 5696 ad
2675 5658 2734 5696 se
2784 5641 2997 5696 termini
3028 5649 3183 5707 sunt,
3214 5642 3292 5696 sic
3335 5643 3605 5704 minorum

2016 5733 2312 5788 differentia
2340 5734 2686 5790 terminorum
2709 5733 2776 5790 ad
2803 5734 3064 5804 majorum
3089 5733 3440 5791 differentiam
3458 5752 3604 5793 com~

2015 5835 2256 5897 paratur.
2289 5824 2386 5882 Est
2419 5835 2595 5882 autem
2627 5827 2899 5899 proprium
2924 5827 2974 5881 in
3009 5825 3108 5880 hac
3137 5839 3351 5899 quoque
3377 5828 3603 5903 disposi.

3000 5939 3078 6003 37
