4022 6366
260 425 393 480 1165

1440 426 1531 482 DE
1571 421 2043 481 ARITHMETICA
2082 423 2211 479 LIB.
2252 424 2317 481 il.

3380 441 3517 497 “66

252 553 451 601 serere,
476 552 594 606 quae
616 538 785 592 tribus
811 538 1102 594 intervallis
1119 539 1422 605 constituta,
1450 555 1691 610 magnam
1717 540 1823 593 vim
1857 539 1915 600 Α
1936 538 2243 594 octonarius
2266 542 2533 596 senarium
2566 553 2803 615 superat,
2837 546 2886 600 id
2915 555 2996 603 est
3028 561 3179 619 parte
3227 557 3403 623 tertia,
3430 576 3520 615 ea.

251 631 456 685 obtinet
488 634 535 683 in
567 633 749 685 mu~ici
797 632 1171 689 modulaminis
1205 635 1640 702 temperamentis
1690 644 1742 689 et
1773 634 1856 687 in.

251 723 611 793 speculatione
660 725 977 778 naturalium
1029 727 1403 794 qumstitinum.
1440 726 1650 780 Etenim
1701 742 1825 794 per-

254 820 440 873 fectius
490 817 790 885 hujnsmodi
824 819 1107 873 medietate
1148 819 1278 871 nihil
1333 820 1524 887 poterit
1574 819 1823 882 inveniri,

250 926 367 974 qua:
394 910 560 961 tribus
590 908 883 962 intervallis
919 910 1206 978 producta,
1234 909 1603 978 perfectissimi
1635 924 1828 978 corpo-

251 1005 321 1054 ris
355 1011 595 1054 naturam
629 1000 1086 1069 substantiamque
1142 1001 1328 1054 sortita
1376 1012 1476 1055 cst.
1526 1000 1635 1055 Hoc
1683 1000 1825 1053 enim

249 1093 426 1155 modo,
467 1093 662 1144 cultum
704 1106 913 1160 quoque
956 1092 1091 1145 trina
1131 1090 1464 1146 dimensione
1505 1102 1823 1159 crassatum,

250 1184 457 1251 plenam
489 1183 820 1237 harmoniam
861 1198 979 1237 esse
1020 1184 1456 1238 monstravimus.
1488 1183 1615 1238 Haec
1646 1194 1825 1239 autem

251 1275 551 1344 huiusmodi
578 1275 898 1342 invenietur,
930 1276 971 1329 si
993 1275 1200 1330 duobus
1234 1277 1474 1330 terminis
1500 1276 1824 1342 constitutis,

250 1368 337 1435 qui
370 1366 464 1435 ipsi
498 1366 664 1421 tribus
694 1367 958 1421 creverint
988 1367 1300 1431 intervallis,
1329 1368 1679 1436 longitudine,
1709 1367 1829 1421 lati-

252 1459 431 1511 tudine
462 1466 512 1510 et
537 1449 910 1525 proinnd'itate,
958 1458 1064 1511 duo
1092 1457 1393 1526 huiusmodi
1427 1458 1635 1512 termini
1668 1456 1827 1510 medii

251 1549 443 1603 iuerint
469 1549 761 1614 constituti,
788 1557 841 1603 ct
870 1550 966 1618 ipsi
997 1550 1164 1605 tribus
1194 1550 1488 1605 intervallis
1516 1550 1711 1613 notati,
1739 1548 1827 1617 qui

256 1641 341 1695 vel
374 1640 440 1694 ab
467 1640 759 1709 :equalihus
807 1656 904 1708 per
959 1641 1189 1710 aequales
1237 1640 1518 1710 a'qualiter
1565 1640 1671 1693 sint
1708 1654 1830 1707 pro-

253 1734 421 1799 ducti,
445 1734 524 1786 vel
550 1734 617 1787 ab
646 1733 994 1801 inaequalibus
1021 1733 1086 1787 ad
1113 1734 1391 1803 iurqualia
1423 1732 1718 1802 aequaliter,
1745 1730 1827 1784 vel

250 1824 317 1878 ab
363 1824 712 1893 inaequalibus
764 1826 827 1878 ad
862 1826 1083 1894 aequalia
1133 1827 1430 1896 mqnaliter,
1482 1826 1562 1879 vel
1595 1824 1831 1894 quolibet

1880 660 1883 665 -
1933 630 2053 685 dem
2076 630 2386 688 duodenarii
2412 646 2578 704 parte,
2605 641 2912 696 octnnarius
2942 658 3243 713 superatur.
3276 651 3518 717 Quatuor

1932 726 2075 779 enim
2105 726 2297 796 quibus
2326 730 2632 787 octonarius
2672 749 2699 787 a
2742 735 3071 795 duodenario
3100 746 3355 815 vincitur,
3386 752 3517 808 duo-

1932 816 2135 912 denarii
2169 822 2321 912 tertia
2375 837 2497 891 pars
2524 833 2625 879 est.
2660 826 2724 880 Et
2772 845 2815 883 st
2867 834 3234 891 extremitates
3259 838 3452 912 jungas
3488 846 3522 901 6

1933 910 2139 965 scilicet
2166 920 2220 965 et
2246 910 2330 981 12,
2364 928 2564 983 easque
2589 932 2683 984 per
2710 923 3045 979 octonarium
3077 928 3312 985 medium
3345 910 3521 991 multi-

1934 1002 2123 1070 plices,
2175 1002 2275 1057 144
2322 1014 2466 1060 sunt.
2498 1004 2651 1073 Quod
2678 1012 2723 1065 si
2768 1026 2828 1068 se
2871 1018 3237 1075 extremitates
3266 1025 3522 1094 mllilipii‘

1933 1100 2087 1157 cent,
2122 1107 2214 1148 sex
2237 1094 2440 1151 scilicet
2469 1107 2521 1151 et
2552 1097 2639 1164 i2,
2687 1098 2883 1159 facient
2907 1105 2996 1173 72,
3028 1124 3135 1178 quo
3162 1126 3389 1171 numero
3419 1116 3521 1173 144

1935 1183 2129 1254 duplus
2167 1196 2269 1241 est.
2300 1187 2637 1246 inveniemus
2667 1193 2754 1248 hic
2801 1210 3016 1268 quoque
3067 1216 3257 1264 omnes
3286 1210 3523 1269 musicas

1934 1277 2330 1332 consonantias.
2348 1278 2586 1351 Namque
2603 1283 2634 1337 8
2652 1283 2717 1338 ad
2739 1285 2771 1340 6
2790 1294 2841 1341 et
2861 1286 2893 1341 9
2909 1288 2974 1342 ad
3001 1290 3069 1345 12
3092 1298 3387 1365 comparati
3402 1298 3520 1358 'ses-

1933 1366 2238 1435 quitertiam
2283 1374 2676 1439 prapnrtionem
2710 1376 2962 1445 reddunt,
2991 1392 3045 1439 et
3065 1383 3227 1441 simul
3255 1387 3521 1447 diatessat-

1936 1475 2035 1514 ron
2086 1465 2511 1520 consonantiam.
2554 1467 2658 1522 Sex
2685 1486 2813 1525 vero
2835 1473 2899 1527 ad
2932 1472 2965 1530 9
2997 1476 3080 1530 vel
3112 1477 3146 1533 8
3182 1478 3250 1534 ad
3276 1481 3340 1535 12
3368 1498 3521 1539 com-

1936 1554 2138 1618 parati,
2191 1555 2417 1611 reddunt
2469 1560 2874 1629 sesquialteram
2928 1571 3370 1641 proportionem,
3425 1578 3521 1633 sed

1935 1642 2183 1713 diapente
2223 1648 2616 1718 symphoniam.
2666 1654 2954 1712 Duodecim
2989 1674 3115 1713 vero
3146 1662 3212 1716 ad
3243 1669 3517 1724 senarium

1935 1738 2257 1793 considerati
2311 1740 2578 1810 duplicem
2642 1751 3065 1820 proportionem,
3121 1754 3213 1808 sed
3265 1758 3520 1828 diapason

1935 1829 2307 1899 symphoniam
2338 1848 2554 1892 canunt.
2585 1838 2721 1894 Octo
2764 1856 2891 1897 vero
2920 1852 2974 1899 et
3019 1844 3054 1900 9
3087 1846 3188 1916 ipsi
3230 1860 3416 1908 contra
3461 1870 3523 1912 so

250 1915 355 1967 alio
384 1915 562 1978 modo,
588 1925 745 1985 atque
786 1917 853 1969 ita
882 1932 1003 1971 cum
1035 1919 1397 1972 ltarmonicam
1432 1916 1827 1986 proportionem
1860 1918 1909 1980 B
1939 1922 2098 1975 medii
2137 1924 2483 1993 considerati,
2514 1932 2814 1997 epogdoutn
2840 1934 3092 2005 jungunt,
3114 1915 3209 2009 qui
3238 1942 3291 1995 in
3316 1947 3521 2001 musico

248 2006 573 2073 custodiant,
596 2008 697 2061 alio
723 2019 895 2064 tamen
916 2009 1075 2064 modo
1094 2012 1409 2080 comparati,
1442 2010 1638 2064 faciunt
1666 2010 1831 2063 arith-

248 2098 497 2152 meticam
532 2098 898 2163 medietatem,
952 2099 1141 2163 hisque
1171 2102 1493 2169 geometrica
1549 2101 1826 2169 medietas,

248 2206 366 2261 qua:
398 2191 536 2245 inter
563 2201 815 2259 utrasque
870 2200 1134 2257 vers;ttur,
1176 2193 1365 2246 deesse
1415 2207 1517 2246 non
1551 2194 1740 2261 possit.
1773 2193 1828 2247 in

245 2294 475 2354 quatuor
513 2285 653 2338 enim
690 2284 930 2338 terminis
958 2285 1001 2339 si
1027 2285 1207 2349 fuerit,
1238 2284 1690 2355 quemadmodum
1717 2284 1829 2355 pri-

249 2390 369 2429 mus
397 2375 461 2428 ad
509 2375 826 2441 secundum,
877 2375 951 2430 sic
979 2378 1165 2430 tertius
1208 2377 1273 2431 ad
1306 2387 1575 2446 quartum,
1608 2392 1833 2447 propor-

248 2467 453 2522 tionum
485 2468 690 2521 ratione
720 2468 922 2522 scilicet
958 2469 1243 2536 custodita,
1274 2470 1596 2537 geometrica
1629 2468 1828 2523 medie-

246 2568 333 2613 tas
362 2560 680 2627 explicatur.
716 2560 781 2613 Et
823 2560 964 2628 quod
1005 2560 1307 2615 continetur
1335 2561 1435 2614 sub
1471 2562 1834 2615 extremitati-

244 2648 353 2703 bus
397 2664 607 2718 aequum
651 2651 753 2704 erit
796 2650 845 2704 ei
876 2651 1017 2719 quod
1050 2650 1150 2703 sub
1178 2660 1401 2719 utraque
1438 2651 1725 2705 medietate
1766 2650 1834 2705 ad

241 2758 310 2796 se
340 2743 565 2797 invicem
595 2743 943 2812 multiplicata
990 2742 1292 2797 coniicitur.
1328 2742 1553 2808 Rursus,
1586 2742 1631 2797 si
1661 2744 1835 2798 maxi-

240 2848 371 2887 mus
398 2824 625 2903 quatuor
678 2834 1027 2888 terminorum
1062 2848 1317 2888 numerus
1348 2832 1415 2889 ad
1445 2850 1567 2887 eum
1595 2834 1687 2904 qui
1734 2834 1837 2890 sibi

241 2925 583 2993 propinquus
613 2932 694 2978 est
742 2925 899 2981 talem
949 2925 1141 2980 habeat
1189 2925 1569 2992 diiierentiam,
1622 2927 1835 2994 qualem

241 3016 394 3070 idem
425 3030 544 3070 esse
568 3016 801 3071 maximo
833 3020 1158 3087 propinquus
1186 3017 1253 3071 ad
1300 3016 1705 3086 parvissimum,
1739 3018 1837 3072 hu-

241 3107 484 3176 iusmodi
509 3109 781 3177 proportio
814 3108 865 3162 in
895 3108 1227 3164 arithmetica
1259 3110 1692 3165 consideratione
1715 3125 1836 3179 pro-

242 3201 491 3269 ponitur.
528 3201 590 3254 Et
621 3210 984 3255 extremorum
1011 3202 1318 3270 conjunctio
1345 3202 1540 3270 duplex
1579 3201 1684 3256 erit
1713 3215 1838 3271 pro-

239 3292 365 3362 pria
397 3290 704 3347 medietate.
738 3291 794 3348 Si
820 3309 948 3349 vero
971 3294 1110 3349 inter
1139 3304 1367 3365 quatuor
1411 3297 1500 3365 qui
1532 3301 1615 3349 est
1643 3295 1833 3351 tertius
1860 3292 1908 3359 C
1968 3317 1982 3330 τ

242 3383 534 3447 terminus,
566 3398 594 3436 a
616 3398 719 3453 qua
751 3394 905 3469 parte.
930 3385 1124 3454 quarti,
1148 3396 1395 3454 quartum
1420 3386 1709 3441 terminum
1741 3403 1833 3442 su-

238 3484 422 3546 peret,
457 3485 511 3531 et
537 3491 685 3546 requa
727 3477 883 3545 primi
907 3491 936 3531 a
973 3478 1143 3547 primo
1182 3487 1486 3547 superetur,
1523 3481 1835 3538 harmonica

238 3566 555 3634 hujusmodi
615 3569 889 3638 proportio
934 3569 1300 3640 medietasque
1356 3572 1680 3642 perspicitur
1722 3590 1736 3627 :
1780 3582 1837 3631 et

235 3657 390 3728 quod
435 3660 736 3714 continetur
785 3661 886 3716 sub
934 3670 1299 3717 extremorum
1355 3666 1732 3735 aggregatione
1780 3674 1837 3721 et

234 3749 691 3819 multiplicatione
720 3751 1051 3817 medietatis,
1096 3752 1291 3823 duplex
1321 3763 1506 3811 esteo
1547 3755 1687 3825 quod
1729 3755 1833 3812 sub

236 3853 473 3911 utraque
510 3843 848 3897 extremitate
894 3844 1191 3898 coniicitur.
1226 3844 1307 3898 Sit
1336 3854 1513 3901 autem
1559 3847 1831 3913 quoddam

234 3934 408 4002 hujus
439 3933 804 4000 disiiositionis
829 3934 1103 4003 exemplar
1141 3934 1240 3989 hoc
1271 3935 1454 4003 modo,
1487 3937 1541 4003 6,
1572 3938 1629 4003 8,
1651 3937 1705 4002 9,
1743 3937 1829 3992 12.

235 4024 355 4077 llas
390 4021 549 4092 igitur
578 4037 769 4077 omnes
796 4023 995 4079 solidas
1043 4027 1369 4095 quantitates
1422 4042 1543 4083 esse
1577 4044 1682 4082 non
1732 4028 1831 4082 du-

233 4115 395 4169 bium
426 4126 526 4169 est.
556 4113 656 4169 Sex
692 4116 832 4171 enim
861 4127 1149 4172 nascuntur
1180 4134 1245 4173 ex
1272 4134 1378 4173 uno
1404 4120 1484 4175 bis
1519 4131 1620 4187 ter,
1647 4122 1712 4175 i2
1733 4137 1829 4177 au-

232 4215 353 4262 tem
376 4222 445 4260 ex
478 4207 557 4259 bis
579 4205 683 4261 duo
713 4216 811 4262 ter.
832 4208 1029 4263 llorutn
1058 4221 1236 4266 autem
1256 4212 1586 4278 medictates,
1610 4222 1829 4268 octona-

229 4298 357 4352 rius
384 4298 441 4351 tit
463 4298 627 4353 semel
652 4298 756 4353 duo
780 4309 985 4369 quater.
1016 4301 1347 4358 Novenarins
1376 4319 1504 4359 vero
1527 4306 1694 4360 semei
1722 4316 1829 4361 tres

231 4400 349 4445 ter.
386 4390 583 4444 Omnes
627 4390 782 4458 igitur
815 4392 1023 4447 termini
1055 4395 1265 4464 cognati
1305 4395 1429 4460 sibi,
1460 4407 1514 4451 et
1545 4397 1711 4452 tribus
1742 4399 1828 4451 in-

230 4482 590 4540 tervallorum
621 4483 1045 4541 dimensionibus
1096 4489 1261 4543 notati
1292 4499 1437 4544 sunt.
1468 4488 1524 4545 In
1558 4491 1639 4545 his
1668 4490 1829 4561 igitur

225 4573 569 4645 geometrica
631 4577 1093 4645 proportionalitas
1138 4580 1426 4650 invenitur,
1485 4584 1529 4638 si
1562 4583 1629 4639 12
1680 4584 1746 4640 ad
1792 4587 1827 4642 8

224 4666 317 4721 vel
357 4663 390 4719 9
420 4665 485 4720 ad
526 4665 559 4720 6
601 4680 994 4737 comparemus.
1027 4670 1260 4742 Utraque
1309 4676 1453 4729 enim
1496 4659 1911 4746 comparatio:D

222 4759 591 4829 sesquialtera
648 4764 919 4831 proportio
965 4772 1066 4831 est,
1110 4774 1165 4820 et
1192 4768 1334 4835 quod
1372 4770 1681 4825 continetur
1726 4772 1830 4830 sub

223 4851 668 4909 extremitatibus
691 4854 829 4908 idem
860 4866 943 4911 est
971 4857 1019 4911 ei
1060 4858 1198 4927 quod
1229 4859 1283 4915 iit
1310 4876 1375 4914 ex
1420 4861 1626 4917 mediis.
1662 4862 1827 4919 Nam-

222 4958 343 5012 que
378 4942 519 5012 quod
551 4943 610 4996 ﬁt
641 4957 704 4997 ex
750 4944 1040 5001 duodecies
1077 4948 1130 5014 6,
1166 4965 1372 5018 :rquum
1402 4961 1484 5006 est
1523 4954 1571 5007 ei
1597 4953 1736 5021 quod
1768 4955 1829 5010 iit

222 5050 298 5090 ex
352 5035 521 5089 octies
569 5035 603 5089 9
634 5052 645 5088 :
679 5040 1005 5105 geometrica
1036 5056 1164 5109 ergo
1196 5044 1470 5112 proportio
1520 5042 1827 5113 huiusmodi

218 5140 350 5194 est;
386 5128 718 5183 arithmetica
750 5141 927 5186 autem
969 5141 1073 5200 est,
1107 5136 1149 5188 si
1179 5135 1541 5191 duodeuarius
1567 5140 1629 5191 ad
1660 5154 1827 5196 nove-

220 5222 472 5287 narium,
523 5233 576 5277 et
620 5226 939 5278 novenarius
968 5225 1032 5279 ad
1064 5229 1330 5282 senarium
1372 5242 1732 5299 comparetur.
1770 5234 1826 5291 in

218 5312 481 5381 utrisque
502 5313 643 5368 enim
677 5314 938 5370 ternarius
963 5315 1264 5372 dilierentia
1294 5328 1396 5381 est,
1431 5330 1478 5376 et
1504 5322 1701 5391 junctae
1730 5341 1826 5380 ex-

1937 2014 2297 2075 modulamine
2326 2029 2481 2078 tonus
2512 2035 2751 2093 vocatur,
2782 2044 2899 2097 qua:
2930 2034 3165 2086 omnium
3196 2036 3522 2095 musicorum

1936 2119 2185 2161 sonorum
2219 2124 2469 2166 mensura
2509 2117 2811 2172 communis
2838 2130 2940 2175 est.
2969 2122 3218 2179 Omnium
3248 2128 3391 2182 enim
3436 2138 3525 2193 est

1934 2210 2098 2251 sonus
2130 2199 2230 2255 iste
2262 2203 2631 2270 parvissimus.
2667 2207 2819 2265 Unde
2851 2222 3033 2267 notum
3090 2224 3174 2269 est
3214 2218 3357 2287 quod
3405 2219 3522 2274 dia-

1936 2297 2177 2345 tessaron
2205 2302 2259 2347 et
2288 2294 2539 2367 diapente
2563 2304 3054 2373 consountiarum,
3086 2318 3240 2364 tonus
3270 2310 3522 2367 dill‘eren-

1937 2380 2008 2433 tia
2059 2392 2159 2446 est,
2211 2384 2347 2441 sicut
2392 2389 2531 2444 inter
2576 2394 2973 2462 sesquitertiam
3013 2407 3067 2452 et
3114 2402 3519 2471 sesquialteram

1936 2474 2337 2569 proportionem
2384 2480 2530 2569 rsoia
2573 2492 2656 2538 est
2695 2488 2970 2557 epogdous
3027 2491 3347 2553 diil‘erentia.
3392 2497 3522 2569 Ejus

1937 2569 2115 2617 autent
2141 2566 2546 2638 descriptionis,
2578 2576 2765 2631 subter
2793 2582 3069 2651 exemplar
3096 2586 3390 2656 adjecimus

2337 2844 2771 2910 PrOportionaiitas
2799 2864 3118 2918 geometrica.

2364 2949 2715 3017 St‘squialterte
2738 2966 3091 3024 proportiones.

2121 3110 3363 3468 ι

2689 4039 2753 4091 72

2115 4139 2460 4192 Extremorum
2486 4144 2859 4211 mediorumque
2881 4149 3330 4215 multiplicatio-os.

2329 4466 2759 4531 Proportlonalitas
2798 4471 3121 4525 arithmetica.

2482 4569 2788 4623 Diﬂerentim
2811 4572 3044 4637 mquales.

214 5404 534 5460 tremitates
566 5407 848 5461 medietate
892 5409 1070 5478 dupla:
1116 5421 1257 5464 sunt.
1293 5414 1346 5465 Si
1398 5415 1539 5469 enim
1584 5416 1829 5485 junxeris

208 5498 507 5553 senarium
556 5508 610 5553 et
650 5498 930 5554 duodecim
982 5499 1143 5554 facies
1174 5503 1258 5569 18,
1304 5506 1391 5573 qui
1421 5515 1503 5560 est
1532 5512 1823 5565 novenario

208 5586 414 5644 medio
466 5590 693 5643 termino
743 5590 953 5659 duplus.
1004 5592 1056 5646 in
1115 5588 1198 5647 his
1239 5610 1365 5663 ergo
1438 5601 1819 5666 geometricam

203 5680 736 5751 aritlnueticamque
766 5683 1103 5738 medietatem
1150 5689 1535 5753 perspeximus.
1566 5691 1659 5745 llic
1686 5707 1819 5760 quo-
2696 5676 2748 5723 ιδ

202 5790 330 5845 que
392 5772 691 5827 harntonica
742 5776 1003 5830 medietas
1049 5778 1331 5843 invenitur,
1382 5780 1423 5833 si
1480 5781 1542 5833 1:2
1578 5784 1639 5834 ad
1701 5786 1820 5839 8et

1931 5779 2278 5831 lixtremitates
2297 5782 2477 5842 junctae
2501 5780 2561 5830 ad
2587 5792 2899 5833 noveuarium
2931 5783 3141 5835 medium
3176 5785 3336 5850 dupla:
3373 5794 3504 5845 sunt.

200 5878 419 5923 rursus
448 5866 479 5920 8
510 5865 574 5918 ad
601 5865 632 5919 6
660 5880 1053 5937 comparemus.
1086 5870 1194 5935 Qua
1246 5872 1387 5923 enim
1439 5881 1584 5940 parte
1617 5874 1814 5931 senarii

2385 5352 3057 5526 ψ
