  <div class='ocr_page' id='page_1' title='image "/cluster/home/n/w/nwhite01/storage/ocr_20150623/63/hvd.32044015469307/587.png"; bbox 0 0 4022 6366; ppageno 0'>
   <div class='ocr_carea' id='block_1_1' title="bbox 470 401 604 458">
    <p class='ocr_par' dir='ltr' id='par_1_1' title="bbox 470 401 604 458">
     <span class='ocr_line' id='line_1_1' title="bbox 470 401 604 458; baseline 0.007 -1"><span class='ocrx_word' id='word_1_1' title='bbox 470 401 604 458; x_wconf 76' lang='lat'><strong>“67</strong></span> 
     </span>
    </p>
   </div>
   <div class='ocr_carea' id='block_1_2' title="bbox 896 678 1637 753">
    <p class='ocr_par' dir='ltr' id='par_1_2' title="bbox 896 678 1637 753">
     <span class='ocr_line' id='line_1_2' title="bbox 896 678 1637 753; baseline -0.003 -22"><span class='ocrx_word' id='word_1_2' title='bbox 896 679 1323 753; x_wconf 83' lang='lat' dir='ltr'><strong>PrOportionalitas</strong></span> <span class='ocrx_word' id='word_1_3' title='bbox 1342 678 1637 729; x_wconf 87' lang='lat' dir='ltr'><strong>barmonica.</strong></span> 
     </span>
    </p>
   </div>
   <div class='ocr_carea' id='block_1_3' title="bbox 735 764 1809 872">
    <p class='ocr_par' dir='ltr' id='par_1_3' title="bbox 735 764 1809 872">
     <span class='ocr_line' id='line_1_3' title="bbox 735 764 1809 872; baseline -0.005 -56"><span class='ocrx_word' id='word_1_4' title='bbox 735 766 909 816; x_wconf 77' lang='lat' dir='ltr'><strong>Partes</strong></span> <span class='ocrx_word' id='word_1_5' title='bbox 930 766 1129 872; x_wconf 61' lang='lat' dir='ltr'><strong>migoris</strong></span> <span class='ocrx_word' id='word_1_6' title='bbox 1152 764 1445 826; x_wconf 81' lang='lat' dir='ltr'><strong>majorisque</strong></span> <span class='ocrx_word' id='word_1_7' title='bbox 1472 764 1809 872; x_wconf 56' lang='lat' dir='ltr'><strong>ter‘miuorum.</strong></span> 
     </span>
    </p>
   </div>
   <div class='ocr_carea' id='block_1_4' title="bbox 509 933 1948 1672">
    <p class='ocr_par' dir='ltr' id='par_1_4' title="bbox 777 1212 1846 1672">
     <span class='ocr_line' id='line_1_4' title="bbox 783 1212 1846 1334; baseline -0.001 0"><span class='ocrx_word' id='word_1_8' title='bbox 783 1221 836 1291; x_wconf 71' lang='grc' dir='ltr'><em>ς</em></span> <span class='ocrx_word' id='word_1_9' title='bbox 1083 1226 1123 1294; x_wconf 75' lang='grc' dir='ltr'><strong>δ</strong></span> 
     </span>
     <span class='ocr_line' id='line_1_5' title="bbox 992 1392 1444 1491; baseline 0.002 -37"><span class='ocrx_word' id='word_1_10' title='bbox 992 1392 1361 1491; x_wconf 62' lang='lat' dir='ltr'><strong>Extrcmtiaite</strong></span> <span class='ocrx_word' id='word_1_11' title='bbox 1441 1440 1444 1445; x_wconf 93' lang='lat'><strong><em>-</em></strong></span> 
     </span>
     <span class='ocr_line' id='line_1_6' title="bbox 777 1383 1646 1672; baseline 0.007 -136"><span class='ocrx_word' id='word_1_12' title='bbox 777 1383 1325 1672; x_wconf 30' lang='grc' dir='ltr'><strong>ΧὮιιιῑῒιῑξιὶῖῑ</strong></span> <span class='ocrx_word' id='word_1_13' title='bbox 1462 1540 1646 1672; x_wconf 83' lang='lat'><em>/</em></span> 
     </span>
    </p>
   </div>
   <div class='ocr_carea' id='block_1_5' title="bbox 992 1392 1444 1456">
    <p class='ocr_par' dir='ltr' id='par_1_5' title="bbox 992 1392 1444 1456">
     <span class='ocr_line' id='line_1_7' title="bbox 992 1392 1444 1456; baseline -0.004 -2"><span class='ocrx_word' id='word_1_14' title='bbox 992 1392 1044 1449; x_wconf 79' lang='grc' dir='ltr'>Ε</span> <span class='ocrx_word' id='word_1_15' title='bbox 1063 1398 1361 1456; x_wconf 68' lang='lat' dir='ltr'><strong>xtnm&#39;tiahe</strong></span> <span class='ocrx_word' id='word_1_16' title='bbox 1441 1440 1444 1445; x_wconf 88' lang='lat'><strong>.</strong></span> 
     </span>
    </p>
   </div>
   <div class='ocr_carea' id='block_1_6' title="bbox 777 1383 1325 1674">
    <p class='ocr_par' dir='ltr' id='par_1_6' title="bbox 777 1383 1325 1674">
     <span class='ocr_line' id='line_1_8' title="bbox 992 1392 1325 1456; baseline -0.006 -2"><span class='ocrx_word' id='word_1_17' title='bbox 992 1392 1044 1449; x_wconf 76' lang='grc' dir='ltr'>Ε</span> <span class='ocrx_word' id='word_1_18' title='bbox 1063 1398 1325 1456; x_wconf 57' lang='lat' dir='ltr'><strong>xii-mihi:</strong></span> 
     </span>
     <span class='ocr_line' id='line_1_9' title="bbox 833 1383 1325 1600; baseline 0.006 -64"><span class='ocrx_word' id='word_1_19' title='bbox 833 1383 1225 1600; x_wconf 62' lang='lat' dir='ltr'><strong>\mu‘itpiic</strong></span> <span class='ocrx_word' id='word_1_20' title='bbox 1232 1483 1325 1543; x_wconf 61' lang='lat' dir='ltr'><strong>ita</strong></span> 
     </span>
     <span class='ocr_line' id='line_1_10' title="bbox 777 1383 1325 1674; baseline -0.005 0"><span class='ocrx_word' id='word_1_21' title='bbox 777 1383 1325 1674; x_wconf 44' lang='lat' dir='ltr'><strong>\vi.</strong></span> 
     </span>
    </p>
   </div>
   <div class='ocr_carea' id='block_1_7' title="bbox 591 1822 1992 1891">
    <p class='ocr_par' dir='ltr' id='par_1_7' title="bbox 591 1822 1992 1891">
     <span class='ocr_line' id='line_1_11' title="bbox 591 1822 1992 1891; baseline 0.002 -20"><span class='ocrx_word' id='word_1_22' title='bbox 591 1822 778 1876; x_wconf 69' lang='lat' dir='ltr'><strong>Junctaa</strong></span> <span class='ocrx_word' id='word_1_23' title='bbox 802 1824 1147 1875; x_wconf 76' lang='lat' dir='ltr'><strong>extremitates</strong></span> <span class='ocrx_word' id='word_1_24' title='bbox 1172 1834 1223 1875; x_wconf 91' lang='lat' dir='ltr'><strong>et</strong></span> <span class='ocrx_word' id='word_1_25' title='bbox 1246 1840 1338 1889; x_wconf 90' lang='lat' dir='ltr'><strong>per</strong></span> <span class='ocrx_word' id='word_1_26' title='bbox 1362 1826 1579 1877; x_wconf 89' lang='lat' dir='ltr'><strong>medium</strong></span> <span class='ocrx_word' id='word_1_27' title='bbox 1601 1826 1944 1891; x_wconf 75' lang='lat' dir='ltr'><strong>multipltcatte.</strong></span> <span class='ocrx_word' id='word_1_28' title='bbox 1986 1835 1992 1841; x_wconf 82' lang='lat'><strong><em>&#39;</em></strong></span> 
     </span>
    </p>
   </div>
   <div class='ocr_carea' id='block_1_8' title="bbox 1714 391 2500 454">
    <p class='ocr_par' dir='ltr' id='par_1_8' title="bbox 1714 391 2500 454">
     <span class='ocr_line' id='line_1_12' title="bbox 1714 391 2500 454; baseline -0.009 0"><span class='ocrx_word' id='word_1_29' title='bbox 1714 397 1805 454; x_wconf 83' lang='lat' dir='ltr'><strong>AN</strong></span> <span class='ocrx_word' id='word_1_30' title='bbox 1841 396 2049 453; x_wconf 77' lang='lat' dir='ltr'><strong>MANL.</strong></span> <span class='ocrx_word' id='word_1_31' title='bbox 2092 394 2238 453; x_wconf 85' lang='lat' dir='ltr'><strong>SEV.</strong></span> <span class='ocrx_word' id='word_1_32' title='bbox 2282 391 2500 449; x_wconf 85' lang='lat' dir='ltr'><strong>BOETll</strong></span> 
     </span>
    </p>
   </div>
   <div class='ocr_carea' id='block_1_9' title="bbox 2089 510 2143 570">
    <p class='ocr_par' dir='ltr' id='par_1_9' title="bbox 2089 510 2143 570">
     <span class='ocr_line' id='line_1_13' title="bbox 2089 510 2143 570; baseline 0 -2"><span class='ocrx_word' id='word_1_33' title='bbox 2089 510 2143 570; x_wconf 85' lang='lat' dir='ltr'><strong>A</strong></span> 
     </span>
    </p>
   </div>
   <div class='ocr_carea' id='block_1_10' title="bbox 3610 389 3742 446">
    <p class='ocr_par' dir='ltr' id='par_1_10' title="bbox 3610 389 3742 446">
     <span class='ocr_line' id='line_1_14' title="bbox 3610 389 3742 446; baseline 0.023 -3"><span class='ocrx_word' id='word_1_34' title='bbox 3610 389 3742 446; x_wconf 75' lang='grc'><strong>1168</strong></span> 
     </span>
    </p>
   </div>
   <div class='ocr_carea' id='block_1_11' title="bbox 2657 502 3404 571">
    <p class='ocr_par' dir='ltr' id='par_1_11' title="bbox 2657 502 3404 571">
     <span class='ocr_line' id='line_1_15' title="bbox 2657 502 3404 571; baseline -0.008 -16"><span class='ocrx_word' id='word_1_35' title='bbox 2657 503 2996 571; x_wconf 71' lang='lat' dir='ltr'><strong>Consonantiaz</strong></span> <span class='ocrx_word' id='word_1_36' title='bbox 3037 502 3253 571; x_wconf 65' lang='lat' dir='ltr'><strong>musica.</strong></span> <span class='ocrx_word' id='word_1_37' title='bbox 3276 562 3303 571; x_wconf 13' lang='grc' dir='ltr'><em>,γ</em></span> <span class='ocrx_word' id='word_1_38' title='bbox 3376 562 3404 571; x_wconf 20' lang='grc' dir='ltr'><strong>Δ.</strong></span> 
     </span>
    </p>
   </div>
   <div class='ocr_carea' id='block_1_12' title="bbox 2476 567 3438 629">
    <p class='ocr_par' dir='ltr' id='par_1_12' title="bbox 2476 567 3438 629">
     <span class='ocr_line' id='line_1_16' title="bbox 2476 567 3438 629; baseline -0.008 -12"><span class='ocrx_word' id='word_1_39' title='bbox 2476 568 2803 629; x_wconf 84' lang='lat' dir='ltr'><strong>Sesquitertia</strong></span> <span class='ocrx_word' id='word_1_40' title='bbox 2828 628 2855 629; x_wconf 20' lang='grc' dir='ltr'>η</span> <span class='ocrx_word' id='word_1_41' title='bbox 2976 627 2988 629; x_wconf 98' lang='lat'>_</span> <span class='ocrx_word' id='word_1_42' title='bbox 3113 567 3438 628; x_wconf 81' lang='lat' dir='ltr'><strong>Sesquitertia</strong></span> 
     </span>
    </p>
   </div>
   <div class='ocr_carea' id='block_1_13' title="bbox 2821 627 3084 691">
    <p class='ocr_par' dir='ltr' id='par_1_13' title="bbox 2821 627 3084 691">
     <span class='ocr_line' id='line_1_17' title="bbox 2821 627 3084 691; baseline -0.011 -12"><span class='ocrx_word' id='word_1_43' title='bbox 2821 627 3084 691; x_wconf 81' lang='lat' dir='ltr'><strong>Epogdous</strong></span> 
     </span>
    </p>
   </div>
   <div class='ocr_carea' id='block_1_14' title="bbox 2480 692 2789 743">
    <p class='ocr_par' dir='ltr' id='par_1_14' title="bbox 2480 692 2789 743">
     <span class='ocr_line' id='line_1_18' title="bbox 2480 692 2789 743; baseline -0.01 -2"><span class='ocrx_word' id='word_1_44' title='bbox 2480 692 2789 743; x_wconf 80' lang='lat' dir='ltr'><strong>Diatessaron</strong></span> 
     </span>
    </p>
   </div>
   <div class='ocr_carea' id='block_1_15' title="bbox 3130 690 3441 739">
    <p class='ocr_par' dir='ltr' id='par_1_15' title="bbox 3130 690 3441 739">
     <span class='ocr_line' id='line_1_19' title="bbox 3130 690 3441 739; baseline -0.013 0"><span class='ocrx_word' id='word_1_45' title='bbox 3130 690 3441 739; x_wconf 86' lang='lat' dir='ltr'><strong>Diatessaron</strong></span> 
     </span>
    </p>
   </div>
   <div class='ocr_carea' id='block_1_16' title="bbox 2348 820 3588 1807">
    <p class='ocr_par' dir='ltr' id='par_1_16' title="bbox 2364 835 3571 1420">
     <span class='ocr_line' id='line_1_20' title="bbox 2364 835 3571 1420; baseline 0.012 -238"><span class='ocrx_word' id='word_1_46' title='bbox 2364 835 3571 1420; x_wconf 68' lang='grc' dir='ltr'>ε.</span> 
     </span>
    </p>
   </div>
   <div class='ocr_carea' id='block_1_17' title="bbox 2638 1530 3213 1636">
    <p class='ocr_par' dir='ltr' id='par_1_17' title="bbox 2638 1530 3213 1636">
     <span class='ocr_line' id='line_1_21' title="bbox 2638 1530 3213 1636; baseline 0.017 -39"><span class='ocrx_word' id='word_1_47' title='bbox 2638 1530 2953 1625; x_wconf 63' lang='grc' dir='ltr'><strong>Δὶίάαιιενα</strong></span> <span class='ocrx_word' id='word_1_48' title='bbox 2973 1545 3213 1636; x_wconf 69' lang='lat' dir='ltr'><strong>Dictth</strong></span> 
     </span>
    </p>
   </div>
   <div class='ocr_carea' id='block_1_18' title="bbox 2888 1848 3039 1912">
    <p class='ocr_par' dir='ltr' id='par_1_18' title="bbox 2888 1848 3039 1912">
     <span class='ocr_line' id='line_1_22' title="bbox 2888 1848 3039 1912; baseline 0.013 -16"><span class='ocrx_word' id='word_1_49' title='bbox 2888 1848 3039 1912; x_wconf 82' lang='lat' dir='ltr'><strong>Dttpla</strong></span> 
     </span>
    </p>
   </div>
   <div class='ocr_carea' id='block_1_19' title="bbox 2839 1911 3083 1975">
    <p class='ocr_par' dir='ltr' id='par_1_19' title="bbox 2839 1911 3083 1975">
     <span class='ocr_line' id='line_1_23' title="bbox 2839 1911 3083 1975; baseline -0.012 -13"><span class='ocrx_word' id='word_1_50' title='bbox 2839 1911 3083 1975; x_wconf 81' lang='lat' dir='ltr'><strong>Dtapason</strong></span> 
     </span>
    </p>
   </div>
   <div class='ocr_carea' id='block_1_20' title="bbox 491 2144 3749 2196">
    <p class='ocr_par' dir='ltr' id='par_1_20' title="bbox 491 2144 3749 2196">
     <span class='ocr_line' id='line_1_24' title="bbox 491 2144 3749 2196; baseline 0.002 -13"><span class='ocrx_word' id='word_1_51' title='bbox 491 2144 3749 2196; x_wconf 38' lang='grc' dir='ltr'>Μ</span> 
     </span>
    </p>
   </div>
   <div class='ocr_carea' id='block_1_21' title="bbox 1080 2280 1974 2388">
    <p class='ocr_par' dir='ltr' id='par_1_21' title="bbox 1080 2280 1974 2388">
     <span class='ocr_line' id='line_1_25' title="bbox 1080 2280 1974 2388; baseline 0.003 -4"><span class='ocrx_word' id='word_1_52' title='bbox 1080 2280 1342 2385; x_wconf 82' lang='grc' dir='ltr'><strong>ΑΝ.</strong></span> <span class='ocrx_word' id='word_1_53' title='bbox 1479 2284 1974 2388; x_wconf 79' lang='grc' dir='ltr'><strong>ΜΑΝι.</strong></span> 
     </span>
    </p>
   </div>
   <div class='ocr_carea' id='block_1_22' title="bbox 2118 2284 2478 2390">
    <p class='ocr_par' dir='ltr' id='par_1_22' title="bbox 2118 2284 2478 2390">
     <span class='ocr_line' id='line_1_26' title="bbox 2118 2284 2478 2390; baseline -0.017 0"><span class='ocrx_word' id='word_1_54' title='bbox 2118 2284 2419 2390; x_wconf 84' lang='lat' dir='ltr'><strong>SEV</strong></span> <span class='ocrx_word' id='word_1_55' title='bbox 2444 2348 2478 2384; x_wconf 86' lang='lat'><strong>.</strong></span> 
     </span>
    </p>
   </div>
   <div class='ocr_carea' id='block_1_23' title="bbox 2617 2280 3153 2388">
    <p class='ocr_par' dir='ltr' id='par_1_23' title="bbox 2617 2280 3153 2388">
     <span class='ocr_line' id='line_1_27' title="bbox 2617 2280 3153 2388; baseline -0.011 0"><span class='ocrx_word' id='word_1_56' title='bbox 2617 2280 3153 2388; x_wconf 79' lang='grc' dir='ltr'><strong>ΒΟΕΤΙΙ</strong></span> 
     </span>
    </p>
   </div>
   <div class='ocr_carea' id='block_1_24' title="bbox 1632 2516 2620 2647">
    <p class='ocr_par' dir='ltr' id='par_1_24' title="bbox 1632 2516 2620 2647">
     <span class='ocr_line' id='line_1_28' title="bbox 1632 2516 2620 2647; baseline -0.003 -2"><span class='ocrx_word' id='word_1_57' title='bbox 1632 2517 1877 2645; x_wconf 87' lang='lat' dir='ltr'><strong>DE</strong></span> <span class='ocrx_word' id='word_1_58' title='bbox 1967 2516 2620 2647; x_wconf 86' lang='lat' dir='ltr'><strong>MUSICA</strong></span> 
     </span>
    </p>
   </div>
   <div class='ocr_carea' id='block_1_25' title="bbox 1731 2719 2520 2814">
    <p class='ocr_par' dir='ltr' id='par_1_25' title="bbox 1731 2719 2520 2814">
     <span class='ocr_line' id='line_1_29' title="bbox 1731 2719 2520 2814; baseline 0 -19"><span class='ocrx_word' id='word_1_59' title='bbox 1731 2719 1997 2797; x_wconf 83' lang='lat' dir='ltr'><strong>LIBRI</strong></span> <span class='ocrx_word' id='word_1_60' title='bbox 2030 2719 2520 2814; x_wconf 84' lang='lat' dir='ltr'><strong>QUINQUE.</strong></span> 
     </span>
    </p>
   </div>
   <div class='ocr_carea' id='block_1_26' title="bbox 520 2962 3726 3030">
    <p class='ocr_par' dir='ltr' id='par_1_26' title="bbox 520 2962 3726 3030">
     <span class='ocr_line' id='line_1_30' title="bbox 520 2962 3726 3030; baseline -0.002 -11"><span class='ocrx_word' id='word_1_61' title='bbox 520 2970 639 3030; x_wconf 64' lang='lat' dir='ltr'><strong>Qum</strong></span> <span class='ocrx_word' id='word_1_62' title='bbox 662 2970 711 3019; x_wconf 92' lang='lat' dir='ltr'><strong>in</strong></span> <span class='ocrx_word' id='word_1_63' title='bbox 735 2969 953 3029; x_wconf 87' lang='lat' dir='ltr'><strong>margine</strong></span> <span class='ocrx_word' id='word_1_64' title='bbox 981 2965 1204 3015; x_wconf 68' lang='lat' dir='ltr'><strong>tllareani</strong></span> <span class='ocrx_word' id='word_1_65' title='bbox 1236 2965 1465 3015; x_wconf 80' lang='lat' dir='ltr'><strong>editionis</strong></span> <span class='ocrx_word' id='word_1_66' title='bbox 1484 2978 1513 3014; x_wconf 90' lang='lat' dir='ltr'><strong>e</strong></span> <span class='ocrx_word' id='word_1_67' title='bbox 1537 2967 1747 3027; x_wconf 83' lang='lat' dir='ltr'><strong>regione</strong></span> <span class='ocrx_word' id='word_1_68' title='bbox 1776 2968 1947 3013; x_wconf 81' lang='lat' dir='ltr'><strong>textus</strong></span> <span class='ocrx_word' id='word_1_69' title='bbox 1970 2968 2133 3013; x_wconf 86' lang='lat' dir='ltr'><strong>notata</strong></span> <span class='ocrx_word' id='word_1_70' title='bbox 2159 2967 2295 3025; x_wconf 87' lang='lat' dir='ltr'><strong>sunt,</strong></span> <span class='ocrx_word' id='word_1_71' title='bbox 2317 2975 2407 3011; x_wconf 87' lang='lat' dir='ltr'><strong>nos</strong></span> <span class='ocrx_word' id='word_1_72' title='bbox 2428 2962 2487 3012; x_wconf 89' lang='lat' dir='ltr'><strong>ad</strong></span> <span class='ocrx_word' id='word_1_73' title='bbox 2510 2962 2845 3013; x_wconf 87' lang='lat' dir='ltr'><strong>columnarum</strong></span> <span class='ocrx_word' id='word_1_74' title='bbox 2871 2972 3141 3014; x_wconf 84' lang='lat' dir='ltr'><strong>nostrarum</strong></span> <span class='ocrx_word' id='word_1_75' title='bbox 3164 2964 3350 3014; x_wconf 86' lang='lat' dir='ltr'><strong>calcem</strong></span> <span class='ocrx_word' id='word_1_76' title='bbox 3376 2968 3726 3029; x_wconf 66' lang='lat' dir='ltr'><strong>exscripsimus.</strong></span> 
     </span>
    </p>
   </div>
   <div class='ocr_carea' id='block_1_27' title="bbox 1612 3096 2595 3214">
    <p class='ocr_par' dir='ltr' id='par_1_27' title="bbox 1612 3096 2595 3214">
     <span class='ocr_line' id='line_1_31' title="bbox 1612 3096 2595 3214; baseline -0.003 0"><span class='ocrx_word' id='word_1_77' title='bbox 1612 3096 1992 3214; x_wconf 86' lang='lat' dir='ltr'><strong>LIBER</strong></span> <span class='ocrx_word' id='word_1_78' title='bbox 2069 3108 2595 3213; x_wconf 82' lang='lat' dir='ltr'><strong>PRIMUS.</strong></span> 
     </span>
    </p>
   </div>
   <div class='ocr_carea' id='block_1_28' title="bbox 1004 3303 1554 3362">
    <p class='ocr_par' dir='ltr' id='par_1_28' title="bbox 1004 3303 1554 3362">
     <span class='ocr_line' id='line_1_32' title="bbox 1004 3303 1554 3362; baseline -0.009 -1"><span class='ocrx_word' id='word_1_79' title='bbox 1004 3304 1230 3362; x_wconf 83' lang='lat' dir='ltr'><strong>CAPUT</strong></span> <span class='ocrx_word' id='word_1_80' title='bbox 1270 3303 1554 3360; x_wconf 81' lang='lat' dir='ltr'><strong>PRIMUM.</strong></span> 
     </span>
    </p>
   </div>
   <div class='ocr_carea' id='block_1_29' title="bbox 496 3396 2081 3464">
    <p class='ocr_par' dir='ltr' id='par_1_29' title="bbox 496 3396 2081 3464">
     <span class='ocr_line' id='line_1_33' title="bbox 496 3396 2081 3464; baseline -0.008 -8"><span class='ocrx_word' id='word_1_81' title='bbox 496 3399 747 3458; x_wconf 72' lang='lat' dir='ltr'><strong>Musicani</strong></span> <span class='ocrx_word' id='word_1_82' title='bbox 791 3397 1090 3451; x_wconf 75' lang='lat' dir='ltr'><strong>naturaliter</strong></span> <span class='ocrx_word' id='word_1_83' title='bbox 1125 3396 1265 3449; x_wconf 75' lang='lat' dir='ltr'><strong>nobis</strong></span> <span class='ocrx_word' id='word_1_84' title='bbox 1295 3412 1401 3449; x_wconf 85' lang='lat' dir='ltr'><strong>esse</strong></span> <span class='ocrx_word' id='word_1_85' title='bbox 1435 3402 1776 3464; x_wconf 66' lang='lat' dir='ltr'><strong>conjunctam,</strong></span> <span class='ocrx_word' id='word_1_86' title='bbox 1822 3403 1865 3444; x_wconf 88' lang='lat' dir='ltr'><strong>et</strong></span> <span class='ocrx_word' id='word_1_87' title='bbox 1916 3406 2081 3444; x_wconf 85' lang='lat' dir='ltr'><strong>mores</strong></span> 
     </span>
    </p>
   </div>
   <div class='ocr_carea' id='block_1_30' title="bbox 933 3486 1658 3540">
    <p class='ocr_par' dir='ltr' id='par_1_30' title="bbox 933 3486 1658 3540">
     <span class='ocr_line' id='line_1_34' title="bbox 933 3486 1658 3540; baseline -0.004 0"><span class='ocrx_word' id='word_1_88' title='bbox 933 3486 1007 3540; x_wconf 84' lang='lat' dir='ltr'><strong>vel</strong></span> <span class='ocrx_word' id='word_1_89' title='bbox 1037 3488 1300 3540; x_wconf 81' lang='lat' dir='ltr'><strong>honestare</strong></span> <span class='ocrx_word' id='word_1_90' title='bbox 1323 3488 1398 3539; x_wconf 81' lang='lat' dir='ltr'><strong>vel</strong></span> <span class='ocrx_word' id='word_1_91' title='bbox 1425 3496 1658 3539; x_wconf 73' lang='lat' dir='ltr'><strong>evertere.</strong></span> 
     </span>
    </p>
   </div>
   <div class='ocr_carea' id='block_1_31' title="bbox 565 3576 2084 3647">
    <p class='ocr_par' dir='ltr' id='par_1_31' title="bbox 565 3576 2084 3647">
     <span class='ocr_line' id='line_1_35' title="bbox 565 3576 2084 3647; baseline -0.003 -13"><span class='ocrx_word' id='word_1_92' title='bbox 565 3576 818 3634; x_wconf 87' lang='lat' dir='ltr'><strong>Omnium</strong></span> <span class='ocrx_word' id='word_1_93' title='bbox 848 3577 1061 3647; x_wconf 86' lang='lat' dir='ltr'><strong>quidem</strong></span> <span class='ocrx_word' id='word_1_94' title='bbox 1092 3578 1367 3647; x_wconf 76' lang='lat' dir='ltr'><strong>perceptio</strong></span> <span class='ocrx_word' id='word_1_95' title='bbox 1396 3592 1674 3642; x_wconf 82' lang='lat' dir='ltr'><strong>sensuum,</strong></span> <span class='ocrx_word' id='word_1_96' title='bbox 1706 3576 1777 3629; x_wconf 89' lang='lat' dir='ltr'><strong>ita</strong></span> <span class='ocrx_word' id='word_1_97' title='bbox 1810 3584 1998 3643; x_wconf 84' lang='lat' dir='ltr'><strong>sponte</strong></span> <span class='ocrx_word' id='word_1_98' title='bbox 2021 3589 2084 3629; x_wconf 92' lang='lat' dir='ltr'><strong>ac</strong></span> 
     </span>
    </p>
   </div>
   <div class='ocr_carea' id='block_1_32' title="bbox 494 3667 2085 3741">
    <p class='ocr_par' dir='ltr' id='par_1_32' title="bbox 494 3667 2085 3741">
     <span class='ocr_line' id='line_1_36' title="bbox 494 3667 2085 3741; baseline -0.004 -12"><span class='ocrx_word' id='word_1_99' title='bbox 494 3672 816 3730; x_wconf 88' lang='lat' dir='ltr'><strong>naturaliter</strong></span> <span class='ocrx_word' id='word_1_100' title='bbox 842 3672 1157 3741; x_wconf 83' lang='lat' dir='ltr'><strong>quibusdam</strong></span> <span class='ocrx_word' id='word_1_101' title='bbox 1189 3672 1495 3726; x_wconf 76' lang='lat' dir='ltr'><strong>viventibus</strong></span> <span class='ocrx_word' id='word_1_102' title='bbox 1536 3670 1708 3735; x_wconf 86' lang='lat' dir='ltr'><strong>adest,</strong></span> <span class='ocrx_word' id='word_1_103' title='bbox 1738 3680 1795 3722; x_wconf 94' lang='lat' dir='ltr'><strong>ut</strong></span> <span class='ocrx_word' id='word_1_104' title='bbox 1836 3670 1953 3741; x_wconf 84' lang='lat' dir='ltr'><strong>sine</strong></span> <span class='ocrx_word' id='word_1_105' title='bbox 2000 3667 2085 3722; x_wconf 89' lang='lat' dir='ltr'><strong>his</strong></span> 
     </span>
    </p>
   </div>
   <div class='ocr_carea' id='block_1_33' title="bbox 496 3761 2084 3834">
    <p class='ocr_par' dir='ltr' id='par_1_33' title="bbox 496 3761 2084 3834">
     <span class='ocr_line' id='line_1_37' title="bbox 496 3761 2084 3834; baseline -0.004 -13"><span class='ocrx_word' id='word_1_106' title='bbox 496 3766 694 3823; x_wconf 83' lang='lat' dir='ltr'><strong>animal</strong></span> <span class='ocrx_word' id='word_1_107' title='bbox 718 3780 821 3819; x_wconf 91' lang='lat' dir='ltr'><strong>non</strong></span> <span class='ocrx_word' id='word_1_108' title='bbox 849 3764 1018 3834; x_wconf 89' lang='lat' dir='ltr'><strong>possit</strong></span> <span class='ocrx_word' id='word_1_109' title='bbox 1043 3764 1285 3832; x_wconf 82' lang='lat' dir='ltr'><strong>intelligi.</strong></span> <span class='ocrx_word' id='word_1_110' title='bbox 1315 3763 1421 3818; x_wconf 87' lang='lat' dir='ltr'><strong>Sed</strong></span> <span class='ocrx_word' id='word_1_111' title='bbox 1461 3777 1565 3817; x_wconf 89' lang='lat' dir='ltr'><strong>non</strong></span> <span class='ocrx_word' id='word_1_112' title='bbox 1594 3776 1746 3831; x_wconf 60' lang='lat' dir='ltr'><strong>atque</strong></span> <span class='ocrx_word' id='word_1_113' title='bbox 1771 3761 2084 3816; x_wconf 81' lang='lat' dir='ltr'><strong>earumdem</strong></span> 
     </span>
    </p>
   </div>
   <div class='ocr_carea' id='block_1_34' title="bbox 496 3855 2085 3931">
    <p class='ocr_par' dir='ltr' id='par_1_34' title="bbox 496 3855 2085 3931">
     <span class='ocr_line' id='line_1_38' title="bbox 496 3855 2085 3931; baseline -0.007 -13"><span class='ocrx_word' id='word_1_114' title='bbox 496 3860 731 3931; x_wconf 76' lang='lat' dir='ltr'><strong>cognitio</strong></span> <span class='ocrx_word' id='word_1_115' title='bbox 758 3873 821 3913; x_wconf 90' lang='lat' dir='ltr'><strong>ac</strong></span> <span class='ocrx_word' id='word_1_116' title='bbox 853 3858 1001 3911; x_wconf 86' lang='lat' dir='ltr'><strong>firma</strong></span> <span class='ocrx_word' id='word_1_117' title='bbox 1038 3858 1310 3927; x_wconf 90' lang='lat' dir='ltr'><strong>perceptio</strong></span> <span class='ocrx_word' id='word_1_118' title='bbox 1337 3856 1497 3909; x_wconf 89' lang='lat' dir='ltr'><strong>animi</strong></span> <span class='ocrx_word' id='word_1_119' title='bbox 1532 3855 1942 3924; x_wconf 80' lang='lat' dir='ltr'><strong>investigatione</strong></span> <span class='ocrx_word' id='word_1_120' title='bbox 1969 3855 2085 3908; x_wconf 84' lang='lat' dir='ltr'><strong>col-</strong></span> 
     </span>
    </p>
   </div>
   <div class='ocr_carea' id='block_1_35' title="bbox 497 3947 2088 4022">
    <p class='ocr_par' dir='ltr' id='par_1_35' title="bbox 497 3947 2088 4022">
     <span class='ocr_line' id='line_1_39' title="bbox 497 3947 2088 4022; baseline -0.006 -14"><span class='ocrx_word' id='word_1_121' title='bbox 497 3952 701 4022; x_wconf 87' lang='lat' dir='ltr'><strong>ligitur.</strong></span> <span class='ocrx_word' id='word_1_122' title='bbox 734 3948 1079 4003; x_wconf 85' lang='lat' dir='ltr'><strong>illaboratum</strong></span> <span class='ocrx_word' id='word_1_123' title='bbox 1101 3958 1187 4004; x_wconf 90' lang='lat' dir='ltr'><strong>est</strong></span> <span class='ocrx_word' id='word_1_124' title='bbox 1208 3948 1351 4002; x_wconf 90' lang='lat' dir='ltr'><strong>enim</strong></span> <span class='ocrx_word' id='word_1_125' title='bbox 1380 3949 1517 4017; x_wconf 92' lang='lat' dir='ltr'><strong>quod</strong></span> <span class='ocrx_word' id='word_1_126' title='bbox 1544 3961 1759 4002; x_wconf 78' lang='lat' dir='ltr'><strong>sensum</strong></span> <span class='ocrx_word' id='word_1_127' title='bbox 1786 3947 2088 4015; x_wconf 89' lang='lat' dir='ltr'><strong>percipien-</strong></span> 
     </span>
    </p>
   </div>
   <div class='ocr_carea' id='block_1_36' title="bbox 498 4039 2089 4108">
    <p class='ocr_par' dir='ltr' id='par_1_36' title="bbox 498 4039 2089 4108">
     <span class='ocr_line' id='line_1_40' title="bbox 498 4039 2089 4108; baseline -0.004 -8"><span class='ocrx_word' id='word_1_128' title='bbox 498 4044 585 4101; x_wconf 85' lang='lat' dir='ltr'><strong>dis</strong></span> <span class='ocrx_word' id='word_1_129' title='bbox 609 4044 949 4099; x_wconf 90' lang='lat' dir='ltr'><strong>sensibilibus</strong></span> <span class='ocrx_word' id='word_1_130' title='bbox 981 4044 1141 4098; x_wconf 84' lang='lat' dir='ltr'><strong>rebus</strong></span> <span class='ocrx_word' id='word_1_131' title='bbox 1171 4042 1507 4096; x_wconf 80' lang='lat' dir='ltr'><strong>adhibemus.</strong></span> <span class='ocrx_word' id='word_1_132' title='bbox 1539 4041 1669 4107; x_wconf 69' lang='lat' dir='ltr'><strong>Qum</strong></span> <span class='ocrx_word' id='word_1_133' title='bbox 1696 4055 1827 4095; x_wconf 89' lang='lat' dir='ltr'><strong>vero</strong></span> <span class='ocrx_word' id='word_1_134' title='bbox 1858 4041 1927 4093; x_wconf 89' lang='lat' dir='ltr'><strong>sit</strong></span> <span class='ocrx_word' id='word_1_135' title='bbox 1952 4039 2089 4108; x_wconf 83' lang='lat' dir='ltr'><strong>ipso-</strong></span> 
     </span>
    </p>
   </div>
   <div class='ocr_carea' id='block_1_37' title="bbox 498 4132 2089 4200">
    <p class='ocr_par' dir='ltr' id='par_1_37' title="bbox 498 4132 2089 4200">
     <span class='ocr_line' id='line_1_41' title="bbox 498 4132 2089 4200; baseline -0.005 -8"><span class='ocrx_word' id='word_1_136' title='bbox 498 4145 619 4192; x_wconf 73' lang='lat' dir='ltr'><strong>rum</strong></span> <span class='ocrx_word' id='word_1_137' title='bbox 644 4148 895 4189; x_wconf 83' lang='lat' dir='ltr'><strong>sensuum</strong></span> <span class='ocrx_word' id='word_1_138' title='bbox 925 4132 1216 4187; x_wconf 90' lang='lat' dir='ltr'><strong>secundum</strong></span> <span class='ocrx_word' id='word_1_139' title='bbox 1249 4146 1383 4200; x_wconf 90' lang='lat' dir='ltr'><strong>quos</strong></span> <span class='ocrx_word' id='word_1_140' title='bbox 1412 4132 1616 4199; x_wconf 76' lang='lat' dir='ltr'><strong>agimus</strong></span> <span class='ocrx_word' id='word_1_141' title='bbox 1645 4140 1851 4196; x_wconf 87' lang='lat' dir='ltr'><strong>natura,</strong></span> <span class='ocrx_word' id='word_1_142' title='bbox 1884 4139 1939 4185; x_wconf 91' lang='lat' dir='ltr'><strong>et</strong></span> <span class='ocrx_word' id='word_1_143' title='bbox 1971 4144 2089 4199; x_wconf 69' lang='lat' dir='ltr'><strong>quae</strong></span> 
     </span>
    </p>
   </div>
   <div class='ocr_carea' id='block_1_38' title="bbox 500 4220 2088 4291">
    <p class='ocr_par' dir='ltr' id='par_1_38' title="bbox 500 4220 2088 4291">
     <span class='ocr_line' id='line_1_42' title="bbox 500 4220 2088 4291; baseline -0.004 -11"><span class='ocrx_word' id='word_1_144' title='bbox 500 4239 683 4280; x_wconf 81' lang='lat' dir='ltr'><strong>rerum</strong></span> <span class='ocrx_word' id='word_1_145' title='bbox 717 4222 1048 4277; x_wconf 87' lang='lat' dir='ltr'><strong>sensibilium</strong></span> <span class='ocrx_word' id='word_1_146' title='bbox 1081 4221 1403 4291; x_wconf 71' lang='lat' dir='ltr'><strong>proprietas,</strong></span> <span class='ocrx_word' id='word_1_147' title='bbox 1444 4220 1496 4275; x_wconf 89' lang='lat' dir='ltr'><strong>id</strong></span> <span class='ocrx_word' id='word_1_148' title='bbox 1528 4236 1632 4274; x_wconf 88' lang='lat' dir='ltr'><strong>non</strong></span> <span class='ocrx_word' id='word_1_149' title='bbox 1663 4220 1879 4273; x_wconf 90' lang='lat' dir='ltr'><strong>obvium</strong></span> <span class='ocrx_word' id='word_1_150' title='bbox 1914 4235 2088 4287; x_wconf 90' lang='lat' dir='ltr'><strong>neque</strong></span> 
     </span>
    </p>
   </div>
   <div class='ocr_carea' id='block_1_39' title="bbox 502 4310 2089 4382">
    <p class='ocr_par' dir='ltr' id='par_1_39' title="bbox 502 4310 2089 4382">
     <span class='ocr_line' id='line_1_43' title="bbox 502 4310 2089 4382; baseline -0.006 -11"><span class='ocrx_word' id='word_1_151' title='bbox 502 4313 1058 4382; x_wconf 85' lang='lat' dir='ltr'><strong>cuiltbetexplicabile</strong></span> <span class='ocrx_word' id='word_1_152' title='bbox 1080 4326 1199 4365; x_wconf 90' lang='lat' dir='ltr'><strong>esse</strong></span> <span class='ocrx_word' id='word_1_153' title='bbox 1232 4321 1426 4380; x_wconf 78' lang='lat' dir='ltr'><strong>potest,</strong></span> <span class='ocrx_word' id='word_1_154' title='bbox 1459 4310 1558 4364; x_wconf 90' lang='lat' dir='ltr'><strong>nisi</strong></span> <span class='ocrx_word' id='word_1_155' title='bbox 1582 4326 1739 4379; x_wconf 86' lang='lat' dir='ltr'><strong>quem</strong></span> <span class='ocrx_word' id='word_1_156' title='bbox 1764 4310 2089 4365; x_wconf 83' lang='lat' dir='ltr'><strong>conveniens</strong></span> 
     </span>
    </p>
   </div>
   <div class='ocr_carea' id='block_1_40' title="bbox 502 4402 2091 4473">
    <p class='ocr_par' dir='ltr' id='par_1_40' title="bbox 502 4402 2091 4473">
     <span class='ocr_line' id='line_1_44' title="bbox 502 4402 2091 4473; baseline -0.004 -10"><span class='ocrx_word' id='word_1_157' title='bbox 502 4405 846 4473; x_wconf 70' lang='lat' dir='ltr'><strong>investigatio</strong></span> <span class='ocrx_word' id='word_1_158' title='bbox 876 4404 1118 4459; x_wconf 81' lang='lat' dir='ltr'><strong>veritatis</strong></span> <span class='ocrx_word' id='word_1_159' title='bbox 1145 4404 1599 4471; x_wconf 74' lang='lat' dir='ltr'><strong>contemplatione</strong></span> <span class='ocrx_word' id='word_1_160' title='bbox 1622 4403 1899 4458; x_wconf 73' lang='lat' dir='ltr'><strong>direxerit.</strong></span> <span class='ocrx_word' id='word_1_161' title='bbox 1921 4402 2091 4457; x_wconf 85' lang='lat' dir='ltr'><strong>Adest</strong></span> 
     </span>
    </p>
   </div>
   <div class='ocr_carea' id='block_1_41' title="bbox 505 4496 2092 4566">
    <p class='ocr_par' dir='ltr' id='par_1_41' title="bbox 505 4496 2092 4566">
     <span class='ocr_line' id='line_1_45' title="bbox 505 4496 2092 4566; baseline -0.003 -12"><span class='ocrx_word' id='word_1_162' title='bbox 505 4500 648 4554; x_wconf 90' lang='lat' dir='ltr'><strong>enim</strong></span> <span class='ocrx_word' id='word_1_163' title='bbox 671 4500 875 4552; x_wconf 82' lang='lat' dir='ltr'><strong>cunctis</strong></span> <span class='ocrx_word' id='word_1_164' title='bbox 902 4496 1217 4551; x_wconf 87' lang='lat' dir='ltr'><strong>mortalibus</strong></span> <span class='ocrx_word' id='word_1_165' title='bbox 1237 4497 1400 4563; x_wconf 87' lang='lat' dir='ltr'><strong>visus,</strong></span> <span class='ocrx_word' id='word_1_166' title='bbox 1434 4497 1522 4566; x_wconf 89' lang='lat' dir='ltr'><strong>qui</strong></span> <span class='ocrx_word' id='word_1_167' title='bbox 1555 4506 1732 4551; x_wconf 90' lang='lat' dir='ltr'><strong>utrum</strong></span> <span class='ocrx_word' id='word_1_168' title='bbox 1756 4497 2092 4551; x_wconf 86' lang='lat' dir='ltr'><strong>venientibus</strong></span> 
     </span>
    </p>
   </div>
   <div class='ocr_carea' id='block_1_42' title="bbox 508 4588 2094 4659">
    <p class='ocr_par' dir='ltr' id='par_1_42' title="bbox 508 4588 2094 4659">
     <span class='ocr_line' id='line_1_46' title="bbox 508 4588 2094 4659; baseline -0.002 -16"><span class='ocrx_word' id='word_1_169' title='bbox 508 4591 575 4645; x_wconf 89' lang='lat' dir='ltr'><strong>ad</strong></span> <span class='ocrx_word' id='word_1_170' title='bbox 610 4591 778 4643; x_wconf 85' lang='lat' dir='ltr'><strong>visum</strong></span> <span class='ocrx_word' id='word_1_171' title='bbox 806 4588 1005 4659; x_wconf 83' lang='lat' dir='ltr'><strong>ﬁguris,</strong></span> <span class='ocrx_word' id='word_1_172' title='bbox 1043 4603 1110 4642; x_wconf 90' lang='lat' dir='ltr'><strong>an</strong></span> <span class='ocrx_word' id='word_1_173' title='bbox 1147 4589 1212 4643; x_wconf 90' lang='lat' dir='ltr'><strong>ad</strong></span> <span class='ocrx_word' id='word_1_174' title='bbox 1244 4588 1520 4643; x_wconf 82' lang='lat' dir='ltr'><strong>sensibilia</strong></span> <span class='ocrx_word' id='word_1_175' title='bbox 1550 4588 1712 4642; x_wconf 89' lang='lat' dir='ltr'><strong>radiis</strong></span> <span class='ocrx_word' id='word_1_176' title='bbox 1743 4588 1954 4642; x_wconf 86' lang='lat' dir='ltr'><strong>emissis</strong></span> <span class='ocrx_word' id='word_1_177' title='bbox 1976 4588 2094 4641; x_wconf 76' lang='lat' dir='ltr'><strong>elli-</strong></span> 
     </span>
    </p>
   </div>
   <div class='ocr_carea' id='block_1_43' title="bbox 2108 3286 3764 3369">
    <p class='ocr_par' dir='ltr' id='par_1_43' title="bbox 2108 3286 3764 3369">
     <span class='ocr_line' id='line_1_47' title="bbox 2108 3286 3764 3369; baseline 0.002 -18"><span class='ocrx_word' id='word_1_178' title='bbox 2108 3299 2155 3362; x_wconf 83' lang='lat' dir='ltr'><strong><em>C</em></strong></span> <span class='ocrx_word' id='word_1_179' title='bbox 2188 3312 2308 3351; x_wconf 90' lang='lat' dir='ltr'><strong>cum</strong></span> <span class='ocrx_word' id='word_1_180' title='bbox 2339 3297 2448 3350; x_wconf 90' lang='lat' dir='ltr'><strong>sint</strong></span> <span class='ocrx_word' id='word_1_181' title='bbox 2483 3306 2712 3366; x_wconf 90' lang='lat' dir='ltr'><strong>quatuor</strong></span> <span class='ocrx_word' id='word_1_182' title='bbox 2741 3298 3054 3353; x_wconf 82' lang='lat' dir='ltr'><strong>matheseos</strong></span> <span class='ocrx_word' id='word_1_183' title='bbox 3085 3298 3403 3369; x_wconf 62' lang='lat' dir='ltr'><strong>disciplina‘,</strong></span> <span class='ocrx_word' id='word_1_184' title='bbox 3433 3286 3639 3354; x_wconf 69' lang='lat' dir='ltr'><strong>creterze</strong></span> <span class='ocrx_word' id='word_1_185' title='bbox 3668 3301 3764 3367; x_wconf 70' lang='lat' dir='ltr'><strong>qui-</strong></span> 
     </span>
    </p>
   </div>
   <div class='ocr_carea' id='block_1_44' title="bbox 2187 3390 3764 3458">
    <p class='ocr_par' dir='ltr' id='par_1_44' title="bbox 2187 3390 3764 3458">
     <span class='ocr_line' id='line_1_48' title="bbox 2187 3390 3764 3458; baseline 0.002 -13"><span class='ocrx_word' id='word_1_186' title='bbox 2187 3390 2309 3445; x_wconf 88' lang='lat' dir='ltr'><strong>dem</strong></span> <span class='ocrx_word' id='word_1_187' title='bbox 2352 3390 2416 3441; x_wconf 92' lang='lat' dir='ltr'><strong>ad</strong></span> <span class='ocrx_word' id='word_1_188' title='bbox 2471 3391 2931 3458; x_wconf 71' lang='lat' dir='ltr'><strong>investigationem</strong></span> <span class='ocrx_word' id='word_1_189' title='bbox 2973 3392 3213 3446; x_wconf 75' lang='lat' dir='ltr'><strong>veritatis</strong></span> <span class='ocrx_word' id='word_1_190' title='bbox 3256 3393 3532 3458; x_wconf 85' lang='lat' dir='ltr'><strong>laborent;</strong></span> <span class='ocrx_word' id='word_1_191' title='bbox 3583 3394 3764 3448; x_wconf 67' lang='lat' dir='ltr'><strong>musica</strong></span> 
     </span>
    </p>
   </div>
   <div class='ocr_carea' id='block_1_45' title="bbox 2186 3484 3766 3551">
    <p class='ocr_par' dir='ltr' id='par_1_45' title="bbox 2186 3484 3766 3551">
     <span class='ocr_line' id='line_1_49' title="bbox 2186 3484 3766 3551; baseline 0.003 -17"><span class='ocrx_word' id='word_1_192' title='bbox 2186 3497 2317 3536; x_wconf 88' lang='lat' dir='ltr'><strong>vero</strong></span> <span class='ocrx_word' id='word_1_193' title='bbox 2341 3498 2447 3535; x_wconf 85' lang='lat' dir='ltr'><strong>non</strong></span> <span class='ocrx_word' id='word_1_194' title='bbox 2482 3484 2643 3535; x_wconf 93' lang='lat' dir='ltr'><strong>modo</strong></span> <span class='ocrx_word' id='word_1_195' title='bbox 2668 3484 3041 3551; x_wconf 89' lang='lat' dir='ltr'><strong>speculationi,</strong></span> <span class='ocrx_word' id='word_1_196' title='bbox 3073 3499 3261 3538; x_wconf 90' lang='lat' dir='ltr'><strong>verum</strong></span> <span class='ocrx_word' id='word_1_197' title='bbox 3297 3485 3458 3538; x_wconf 85' lang='lat' dir='ltr'><strong>etiam</strong></span> <span class='ocrx_word' id='word_1_198' title='bbox 3496 3486 3766 3539; x_wconf 87' lang='lat' dir='ltr'><strong>moralitati</strong></span> 
     </span>
    </p>
   </div>
   <div class='ocr_carea' id='block_1_46' title="bbox 2188 3572 3768 3648">
    <p class='ocr_par' dir='ltr' id='par_1_46' title="bbox 2188 3572 3768 3648">
     <span class='ocr_line' id='line_1_50' title="bbox 2188 3572 3768 3648; baseline -0.001 -18"><span class='ocrx_word' id='word_1_199' title='bbox 2188 3575 2475 3645; x_wconf 85' lang='lat' dir='ltr'><strong>conjuncta</strong></span> <span class='ocrx_word' id='word_1_200' title='bbox 2500 3576 2589 3629; x_wconf 86' lang='lat' dir='ltr'><strong>sit.</strong></span> <span class='ocrx_word' id='word_1_201' title='bbox 2622 3572 2799 3630; x_wconf 67' lang='lat' dir='ltr'><strong>Nihil‘l</strong></span> <span class='ocrx_word' id='word_1_202' title='bbox 2826 3588 2907 3630; x_wconf 86' lang='lat' dir='ltr'><strong>est</strong></span> <span class='ocrx_word' id='word_1_203' title='bbox 2936 3577 3078 3631; x_wconf 89' lang='lat' dir='ltr'><strong>enim</strong></span> <span class='ocrx_word' id='word_1_204' title='bbox 3107 3589 3211 3631; x_wconf 88' lang='lat' dir='ltr'><strong>tam</strong></span> <span class='ocrx_word' id='word_1_205' title='bbox 3241 3579 3513 3648; x_wconf 87' lang='lat' dir='ltr'><strong>pr0prium</strong></span> <span class='ocrx_word' id='word_1_206' title='bbox 3550 3588 3573 3614; x_wconf 71' lang='grc' dir='ltr'>ε</span> <span class='ocrx_word' id='word_1_207' title='bbox 3601 3579 3768 3631; x_wconf 80' lang='lat' dir='ltr'><strong>huma-</strong></span> 
     </span>
    </p>
   </div>
   <div class='ocr_carea' id='block_1_47' title="bbox 2190 3669 3768 3738">
    <p class='ocr_par' dir='ltr' id='par_1_47' title="bbox 2190 3669 3768 3738">
     <span class='ocr_line' id='line_1_51' title="bbox 2190 3669 3768 3738; baseline 0 -16"><span class='ocrx_word' id='word_1_208' title='bbox 2190 3669 2371 3733; x_wconf 88' lang='lat' dir='ltr'><strong>nitati,</strong></span> <span class='ocrx_word' id='word_1_209' title='bbox 2402 3683 2559 3736; x_wconf 90' lang='lat' dir='ltr'><strong>quam</strong></span> <span class='ocrx_word' id='word_1_210' title='bbox 2594 3669 2793 3722; x_wconf 86' lang='lat' dir='ltr'><strong>remitti</strong></span> <span class='ocrx_word' id='word_1_211' title='bbox 2822 3670 3069 3724; x_wconf 85' lang='lat' dir='ltr'><strong>dulcibus</strong></span> <span class='ocrx_word' id='word_1_212' title='bbox 3098 3669 3272 3723; x_wconf 90' lang='lat' dir='ltr'><strong>modis</strong></span> <span class='ocrx_word' id='word_1_213' title='bbox 3302 3670 3634 3738; x_wconf 73' lang='lat' dir='ltr'><strong>asuingique</strong></span> <span class='ocrx_word' id='word_1_214' title='bbox 3656 3680 3768 3723; x_wconf 82' lang='lat' dir='ltr'><strong>co‘n-</strong></span> 
     </span>
    </p>
   </div>
   <div class='ocr_carea' id='block_1_48' title="bbox 2191 3760 3769 3832">
    <p class='ocr_par' dir='ltr' id='par_1_48' title="bbox 2191 3760 3769 3832">
     <span class='ocr_line' id='line_1_52' title="bbox 2191 3760 3769 3832; baseline 0.001 -18"><span class='ocrx_word' id='word_1_215' title='bbox 2191 3762 2393 3815; x_wconf 89' lang='lat' dir='ltr'><strong>trariis.</strong></span> <span class='ocrx_word' id='word_1_216' title='bbox 2433 3760 2596 3829; x_wconf 88' lang='lat' dir='ltr'><strong>quue</strong></span> <span class='ocrx_word' id='word_1_217' title='bbox 2638 3777 2743 3815; x_wconf 92' lang='lat' dir='ltr'><strong>non</strong></span> <span class='ocrx_word' id='word_1_218' title='bbox 2790 3763 2952 3816; x_wconf 90' lang='lat' dir='ltr'><strong>modo</strong></span> <span class='ocrx_word' id='word_1_219' title='bbox 2993 3777 3113 3817; x_wconf 86' lang='lat' dir='ltr'><strong>sese</strong></span> <span class='ocrx_word' id='word_1_220' title='bbox 3146 3764 3196 3815; x_wconf 92' lang='lat' dir='ltr'><strong>in</strong></span> <span class='ocrx_word' id='word_1_221' title='bbox 3229 3764 3453 3832; x_wconf 82' lang='lat' dir='ltr'><strong>singulis</strong></span> <span class='ocrx_word' id='word_1_222' title='bbox 3479 3763 3564 3816; x_wconf 87' lang='lat' dir='ltr'><strong>vel</strong></span> <span class='ocrx_word' id='word_1_223' title='bbox 3595 3763 3769 3817; x_wconf 86' lang='lat' dir='ltr'><strong>studiis</strong></span> 
     </span>
    </p>
   </div>
   <div class='ocr_carea' id='block_1_49' title="bbox 2192 3852 3767 3923">
    <p class='ocr_par' dir='ltr' id='par_1_49' title="bbox 2192 3852 3767 3923">
     <span class='ocr_line' id='line_1_53' title="bbox 2192 3852 3767 3923; baseline 0.001 -17"><span class='ocrx_word' id='word_1_224' title='bbox 2192 3852 2275 3906; x_wconf 85' lang='lat' dir='ltr'><strong>vel</strong></span> <span class='ocrx_word' id='word_1_225' title='bbox 2308 3853 2559 3906; x_wconf 77' lang='lat' dir='ltr'><strong>:etatibus</strong></span> <span class='ocrx_word' id='word_1_226' title='bbox 2580 3860 2749 3919; x_wconf 90' lang='lat' dir='ltr'><strong>tenet,</strong></span> <span class='ocrx_word' id='word_1_227' title='bbox 2783 3868 2964 3907; x_wconf 86' lang='lat' dir='ltr'><strong>verum</strong></span> <span class='ocrx_word' id='word_1_228' title='bbox 2999 3868 3093 3923; x_wconf 90' lang='lat' dir='ltr'><strong>per</strong></span> <span class='ocrx_word' id='word_1_229' title='bbox 3115 3865 3307 3908; x_wconf 86' lang='lat' dir='ltr'><strong>cuncta</strong></span> <span class='ocrx_word' id='word_1_230' title='bbox 3340 3854 3654 3907; x_wconf 84' lang='lat' dir='ltr'><strong>dill‘unditur</strong></span> <span class='ocrx_word' id='word_1_231' title='bbox 3678 3866 3767 3907; x_wconf 89' lang='lat' dir='ltr'><strong>stu-</strong></span> 
     </span>
    </p>
   </div>
   <div class='ocr_carea' id='block_1_50' title="bbox 2191 3940 3773 4012">
    <p class='ocr_par' dir='ltr' id='par_1_50' title="bbox 2191 3940 3773 4012">
     <span class='ocr_line' id='line_1_54' title="bbox 2191 3940 3773 4012; baseline 0.001 -17"><span class='ocrx_word' id='word_1_232' title='bbox 2191 3940 2300 4005; x_wconf 87' lang='lat' dir='ltr'><strong>dia,</strong></span> <span class='ocrx_word' id='word_1_233' title='bbox 2334 3952 2389 3997; x_wconf 91' lang='lat' dir='ltr'><strong>et</strong></span> <span class='ocrx_word' id='word_1_234' title='bbox 2416 3942 2644 3997; x_wconf 73' lang='lat' dir='ltr'><strong>infantes</strong></span> <span class='ocrx_word' id='word_1_235' title='bbox 2675 3959 2737 3997; x_wconf 83' lang='lat' dir='ltr'><strong>ac</strong></span> <span class='ocrx_word' id='word_1_236' title='bbox 2773 3944 3021 4012; x_wconf 88' lang='lat' dir='ltr'><strong>juvenes,</strong></span> <span class='ocrx_word' id='word_1_237' title='bbox 3063 3960 3269 3998; x_wconf 82' lang='lat' dir='ltr'><strong>necnon</strong></span> <span class='ocrx_word' id='word_1_238' title='bbox 3299 3946 3461 3999; x_wconf 87' lang='lat' dir='ltr'><strong>etiam</strong></span> <span class='ocrx_word' id='word_1_239' title='bbox 3499 3959 3675 4010; x_wconf 84' lang='lat' dir='ltr'><strong>senes,</strong></span> <span class='ocrx_word' id='word_1_240' title='bbox 3708 3947 3773 3997; x_wconf 80' lang='lat' dir='ltr'><strong>ita</strong></span> 
     </span>
    </p>
   </div>
   <div class='ocr_carea' id='block_1_51' title="bbox 2194 4034 3771 4103">
    <p class='ocr_par' dir='ltr' id='par_1_51' title="bbox 2194 4034 3771 4103">
     <span class='ocr_line' id='line_1_55' title="bbox 2194 4034 3771 4103; baseline 0.001 -16"><span class='ocrx_word' id='word_1_241' title='bbox 2194 4034 2513 4087; x_wconf 87' lang='lat' dir='ltr'><strong>naturaliter</strong></span> <span class='ocrx_word' id='word_1_242' title='bbox 2544 4034 2735 4089; x_wconf 78' lang='lat' dir='ltr'><strong>atlectu</strong></span> <span class='ocrx_word' id='word_1_243' title='bbox 2767 4036 2996 4102; x_wconf 86' lang='lat' dir='ltr'><strong>quodam</strong></span> <span class='ocrx_word' id='word_1_244' title='bbox 3040 4052 3081 4103; x_wconf 70' lang='lat' dir='ltr'><strong>s;</strong></span> <span class='ocrx_word' id='word_1_245' title='bbox 3104 4045 3335 4092; x_wconf 85' lang='lat' dir='ltr'><strong>ontaneo</strong></span> <span class='ocrx_word' id='word_1_246' title='bbox 3364 4038 3541 4091; x_wconf 89' lang='lat' dir='ltr'><strong>modis</strong></span> <span class='ocrx_word' id='word_1_247' title='bbox 3571 4036 3771 4089; x_wconf 88' lang='lat' dir='ltr'><strong>musicis</strong></span> 
     </span>
    </p>
   </div>
   <div class='ocr_carea' id='block_1_52' title="bbox 2194 4125 3774 4198">
    <p class='ocr_par' dir='ltr' id='par_1_52' title="bbox 2194 4125 3774 4198">
     <span class='ocr_line' id='line_1_56' title="bbox 2194 4125 3774 4198; baseline 0.001 -19"><span class='ocrx_word' id='word_1_248' title='bbox 2194 4125 2578 4195; x_wconf 85' lang='lat' dir='ltr'><strong>adjunguntur,</strong></span> <span class='ocrx_word' id='word_1_249' title='bbox 2623 4138 2678 4179; x_wconf 90' lang='lat' dir='ltr'><strong>ut</strong></span> <span class='ocrx_word' id='word_1_250' title='bbox 2725 4128 2868 4181; x_wconf 86' lang='lat' dir='ltr'><strong>nulla</strong></span> <span class='ocrx_word' id='word_1_251' title='bbox 2900 4129 3119 4182; x_wconf 89' lang='lat' dir='ltr'><strong>omnino</strong></span> <span class='ocrx_word' id='word_1_252' title='bbox 3147 4130 3367 4183; x_wconf 70' lang='lat' dir='ltr'><strong>sitartas</strong></span> <span class='ocrx_word' id='word_1_253' title='bbox 3405 4145 3525 4198; x_wconf 70' lang='lat' dir='ltr'><strong>qua:</strong></span> <span class='ocrx_word' id='word_1_254' title='bbox 3563 4142 3592 4181; x_wconf 90' lang='lat' dir='ltr'><strong>a</strong></span> <span class='ocrx_word' id='word_1_255' title='bbox 3618 4128 3774 4183; x_wconf 77' lang='lat' dir='ltr'><strong>canti-</strong></span> 
     </span>
    </p>
   </div>
   <div class='ocr_carea' id='block_1_53' title="bbox 2193 4218 3777 4287">
    <p class='ocr_par' dir='ltr' id='par_1_53' title="bbox 2193 4218 3777 4287">
     <span class='ocr_line' id='line_1_57' title="bbox 2193 4218 3777 4287; baseline -0.001 -15"><span class='ocrx_word' id='word_1_256' title='bbox 2193 4218 2331 4272; x_wconf 79' lang='lat' dir='ltr'><strong>lena:</strong></span> <span class='ocrx_word' id='word_1_257' title='bbox 2361 4218 2531 4271; x_wconf 84' lang='lat' dir='ltr'><strong>dulcis</strong></span> <span class='ocrx_word' id='word_1_258' title='bbox 2562 4218 2919 4273; x_wconf 87' lang='lat' dir='ltr'><strong>delectatione</strong></span> <span class='ocrx_word' id='word_1_259' title='bbox 2949 4220 3187 4287; x_wconf 88' lang='lat' dir='ltr'><strong>sejuncta</strong></span> <span class='ocrx_word' id='word_1_260' title='bbox 3218 4225 3307 4275; x_wconf 66' lang='lat' dir='ltr'><strong>sit.</strong></span> <span class='ocrx_word' id='word_1_261' title='bbox 3350 4222 3483 4275; x_wconf 90' lang='lat' dir='ltr'><strong>llinc</strong></span> <span class='ocrx_word' id='word_1_262' title='bbox 3510 4223 3667 4275; x_wconf 86' lang='lat' dir='ltr'><strong>etiam</strong></span> <span class='ocrx_word' id='word_1_263' title='bbox 3703 4220 3777 4273; x_wconf 51' lang='lat' dir='ltr'><strong>in:</strong></span> 
     </span>
    </p>
   </div>
   <div class='ocr_carea' id='block_1_54' title="bbox 2195 4311 3773 4380">
    <p class='ocr_par' dir='ltr' id='par_1_54' title="bbox 2195 4311 3773 4380">
     <span class='ocr_line' id='line_1_58' title="bbox 2195 4311 3773 4380; baseline 0.001 -16"><span class='ocrx_word' id='word_1_264' title='bbox 2195 4311 2427 4364; x_wconf 90' lang='lat' dir='ltr'><strong>ternosci</strong></span> <span class='ocrx_word' id='word_1_265' title='bbox 2478 4318 2671 4380; x_wconf 89' lang='lat' dir='ltr'><strong>potest,</strong></span> <span class='ocrx_word' id='word_1_266' title='bbox 2701 4311 2841 4380; x_wconf 90' lang='lat' dir='ltr'><strong>quod</strong></span> <span class='ocrx_word' id='word_1_267' title='bbox 2884 4327 2987 4365; x_wconf 89' lang='lat' dir='ltr'><strong>non</strong></span> <span class='ocrx_word' id='word_1_268' title='bbox 3029 4312 3221 4367; x_wconf 88' lang='lat' dir='ltr'><strong>frustra</strong></span> <span class='ocrx_word' id='word_1_269' title='bbox 3265 4328 3292 4365; x_wconf 91' lang='lat' dir='ltr'><strong>a</strong></span> <span class='ocrx_word' id='word_1_270' title='bbox 3335 4314 3558 4369; x_wconf 85' lang='lat' dir='ltr'><strong>Platone</strong></span> <span class='ocrx_word' id='word_1_271' title='bbox 3586 4315 3773 4368; x_wconf 83' lang='lat' dir='ltr'><strong>dictum</strong></span> 
     </span>
    </p>
   </div>
   <div class='ocr_carea' id='block_1_55' title="bbox 2201 4400 3779 4469">
    <p class='ocr_par' dir='ltr' id='par_1_55' title="bbox 2201 4400 3779 4469">
     <span class='ocr_line' id='line_1_59' title="bbox 2201 4400 3779 4469; baseline 0.001 -11"><span class='ocrx_word' id='word_1_272' title='bbox 2201 4400 2222 4439; x_wconf 70' lang='grc' dir='ltr'>ί</span> <span class='ocrx_word' id='word_1_273' title='bbox 2258 4414 2361 4465; x_wconf 90' lang='lat' dir='ltr'><strong>est,</strong></span> <span class='ocrx_word' id='word_1_274' title='bbox 2413 4403 2596 4457; x_wconf 87' lang='lat' dir='ltr'><strong>mundi</strong></span> <span class='ocrx_word' id='word_1_275' title='bbox 2644 4408 2897 4469; x_wconf 82' lang='lat' dir='ltr'><strong>animant,</strong></span> <span class='ocrx_word' id='word_1_276' title='bbox 2945 4404 3147 4459; x_wconf 84' lang='lat' dir='ltr'><strong>musica</strong></span> <span class='ocrx_word' id='word_1_277' title='bbox 3198 4406 3574 4460; x_wconf 87' lang='lat' dir='ltr'><strong>convenientia</strong></span> <span class='ocrx_word' id='word_1_278' title='bbox 3627 4406 3779 4460; x_wconf 82' lang='lat' dir='ltr'><strong>fuisse</strong></span> 
     </span>
    </p>
   </div>
   <div class='ocr_carea' id='block_1_56' title="bbox 2198 4496 3777 4567">
    <p class='ocr_par' dir='ltr' id='par_1_56' title="bbox 2198 4496 3777 4567">
     <span class='ocr_line' id='line_1_60' title="bbox 2198 4496 3777 4567; baseline 0 -16"><span class='ocrx_word' id='word_1_279' title='bbox 2198 4506 2557 4561; x_wconf 87' lang='lat' dir='ltr'><strong>con_unctam.</strong></span> <span class='ocrx_word' id='word_1_280' title='bbox 2596 4496 2727 4551; x_wconf 92' lang='lat' dir='ltr'><strong>Cum</strong></span> <span class='ocrx_word' id='word_1_281' title='bbox 2758 4498 2899 4551; x_wconf 90' lang='lat' dir='ltr'><strong>enim</strong></span> <span class='ocrx_word' id='word_1_282' title='bbox 2940 4506 2963 4543; x_wconf 77' lang='grc' dir='ltr'><strong>ις</strong></span> <span class='ocrx_word' id='word_1_283' title='bbox 3002 4512 3067 4551; x_wconf 76' lang='lat' dir='ltr'><strong>ex</strong></span> <span class='ocrx_word' id='word_1_284' title='bbox 3115 4512 3180 4551; x_wconf 91' lang='lat' dir='ltr'><strong>eo</strong></span> <span class='ocrx_word' id='word_1_285' title='bbox 3217 4498 3360 4567; x_wconf 91' lang='lat' dir='ltr'><strong>quod</strong></span> <span class='ocrx_word' id='word_1_286' title='bbox 3404 4498 3455 4550; x_wconf 91' lang='lat' dir='ltr'><strong>in</strong></span> <span class='ocrx_word' id='word_1_287' title='bbox 3505 4500 3661 4552; x_wconf 68' lang='lat' dir='ltr'><strong>nobis</strong></span> <span class='ocrx_word' id='word_1_288' title='bbox 3705 4507 3777 4552; x_wconf 86' lang='lat' dir='ltr'><strong>est</strong></span> 
     </span>
    </p>
   </div>
   <div class='ocr_carea' id='block_1_57' title="bbox 2196 4590 3777 4659">
    <p class='ocr_par' dir='ltr' id='par_1_57' title="bbox 2196 4590 3777 4659">
     <span class='ocr_line' id='line_1_61' title="bbox 2196 4590 3777 4659; baseline -0.001 -15"><span class='ocrx_word' id='word_1_289' title='bbox 2196 4590 2437 4659; x_wconf 87' lang='lat' dir='ltr'><strong>junctum</strong></span> <span class='ocrx_word' id='word_1_290' title='bbox 2457 4590 2944 4659; x_wconf 78' lang='lat' dir='ltr'><strong>convenienterque</strong></span> <span class='ocrx_word' id='word_1_291' title='bbox 2961 4598 3291 4659; x_wconf 87' lang='lat' dir='ltr'><strong>coaptatum,</strong></span> <span class='ocrx_word' id='word_1_292' title='bbox 3323 4590 3450 4643; x_wconf 91' lang='lat' dir='ltr'><strong>illud</strong></span> <span class='ocrx_word' id='word_1_293' title='bbox 3472 4590 3777 4656; x_wconf 81' lang='lat' dir='ltr'><strong>excipimus,</strong></span> 
     </span>
    </p>
   </div>
   <div class='ocr_carea' id='block_1_58' title="bbox 509 4678 3781 4750">
    <p class='ocr_par' dir='ltr' id='par_1_58' title="bbox 509 4678 3781 4750">
     <span class='ocr_line' id='line_1_62' title="bbox 509 4678 3781 4750; baseline -0 -14"><span class='ocrx_word' id='word_1_294' title='bbox 509 4683 703 4747; x_wconf 87' lang='lat' dir='ltr'><strong>ciatur,</strong></span> <span class='ocrx_word' id='word_1_295' title='bbox 760 4680 899 4734; x_wconf 89' lang='lat' dir='ltr'><strong>inter</strong></span> <span class='ocrx_word' id='word_1_296' title='bbox 950 4683 1137 4734; x_wconf 84' lang='lat' dir='ltr'><strong>doctos</strong></span> <span class='ocrx_word' id='word_1_297' title='bbox 1181 4680 1395 4749; x_wconf 85' lang='lat' dir='ltr'><strong>quidem</strong></span> <span class='ocrx_word' id='word_1_298' title='bbox 1427 4679 1721 4734; x_wconf 79' lang='lat' dir='ltr'><strong>dubitabile</strong></span> <span class='ocrx_word' id='word_1_299' title='bbox 1764 4688 1867 4745; x_wconf 89' lang='lat' dir='ltr'><strong>est,</strong></span> <span class='ocrx_word' id='word_1_300' title='bbox 1905 4678 2096 4748; x_wconf 76' lang='lat' dir='ltr'><strong>vulgus</strong></span> <span class='ocrx_word' id='word_1_301' title='bbox 2124 4688 2177 4750; x_wconf 76' lang='grc' dir='ltr'><strong>ι)</strong></span> <span class='ocrx_word' id='word_1_302' title='bbox 2202 4681 2341 4750; x_wconf 88' lang='lat' dir='ltr'><strong>quod</strong></span> <span class='ocrx_word' id='word_1_303' title='bbox 2376 4681 2427 4734; x_wconf 92' lang='lat' dir='ltr'><strong>in</strong></span> <span class='ocrx_word' id='word_1_304' title='bbox 2451 4682 2597 4735; x_wconf 87' lang='lat' dir='ltr'><strong>sonis</strong></span> <span class='ocrx_word' id='word_1_305' title='bbox 2624 4692 2747 4750; x_wconf 89' lang='lat' dir='ltr'><strong>apte</strong></span> <span class='ocrx_word' id='word_1_306' title='bbox 2778 4682 3273 4748; x_wconf 84' lang='lat' dir='ltr'><strong>convenienterque</strong></span> <span class='ocrx_word' id='word_1_307' title='bbox 3314 4685 3658 4750; x_wconf 77' lang='lat' dir='ltr'><strong>cuujuuczum</strong></span> <span class='ocrx_word' id='word_1_308' title='bbox 3686 4693 3781 4746; x_wconf 74' lang='grc' dir='ltr'>εει,</span> 
     </span>
    </p>
   </div>
   <div class='ocr_carea' id='block_1_59' title="bbox 511 4770 2096 4845">
    <p class='ocr_par' dir='ltr' id='par_1_59' title="bbox 511 4770 2096 4845">
     <span class='ocr_line' id='line_1_63' title="bbox 511 4770 2096 4845; baseline -0.003 -16"><span class='ocrx_word' id='word_1_309' title='bbox 511 4788 726 4845; x_wconf 88' lang='lat' dir='ltr'><strong>quoque</strong></span> <span class='ocrx_word' id='word_1_310' title='bbox 778 4774 893 4841; x_wconf 88' lang='lat' dir='ltr'><strong>ipsa</strong></span> <span class='ocrx_word' id='word_1_311' title='bbox 948 4773 1208 4825; x_wconf 86' lang='lat' dir='ltr'><strong>dubitatio</strong></span> <span class='ocrx_word' id='word_1_312' title='bbox 1257 4773 1515 4841; x_wconf 77' lang='lat' dir='ltr'><strong>p::nterit.</strong></span> <span class='ocrx_word' id='word_1_313' title='bbox 1565 4772 1771 4825; x_wconf 85' lang='lat' dir='ltr'><strong>Rursus</strong></span> <span class='ocrx_word' id='word_1_314' title='bbox 1814 4787 1933 4826; x_wconf 90' lang='lat' dir='ltr'><strong>cum</strong></span> <span class='ocrx_word' id='word_1_315' title='bbox 1976 4770 2096 4840; x_wconf 87' lang='lat' dir='ltr'><strong>quis</strong></span> 
     </span>
    </p>
   </div>
   <div class='ocr_carea' id='block_1_60' title="bbox 510 4862 2099 4935">
    <p class='ocr_par' dir='ltr' id='par_1_60' title="bbox 510 4862 2099 4935">
     <span class='ocr_line' id='line_1_64' title="bbox 510 4862 2099 4935; baseline -0.001 -14"><span class='ocrx_word' id='word_1_316' title='bbox 510 4866 838 4935; x_wconf 83' lang='lat' dir='ltr'><strong>triaugulum</strong></span> <span class='ocrx_word' id='word_1_317' title='bbox 895 4862 1133 4930; x_wconf 83' lang='lat' dir='ltr'><strong>respicit,</strong></span> <span class='ocrx_word' id='word_1_318' title='bbox 1176 4864 1258 4917; x_wconf 90' lang='lat' dir='ltr'><strong>vel</strong></span> <span class='ocrx_word' id='word_1_319' title='bbox 1301 4864 1642 4931; x_wconf 88' lang='lat' dir='ltr'><strong>quadratum,</strong></span> <span class='ocrx_word' id='word_1_320' title='bbox 1685 4862 1839 4918; x_wconf 82' lang='lat' dir='ltr'><strong>facile</strong></span> <span class='ocrx_word' id='word_1_321' title='bbox 1870 4862 1919 4917; x_wconf 94' lang='lat' dir='ltr'><strong>id</strong></span> <span class='ocrx_word' id='word_1_322' title='bbox 1952 4862 2099 4933; x_wconf 90' lang='lat' dir='ltr'><strong>quod</strong></span> 
     </span>
    </p>
   </div>
   <div class='ocr_carea' id='block_1_61' title="bbox 514 4954 2097 5024">
    <p class='ocr_par' dir='ltr' id='par_1_61' title="bbox 514 4954 2097 5024">
     <span class='ocr_line' id='line_1_65' title="bbox 514 4954 2097 5024; baseline -0.003 -9"><span class='ocrx_word' id='word_1_323' title='bbox 514 4959 687 5015; x_wconf 88' lang='lat' dir='ltr'><strong>oculis</strong></span> <span class='ocrx_word' id='word_1_324' title='bbox 710 4955 979 5011; x_wconf 85' lang='lat' dir='ltr'><strong>invenitur</strong></span> <span class='ocrx_word' id='word_1_325' title='bbox 1024 4955 1285 5022; x_wconf 86' lang='lat' dir='ltr'><strong>agnoscit.</strong></span> <span class='ocrx_word' id='word_1_326' title='bbox 1322 4954 1427 5009; x_wconf 84' lang='lat' dir='ltr'><strong>Sed</strong></span> <span class='ocrx_word' id='word_1_327' title='bbox 1458 4968 1703 5024; x_wconf 78' lang='lat' dir='ltr'><strong>quamam</strong></span> <span class='ocrx_word' id='word_1_328' title='bbox 1739 4954 1985 5023; x_wconf 88' lang='lat' dir='ltr'><strong>trianguli</strong></span> <span class='ocrx_word' id='word_1_329' title='bbox 2016 4954 2097 5010; x_wconf 88' lang='lat' dir='ltr'><strong>vel</strong></span> 
     </span>
    </p>
   </div>
   <div class='ocr_carea' id='block_1_62' title="bbox 516 5036 2100 5124">
    <p class='ocr_par' dir='ltr' id='par_1_62' title="bbox 516 5036 2100 5124">
     <span class='ocr_line' id='line_1_66' title="bbox 516 5036 2100 5124; baseline -0.003 -18"><span class='ocrx_word' id='word_1_330' title='bbox 516 5052 760 5124; x_wconf 88' lang='lat' dir='ltr'><strong>quadrati</strong></span> <span class='ocrx_word' id='word_1_331' title='bbox 785 5058 854 5104; x_wconf 90' lang='lat' dir='ltr'><strong>st</strong></span> <span class='ocrx_word' id='word_1_332' title='bbox 884 5058 1097 5111; x_wconf 88' lang='lat' dir='ltr'><strong>natura,</strong></span> <span class='ocrx_word' id='word_1_333' title='bbox 1126 5061 1155 5099; x_wconf 92' lang='lat' dir='ltr'><strong>a</strong></span> <span class='ocrx_word' id='word_1_334' title='bbox 1178 5047 1554 5102; x_wconf 87' lang='lat' dir='ltr'><strong>mathematice</strong></span> <span class='ocrx_word' id='word_1_335' title='bbox 1582 5062 1801 5103; x_wconf 85' lang='lat' dir='ltr'><strong>necesse</strong></span> <span class='ocrx_word' id='word_1_336' title='bbox 1822 5036 1903 5102; x_wconf 80' lang='lat' dir='ltr'><strong>est</strong></span> <span class='ocrx_word' id='word_1_337' title='bbox 1934 5056 2100 5117; x_wconf 90' lang='lat' dir='ltr'><strong>petat.</strong></span> 
     </span>
    </p>
   </div>
   <div class='ocr_carea' id='block_1_63' title="bbox 516 5136 2106 5212">
    <p class='ocr_par' dir='ltr' id='par_1_63' title="bbox 516 5136 2106 5212">
     <span class='ocr_line' id='line_1_67' title="bbox 516 5136 2106 5212; baseline -0.002 -15"><span class='ocrx_word' id='word_1_338' title='bbox 516 5152 546 5182; x_wconf 72' lang='grc' dir='ltr'>ι</span> <span class='ocrx_word' id='word_1_339' title='bbox 581 5143 829 5212; x_wconf 88' lang='lat' dir='ltr'><strong>Idemque</strong></span> <span class='ocrx_word' id='word_1_340' title='bbox 851 5138 919 5195; x_wconf 90' lang='lat' dir='ltr'><strong>de</strong></span> <span class='ocrx_word' id='word_1_341' title='bbox 946 5138 1155 5193; x_wconf 87' lang='lat' dir='ltr'><strong>caeteris</strong></span> <span class='ocrx_word' id='word_1_342' title='bbox 1181 5136 1208 5175; x_wconf 73' lang='grc' dir='ltr'>δ</span> <span class='ocrx_word' id='word_1_343' title='bbox 1232 5138 1477 5193; x_wconf 86' lang='lat' dir='ltr'><strong>sensibus</strong></span> <span class='ocrx_word' id='word_1_344' title='bbox 1493 5138 1593 5193; x_wconf 91' lang='lat' dir='ltr'><strong>dici</strong></span> <span class='ocrx_word' id='word_1_345' title='bbox 1628 5148 1822 5209; x_wconf 91' lang='lat' dir='ltr'><strong>potest,</strong></span> <span class='ocrx_word' id='word_1_346' title='bbox 1848 5141 2106 5194; x_wconf 84' lang='lat' dir='ltr'><strong>maxime-</strong></span> 
     </span>
    </p>
   </div>
   <div class='ocr_carea' id='block_1_64' title="bbox 518 5230 2101 5307">
    <p class='ocr_par' dir='ltr' id='par_1_64' title="bbox 518 5230 2101 5307">
     <span class='ocr_line' id='line_1_68' title="bbox 518 5230 2101 5307; baseline -0.005 -16"><span class='ocrx_word' id='word_1_347' title='bbox 518 5250 623 5307; x_wconf 89' lang='lat' dir='ltr'><strong>que</strong></span> <span class='ocrx_word' id='word_1_348' title='bbox 658 5233 726 5290; x_wconf 90' lang='lat' dir='ltr'><strong>de</strong></span> <span class='ocrx_word' id='word_1_349' title='bbox 748 5231 971 5286; x_wconf 91' lang='lat' dir='ltr'><strong>arbitrio</strong></span> <span class='ocrx_word' id='word_1_350' title='bbox 1001 5231 1231 5296; x_wconf 91' lang='lat' dir='ltr'><strong>aurium,</strong></span> <span class='ocrx_word' id='word_1_351' title='bbox 1261 5244 1484 5299; x_wconf 88' lang='lat' dir='ltr'><strong>quarum</strong></span> <span class='ocrx_word' id='word_1_352' title='bbox 1513 5231 1590 5283; x_wconf 88' lang='lat' dir='ltr'><strong>vis</strong></span> <span class='ocrx_word' id='word_1_353' title='bbox 1614 5230 1683 5283; x_wconf 89' lang='lat' dir='ltr'><strong>ita</strong></span> <span class='ocrx_word' id='word_1_354' title='bbox 1714 5244 1875 5285; x_wconf 89' lang='lat' dir='ltr'><strong>sonos</strong></span> <span class='ocrx_word' id='word_1_355' title='bbox 1902 5238 2101 5299; x_wconf 84' lang='lat' dir='ltr'><strong>captat,</strong></span> 
     </span>
    </p>
   </div>
   <div class='ocr_carea' id='block_1_65' title="bbox 516 5320 2107 5391">
    <p class='ocr_par' dir='ltr' id='par_1_65' title="bbox 516 5320 2107 5391">
     <span class='ocr_line' id='line_1_69' title="bbox 516 5320 2107 5391; baseline -0.004 -9"><span class='ocrx_word' id='word_1_356' title='bbox 516 5338 580 5383; x_wconf 86' lang='lat' dir='ltr'><strong>ut</strong></span> <span class='ocrx_word' id='word_1_357' title='bbox 611 5342 719 5381; x_wconf 90' lang='lat' dir='ltr'><strong>non</strong></span> <span class='ocrx_word' id='word_1_358' title='bbox 759 5323 922 5378; x_wconf 90' lang='lat' dir='ltr'><strong>modo</strong></span> <span class='ocrx_word' id='word_1_359' title='bbox 950 5322 1015 5378; x_wconf 91' lang='lat' dir='ltr'><strong>de</strong></span> <span class='ocrx_word' id='word_1_360' title='bbox 1041 5322 1122 5376; x_wconf 92' lang='lat' dir='ltr'><strong>his</strong></span> <span class='ocrx_word' id='word_1_361' title='bbox 1145 5320 1401 5391; x_wconf 88' lang='lat' dir='ltr'><strong>judicium</strong></span> <span class='ocrx_word' id='word_1_362' title='bbox 1444 5320 1637 5388; x_wconf 88' lang='lat' dir='ltr'><strong>capiat,</strong></span> <span class='ocrx_word' id='word_1_363' title='bbox 1670 5320 2107 5391; x_wconf 76' lang='lat' dir='ltr'><strong>did‘erentiasque</strong></span> 
     </span>
    </p>
   </div>
   <div class='ocr_carea' id='block_1_66' title="bbox 520 5415 2107 5490">
    <p class='ocr_par' dir='ltr' id='par_1_66' title="bbox 520 5415 2107 5490">
     <span class='ocr_line' id='line_1_70' title="bbox 520 5415 2107 5490; baseline -0.003 -14"><span class='ocrx_word' id='word_1_364' title='bbox 520 5426 832 5490; x_wconf 84' lang='lat' dir='ltr'><strong>cognoscat,</strong></span> <span class='ocrx_word' id='word_1_365' title='bbox 861 5432 1051 5473; x_wconf 79' lang='lat' dir='ltr'><strong>verum</strong></span> <span class='ocrx_word' id='word_1_366' title='bbox 1074 5416 1235 5473; x_wconf 83' lang='lat' dir='ltr'><strong>etiam</strong></span> <span class='ocrx_word' id='word_1_367' title='bbox 1268 5415 1565 5471; x_wconf 83' lang='lat' dir='ltr'><strong>delectetur</strong></span> <span class='ocrx_word' id='word_1_368' title='bbox 1589 5416 1807 5487; x_wconf 71' lang='lat' dir='ltr'><strong>saapius,</strong></span> <span class='ocrx_word' id='word_1_369' title='bbox 1840 5416 1884 5470; x_wconf 87' lang='lat' dir='ltr'><strong>si</strong></span> <span class='ocrx_word' id='word_1_370' title='bbox 1926 5416 2107 5471; x_wconf 80' lang='lat' dir='ltr'><strong>dulces</strong></span> 
     </span>
    </p>
   </div>
   <div class='ocr_carea' id='block_1_67' title="bbox 490 5511 2109 5582">
    <p class='ocr_par' dir='ltr' id='par_1_67' title="bbox 490 5511 2109 5582">
     <span class='ocr_line' id='line_1_71' title="bbox 490 5511 2109 5582; baseline -0.002 -13"><span class='ocrx_word' id='word_1_371' title='bbox 490 5511 861 5582; x_wconf 11' lang='lat' dir='ltr'><strong>acoaptatique</strong></span> <span class='ocrx_word' id='word_1_372' title='bbox 901 5511 1043 5565; x_wconf 92' lang='lat' dir='ltr'><strong>modi</strong></span> <span class='ocrx_word' id='word_1_373' title='bbox 1098 5512 1225 5575; x_wconf 91' lang='lat' dir='ltr'><strong>sint,</strong></span> <span class='ocrx_word' id='word_1_374' title='bbox 1278 5522 1504 5580; x_wconf 82' lang='lat' dir='ltr'><strong>angatur</strong></span> <span class='ocrx_word' id='word_1_375' title='bbox 1557 5526 1705 5577; x_wconf 90' lang='lat' dir='ltr'><strong>vero,</strong></span> <span class='ocrx_word' id='word_1_376' title='bbox 1761 5512 1803 5566; x_wconf 90' lang='lat' dir='ltr'><strong>si</strong></span> <span class='ocrx_word' id='word_1_377' title='bbox 1863 5512 2109 5582; x_wconf 83' lang='lat' dir='ltr'><strong>dissipati</strong></span> 
     </span>
    </p>
   </div>
   <div class='ocr_carea' id='block_1_68' title="bbox 518 5604 2110 5677">
    <p class='ocr_par' dir='ltr' id='par_1_68' title="bbox 518 5604 2110 5677">
     <span class='ocr_line' id='line_1_72' title="bbox 518 5604 2110 5677; baseline 0.002 -19"><span class='ocrx_word' id='word_1_378' title='bbox 518 5612 684 5677; x_wconf 75' lang='lat' dir='ltr'><strong>atque</strong></span> <span class='ocrx_word' id='word_1_379' title='bbox 717 5604 1106 5659; x_wconf 63' lang='lat' dir='ltr'><strong>incoltaarentcs</strong></span> <span class='ocrx_word' id='word_1_380' title='bbox 1140 5614 1161 5642; x_wconf 77' lang='grc' dir='ltr'><strong>ε</strong></span> <span class='ocrx_word' id='word_1_381' title='bbox 1196 5604 1389 5659; x_wconf 84' lang='lat' dir='ltr'><strong>feriant</strong></span> <span class='ocrx_word' id='word_1_382' title='bbox 1434 5619 1668 5659; x_wconf 87' lang='lat' dir='ltr'><strong>sensum.</strong></span> <span class='ocrx_word' id='word_1_383' title='bbox 1726 5604 1879 5661; x_wconf 90' lang='lat' dir='ltr'><strong>Unde</strong></span> <span class='ocrx_word' id='word_1_384' title='bbox 1920 5604 2000 5671; x_wconf 83' lang='lat' dir='ltr'><strong>ﬁt,</strong></span> <span class='ocrx_word' id='word_1_385' title='bbox 2052 5616 2110 5661; x_wconf 90' lang='lat' dir='ltr'><strong>ut</strong></span> 
     </span>
    </p>
   </div>
   <div class='ocr_carea' id='block_1_69' title="bbox 1111 5810 1522 5865">
    <p class='ocr_par' dir='ltr' id='par_1_69' title="bbox 1111 5810 1522 5865">
     <span class='ocr_line' id='line_1_73' title="bbox 1111 5810 1522 5865; baseline 0.002 -1"><span class='ocrx_word' id='word_1_386' title='bbox 1111 5810 1137 5845; x_wconf 77' lang='grc' dir='ltr'><strong>ι’</strong></span> <span class='ocrx_word' id='word_1_387' title='bbox 1163 5810 1522 5865; x_wconf 79' lang='lat' dir='ltr'><strong>Semibilibus.</strong></span> 
     </span>
    </p>
   </div>
   <div class='ocr_carea' id='block_1_70' title="bbox 528 5810 1591 5952">
    <p class='ocr_par' dir='ltr' id='par_1_70' title="bbox 528 5810 1591 5952">
     <span class='ocr_line' id='line_1_74' title="bbox 528 5810 1522 5879; baseline 0.001 -15"><span class='ocrx_word' id='word_1_388' title='bbox 528 5830 542 5844; x_wconf 79' lang='grc' dir='ltr'><strong><em>ο</em></strong></span> <span class='ocrx_word' id='word_1_389' title='bbox 602 5810 798 5864; x_wconf 62' lang='lat' dir='ltr'><strong>‘Idem</strong></span> <span class='ocrx_word' id='word_1_390' title='bbox 818 5827 1032 5879; x_wconf 78' lang='lat' dir='ltr'><strong>quoque.</strong></span> <span class='ocrx_word' id='word_1_391' title='bbox 1111 5810 1522 5865; x_wconf 76' lang='lat' dir='ltr'><strong>1&#39;Scnsibilibus.</strong></span> 
     </span>
     <span class='ocr_line' id='line_1_75' title="bbox 531 5878 1591 5952; baseline 0 -15"><span class='ocrx_word' id='word_1_392' title='bbox 531 5883 562 5922; x_wconf 68' lang='grc' dir='ltr'>δ</span> <span class='ocrx_word' id='word_1_393' title='bbox 591 5880 945 5951; x_wconf 69' lang='lat' dir='ltr'><strong>Comparatos.</strong></span> <span class='ocrx_word' id='word_1_394' title='bbox 1028 5878 1045 5918; x_wconf 78' lang='grc' dir='ltr'>ί</span> <span class='ocrx_word' id='word_1_395' title='bbox 1091 5879 1220 5934; x_wconf 82' lang='lat' dir='ltr'><strong>Vero</strong></span> <span class='ocrx_word' id='word_1_396' title='bbox 1247 5896 1351 5937; x_wconf 92' lang='lat' dir='ltr'><strong>non</strong></span> <span class='ocrx_word' id='word_1_397' title='bbox 1382 5883 1591 5952; x_wconf 88' lang='lat' dir='ltr'><strong>legitur.</strong></span> 
     </span>
    </p>
   </div>
   <div class='ocr_carea' id='block_1_71' title="bbox 531 5880 945 5951">
    <p class='ocr_par' dir='ltr' id='par_1_71' title="bbox 531 5880 945 5951">
     <span class='ocr_line' id='line_1_76' title="bbox 531 5880 945 5951; baseline -0.01 -14"><span class='ocrx_word' id='word_1_398' title='bbox 531 5883 562 5922; x_wconf 68' lang='grc' dir='ltr'>δ</span> <span class='ocrx_word' id='word_1_399' title='bbox 591 5880 711 5937; x_wconf 87' lang='lat' dir='ltr'><strong>Com</strong></span> <span class='ocrx_word' id='word_1_400' title='bbox 720 5890 945 5951; x_wconf 69' lang='lat' dir='ltr'><strong>paratos.</strong></span> 
     </span>
    </p>
   </div>
   <div class='ocr_carea' id='block_1_72' title="bbox 1607 5809 1889 5866">
    <p class='ocr_par' dir='ltr' id='par_1_72' title="bbox 1607 5809 1889 5866">
     <span class='ocr_line' id='line_1_77' title="bbox 1607 5809 1889 5866; baseline 0.004 -3"><span class='ocrx_word' id='word_1_401' title='bbox 1607 5822 1626 5849; x_wconf 71' lang='grc' dir='ltr'><strong><em>ο</em></strong></span> <span class='ocrx_word' id='word_1_402' title='bbox 1662 5809 1889 5866; x_wconf 83' lang='lat' dir='ltr'><strong>Ferient.</strong></span> 
     </span>
    </p>
   </div>
   <div class='ocr_carea' id='block_1_73' title="bbox 1968 5808 2487 5883">
    <p class='ocr_par' dir='ltr' id='par_1_73' title="bbox 1968 5808 2487 5883">
     <span class='ocr_line' id='line_1_78' title="bbox 1968 5808 2487 5883; baseline 0.01 -19"><span class='ocrx_word' id='word_1_403' title='bbox 1968 5808 1991 5849; x_wconf 71' lang='grc' dir='ltr'><em>δ</em></span> <span class='ocrx_word' id='word_1_404' title='bbox 2024 5810 2115 5865; x_wconf 82' lang='lat' dir='ltr'><strong>Est</strong></span> <span class='ocrx_word' id='word_1_405' title='bbox 2140 5824 2247 5867; x_wconf 90' lang='lat' dir='ltr'><strong>non</strong></span> <span class='ocrx_word' id='word_1_406' title='bbox 2276 5811 2487 5883; x_wconf 78' lang='lat' dir='ltr'><strong>legitur.</strong></span> 
     </span>
    </p>
   </div>
   <div class='ocr_carea' id='block_1_74' title="bbox 2202 4771 3784 4843">
    <p class='ocr_par' dir='ltr' id='par_1_74' title="bbox 2202 4771 3784 4843">
     <span class='ocr_line' id='line_1_79' title="bbox 2202 4771 3784 4843; baseline -0.001 -19"><span class='ocrx_word' id='word_1_407' title='bbox 2202 4786 2372 4839; x_wconf 76' lang='lat' dir='ltr'><strong>eoque</strong></span> <span class='ocrx_word' id='word_1_408' title='bbox 2399 4771 2748 4838; x_wconf 81' lang='lat' dir='ltr'><strong>delectamur,</strong></span> <span class='ocrx_word' id='word_1_409' title='bbox 2783 4788 2881 4828; x_wconf 88' lang='lat' dir='ltr'><strong>nos</strong></span> <span class='ocrx_word' id='word_1_410' title='bbox 2910 4788 3121 4843; x_wconf 92' lang='lat' dir='ltr'><strong>quoque</strong></span> <span class='ocrx_word' id='word_1_411' title='bbox 3150 4775 3295 4843; x_wconf 82' lang='lat' dir='ltr'><strong>ipsos</strong></span> <span class='ocrx_word' id='word_1_412' title='bbox 3325 4776 3511 4827; x_wconf 89' lang='lat' dir='ltr'><strong>eadem</strong></span> <span class='ocrx_word' id='word_1_413' title='bbox 3546 4775 3784 4827; x_wconf 80' lang='lat' dir='ltr'><strong>similitu-</strong></span> 
     </span>
    </p>
   </div>
   <div class='ocr_carea' id='block_1_75' title="bbox 2204 4862 3785 4935">
    <p class='ocr_par' dir='ltr' id='par_1_75' title="bbox 2204 4862 3785 4935">
     <span class='ocr_line' id='line_1_80' title="bbox 2204 4862 3785 4935; baseline 0.001 -18"><span class='ocrx_word' id='word_1_414' title='bbox 2204 4863 2327 4917; x_wconf 91' lang='lat' dir='ltr'><strong>dine</strong></span> <span class='ocrx_word' id='word_1_415' title='bbox 2362 4862 2389 4899; x_wconf 71' lang='grc' dir='ltr'><strong>ιι</strong></span> <span class='ocrx_word' id='word_1_416' title='bbox 2418 4872 2725 4930; x_wconf 73' lang='lat' dir='ltr'><strong>compactos</strong></span> <span class='ocrx_word' id='word_1_417' title='bbox 2765 4880 2884 4920; x_wconf 88' lang='lat' dir='ltr'><strong>esse</strong></span> <span class='ocrx_word' id='word_1_418' title='bbox 2910 4868 3299 4935; x_wconf 86' lang='lat' dir='ltr'><strong>cognoscimus.</strong></span> <span class='ocrx_word' id='word_1_419' title='bbox 3331 4867 3513 4921; x_wconf 86' lang='lat' dir='ltr'><strong>Amica</strong></span> <span class='ocrx_word' id='word_1_420' title='bbox 3546 4881 3627 4922; x_wconf 76' lang='lat' dir='ltr'><strong>esr</strong></span> <span class='ocrx_word' id='word_1_421' title='bbox 3655 4866 3785 4921; x_wconf 84' lang='lat' dir='ltr'><strong>enim</strong></span> 
     </span>
    </p>
   </div>
   <div class='ocr_carea' id='block_1_76' title="bbox 2207 4957 3789 5029">
    <p class='ocr_par' dir='ltr' id='par_1_76' title="bbox 2207 4957 3789 5029">
     <span class='ocr_line' id='line_1_81' title="bbox 2207 4957 3789 5029; baseline 0.001 -18"><span class='ocrx_word' id='word_1_422' title='bbox 2207 4957 2522 5011; x_wconf 88' lang='lat' dir='ltr'><strong>similitudo.</strong></span> <span class='ocrx_word' id='word_1_423' title='bbox 2560 4957 2945 5012; x_wconf 85' lang='lat' dir='ltr'><strong>Dissimilitudo</strong></span> <span class='ocrx_word' id='word_1_424' title='bbox 2980 4959 2995 4996; x_wconf 77' lang='grc' dir='ltr'><strong>ί</strong></span> <span class='ocrx_word' id='word_1_425' title='bbox 3031 4976 3157 5015; x_wconf 88' lang='lat' dir='ltr'><strong>vero</strong></span> <span class='ocrx_word' id='word_1_426' title='bbox 3184 4960 3368 5014; x_wconf 80' lang='lat' dir='ltr'><strong>odiosa</strong></span> <span class='ocrx_word' id='word_1_427' title='bbox 3398 4971 3557 5029; x_wconf 89' lang='lat' dir='ltr'><strong>atque</strong></span> <span class='ocrx_word' id='word_1_428' title='bbox 3585 4972 3789 5015; x_wconf 59' lang='lat' dir='ltr'><strong>contra.</strong></span> 
     </span>
    </p>
   </div>
   <div class='ocr_carea' id='block_1_77' title="bbox 2208 5053 3792 5126">
    <p class='ocr_par' dir='ltr' id='par_1_77' title="bbox 2208 5053 3792 5126">
     <span class='ocr_line' id='line_1_82' title="bbox 2208 5053 3792 5126; baseline -0.001 -18"><span class='ocrx_word' id='word_1_429' title='bbox 2208 5053 2307 5108; x_wconf 88' lang='lat' dir='ltr'><strong>ria.</strong></span> <span class='ocrx_word' id='word_1_430' title='bbox 2336 5053 2469 5109; x_wconf 81' lang='lat' dir='ltr'><strong>Hinc</strong></span> <span class='ocrx_word' id='word_1_431' title='bbox 2487 5055 2644 5108; x_wconf 90' lang='lat' dir='ltr'><strong>etiam</strong></span> <span class='ocrx_word' id='word_1_432' title='bbox 2670 5071 2875 5109; x_wconf 81' lang='lat' dir='ltr'><strong>mmum</strong></span> <span class='ocrx_word' id='word_1_433' title='bbox 2899 5068 3111 5126; x_wconf 81' lang='lat' dir='ltr'><strong>quoque</strong></span> <span class='ocrx_word' id='word_1_434' title='bbox 3129 5056 3357 5110; x_wconf 79' lang='lat' dir='ltr'><strong>maxime</strong></span> <span class='ocrx_word' id='word_1_435' title='bbox 3382 5056 3792 5124; x_wconf 75' lang='lat' dir='ltr'><strong>permutatioues</strong></span> 
     </span>
    </p>
   </div>
   <div class='ocr_carea' id='block_1_78' title="bbox 2212 5145 3793 5217">
    <p class='ocr_par' dir='ltr' id='par_1_78' title="bbox 2212 5145 3793 5217">
     <span class='ocr_line' id='line_1_83' title="bbox 2212 5145 3793 5217; baseline -0.001 -18"><span class='ocrx_word' id='word_1_436' title='bbox 2212 5146 2365 5199; x_wconf 88' lang='lat' dir='ltr'><strong>liunt.</strong></span> <span class='ocrx_word' id='word_1_437' title='bbox 2391 5145 2648 5200; x_wconf 86' lang='lat' dir='ltr'><strong>Lascivus</strong></span> <span class='ocrx_word' id='word_1_438' title='bbox 2678 5147 2873 5216; x_wconf 91' lang='lat' dir='ltr'><strong>quippe</strong></span> <span class='ocrx_word' id='word_1_439' title='bbox 2902 5148 3133 5215; x_wconf 89' lang='lat' dir='ltr'><strong>animus,</strong></span> <span class='ocrx_word' id='word_1_440' title='bbox 3164 5147 3247 5201; x_wconf 84' lang='lat' dir='ltr'><strong>vel</strong></span> <span class='ocrx_word' id='word_1_441' title='bbox 3284 5150 3397 5217; x_wconf 87' lang='lat' dir='ltr'><strong>ipse</strong></span> <span class='ocrx_word' id='word_1_442' title='bbox 3427 5147 3793 5202; x_wconf 84' lang='lat' dir='ltr'><strong>lascivioribus</strong></span> 
     </span>
    </p>
   </div>
   <div class='ocr_carea' id='block_1_79' title="bbox 2209 5236 3795 5308">
    <p class='ocr_par' dir='ltr' id='par_1_79' title="bbox 2209 5236 3795 5308">
     <span class='ocr_line' id='line_1_84' title="bbox 2209 5236 3795 5308; baseline 0.001 -18"><span class='ocrx_word' id='word_1_443' title='bbox 2209 5236 2505 5291; x_wconf 87' lang='lat' dir='ltr'><strong>delectatur</strong></span> <span class='ocrx_word' id='word_1_444' title='bbox 2532 5238 2726 5305; x_wconf 90' lang='lat' dir='ltr'><strong>modis,</strong></span> <span class='ocrx_word' id='word_1_445' title='bbox 2748 5239 2828 5293; x_wconf 87' lang='lat' dir='ltr'><strong>vel</strong></span> <span class='ocrx_word' id='word_1_446' title='bbox 2858 5254 2928 5293; x_wconf 77' lang='lat' dir='ltr'><strong>sa:</strong></span> <span class='ocrx_word' id='word_1_447' title='bbox 2936 5254 3001 5308; x_wconf 89' lang='lat' dir='ltr'><strong>pe</strong></span> <span class='ocrx_word' id='word_1_448' title='bbox 3022 5240 3236 5294; x_wconf 82' lang='lat' dir='ltr'><strong>eosdem</strong></span> <span class='ocrx_word' id='word_1_449' title='bbox 3260 5240 3482 5295; x_wconf 89' lang='lat' dir='ltr'><strong>audiens</strong></span> <span class='ocrx_word' id='word_1_450' title='bbox 3497 5242 3603 5294; x_wconf 87' lang='lat' dir='ltr'><strong>cito</strong></span> <span class='ocrx_word' id='word_1_451' title='bbox 3628 5242 3795 5293; x_wconf 86' lang='lat' dir='ltr'><strong>emol-</strong></span> 
     </span>
    </p>
   </div>
   <div class='ocr_carea' id='block_1_80' title="bbox 2210 5327 3798 5401">
    <p class='ocr_par' dir='ltr' id='par_1_80' title="bbox 2210 5327 3798 5401">
     <span class='ocr_line' id='line_1_85' title="bbox 2210 5327 3798 5401; baseline 0.003 -19"><span class='ocrx_word' id='word_1_452' title='bbox 2210 5327 2358 5394; x_wconf 87' lang='lat' dir='ltr'><strong>litur,</strong></span> <span class='ocrx_word' id='word_1_453' title='bbox 2392 5338 2444 5383; x_wconf 88' lang='lat' dir='ltr'><strong>at</strong></span> <span class='ocrx_word' id='word_1_454' title='bbox 2476 5329 2750 5400; x_wconf 78' lang='lat' dir='ltr'><strong>frangitur.</strong></span> <span class='ocrx_word' id='word_1_455' title='bbox 2788 5330 2991 5385; x_wconf 84' lang='lat' dir='ltr'><strong>Rursus</strong></span> <span class='ocrx_word' id='word_1_456' title='bbox 3036 5332 3277 5401; x_wconf 88' lang='lat' dir='ltr'><strong>asperior</strong></span> <span class='ocrx_word' id='word_1_457' title='bbox 3304 5348 3456 5387; x_wconf 89' lang='lat' dir='ltr'><strong>mens</strong></span> <span class='ocrx_word' id='word_1_458' title='bbox 3482 5335 3560 5387; x_wconf 84' lang='lat' dir='ltr'><strong>vel</strong></span> <span class='ocrx_word' id='word_1_459' title='bbox 3610 5334 3798 5387; x_wconf 80' lang='lat' dir='ltr'><strong>incita-</strong></span> 
     </span>
    </p>
   </div>
   <div class='ocr_carea' id='block_1_81' title="bbox 2214 5424 3799 5495">
    <p class='ocr_par' dir='ltr' id='par_1_81' title="bbox 2214 5424 3799 5495">
     <span class='ocr_line' id='line_1_86' title="bbox 2214 5424 3799 5495; baseline 0.001 -17"><span class='ocrx_word' id='word_1_460' title='bbox 2214 5424 2440 5478; x_wconf 86' lang='lat' dir='ltr'><strong>tioribus</strong></span> <span class='ocrx_word' id='word_1_461' title='bbox 2484 5426 2700 5495; x_wconf 86' lang='lat' dir='ltr'><strong>gaudet,</strong></span> <span class='ocrx_word' id='word_1_462' title='bbox 2747 5427 2829 5482; x_wconf 87' lang='lat' dir='ltr'><strong>vel</strong></span> <span class='ocrx_word' id='word_1_463' title='bbox 2876 5426 3263 5481; x_wconf 85' lang='lat' dir='ltr'><strong>incitatioribus</strong></span> <span class='ocrx_word' id='word_1_464' title='bbox 3302 5436 3602 5494; x_wconf 87' lang='lat' dir='ltr'><strong>asperatur.</strong></span> <span class='ocrx_word' id='word_1_465' title='bbox 3670 5427 3799 5479; x_wconf 81' lang='lat' dir='ltr'><strong>llinc</strong></span> 
     </span>
    </p>
   </div>
   <div class='ocr_carea' id='block_1_82' title="bbox 2211 5517 3798 5590">
    <p class='ocr_par' dir='ltr' id='par_1_82' title="bbox 2211 5517 3798 5590">
     <span class='ocr_line' id='line_1_87' title="bbox 2211 5517 3798 5590; baseline -0.001 -18"><span class='ocrx_word' id='word_1_466' title='bbox 2211 5527 2295 5573; x_wconf 89' lang='lat' dir='ltr'><strong>est</strong></span> <span class='ocrx_word' id='word_1_467' title='bbox 2319 5520 2479 5573; x_wconf 71' lang='lat' dir='ltr'><strong>etiam</strong></span> <span class='ocrx_word' id='word_1_468' title='bbox 2514 5520 2653 5590; x_wconf 91' lang='lat' dir='ltr'><strong>quod</strong></span> <span class='ocrx_word' id='word_1_469' title='bbox 2702 5520 2863 5581; x_wconf 47' lang='lat' dir='ltr'><strong>modi.</strong></span> <span class='ocrx_word' id='word_1_470' title='bbox 2887 5520 3073 5575; x_wconf 85' lang='lat' dir='ltr'><strong>musici</strong></span> <span class='ocrx_word' id='word_1_471' title='bbox 3106 5521 3340 5590; x_wconf 89' lang='lat' dir='ltr'><strong>gentium</strong></span> <span class='ocrx_word' id='word_1_472' title='bbox 3372 5519 3634 5573; x_wconf 85' lang='lat' dir='ltr'><strong>vocabulo</strong></span> <span class='ocrx_word' id='word_1_473' title='bbox 3665 5517 3798 5572; x_wconf 87' lang='lat' dir='ltr'><strong>desi-</strong></span> 
     </span>
    </p>
   </div>
   <div class='ocr_carea' id='block_1_83' title="bbox 2213 5607 3800 5682">
    <p class='ocr_par' dir='ltr' id='par_1_83' title="bbox 2213 5607 3800 5682">
     <span class='ocr_line' id='line_1_88' title="bbox 2213 5607 3800 5682; baseline -0.003 -18"><span class='ocrx_word' id='word_1_474' title='bbox 2213 5612 2358 5678; x_wconf 89' lang='lat' dir='ltr'><strong>gnati</strong></span> <span class='ocrx_word' id='word_1_475' title='bbox 2388 5621 2532 5679; x_wconf 90' lang='lat' dir='ltr'><strong>sunt,</strong></span> <span class='ocrx_word' id='word_1_476' title='bbox 2565 5621 2619 5667; x_wconf 92' lang='lat' dir='ltr'><strong>ut</strong></span> <span class='ocrx_word' id='word_1_477' title='bbox 2647 5612 2843 5682; x_wconf 77' lang='lat' dir='ltr'><strong>Lydius</strong></span> <span class='ocrx_word' id='word_1_478' title='bbox 2874 5611 3083 5678; x_wconf 90' lang='lat' dir='ltr'><strong>modus,</strong></span> <span class='ocrx_word' id='word_1_479' title='bbox 3113 5619 3166 5666; x_wconf 91' lang='lat' dir='ltr'><strong>et</strong></span> <span class='ocrx_word' id='word_1_480' title='bbox 3197 5610 3476 5681; x_wconf 68' lang='lat' dir='ltr'><strong>Phrygius.</strong></span> <span class='ocrx_word' id='word_1_481' title='bbox 3511 5608 3633 5676; x_wconf 88' lang='lat' dir='ltr'><strong>Quo</strong></span> <span class='ocrx_word' id='word_1_482' title='bbox 3661 5607 3800 5663; x_wconf 79' lang='lat' dir='ltr'><strong>enim</strong></span> 
     </span>
    </p>
   </div>
   <div class='ocr_carea' id='block_1_84' title="bbox 3051 5810 3207 5869">
    <p class='ocr_par' dir='ltr' id='par_1_84' title="bbox 3051 5810 3207 5869">
     <span class='ocr_line' id='line_1_89' title="bbox 3051 5810 3207 5869; baseline 0 0"><span class='ocrx_word' id='word_1_483' title='bbox 3051 5810 3068 5849; x_wconf 74' lang='grc' dir='ltr'><strong>ί</strong></span> <span class='ocrx_word' id='word_1_484' title='bbox 3105 5810 3207 5869; x_wconf 85' lang='lat' dir='ltr'><strong>Sit.</strong></span> 
     </span>
    </p>
   </div>
   <div class='ocr_carea' id='block_1_85' title="bbox 2569 5809 3786 5884">
    <p class='ocr_par' dir='ltr' id='par_1_85' title="bbox 2569 5809 3786 5884">
     <span class='ocr_line' id='line_1_90' title="bbox 2569 5809 3786 5884; baseline -0.001 -17"><span class='ocrx_word' id='word_1_485' title='bbox 2569 5820 2593 5852; x_wconf 79' lang='grc' dir='ltr'><strong>ο</strong></span> <span class='ocrx_word' id='word_1_486' title='bbox 2624 5811 2971 5869; x_wconf 81' lang='lat' dir='ltr'><strong>Humanitati.</strong></span> <span class='ocrx_word' id='word_1_487' title='bbox 3051 5810 3068 5849; x_wconf 72' lang='grc' dir='ltr'><strong>ί</strong></span> <span class='ocrx_word' id='word_1_488' title='bbox 3105 5810 3207 5869; x_wconf 85' lang='lat' dir='ltr'><strong>Sit.</strong></span> <span class='ocrx_word' id='word_1_489' title='bbox 3285 5819 3309 5859; x_wconf 77' lang='grc' dir='ltr'><em>ε</em></span> <span class='ocrx_word' id='word_1_490' title='bbox 3342 5809 3424 5865; x_wconf 78' lang='lat' dir='ltr'><strong>Ex</strong></span> <span class='ocrx_word' id='word_1_491' title='bbox 3444 5824 3548 5866; x_wconf 92' lang='lat' dir='ltr'><strong>non</strong></span> <span class='ocrx_word' id='word_1_492' title='bbox 3583 5809 3786 5884; x_wconf 84' lang='lat' dir='ltr'><strong>legitur</strong></span> 
     </span>
    </p>
   </div>
   <div class='ocr_carea' id='block_1_86' title="bbox 3959 5226 3982 6098">
    <p class='ocr_par' dir='ltr' id='par_1_86' title="bbox 3967 5226 3971 6098">
     <span class='ocr_line' id='line_1_91' title="bbox 3970 5226 3971 5247; baseline 0 0"><span class='ocrx_word' id='word_1_493' title='bbox 3970 5226 3971 5247; x_wconf 83' lang='lat' dir='ltr'><strong>l</strong></span> 
     </span>
     <span class='ocr_line' id='line_1_92' title="bbox 3968 6052 3969 6069; baseline 0 0"><span class='ocrx_word' id='word_1_494' title='bbox 3968 6052 3969 6069; x_wconf 86' lang='lat' dir='ltr'><strong>l</strong></span> 
     </span>
     <span class='ocr_line' id='line_1_93' title="bbox 3967 6074 3969 6098; baseline 0 0"><span class='ocrx_word' id='word_1_495' title='bbox 3967 6074 3969 6098; x_wconf 91' lang='lat' dir='ltr'><strong>l</strong></span> 
     </span>
    </p>
   </div>
  </div>
