4022 6366
302 376 433 435 1169

1610 384 1693 440 DE
1733 381 1983 441 ΜυδίοᾹ
2023 382 2149 439 LIB.
2192 388 2231 440 Ι.

3417 389 3554 447 H7O

299 494 446 563 quasi
496 497 821 565 unaquaeque
862 509 991 566 gens
1030 494 1245 567 gaudet,
1289 496 1710 553 eodem'modus
1756 498 1867 568 ipse

1974 502 2055 551 καὶ
2083 500 2221 553 ἐττὸν
2253 502 2419 570 ἀγῶνα
2446 505 2544 573 τᾶρ
2571 498 2877 577 Ἐλιυσινίαρ
2900 502 3163 580 Δάματρορ
3191 503 3397 581 ὰπριπῆ
3420 504 3553 561 διεσ-

299 591 553 645 vOeabnlo
582 603 934 661 nuncupatur.
960 592 1165 647 Gaudet
1195 600 1220 629 ι
1244 592 1384 646 enim
1412 606 1539 662 gens
1563 592 1735 647 modis
1760 606 1872 646 mo-

298 697 411 737 rum
442 684 809 739 similitudine.
854 686 1033 756 Neque
1070 685 1209 740 enim
1245 685 1359 739 ﬁeri
1392 695 1568 755 potest
1607 692 1665 740 ut
1692 686 1871 740 mollia

297 775 461 841 duris,
496 776 626 831 dura
670 780 1001 833 mollioribus
1060 780 1410 834 adnectantur
1451 788 1540 834 aut
1587 778 1869 849 gaudeant.

296 863 398 921 Sed
430 882 662 923 amorem
693 870 1208 940 delectationemque
1256 874 1337 942 (ut
1363 872 1561 926 dictum
1592 872 1695 939 est)
1724 873 1873 925 simi-

296 955 462 1011 litudo
492 960 759 1014 conciliat.
795 962 941 1017 Unde
963 963 1111 1017 Plato
1138 964 1295 1018 etiam
1322 964 1552 1017 maxime
1574 964 1869 1019 cavendum

297 1050 581 1111 existimat.
611 1067 676 1107 ne
704 1051 767 1106 de
799 1053 931 1108 bene
972 1064 1170 1107 morata
1202 1054 1401 1108 musica
1429 1054 1625 1121 aliquid
1660 1070 1873 1124 permu-

296 1147 453 1193 tetur.
480 1141 641 1209 Negat
669 1145 807 1197 enim
841 1161 960 1199 esse
996 1146 1155 1198 ullam
1206 1153 1399 1199 tantam
1432 1161 1636 1200 morum
1684 1146 1735 1199 in
1780 1161 1871 1201 rc-

296 1231 501 1299 publiCa
533 1233 723 1297 labem,
750 1251 904 1304 quam
932 1238 1182 1304 paulatim
1211 1237 1276 1291 de
1308 1236 1521 1306 pudenti
1547 1253 1610 1291 ac
1634 1238 1873 1293 modesta

296 1326 493 1377 musica
526 1325 625 1377 inv«
650 1337 810 1381 rtere.
852 1326 1039 1381 Statim
1072 1330 1213 1381 enim
1247 1328 1383 1381 idem
1418 1345 1626 1398 quoque
1652 1310 1875 1383 audiet);

297 1414 426 1467 tium
452 1415 659 1470 animos
683 1419 811 1485 pati,
848 1419 1206 1487 paulatimque
1232 1420 1532 1486 discedere,
1564 1421 1875 1489 nullumque

295 1504 507 1560 honesti
544 1523 605 1561 ac
644 1509 773 1562 recri
807 1512 1035 1565 retinuere
1066 1510 1367 1580 vestigium,
1402 1513 1446 1565 si
1484 1512 1563 1565 vel
1600 1527 1693 1581 per
1721 1511 1877 1565 lasci-

297 1596 471 1650 vimes
501 1598 686 1651 modos
715 1599 1127 1655 inverecundunt
1155 1602 1376 1670 aliquid,
1406 1602 1488 1657 vel
1520 1617 1614 1672 per
1640 1603 1878 1672 aSperio-

297 1704 387 1742 res
421 1688 565 1743 ferox
612 1700 771 1760 atque
808 1693 1037 1747 immane
1087 1696 1351 1749 mentibus
1404 1695 1671 1748 illabatur.
1723 1692 1877 1747 Nulla

296 1782 440 1835 enim
474 1783 638 1851 magis
667 1786 731 1837 ad
762 1786 991 1839 animum
1023 1785 1316 1855 disciplinis
1347 1788 1451 1850 via,
1475 1803 1631 1856 quam
1658 1785 1876 1839 auribus

296 1884 461 1943 patet.
487 1878 615 1931 Cum
640 1894 766 1948 ergo
796 1897 841 1949 pi
864 1898 888 1934 r
909 1896 1001 1934 eas
1020 1880 1253 1951 rhythmi
1283 1882 1529 1950 modique
1556 1881 1619 1935 ad
1636 1882 1873 1935 animum

295 1981 463 2035 usque
501 1969 895 2035 descenderint,
926 1974 1153 2027 dubitari
1196 1989 1299 2027 non
1342 1983 1518 2044 potest
1547 1975 1670 2042 quin
1721 1988 1875 2043 aequo

292 2058 453 2111 modo
482 2070 713 2115 tuentem
745 2073 903 2132 atque
939 2065 1048 2131 ipsa
1084 2074 1208 2119 sunt
1236 2063 1261 2103 δ
1302 2065 1534 2119 efficiant
1562 2074 1720 2133 atque
1748 2079 1875 2117 con-

292 2148 545 2207 forment.
585 2152 638 2205 ld
673 2169 800 2206 vero
830 2154 990 2206 etiam
1033 2154 1251 2231 intelligi
1298 2156 1349 2208 in
1392 2155 1637 2224 gentibus
1676 2163 1872 2223 potest.

290 2238 422 2294 Nam
452 2256 571 2310 quae
599 2245 901 2312 asperiores
923 2251 1047 2297 sunt
1072 2244 1349 2309 Getarum,
1387 2244 1695 2299 durioribus
1727 2244 1873 2300 dele-

290 2342 500 2388 ctantur
546 2335 737 2390 modis.
780 2335 906 2407 Quae
949 2350 1074 2390 vero
1130 2342 1429 2403 mansuete,
1486 2336 1867 2402 mediocribus,

290 2439 589 2496 quanquam
640 2429 689 2482 id
721 2428 822 2483 hoc
858 2438 1096 2498 tempore
1147 2444 1282 2499 pene
1323 2429 1526 2482 nullum
1572 2437 1674 2483 est.
1716 2428 1868 2497 Quod

290 2531 417 2574 vero
448 2521 700 2575 lascivum
727 2536 789 2577 ac
815 2522 974 2577 molle
994 2532 1077 2577 est
1097 2538 1263 2592 genus
1282 2521 1592 2586 humanum,
1620 2522 1669 2575 id
1700 2530 1865 2576 totum

290 2612 519 2666 scenicis
548 2627 609 2667 ac
639 2612 988 2668 theatralibus
1020 2614 1191 2667 modis
1222 2622 1450 2668 tenetur.
1482 2613 1745 2668 Fuitvero
1775 2628 1870 2682 pu-

290 2704 423 2760 dens
450 2719 511 2759 ac
544 2706 786 2767 modesta
817 2706 1041 2771 musica,
1070 2707 1195 2760 dum
1226 2705 1637 2773 simplicioribus
1656 2707 1871 2774 organis

288 2806 557 2865 ageretur.
600 2794 698 2851 Ubi
733 2811 859 2851 vero
888 2796 1037 2851 varie
1080 2798 1446 2865 permixteque
1494 2804 1713 2850 tractata
1766 2808 1867 2862 est,

288 2888 468 2940 amisit
505 2886 777 2954 gravitatis
823 2898 983 2957 atque
1029 2888 1239 2941 virtutis
1288 2887 1530 2953 modum,
1557 2896 1609 2941 et
1651 2902 1785 2954 pene
1817 2887 1870 2941 in

287 2976 671 3045 turpitudnem
708 2975 976 3045 prolapsa,
1018 2977 1290 3031 minimum
1321 2976 1588 3046 antiquam
1634 2977 1873 3045 speciem

283 3077 492 3123 servat.
522 3068 671 3123 Unde
697 3068 849 3123 Plato
878 3068 1121 3139 praecipit
1146 3070 1366 3123 minime
1396 3077 1645 3137 Oportere
1672 3082 1870 3137 pueros

281 3158 357 3213 ad
387 3174 574 3213 omnes
602 3152 791 3215 modos
820 3160 1042 3226 erudiri,
1091 3160 1185 3215 sed
1234 3162 1410 3230 potius
1439 3161 1503 3215 ad
1534 3161 1773 3216 valentes
1807 3176 1870 3216 ac

282 3252 583 3320 simplices.
621 3252 794 3322 Atque
837 3253 923 3307 hic
961 3255 1195 3309 maxime
1237 3255 1366 3309 illud
1396 3264 1479 3310 est
1506 3256 1865 3325 retinendum,

280 3345 434 3414 quod
479 3346 523 3401 si
570 3360 782 3415 quoquo
830 3346 990 3403 modo
1027 3362 1119 3416 per
1160 3348 1504 3417 parvissimas
1553 3352 1871 3406 mutationes

279 3435 417 3489 hinc
456 3436 653 3505 aliquid
698 3446 1113 3507 permutaretur,
1158 3454 1347 3495 recens
1387 3440 1599 3509 quidem
1648 3443 1867 3498 minime

277 3524 497 3593 sentiri,
531 3534 649 3594 post
672 3541 807 3581 vero
831 3541 1073 3596 magnam
1099 3528 1272 3585 facere
1294 3516 1669 3599 differentiam,
1694 3540 1748 3585 et
1776 3546 1870 3601 per

276 3633 444 3673 aures
476 3618 540 3673 ad
570 3620 805 3675 animum
834 3636 1003 3689 usque
1024 3621 1218 3685 delabi.
1252 3622 1454 3677 Idcirco
1482 3638 1723 3693 magnam
1748 3637 1869 3679 esse

275 3710 582 3766 custodiam
629 3712 835 3780 reipub.
864 3712 1013 3767 Plato
1036 3714 1346 3781 arbitratur,
1378 3714 1637 3769 musicam
1668 3719 1869 3782 Optime

278 3810 549 3855 moratam
581 3803 945 3871 pudenterque
990 3803 1346 3871 conjunctam,
1375 3806 1445 3859 ita
1466 3807 1603 3859 utsit
1627 3808 1867 3861 modesta

272 3907 346 3947 ac
379 3892 628 3960 simplex,
654 3902 707 3946 et
733 3893 986 3956 mascula,
1010 3908 1109 3947 nec
1131 3893 1452 3961 effemina‘a,
1486 3909 1583 3950 nec
1611 3895 1742 3962 fera,
1769 3911 1868 3952 nec

271 3986 458 4040 varia.
508 3984 662 4052 Quod
708 3984 1097 4041 Lacedmmonii
1152 3986 1381 4041 maxima
1418 4002 1520 4057 ope
1559 4003 1863 4060 servavere,

272 4078 412 4132 dum
468 4076 604 4145 apud
646 4090 739 4131 eos
776 4074 985 4130 Taletas
1019 4075 1291 4132 Cretensis
1321 4086 1342 4115 ο
1378 4076 1630 4134 Gortinus
1676 4095 1867 4148 magno

272 4168 460 4238 pretio
499 4166 720 4231 accitus,
773 4182 966 4236 pueros
1010 4166 1284 4234 disciplina
1329 4170 1543 4223 musicze
1586 4173 1715 4224 artis
1767 4172 1865 4226 im-

271 4258 499 4313 bueret.
546 4255 675 4311 Fuit
719 4260 861 4311 enim
910 4257 961 4311 id
1003 4258 1232 4327 antiquis
1273 4259 1324 4312 in
1356 4255 1381 4295 ιι
1414 4274 1638 4326 morem,
1668 4261 1866 4332 diuque

1980 602 2199 653 κεύσατο
2229 602 2321 654 τάν
2345 607 2416 655 τῶ
2456 603 2597 672 paea.
2627 601 2927 668 διασκευὰν,
2956 605 3052 681 τάρ
3081 606 3178 681 γὰρ
3212 610 3309 677 τᾶρ
3340 606 3553 683 Σεμέλαρ

1975 699 2156 775 ὠδῢθαρ
2181 702 2270 754 οὐκ
2291 698 2461 756 ἕνδεκα
2488 706 2592 779 τώρ
2620 706 2746 778 νέωρ
2774 702 2995 760 δίδασκε.
3017 704 3252 762 Δέδοκται
3274 707 3407 776 ὑπὲρ
3437 706 3554 762 τού-

1974 824 2075 857 των
2111 809 2212 879 τῶρ
2242 802 2488 878 βασιλίαρ
2513 806 2598 859 καὶ
2624 811 2729 881 τῶρ
2759 805 2951 882 ἕφόρωρ
2978 806 3270 879 μέμψασθαι
3297 806 3554 880 Τιμόθεον.

1979 922 2029 953 κ.
2062 923 2111 955 τ.
2138 900 2185 953 λ.

2048 1003 2199 1071 Quod
2239 1004 2543 1060 consultum
2583 1004 2634 1061 id
2675 1006 2881 1063 scilicet
2914 1009 3186 1075 continet,
3228 1008 3430 1065 idcirco
3468 1008 3557 1063 Ti-

1978 1104 2196 1160 motheo
2228 1104 2431 1160 Milesio
2462 1104 2760 1175 Spartiatas
2786 1109 3177 1175 succensuisse,
3207 1112 3349 1180 quod
3378 1110 3557 1165 multi-

1978 1204 2170 1275 plicem
2200 1205 2459 1260 musicam
2498 1206 2729 1264 reddens
2758 1223 3045 1279 puerorum
3077 1211 3271 1266 animis
3309 1226 3442 1282 quos
3472 1226 3557 1267 ac-

1978 1319 2193 1378 ceperat
2222 1309 2569 1375 erudiendos,
2609 1310 2873 1377 ofﬁceret,
2907 1321 2961 1367 et
2988 1328 3016 1367 a
3046 1312 3257 1367 virtutis
3294 1313 3557 1374 modestia

1980 1410 2321 1479 praepedirct,
2365 1419 2420 1465 et
2466 1412 2606 1481 quod
2656 1412 3009 1481 harmoniam,
3054 1429 3213 1484 quam
3260 1419 3558 1472 modestam

1978 1512 2312 1573 susceperat,
2346 1504 2396 1557 in
2423 1518 2591 1573 genus
2611 1505 3015 1567 cbromaticum,
3048 1506 3188 1575 quod
3219 1517 3301 1561 est
3322 1506 3559 1570 mollius,

1982 1594 2306 1650 invertisset.
2340 1595 2508 1649 Tanta
2558 1597 2717 1665 igitur
2750 1596 2849 1651 fuit
2876 1596 3016 1665 apud
3055 1612 3147 1652 eos
3194 1598 3413 1652 musica:
3443 1594 3562 1651 dilic

1980 1688 2180 1755 gentia,
2211 1697 2266 1741 ut
2291 1702 2408 1742 eam
2433 1689 2639 1743 animos
2662 1706 2873 1759 quoque
2891 1690 3134 1745 obtinere
3153 1690 3559 1747 arbitrarentur.

1983 1777 2263 1847 Vulgatum
2294 1780 2489 1848 quippe
2531 1787 2633 1844 est,
2664 1794 2821 1849 quam
2863 1795 3005 1849 sa'pe
3049 1781 3350 1836 iracundias
3394 1779 3559 1835 canti-

2004 1829 2010 1831 -
2088 1829 2115 1847 ο
2312 1829 2360 1847 .-
2391 1829 2486 1848 η-
2537 1829 2633 1844 πη
2668 1829 2821 1849 τμη-
2864 1829 3004 1849 --τν
3049 1829 3346 1836 -----------
3400 1829 3536 1835 mw-

1909 1829 1955 1889 Β
1980 1867 2099 1922 lena
2127 1869 2467 1939 represserit,
2501 1885 2659 1940 quam
2683 1871 2849 1924 multa
2870 1872 2954 1927 vel
2986 1872 3037 1925 in
3064 1886 3369 1940 corporum,
3396 1871 3480 1925 vel
3510 1871 3560 1928 in

1979 1966 2278 2020 animorum
2306 1965 2673 2021 aﬂertionibus
2694 1966 2937 2021 miranda
2967 1967 3269 2036 perfecerit.
3296 1966 3392 2022 Cui
3419 1965 3559 2021 enim

1981 2068 2063 2113 est
2105 2059 2235 2113 illud
2282 2059 2543 2128 ignotum,
2590 2060 2729 2129 quod
2764 2060 3092 2132 Pythagoras
3129 2060 3334 2116 ebrium
3379 2059 3559 2113 adole~

1978 2159 2215 2206 scentem
2246 2151 2739 2206 Tauromiuitanum
2780 2152 2879 2207 sub
2906 2152 3121 2223 Phrygii
3146 2152 3289 2207 modi
3315 2164 3449 2205 sono
3482 2151 3561 2205 in-

1979 2244 2219 2309 citatum,
2254 2243 2491 2311 spondeo
2521 2243 2830 2299 succinente
2875 2243 3170 2299 reddiderit
3212 2243 3477 2297 mitiorem
3504 2248 3561 2299 el

1976 2338 2059 2390 sui
2112 2345 2435 2405 compotem.
2477 2336 2608 2391 Nam
2653 2352 2775 2392 cum
2816 2346 3049 2392 scortum
3093 2336 3147 2391 in
3184 2335 3367 2391 rivalis
3398 2334 3561 2389 domo

1977 2436 2121 2483 esset
2143 2428 2404 2493 clausum,
2429 2437 2587 2497 atque
2617 2428 2706 2483 ille
2734 2427 2915 2483 furens
2944 2426 3160 2481 domum
3189 2425 3350 2482 vellet
3373 2424 3561 2479 ambu-

1975 2534 2118 2593 rere,
2151 2534 2377 2587 cumque
2403 2517 2733 2589 Pythagoras
2755 2519 3028 2574 stellarum
3058 2532 3244 2573 cursus
3266 2516 3347 2587 (ut
3368 2516 3419 2571 ei
3442 2530 3559 2571 mos

1976 2619 2267 2664 nocturnus
2296 2612 2432 2679 erat)
2461 2610 2770 2679 inspiceret,
2802 2610 2890 2663 ubi
2919 2609 3183 2664 intellexit
3214 2623 3347 2663 sono
3376 2607 3557 2678 Phry-

1973 2703 2045 2772 gii
2077 2704 2218 2758 modi
2243 2704 2539 2769 incitatum,
2571 2702 2751 2756 multis
2794 2702 3088 2755 amicorum
3120 2709 3143 2738 ε
3175 2698 3557 2755 admonitioni-

1976 2798 2075 2853 bus
2096 2811 2125 2851 a
2142 2798 2377 2851 facinore
2402 2795 2637 2851 noluisse
2657 2795 2936 2860 desistere,
2964 2793 3157 2849 mutari
3180 2791 3395 2846 modum
3422 2802 3560 2861 prmi

1976 2889 2117 2958 cepit
2146 2896 2305 2957 atque
2333 2888 2403 2942 ita
2447 2886 2672 2941 furentis
2698 2885 2931 2939 animum
2966 2883 3326 2940 adolescentis
3355 2882 3422 2937 ad
3449 2890 3559 2938 sta-

1978 2990 2087 3033 tum
2128 2980 2321 3033 mentis
2366 2979 2723 3047 pacatissimte
2752 2978 3088 3045 temperavit.
3143 2975 3296 3043 Quod
3348 2974 3559 3032 scilicet

1898 3037 1943 3101 Ο
1974 3070 2184 3125 Marcus
2230 3069 2437 3124 Tullius
2481 3075 2867 3123 commemorat
2912 3067 2966 3122 in
3009 3082 3075 3123 eo
3117 3066 3253 3122 libro
3283 3082 3442 3137 quem
3488 3066 3559 3123 de

1974 3161 2213 3217 consiliis
2259 3162 2371 3215 suis
2426 3159 2758 3228 composuit,
2817 3160 2970 3214 aliter
3025 3158 3263 3229 quidem,
3302 3158 3399 3215 sed
3453 3158 3556 3215 hoc

1976 3252 2153 3307 modo.
2187 3251 2293 3307 Sed
2327 3259 2382 3305 ut
2403 3252 2578 3321 aliqua
2622 3250 2972 3306 similitudine
3000 3250 3282 3318 adductus,
3306 3250 3554 3306 maximis

1976 3344 2195 3398 minima
2226 3342 2522 3409 conferam,
2554 3350 2610 3397 ut
2635 3356 2755 3397 cum
2787 3341 3043 3397 vinolenti
3082 3342 3452 3397 adolescentes
3483 3342 3555 3396 ti-

1974 3433 2180 3489 biarum
2208 3434 2367 3488 etiam
2391 3441 2548 3487 cantu
2581 3432 2662 3503 (ut
2695 3432 2774 3501 fit)
2798 3432 3053 3499 instincti,
3080 3434 3320 3489 mulieris
3348 3432 3556 3504 pudicas

1975 3524 2119 3581 fores
2150 3526 2475 3595 frangerent,
2504 3526 2849 3581 admonuisse
2875 3524 3144 3581 tibicinam
3174 3535 3231 3583 ut
3258 3526 3555 3597 spondeum

1971 3627 2189 3674 caneret
2228 3618 2559 3689 Pythagoras
2586 3618 2809 3685 dicitur;
2847 3618 2989 3688 quod
3035 3634 3157 3674 cum
3188 3620 3277 3674 illa
3314 3619 3551 3686 fecisset,

1973 3710 2227 3764 tarditate
2257 3710 2535 3765 modorum
2568 3722 2617 3764 et
2643 3712 2908 3778 gravitate
2936 3712 3197 3776 canentis,
3227 3712 3436 3765 illorum
3472 3711 3555 3766 fu-

1974 3813 2179 3857 rentem
2213 3804 2557 3873 petulantiam
2589 3803 2930 3858 consedasse.
2980 3803 3085 3859 Sed
3121 3813 3176 3857 ut
3202 3804 3393 3858 similia
3426 3803 3553 3858 bre-

1973 3894 2109 3947 viter
2156 3894 2398 3963 exempla
2452 3896 2788 3963 conquiram.
2832 3893 3144 3963 Terpander
3181 3904 3340 3964 atque
3384 3895 3553 3951 Arion

1971 3984 2328 4041 Methimneus
2352 3985 2575 4040 Lesbios
2592 3994 2751 4055 atque
2777 3986 2952 4049 Iones,
2973 3985 3297 4055 gravissimis
3327 3985 3548 4051 morbis,

1968 4092 2156 4136 cantus
2187 4082 2434 4151 eripuere
2462 4081 2734 4151 praesidio.
2787 4082 3087 4137 llismenias
3114 4096 3245 4135 vero
3266 4080 3551 4135 Thebanus
3596 4128 3603 4135 .

1968 4172 2274 4228 Boeliorum
2307 4172 2567 4241 pluribus,
2597 4188 2732 4243 quos
2775 4173 3014 4228 scbiatiei
3056 4172 3255 4227 doloris
3287 4181 3549 4229 tormenta

1968 4264 2217 4327 vexabat,
2247 4265 2419 4319 modis
2449 4266 2616 4319 fertur
2637 4274 2855 4320 cunctas
2894 4264 3210 4319 abstersisse
3252 4265 3547 4321 molestias.

273 4351 601 4421 permansit.
632 4350 893 4417 Quoniam
920 4366 1048 4405 vero
1069 4351 1147 4405 eis
1174 4352 1489 4407 Timotheus
1518 4354 1752 4409 Milesius
1774 4370 1861 4409 sus
1886 4348 1939 4410 Ι)
1967 4356 2072 4412 Sed
2103 4366 2156 4411 et
2177 4348 2529 4426 Empedocles
2555 4371 2676 4413 cum
2700 4360 2815 4428 ejus
2844 4357 3108 4425 hospitem
3138 4356 3350 4427 quidam
3375 4356 3550 4423 gladio

270 4459 384 4514 per
411 4457 501 4498 eas
530 4458 660 4513 quas
699 4453 822 4498 ante
868 4454 1139 4513 repererat
1176 4461 1337 4498 unum
1371 4444 1573 4501 add;dit
1614 4463 1856 4515 nervum,

268 4551 369 4591 ac.
394 4536 825 4603 multipliciorem
862 4538 1118 4591 musicam
1166 4538 1308 4603 fecit,
1342 4552 1569 4609 exegere
1607 4542 1673 4596 de
1721 4543 1862 4597 laco-

270 4630 427 4683 nica.
458 4624 877 4696 Consultumque
899 4628 964 4681 de
991 4643 1055 4682 eo
1082 4630 1277 4683 factum
1304 4641 1405 4685 est.
1432 4632 1581 4697 Quod
1611 4634 1860 4701 quoniam

269 4716 493 4784 insigne
514 4726 597 4771 est
626 4716 1014 4786 Spartiatarum
1047 4718 1227 4789 lingua
1254 4719 1291 4775 S
1324 4720 1552 4775 litteram
1588 4724 1639 4777 in
1674 4725 1714 4777 R
1745 4740 1864 4780 ver-

268 4809 533 4878 tentium,
567 4811 737 4879 ipsum
768 4810 836 4867 de
863 4826 927 4867 eo
953 4812 1253 4867 consultum
1277 4812 1481 4868 eisdem
1511 4816 1683 4870 verbis
1714 4816 1862 4873 Grae-

262 4899 357 4955 cis
381 4902 621 4969 apposui.

345 4994 549 5075 :Errstdn'
565 4990 849 5073 Τιμόθεορὸ
876 4996 1132 5072 Μιλήσιορ,
1158 4998 1308 5052 ἰλθὼν
1332 4999 1472 5054 ἔττάν
1494 4998 1742 5071 ἁμετέραν
1770 5002 1863 5057 πό-

261 5088 375 5146 λιν,
402 5086 492 5139 τὰν
525 5086 740 5139 παλαιὰν
777 5086 968 5155 μολπὴν
1012 5086 1311 5157 ἀτιμάσδει,
1355 5093 1469 5153 καὶ,
1512 5091 1599 5144 τάν
1642 5089 1723 5145 διὰ
1762 5096 1856 5147 τᾶν

262 5177 410 5230 ἔπτά
429 5175 625 5249 χορδᾶν
641 5180 901 5252 κιθαρίζειν
925 5181 1381 5257 ἁποστρεφόμενςρ,
1400 5182 1707 5255 πολυφωνίαν
1724 5184 1863 5239 εἰσά-

256 5290 379 5341 γων
389 5269 678 5337 λυμαίνεται
690 5274 785 5345 τὰρ
802 5274 953 5348 ἁκοὰρ
968 5280 1065 5329 τῶν
1077 5276 1213 5335 νέων.
1231 5275 1311 5331 διὰ
1323 5297 1373 5331 τε
1390 5284 1484 5355 τᾶρ
1500 5278 1854 5355 πολυχορδίαρ

256 5363 363 5413 καὶ
399 5368 495 5429 τὰρ
530 5361 825 5436 καινότητορ
844 5372 915 5419 τῶ
942 5366 1137 5440 μέλεορ,
1378 5372 1463 5422 καὶ
1490 5371 1713 5423 ποικιλαν
1744 5372 1857 5425 ἀντὶ

254 5451 470 5530 ἁπλόαρ
495 5457 577 5507 καὶ
598 5457 907 5529 τεταγμένοιρ
931 5460 1251 5529 ἀμφιέννυται
1272 5462 1361 5513 τὰν
1377 5468 1591 5529 μοῦσαν,
1613 5464 1696 5515 ἐπὶ
1714 5464 1859 5534 χρὼ-

248 5563 432 5613 ματος
462 5547 821 5618 συνιστάμενος
865 5550 956 5601 τὰν
990 5554 1061 5600 τῶ
1086 5549 1258 5622 μέλεορ
1286 5548 1587 5616 διασκευάν,
1622 5553 1731 5605 ἀντὶ
1759 5558 1857 5627 τᾶρ

248 5634 549 5707 ἕναρμονίω
583 5646 738 5691 ποιῶν
774 5640 1101 5717 ἀντίστροφον
1144 5641 1387 5710 ἀμοιϐάν
1426 5642 1768 5713 παρακλαθεὶς
1803 5642 1857 5697 δέ

1476 5839 1502 5879 τι
1535 5839 1703 5899 More.

337 5842 368 5871 ⁸
406 5832 556 5890 Vero.
659 5833 687 5875 ³
717 5837 967 5896 Aﬁiciant.
1072 5848 1092 5878 ⁸
1120 5838 1398 5896 Gortim’us.

659 5833 687 5875 ³
717 5837 967 5909 Aﬁiciant.

1797 5851 1820 5882 ο
1844 5842 1925 5899 Ad
1953 5856 2057 5899 non
2085 5841 2333 5899 habetur.

1965 4449 2281 4505 furibundus
2319 4450 2617 4517 invaderet,
2651 4451 2791 4519 quod
2824 4450 2940 4519 ejus
2971 4460 3177 4519 patrem
3210 4449 3299 4503 ille
3328 4462 3551 4504 accusa-

1966 4546 2112 4599 tione
2145 4543 2473 4610 damnasset,
2512 4542 2784 4597 inilexisse
2813 4542 3007 4596 dicitur
3036 4542 3250 4595 modum
3296 4541 3546 4608 canendi,

1966 4638 2148 4707 itaque
2179 4635 2535 4691 adolescentis
2566 4633 2895 4689 iracundiam
2944 4642 3293 4705 temperasse.
3342 4632 3397 4688 In
3431 4643 3546 4687 tan-

1967 4738 2078 4784 tum
2121 4744 2248 4783 vero
2290 4728 2479 4796 prisca:
2528 4724 2878 4796 philosophia:
2914 4724 2933 4763 ί
2967 4726 3157 4781 studiis
3202 4727 3281 4781 vis
3328 4726 3548 4781 musica

1967 4822 2094 4875 artis
2126 4819 2377 4882 innotuit,
2404 4829 2459 4874 ut
2482 4820 2839 4890 Pythagorici,
2871 4835 2990 4875 cum
3020 4819 3237 4877 diurnas
3264 4820 3315 4875 in
3356 4835 3549 4875 somno

1966 4911 2300 4965 resolverent
2335 4925 2509 4973 curas,
2558 4910 2878 4979 quibusdam
2919 4912 3197 4967 cantilenis
3226 4921 3542 4983 uterentur,

1964 5012 2025 5058 ut
2053 5003 2129 5057 eis
2156 5003 2292 5058 lenis
2320 5013 2374 5057 et
2403 5004 2617 5072 quietus
2644 5017 2803 5071 sopor
2833 5003 3113 5072 irreperet.
3146 5004 3326 5073 itaque
3353 5018 3545 5072 exper-

1966 5094 2120 5157 recti,
2151 5095 2269 5147 aliis
2297 5093 2610 5162 quibusdam
2643 5094 2815 5148 modis
2845 5104 3112 5163 stuporem
3157 5094 3329 5147 somni
3357 5092 3546 5147 confu-

1966 5186 2279 5253 sionemque
2304 5184 2617 5254 purgabant.
2644 5184 2698 5237 ld
2725 5185 2972 5239 nimirum
2998 5184 3247 5248 scientes,
3272 5182 3412 5251 quod
3432 5190 3542 5236 tota

1962 5284 2157 5328 nostrae
2187 5274 2379 5327 animae
2411 5274 2755 5343 corporisque
2784 5287 3043 5343 compago
3082 5273 3283 5327 musica
3322 5282 3539 5340 coapta-

1959 5366 2105 5420 tione
2134 5366 2415 5433 conjuncta
2445 5366 2532 5420 sit.
2562 5364 2693 5419 Nam
2725 5374 2781 5419 ut
2824 5380 2943 5419 sese
2986 5364 3226 5431 corporis
3258 5361 3415 5416 habet
3455 5365 3539 5416 af-
3628 5410 3631 5411 ν

1962 5456 2151 5521 fectus,
2185 5458 2257 5512 ita
2299 5458 2458 5513 etiam
2502 5458 2686 5527 pulsus
2726 5458 2908 5512 cmdis
2950 5456 3182 5511 motibus
3222 5456 3537 5514 incitantur.

1962 5548 2112 5615 Quod
2153 5549 2358 5603 scilicet
2393 5548 2728 5602 Democritus
2768 5547 3074 5617 llippocrati
3127 5544 3337 5600 medico
3367 5544 3539 5599 tradi-

1964 5641 2107 5696 disse
2129 5641 2315 5704 fertur,
2341 5655 2462 5697 cum
2494 5652 2616 5695 eum
2645 5640 2797 5709 quasi
2844 5641 3087 5695 insanum
3115 5637 3322 5695 cunctis
3352 5632 3537 5693 Dem'o-

2412 5836 2430 5878 ί
2462 5837 2755 5897 Studiosis.
