  <div class='ocr_page' id='page_1' title='image "/cluster/home/n/w/nwhite01/storage/ocr_20150623/63/hvd.32044015469307/589.png"; bbox 0 0 4022 6366; ppageno 0'>
   <div class='ocr_carea' id='block_1_1' title="bbox 525 339 660 394">
    <p class='ocr_par' dir='ltr' id='par_1_1' title="bbox 525 339 660 394">
     <span class='ocr_line' id='line_1_1' title="bbox 525 339 660 394; baseline 0.007 -1"><span class='ocrx_word' id='word_1_1' title='bbox 525 339 660 394; x_wconf 63' lang='grc'><strong>1171</strong></span> 
     </span>
    </p>
   </div>
   <div class='ocr_carea' id='block_1_2' title="bbox 1754 335 2577 417">
    <p class='ocr_par' dir='ltr' id='par_1_2' title="bbox 1754 335 2577 417">
     <span class='ocr_line' id='line_1_2' title="bbox 1754 335 2577 417; baseline -0.004 -22"><span class='ocrx_word' id='word_1_2' title='bbox 1754 337 1867 417; x_wconf 83' lang='lat' dir='ltr'><strong>AN.</strong></span> <span class='ocrx_word' id='word_1_3' title='bbox 1909 336 2118 394; x_wconf 69' lang='lat' dir='ltr'><strong>HANL.</strong></span> <span class='ocrx_word' id='word_1_4' title='bbox 2158 335 2312 393; x_wconf 78' lang='lat' dir='ltr'><strong>sev.</strong></span> <span class='ocrx_word' id='word_1_5' title='bbox 2353 337 2577 394; x_wconf 73' lang='lat' dir='ltr'><strong>nomn</strong></span> 
     </span>
    </p>
   </div>
   <div class='ocr_carea' id='block_1_3' title="bbox 3661 337 3780 391">
    <p class='ocr_par' dir='ltr' id='par_1_3' title="bbox 3661 337 3780 391">
     <span class='ocr_line' id='line_1_3' title="bbox 3661 337 3780 391; baseline 0.008 -1"><span class='ocrx_word' id='word_1_6' title='bbox 3661 337 3780 391; x_wconf 71' lang='lat' dir='ltr'><strong>H72</strong></span> 
     </span>
    </p>
   </div>
   <div class='ocr_carea' id='block_1_4' title="bbox 525 422 3778 523">
    <p class='ocr_par' dir='ltr' id='par_1_4' title="bbox 525 422 3778 523">
     <span class='ocr_line' id='line_1_4' title="bbox 525 422 3778 523; baseline 0 -17"><span class='ocrx_word' id='word_1_7' title='bbox 525 451 650 507; x_wconf 86' lang='lat' dir='ltr'><strong>criti</strong></span> <span class='ocrx_word' id='word_1_8' title='bbox 694 453 899 511; x_wconf 75' lang='lat' dir='ltr'><strong>civibus</strong></span> <span class='ocrx_word' id='word_1_9' title='bbox 941 453 992 508; x_wconf 88' lang='lat' dir='ltr'><strong>id</strong></span> <span class='ocrx_word' id='word_1_10' title='bbox 1034 453 1411 523; x_wconf 89' lang='lat' dir='ltr'><strong>opinantibus,</strong></span> <span class='ocrx_word' id='word_1_11' title='bbox 1469 452 1520 506; x_wconf 93' lang='lat' dir='ltr'><strong>in</strong></span> <span class='ocrx_word' id='word_1_12' title='bbox 1571 453 1810 506; x_wconf 87' lang='lat' dir='ltr'><strong>custodia</strong></span> <span class='ocrx_word' id='word_1_13' title='bbox 1854 422 2104 507; x_wconf 72' lang='lat' dir='ltr'><strong>medendi</strong></span> <span class='ocrx_word' id='word_1_14' title='bbox 2135 452 2182 512; x_wconf 83' lang='lat' dir='ltr'><strong>A</strong></span> <span class='ocrx_word' id='word_1_15' title='bbox 2212 451 2394 508; x_wconf 88' lang='lat' dir='ltr'><strong>multis</strong></span> <span class='ocrx_word' id='word_1_16' title='bbox 2426 451 2539 506; x_wconf 80' lang='lat' dir='ltr'><strong>ﬁeri</strong></span> <span class='ocrx_word' id='word_1_17' title='bbox 2571 451 2637 507; x_wconf 88' lang='lat' dir='ltr'><strong>de</strong></span> <span class='ocrx_word' id='word_1_18' title='bbox 2657 449 2832 506; x_wconf 84' lang='lat' dir='ltr'><strong>causis</strong></span> <span class='ocrx_word' id='word_1_19' title='bbox 2861 447 3085 506; x_wconf 83' lang='lat' dir='ltr'><strong>necesse</strong></span> <span class='ocrx_word' id='word_1_20' title='bbox 3112 435 3362 515; x_wconf 33' lang='lat' dir='ltr'><strong>&#39;estfno’n</strong></span> <span class='ocrx_word' id='word_1_21' title='bbox 3391 449 3590 520; x_wconf 89' lang='lat' dir='ltr'><strong>poterit</strong></span> <span class='ocrx_word' id='word_1_22' title='bbox 3619 458 3778 506; x_wconf 87' lang='lat' dir='ltr'><strong>tamen</strong></span> 
     </span>
    </p>
   </div>
   <div class='ocr_carea' id='block_1_5' title="bbox 523 543 2108 615">
    <p class='ocr_par' dir='ltr' id='par_1_5' title="bbox 523 543 2108 615">
     <span class='ocr_line' id='line_1_5' title="bbox 523 543 2108 615; baseline -0.001 -17"><span class='ocrx_word' id='word_1_23' title='bbox 523 559 680 599; x_wconf 88' lang='lat' dir='ltr'><strong>causa</strong></span> <span class='ocrx_word' id='word_1_24' title='bbox 705 545 918 600; x_wconf 91' lang='lat' dir='ltr'><strong>viseret.</strong></span> <span class='ocrx_word' id='word_1_25' title='bbox 943 543 1049 599; x_wconf 88' lang='lat' dir='ltr'><strong>Sed</strong></span> <span class='ocrx_word' id='word_1_26' title='bbox 1072 560 1327 615; x_wconf 88' lang='lat' dir='ltr'><strong>quorsum</strong></span> <span class='ocrx_word' id='word_1_27' title='bbox 1351 544 1449 598; x_wconf 91' lang='lat' dir='ltr'><strong>ista</strong></span> <span class='ocrx_word' id='word_1_28' title='bbox 1473 543 1619 598; x_wconf 78' lang='lat' dir='ltr'><strong>lucc?</strong></span> <span class='ocrx_word' id='word_1_29' title='bbox 1641 545 1771 609; x_wconf 87' lang='lat' dir='ltr'><strong>Quia</strong></span> <span class='ocrx_word' id='word_1_30' title='bbox 1797 559 1902 598; x_wconf 91' lang='lat' dir='ltr'><strong>non</strong></span> <span class='ocrx_word' id='word_1_31' title='bbox 1932 553 2108 614; x_wconf 89' lang='lat' dir='ltr'><strong>potest</strong></span> 
     </span>
    </p>
   </div>
   <div class='ocr_carea' id='block_1_6' title="bbox 521 630 2104 706">
    <p class='ocr_par' dir='ltr' id='par_1_6' title="bbox 521 630 2104 706">
     <span class='ocr_line' id='line_1_6' title="bbox 521 630 2104 706; baseline 0.001 -17"><span class='ocrx_word' id='word_1_32' title='bbox 521 630 749 690; x_wconf 88' lang='lat' dir='ltr'><strong>dubitari</strong></span> <span class='ocrx_word' id='word_1_33' title='bbox 776 635 901 706; x_wconf 86' lang='lat' dir='ltr'><strong>quin</strong></span> <span class='ocrx_word' id='word_1_34' title='bbox 924 646 1123 691; x_wconf 67' lang='lat' dir='ltr'><strong>nostrae</strong></span> <span class='ocrx_word' id='word_1_35' title='bbox 1145 637 1334 690; x_wconf 73' lang='lat' dir='ltr'><strong>anima-</strong></span> <span class='ocrx_word' id='word_1_36' title='bbox 1355 645 1409 692; x_wconf 91' lang='lat' dir='ltr'><strong>et</strong></span> <span class='ocrx_word' id='word_1_37' title='bbox 1425 636 1665 706; x_wconf 85' lang='lat' dir='ltr'><strong>corporis</strong></span> <span class='ocrx_word' id='word_1_38' title='bbox 1687 645 1878 702; x_wconf 79' lang='lat' dir='ltr'><strong>status,</strong></span> <span class='ocrx_word' id='word_1_39' title='bbox 1901 637 2104 691; x_wconf 87' lang='lat' dir='ltr'><strong>eisdem</strong></span> 
     </span>
    </p>
   </div>
   <div class='ocr_carea' id='block_1_7' title="bbox 520 728 2106 801">
    <p class='ocr_par' dir='ltr' id='par_1_7' title="bbox 520 728 2106 801">
     <span class='ocr_line' id='line_1_7' title="bbox 520 728 2106 801; baseline 0.001 -18"><span class='ocrx_word' id='word_1_40' title='bbox 520 728 918 798; x_wconf 88' lang='lat' dir='ltr'><strong>quodammodo</strong></span> <span class='ocrx_word' id='word_1_41' title='bbox 947 729 1384 801; x_wconf 76' lang='lat' dir='ltr'><strong>proportionibus</strong></span> <span class='ocrx_word' id='word_1_42' title='bbox 1413 729 1659 786; x_wconf 86' lang='lat' dir='ltr'><strong>videatur</strong></span> <span class='ocrx_word' id='word_1_43' title='bbox 1696 745 1815 785; x_wconf 64' lang='lat' dir='ltr'><strong>esse</strong></span> <span class='ocrx_word' id='word_1_44' title='bbox 1840 731 2106 799; x_wconf 89' lang='lat' dir='ltr'><strong>composi-</strong></span> 
     </span>
    </p>
   </div>
   <div class='ocr_carea' id='block_1_8' title="bbox 517 804 2105 891">
    <p class='ocr_par' dir='ltr' id='par_1_8' title="bbox 517 804 2105 891">
     <span class='ocr_line' id='line_1_8' title="bbox 517 804 2105 891; baseline 0.003 -19"><span class='ocrx_word' id='word_1_45' title='bbox 517 827 623 883; x_wconf 82' lang='lat' dir='ltr'><strong>tus,</strong></span> <span class='ocrx_word' id='word_1_46' title='bbox 649 815 839 885; x_wconf 85' lang='lat' dir='ltr'><strong>quibus</strong></span> <span class='ocrx_word' id='word_1_47' title='bbox 866 815 1203 876; x_wconf 84' lang='lat' dir='ltr'><strong>harmonicas</strong></span> <span class='ocrx_word' id='word_1_48' title='bbox 1225 821 1615 876; x_wconf 85' lang='lat' dir='ltr'><strong>modulatiOnes</strong></span> <span class='ocrx_word' id='word_1_49' title='bbox 1637 804 1901 891; x_wconf 74' lang='lat' dir='ltr'><strong>posterior</strong></span> <span class='ocrx_word' id='word_1_50' title='bbox 1921 822 2105 890; x_wconf 83' lang='lat' dir='ltr'><strong>dispu-</strong></span> 
     </span>
    </p>
   </div>
   <div class='ocr_carea' id='block_1_9' title="bbox 519 911 2100 983">
    <p class='ocr_par' dir='ltr' id='par_1_9' title="bbox 519 911 2100 983">
     <span class='ocr_line' id='line_1_9' title="bbox 519 911 2100 983; baseline 0.004 -21"><span class='ocrx_word' id='word_1_51' title='bbox 519 912 650 964; x_wconf 87' lang='lat' dir='ltr'><strong>tatio</strong></span> <span class='ocrx_word' id='word_1_52' title='bbox 678 911 927 980; x_wconf 71' lang='lat' dir='ltr'><strong>conjungi</strong></span> <span class='ocrx_word' id='word_1_53' title='bbox 949 917 1297 983; x_wconf 76' lang='lat' dir='ltr'><strong>copularique</strong></span> <span class='ocrx_word' id='word_1_54' title='bbox 1325 916 1663 971; x_wconf 84' lang='lat' dir='ltr'><strong>monstrabit.</strong></span> <span class='ocrx_word' id='word_1_55' title='bbox 1696 915 1823 971; x_wconf 86' lang='lat' dir='ltr'><strong>inde</strong></span> <span class='ocrx_word' id='word_1_56' title='bbox 1853 925 1934 971; x_wconf 89' lang='lat' dir='ltr'><strong>cst</strong></span> <span class='ocrx_word' id='word_1_57' title='bbox 1957 916 2100 970; x_wconf 90' lang='lat' dir='ltr'><strong>enim</strong></span> 
     </span>
    </p>
   </div>
   <div class='ocr_carea' id='block_1_10' title="bbox 515 1001 2098 1076">
    <p class='ocr_par' dir='ltr' id='par_1_10' title="bbox 515 1001 2098 1076">
     <span class='ocr_line' id='line_1_10' title="bbox 515 1001 2098 1076; baseline 0.004 -21"><span class='ocrx_word' id='word_1_58' title='bbox 515 1001 662 1071; x_wconf 90' lang='lat' dir='ltr'><strong>quod</strong></span> <span class='ocrx_word' id='word_1_59' title='bbox 694 1002 927 1058; x_wconf 80' lang='lat' dir='ltr'><strong>infantes</strong></span> <span class='ocrx_word' id='word_1_60' title='bbox 959 1015 1170 1076; x_wconf 85' lang='lat' dir='ltr'><strong>quoque</strong></span> <span class='ocrx_word' id='word_1_61' title='bbox 1200 1007 1464 1062; x_wconf 86' lang='lat' dir='ltr'><strong>cantilena</strong></span> <span class='ocrx_word' id='word_1_62' title='bbox 1504 1007 1676 1062; x_wconf 83' lang='lat' dir='ltr'><strong>dulcis</strong></span> <span class='ocrx_word' id='word_1_63' title='bbox 1703 1008 1954 1061; x_wconf 82' lang='lat' dir='ltr'><strong>oblectat.</strong></span> <span class='ocrx_word' id='word_1_64' title='bbox 1987 1009 2098 1061; x_wconf 84' lang='lat' dir='ltr'><strong>Ali-</strong></span> 
     </span>
    </p>
   </div>
   <div class='ocr_carea' id='block_1_11' title="bbox 515 1093 2102 1167">
    <p class='ocr_par' dir='ltr' id='par_1_11' title="bbox 515 1093 2102 1167">
     <span class='ocr_line' id='line_1_11' title="bbox 515 1093 2102 1167; baseline 0.004 -21"><span class='ocrx_word' id='word_1_65' title='bbox 515 1093 644 1162; x_wconf 84' lang='lat' dir='ltr'><strong>quid</strong></span> <span class='ocrx_word' id='word_1_66' title='bbox 669 1103 798 1149; x_wconf 78' lang='lat' dir='ltr'><strong>vero</strong></span> <span class='ocrx_word' id='word_1_67' title='bbox 825 1109 1076 1164; x_wconf 68' lang='lat' dir='ltr'><strong>asperum</strong></span> <span class='ocrx_word' id='word_1_68' title='bbox 1121 1108 1282 1167; x_wconf 82' lang='lat' dir='ltr'><strong>atque</strong></span> <span class='ocrx_word' id='word_1_69' title='bbox 1316 1097 1544 1164; x_wconf 86' lang='lat' dir='ltr'><strong>immite,</strong></span> <span class='ocrx_word' id='word_1_70' title='bbox 1575 1096 1642 1151; x_wconf 87' lang='lat' dir='ltr'><strong>ab</strong></span> <span class='ocrx_word' id='word_1_71' title='bbox 1671 1097 1920 1153; x_wconf 90' lang='lat' dir='ltr'><strong>audiendi</strong></span> <span class='ocrx_word' id='word_1_72' title='bbox 1952 1099 2102 1152; x_wconf 82' lang='lat' dir='ltr'><strong>vuln-</strong></span> 
     </span>
    </p>
   </div>
   <div class='ocr_carea' id='block_1_12' title="bbox 515 1187 2102 1258">
    <p class='ocr_par' dir='ltr' id='par_1_12' title="bbox 515 1187 2102 1258">
     <span class='ocr_line' id='line_1_12' title="bbox 515 1187 2102 1258; baseline 0.001 -18"><span class='ocrx_word' id='word_1_73' title='bbox 515 1194 664 1254; x_wconf 77' lang='lat' dir='ltr'><strong>ptalc</strong></span> <span class='ocrx_word' id='word_1_74' title='bbox 691 1187 990 1254; x_wconf 81' lang='lat' dir='ltr'><strong>suspendit.</strong></span> <span class='ocrx_word' id='word_1_75' title='bbox 1042 1189 1303 1243; x_wconf 82' lang='lat' dir='ltr'><strong>Nimirum</strong></span> <span class='ocrx_word' id='word_1_76' title='bbox 1335 1189 1384 1243; x_wconf 88' lang='lat' dir='ltr'><strong>id</strong></span> <span class='ocrx_word' id='word_1_77' title='bbox 1413 1189 1576 1244; x_wconf 83' lang='lat' dir='ltr'><strong>etiam</strong></span> <span class='ocrx_word' id='word_1_78' title='bbox 1607 1191 1781 1243; x_wconf 90' lang='lat' dir='ltr'><strong>omnis</strong></span> <span class='ocrx_word' id='word_1_79' title='bbox 1809 1199 1938 1243; x_wconf 64' lang='lat' dir='ltr'><strong>atas</strong></span> <span class='ocrx_word' id='word_1_80' title='bbox 1968 1189 2102 1258; x_wconf 85' lang='lat' dir='ltr'><strong>pati-</strong></span> 
     </span>
    </p>
   </div>
   <div class='ocr_carea' id='block_1_13' title="bbox 515 1279 2098 1352">
    <p class='ocr_par' dir='ltr' id='par_1_13' title="bbox 515 1279 2098 1352">
     <span class='ocr_line' id='line_1_13' title="bbox 515 1279 2098 1352; baseline 0 -18"><span class='ocrx_word' id='word_1_81' title='bbox 515 1286 625 1344; x_wconf 81' lang='lat' dir='ltr'><strong>tur,</strong></span> <span class='ocrx_word' id='word_1_82' title='bbox 643 1279 932 1352; x_wconf 65' lang='lat' dir='ltr'><strong>pannisque</strong></span> <span class='ocrx_word' id='word_1_83' title='bbox 968 1296 1149 1341; x_wconf 78' lang='lat' dir='ltr'><strong>sexus.</strong></span> <span class='ocrx_word' id='word_1_84' title='bbox 1181 1281 1313 1348; x_wconf 71' lang='lat' dir='ltr'><strong>Quin</strong></span> <span class='ocrx_word' id='word_1_85' title='bbox 1356 1282 1478 1336; x_wconf 76' lang='lat' dir='ltr'><strong>licet</strong></span> <span class='ocrx_word' id='word_1_86' title='bbox 1522 1283 1635 1337; x_wconf 88' lang='lat' dir='ltr'><strong>suis</strong></span> <span class='ocrx_word' id='word_1_87' title='bbox 1675 1282 1884 1336; x_wconf 78' lang='lat' dir='ltr'><strong>actibus</strong></span> <span class='ocrx_word' id='word_1_88' title='bbox 1916 1282 2098 1336; x_wconf 88' lang='lat' dir='ltr'><strong>distri-</strong></span> 
     </span>
    </p>
   </div>
   <div class='ocr_carea' id='block_1_14' title="bbox 515 1372 2098 1446">
    <p class='ocr_par' dir='ltr' id='par_1_14' title="bbox 515 1372 2098 1446">
     <span class='ocr_line' id='line_1_14' title="bbox 515 1372 2098 1446; baseline 0 -16"><span class='ocrx_word' id='word_1_89' title='bbox 515 1372 644 1430; x_wconf 75' lang='lat' dir='ltr'><strong>buta</strong></span> <span class='ocrx_word' id='word_1_90' title='bbox 672 1377 800 1441; x_wconf 84' lang='lat' dir='ltr'><strong>sint,</strong></span> <span class='ocrx_word' id='word_1_91' title='bbox 835 1393 939 1430; x_wconf 89' lang='lat' dir='ltr'><strong>una</strong></span> <span class='ocrx_word' id='word_1_92' title='bbox 971 1388 1148 1433; x_wconf 84' lang='lat' dir='ltr'><strong>tamen</strong></span> <span class='ocrx_word' id='word_1_93' title='bbox 1180 1379 1398 1433; x_wconf 58' lang='lat' dir='ltr'><strong>musica!</strong></span> <span class='ocrx_word' id='word_1_94' title='bbox 1429 1377 1786 1432; x_wconf 83' lang='lat' dir='ltr'><strong>delectatione</strong></span> <span class='ocrx_word' id='word_1_95' title='bbox 1811 1379 2098 1446; x_wconf 79' lang='lat' dir='ltr'><strong>conjuncta</strong></span> 
     </span>
    </p>
   </div>
   <div class='ocr_carea' id='block_1_15' title="bbox 514 1465 2100 1538">
    <p class='ocr_par' dir='ltr' id='par_1_15' title="bbox 514 1465 2100 1538">
     <span class='ocr_line' id='line_1_15' title="bbox 514 1465 2100 1538; baseline 0.002 -19"><span class='ocrx_word' id='word_1_96' title='bbox 514 1474 661 1528; x_wconf 72' lang='lat' dir='ltr'><strong>sunt.</strong></span> <span class='ocrx_word' id='word_1_97' title='bbox 691 1465 828 1533; x_wconf 86' lang='lat' dir='ltr'><strong>Quid</strong></span> <span class='ocrx_word' id='word_1_98' title='bbox 854 1468 997 1521; x_wconf 89' lang='lat' dir='ltr'><strong>enim</strong></span> <span class='ocrx_word' id='word_1_99' title='bbox 1025 1470 1103 1534; x_wconf 90' lang='lat' dir='ltr'><strong>lit,</strong></span> <span class='ocrx_word' id='word_1_100' title='bbox 1132 1483 1252 1522; x_wconf 91' lang='lat' dir='ltr'><strong>cum</strong></span> <span class='ocrx_word' id='word_1_101' title='bbox 1284 1469 1334 1521; x_wconf 89' lang='lat' dir='ltr'><strong>in</strong></span> <span class='ocrx_word' id='word_1_102' title='bbox 1371 1467 1585 1522; x_wconf 84' lang='lat' dir='ltr'><strong>ﬂetibus</strong></span> <span class='ocrx_word' id='word_1_103' title='bbox 1616 1469 1786 1522; x_wconf 90' lang='lat' dir='ltr'><strong>luctus</strong></span> <span class='ocrx_word' id='word_1_104' title='bbox 1817 1469 1961 1538; x_wconf 90' lang='lat' dir='ltr'><strong>ipsos</strong></span> <span class='ocrx_word' id='word_1_105' title='bbox 1991 1470 2100 1522; x_wconf 63' lang='lat' dir='ltr'><strong>mo.</strong></span> 
     </span>
    </p>
   </div>
   <div class='ocr_carea' id='block_1_16' title="bbox 515 1555 2098 1628">
    <p class='ocr_par' dir='ltr' id='par_1_16' title="bbox 515 1555 2098 1628">
     <span class='ocr_line' id='line_1_16' title="bbox 515 1555 2098 1628; baseline 0.002 -17"><span class='ocrx_word' id='word_1_106' title='bbox 515 1555 764 1616; x_wconf 72' lang='lat' dir='ltr'><strong>dolantur</strong></span> <span class='ocrx_word' id='word_1_107' title='bbox 805 1558 963 1613; x_wconf 79' lang='lat' dir='ltr'><strong>dulen</strong></span> <span class='ocrx_word' id='word_1_108' title='bbox 991 1560 1085 1614; x_wconf 79' lang='lat' dir='ltr'><strong>es?</strong></span> <span class='ocrx_word' id='word_1_109' title='bbox 1115 1561 1266 1628; x_wconf 89' lang='lat' dir='ltr'><strong>Quod</strong></span> <span class='ocrx_word' id='word_1_110' title='bbox 1301 1559 1548 1614; x_wconf 79' lang='lat' dir='ltr'><strong>maxime</strong></span> <span class='ocrx_word' id='word_1_111' title='bbox 1598 1561 1856 1615; x_wconf 68' lang='lat' dir='ltr'><strong>muliebre</strong></span> <span class='ocrx_word' id='word_1_112' title='bbox 1904 1570 2006 1626; x_wconf 88' lang='lat' dir='ltr'><strong>est,</strong></span> <span class='ocrx_word' id='word_1_113' title='bbox 2040 1571 2098 1614; x_wconf 88' lang='lat' dir='ltr'><strong>ut</strong></span> 
     </span>
    </p>
   </div>
   <div class='ocr_carea' id='block_1_17' title="bbox 515 1649 2095 1720">
    <p class='ocr_par' dir='ltr' id='par_1_17' title="bbox 515 1649 2095 1720">
     <span class='ocr_line' id='line_1_17' title="bbox 515 1649 2095 1720; baseline 0.003 -17"><span class='ocrx_word' id='word_1_114' title='bbox 515 1663 638 1704; x_wconf 76' lang='lat' dir='ltr'><strong>cum</strong></span> <span class='ocrx_word' id='word_1_115' title='bbox 665 1649 878 1712; x_wconf 83' lang='lat' dir='ltr'><strong>cantico</strong></span> <span class='ocrx_word' id='word_1_116' title='bbox 905 1651 1133 1720; x_wconf 89' lang='lat' dir='ltr'><strong>quodam</strong></span> <span class='ocrx_word' id='word_1_117' title='bbox 1183 1651 1390 1705; x_wconf 86' lang='lat' dir='ltr'><strong>dulcior</strong></span> <span class='ocrx_word' id='word_1_118' title='bbox 1437 1661 1462 1689; x_wconf 77' lang='grc' dir='ltr'>ι</span> <span class='ocrx_word' id='word_1_119' title='bbox 1495 1653 1585 1704; x_wconf 88' lang='lat' dir='ltr'><strong>fiat</strong></span> <span class='ocrx_word' id='word_1_120' title='bbox 1612 1667 1772 1705; x_wconf 80' lang='lat' dir='ltr'><strong>causa</strong></span> <span class='ocrx_word' id='word_1_121' title='bbox 1815 1652 1996 1706; x_wconf 85' lang='lat' dir='ltr'><strong>ﬂendi.</strong></span> <span class='ocrx_word' id='word_1_122' title='bbox 2042 1651 2095 1707; x_wconf 92' lang='lat' dir='ltr'><strong>ld</strong></span> 
     </span>
    </p>
   </div>
   <div class='ocr_carea' id='block_1_18' title="bbox 515 1741 2098 1812">
    <p class='ocr_par' dir='ltr' id='par_1_18' title="bbox 515 1741 2098 1812">
     <span class='ocr_line' id='line_1_18' title="bbox 515 1741 2098 1812; baseline 0.003 -18"><span class='ocrx_word' id='word_1_123' title='bbox 515 1753 645 1794; x_wconf 87' lang='lat' dir='ltr'><strong>vero</strong></span> <span class='ocrx_word' id='word_1_124' title='bbox 668 1741 826 1798; x_wconf 84' lang='lat' dir='ltr'><strong>etiam</strong></span> <span class='ocrx_word' id='word_1_125' title='bbox 855 1742 952 1795; x_wconf 79' lang='lat' dir='ltr'><strong>fuit</strong></span> <span class='ocrx_word' id='word_1_126' title='bbox 983 1742 1006 1779; x_wconf 73' lang='grc' dir='ltr'><strong>ιι</strong></span> <span class='ocrx_word' id='word_1_127' title='bbox 1038 1743 1269 1812; x_wconf 70' lang='lat' dir='ltr'><strong>ant‘quis</strong></span> <span class='ocrx_word' id='word_1_128' title='bbox 1301 1744 1354 1796; x_wconf 92' lang='lat' dir='ltr'><strong>in</strong></span> <span class='ocrx_word' id='word_1_129' title='bbox 1394 1758 1620 1809; x_wconf 84' lang='lat' dir='ltr'><strong>morem,</strong></span> <span class='ocrx_word' id='word_1_130' title='bbox 1652 1755 1708 1797; x_wconf 92' lang='lat' dir='ltr'><strong>ut</strong></span> <span class='ocrx_word' id='word_1_131' title='bbox 1735 1754 1924 1798; x_wconf 88' lang='lat' dir='ltr'><strong>cantus</strong></span> <span class='ocrx_word' id='word_1_132' title='bbox 1954 1743 2098 1798; x_wconf 63' lang='lat' dir='ltr'><strong>tibia:</strong></span> 
     </span>
    </p>
   </div>
   <div class='ocr_carea' id='block_1_19' title="bbox 2214 545 3776 616">
    <p class='ocr_par' dir='ltr' id='par_1_19' title="bbox 2214 545 3776 616">
     <span class='ocr_line' id='line_1_19' title="bbox 2214 545 3776 616; baseline 0.001 -18"><span class='ocrx_word' id='word_1_133' title='bbox 2214 554 2392 599; x_wconf 87' lang='lat' dir='ltr'><strong>motus</strong></span> <span class='ocrx_word' id='word_1_134' title='bbox 2441 554 2546 598; x_wconf 84' lang='lat' dir='ltr'><strong>tam</strong></span> <span class='ocrx_word' id='word_1_135' title='bbox 2591 545 2959 600; x_wconf 81' lang='lat' dir='ltr'><strong>velocissimus</strong></span> <span class='ocrx_word' id='word_1_136' title='bbox 3007 546 3073 599; x_wconf 88' lang='lat' dir='ltr'><strong>ita</strong></span> <span class='ocrx_word' id='word_1_137' title='bbox 3123 561 3442 616; x_wconf 78' lang='lat' dir='ltr'><strong>magnorum</strong></span> <span class='ocrx_word' id='word_1_138' title='bbox 3480 560 3776 613; x_wconf 86' lang='lat' dir='ltr'><strong>corporum,</strong></span> 
     </span>
    </p>
   </div>
   <div class='ocr_carea' id='block_1_20' title="bbox 2212 635 3778 703">
    <p class='ocr_par' dir='ltr' id='par_1_20' title="bbox 2212 635 3778 703">
     <span class='ocr_line' id='line_1_20' title="bbox 2212 635 3778 703; baseline 0.003 -16"><span class='ocrx_word' id='word_1_139' title='bbox 2212 635 2386 688; x_wconf 83' lang='lat' dir='ltr'><strong>nullos</strong></span> <span class='ocrx_word' id='word_1_140' title='bbox 2416 638 2632 690; x_wconf 90' lang='lat' dir='ltr'><strong>omnino</strong></span> <span class='ocrx_word' id='word_1_141' title='bbox 2661 650 2824 690; x_wconf 91' lang='lat' dir='ltr'><strong>sonos</strong></span> <span class='ocrx_word' id='word_1_142' title='bbox 2851 637 3013 703; x_wconf 90' lang='lat' dir='ltr'><strong>ciere,</strong></span> <span class='ocrx_word' id='word_1_143' title='bbox 3044 649 3164 690; x_wconf 91' lang='lat' dir='ltr'><strong>cum</strong></span> <span class='ocrx_word' id='word_1_144' title='bbox 3197 636 3490 702; x_wconf 78' lang='lat' dir='ltr'><strong>przesertim</strong></span> <span class='ocrx_word' id='word_1_145' title='bbox 3523 645 3666 688; x_wconf 92' lang='lat' dir='ltr'><strong>tanta</strong></span> <span class='ocrx_word' id='word_1_146' title='bbox 3689 637 3778 691; x_wconf 82' lang='lat' dir='ltr'><strong>sint</strong></span> 
     </span>
    </p>
   </div>
   <div class='ocr_carea' id='block_1_21' title="bbox 2210 726 3777 796">
    <p class='ocr_par' dir='ltr' id='par_1_21' title="bbox 2210 726 3777 796">
     <span class='ocr_line' id='line_1_21' title="bbox 2210 726 3777 796; baseline 0 -15"><span class='ocrx_word' id='word_1_147' title='bbox 2210 726 2488 781; x_wconf 80' lang='lat' dir='ltr'><strong>Stellarum</strong></span> <span class='ocrx_word' id='word_1_148' title='bbox 2519 740 2708 783; x_wconf 84' lang='lat' dir='ltr'><strong>cursus</strong></span> <span class='ocrx_word' id='word_1_149' title='bbox 2729 728 3064 796; x_wconf 88' lang='lat' dir='ltr'><strong>coaptatione</strong></span> <span class='ocrx_word' id='word_1_150' title='bbox 3089 727 3382 796; x_wconf 83' lang='lat' dir='ltr'><strong>conjuncti,</strong></span> <span class='ocrx_word' id='word_1_151' title='bbox 3410 736 3466 782; x_wconf 86' lang='lat' dir='ltr'><strong>ut</strong></span> <span class='ocrx_word' id='word_1_152' title='bbox 3488 727 3621 781; x_wconf 80' lang='lat' dir='ltr'><strong>nihil</strong></span> <span class='ocrx_word' id='word_1_153' title='bbox 3646 743 3777 793; x_wconf 58' lang='lat' dir='ltr'><strong>atque</strong></span> 
     </span>
    </p>
   </div>
   <div class='ocr_carea' id='block_1_22' title="bbox 2209 815 3772 890">
    <p class='ocr_par' dir='ltr' id='par_1_22' title="bbox 2209 815 3772 890">
     <span class='ocr_line' id='line_1_22' title="bbox 2209 815 3772 890; baseline 0.001 -18"><span class='ocrx_word' id='word_1_154' title='bbox 2209 821 2658 888; x_wconf 77' lang='lat' dir='ltr'><strong>entnpaginatum,</strong></span> <span class='ocrx_word' id='word_1_155' title='bbox 2691 818 2823 874; x_wconf 85' lang='lat' dir='ltr'><strong>nihil</strong></span> <span class='ocrx_word' id='word_1_156' title='bbox 2858 820 2928 873; x_wconf 91' lang='lat' dir='ltr'><strong>ita</strong></span> <span class='ocrx_word' id='word_1_157' title='bbox 2956 819 3301 874; x_wconf 85' lang='lat' dir='ltr'><strong>commixtum</strong></span> <span class='ocrx_word' id='word_1_158' title='bbox 3332 820 3500 890; x_wconf 88' lang='lat' dir='ltr'><strong>possit</strong></span> <span class='ocrx_word' id='word_1_159' title='bbox 3551 815 3772 887; x_wconf 82' lang='lat' dir='ltr'><strong>intelligi.</strong></span> 
     </span>
    </p>
   </div>
   <div class='ocr_carea' id='block_1_23' title="bbox 2207 910 3774 980">
    <p class='ocr_par' dir='ltr' id='par_1_23' title="bbox 2207 910 3774 980">
     <span class='ocr_line' id='line_1_23' title="bbox 2207 910 3774 980; baseline 0.003 -18"><span class='ocrx_word' id='word_1_160' title='bbox 2207 910 2445 978; x_wconf 77' lang='lat' dir='ltr'><strong>Namque</strong></span> <span class='ocrx_word' id='word_1_161' title='bbox 2459 913 2545 964; x_wconf 84' lang='lat' dir='ltr'><strong>alii</strong></span> <span class='ocrx_word' id='word_1_162' title='bbox 2570 912 2916 975; x_wconf 60' lang='lat' dir='ltr'><strong>excelsiores,</strong></span> <span class='ocrx_word' id='word_1_163' title='bbox 2943 913 3029 966; x_wconf 82' lang='lat' dir='ltr'><strong>alii</strong></span> <span class='ocrx_word' id='word_1_164' title='bbox 3049 911 3331 966; x_wconf 78' lang='lat' dir='ltr'><strong>inferiores</strong></span> <span class='ocrx_word' id='word_1_165' title='bbox 3347 913 3613 978; x_wconf 80' lang='lat' dir='ltr'><strong>feruntur,</strong></span> <span class='ocrx_word' id='word_1_166' title='bbox 3638 922 3774 980; x_wconf 85' lang='lat' dir='ltr'><strong>atque</strong></span> 
     </span>
    </p>
   </div>
   <div class='ocr_carea' id='block_1_24' title="bbox 2207 1002 3771 1073">
    <p class='ocr_par' dir='ltr' id='par_1_24' title="bbox 2207 1002 3771 1073">
     <span class='ocr_line' id='line_1_24' title="bbox 2207 1002 3771 1073; baseline -0.001 -18"><span class='ocrx_word' id='word_1_167' title='bbox 2207 1002 2277 1055; x_wconf 91' lang='lat' dir='ltr'><strong>ita</strong></span> <span class='ocrx_word' id='word_1_168' title='bbox 2304 1018 2490 1057; x_wconf 91' lang='lat' dir='ltr'><strong>omnes</strong></span> <span class='ocrx_word' id='word_1_169' title='bbox 2513 1004 2700 1073; x_wconf 61' lang='lat' dir='ltr'><strong>aequali</strong></span> <span class='ocrx_word' id='word_1_170' title='bbox 2735 1002 3040 1058; x_wconf 78' lang='lat' dir='ltr'><strong>incitatione</strong></span> <span class='ocrx_word' id='word_1_171' title='bbox 3067 1003 3368 1068; x_wconf 81' lang='lat' dir='ltr'><strong>volvuntur,</strong></span> <span class='ocrx_word' id='word_1_172' title='bbox 3402 1013 3460 1057; x_wconf 93' lang='lat' dir='ltr'><strong>ut</strong></span> <span class='ocrx_word' id='word_1_173' title='bbox 3490 1018 3585 1071; x_wconf 91' lang='lat' dir='ltr'><strong>per</strong></span> <span class='ocrx_word' id='word_1_174' title='bbox 3616 1002 3771 1071; x_wconf 84' lang='lat' dir='ltr'><strong>dispa-</strong></span> 
     </span>
    </p>
   </div>
   <div class='ocr_carea' id='block_1_25' title="bbox 2204 1092 3770 1162">
    <p class='ocr_par' dir='ltr' id='par_1_25' title="bbox 2204 1092 3770 1162">
     <span class='ocr_line' id='line_1_25' title="bbox 2204 1092 3770 1162; baseline 0.002 -16"><span class='ocrx_word' id='word_1_175' title='bbox 2204 1107 2294 1147; x_wconf 87' lang='lat' dir='ltr'><strong>res</strong></span> <span class='ocrx_word' id='word_1_176' title='bbox 2323 1093 2717 1162; x_wconf 66' lang='lat' dir='ltr'><strong>inaequalitates</strong></span> <span class='ocrx_word' id='word_1_177' title='bbox 2744 1105 2890 1150; x_wconf 90' lang='lat' dir='ltr'><strong>ratus</strong></span> <span class='ocrx_word' id='word_1_178' title='bbox 2919 1111 3168 1149; x_wconf 87' lang='lat' dir='ltr'><strong>cursuutn</strong></span> <span class='ocrx_word' id='word_1_179' title='bbox 3195 1095 3328 1149; x_wconf 90' lang='lat' dir='ltr'><strong>ordo</strong></span> <span class='ocrx_word' id='word_1_180' title='bbox 3360 1095 3610 1148; x_wconf 85' lang='lat' dir='ltr'><strong>ducatur.</strong></span> <span class='ocrx_word' id='word_1_181' title='bbox 3643 1092 3770 1149; x_wconf 77' lang='lat' dir='ltr'><strong>Unde</strong></span> 
     </span>
    </p>
   </div>
   <div class='ocr_carea' id='block_1_26' title="bbox 2204 1184 3769 1256">
    <p class='ocr_par' dir='ltr' id='par_1_26' title="bbox 2204 1184 3769 1256">
     <span class='ocr_line' id='line_1_26' title="bbox 2204 1184 3769 1256; baseline 0.001 -21"><span class='ocrx_word' id='word_1_182' title='bbox 2204 1197 2312 1236; x_wconf 91' lang='lat' dir='ltr'><strong>non</strong></span> <span class='ocrx_word' id='word_1_183' title='bbox 2343 1194 2519 1252; x_wconf 86' lang='lat' dir='ltr'><strong>potest</strong></span> <span class='ocrx_word' id='word_1_184' title='bbox 2543 1185 2610 1239; x_wconf 90' lang='lat' dir='ltr'><strong>ab</strong></span> <span class='ocrx_word' id='word_1_185' title='bbox 2635 1186 2730 1239; x_wconf 90' lang='lat' dir='ltr'><strong>hac</strong></span> <span class='ocrx_word' id='word_1_186' title='bbox 2751 1185 2955 1241; x_wconf 76' lang='lat' dir='ltr'><strong>ccelcsti</strong></span> <span class='ocrx_word' id='word_1_187' title='bbox 2985 1186 3244 1256; x_wconf 78' lang='lat' dir='ltr'><strong>vertigine</strong></span> <span class='ocrx_word' id='word_1_188' title='bbox 3272 1195 3418 1239; x_wconf 83' lang='lat' dir='ltr'><strong>ratus</strong></span> <span class='ocrx_word' id='word_1_189' title='bbox 3441 1185 3576 1238; x_wconf 91' lang='lat' dir='ltr'><strong>ordo</strong></span> <span class='ocrx_word' id='word_1_190' title='bbox 3606 1184 3769 1238; x_wconf 87' lang='lat' dir='ltr'><strong>modu-</strong></span> 
     </span>
    </p>
   </div>
   <div class='ocr_carea' id='block_1_27' title="bbox 2204 1273 3826 1346">
    <p class='ocr_par' dir='ltr' id='par_1_27' title="bbox 2204 1273 3826 1346">
     <span class='ocr_line' id='line_1_27' title="bbox 2204 1273 3826 1346; baseline 0.001 -19"><span class='ocrx_word' id='word_1_191' title='bbox 2204 1273 2420 1329; x_wconf 88' lang='lat' dir='ltr'><strong>lationis</strong></span> <span class='ocrx_word' id='word_1_192' title='bbox 2458 1275 2742 1331; x_wconf 88' lang='lat' dir='ltr'><strong>absistere.</strong></span> <span class='ocrx_word' id='word_1_193' title='bbox 2783 1277 2900 1332; x_wconf 87' lang='lat' dir='ltr'><strong>Jam</strong></span> <span class='ocrx_word' id='word_1_194' title='bbox 2955 1293 3085 1333; x_wconf 91' lang='lat' dir='ltr'><strong>veto</strong></span> <span class='ocrx_word' id='word_1_195' title='bbox 3132 1287 3365 1346; x_wconf 88' lang='lat' dir='ltr'><strong>quatuor</strong></span> <span class='ocrx_word' id='word_1_196' title='bbox 3397 1277 3767 1330; x_wconf 85' lang='lat' dir='ltr'><strong>elementorum</strong></span> <span class='ocrx_word' id='word_1_197' title='bbox 3821 1275 3826 1294; x_wconf 89' lang='lat'><strong>&#39;</strong></span> 
     </span>
    </p>
   </div>
   <div class='ocr_carea' id='block_1_28' title="bbox 2203 1361 3765 1438">
    <p class='ocr_par' dir='ltr' id='par_1_28' title="bbox 2203 1361 3765 1438">
     <span class='ocr_line' id='line_1_28' title="bbox 2203 1361 3765 1438; baseline 0.002 -22"><span class='ocrx_word' id='word_1_198' title='bbox 2203 1361 2552 1421; x_wconf 79' lang='lat' dir='ltr'><strong>diversitates</strong></span> <span class='ocrx_word' id='word_1_199' title='bbox 2606 1369 3010 1438; x_wconf 80' lang='lat' dir='ltr'><strong>contrariasque</strong></span> <span class='ocrx_word' id='word_1_200' title='bbox 3058 1369 3346 1437; x_wconf 85' lang='lat' dir='ltr'><strong>potentias.</strong></span> <span class='ocrx_word' id='word_1_201' title='bbox 3398 1367 3499 1421; x_wconf 84' lang='lat' dir='ltr'><strong>nisi</strong></span> <span class='ocrx_word' id='word_1_202' title='bbox 3546 1367 3765 1436; x_wconf 64' lang='lat' dir='ltr'><strong>quatdam</strong></span> 
     </span>
    </p>
   </div>
   <div class='ocr_carea' id='block_1_29' title="bbox 2202 1455 3764 1530">
    <p class='ocr_par' dir='ltr' id='par_1_29' title="bbox 2202 1455 3764 1530">
     <span class='ocr_line' id='line_1_29' title="bbox 2202 1455 3764 1530; baseline 0.002 -21"><span class='ocrx_word' id='word_1_203' title='bbox 2202 1455 2481 1512; x_wconf 80' lang='lat' dir='ltr'><strong>harmonia</strong></span> <span class='ocrx_word' id='word_1_204' title='bbox 2519 1460 2888 1528; x_wconf 80' lang='lat' dir='ltr'><strong>conjungeret,</strong></span> <span class='ocrx_word' id='word_1_205' title='bbox 2921 1461 3012 1530; x_wconf 91' lang='lat' dir='ltr'><strong>qui</strong></span> <span class='ocrx_word' id='word_1_206' title='bbox 3058 1459 3170 1514; x_wconf 87' lang='lat' dir='ltr'><strong>fieri</strong></span> <span class='ocrx_word' id='word_1_207' title='bbox 3205 1469 3404 1528; x_wconf 86' lang='lat' dir='ltr'><strong>posset,</strong></span> <span class='ocrx_word' id='word_1_208' title='bbox 3439 1468 3496 1512; x_wconf 91' lang='lat' dir='ltr'><strong>ut</strong></span> <span class='ocrx_word' id='word_1_209' title='bbox 3547 1457 3600 1511; x_wconf 87' lang='lat' dir='ltr'><strong>itt</strong></span> <span class='ocrx_word' id='word_1_210' title='bbox 3631 1474 3764 1512; x_wconf 89' lang='lat' dir='ltr'><strong>unum</strong></span> 
     </span>
    </p>
   </div>
   <div class='ocr_carea' id='block_1_30' title="bbox 2201 1553 3764 1621">
    <p class='ocr_par' dir='ltr' id='par_1_30' title="bbox 2201 1553 3764 1621">
     <span class='ocr_line' id='line_1_30' title="bbox 2201 1553 3764 1621; baseline 0.001 -16"><span class='ocrx_word' id='word_1_211' title='bbox 2201 1567 2398 1621; x_wconf 91' lang='lat' dir='ltr'><strong>corpus</strong></span> <span class='ocrx_word' id='word_1_212' title='bbox 2427 1569 2489 1607; x_wconf 90' lang='lat' dir='ltr'><strong>ac</strong></span> <span class='ocrx_word' id='word_1_213' title='bbox 2524 1557 2830 1609; x_wconf 76' lang='lat' dir='ltr'><strong>machinam</strong></span> <span class='ocrx_word' id='word_1_214' title='bbox 2873 1555 3255 1611; x_wconf 85' lang='lat' dir='ltr'><strong>convenirent?</strong></span> <span class='ocrx_word' id='word_1_215' title='bbox 3300 1553 3407 1609; x_wconf 88' lang='lat' dir='ltr'><strong>Sed</strong></span> <span class='ocrx_word' id='word_1_216' title='bbox 3456 1553 3572 1607; x_wconf 79' lang='lat' dir='ltr'><strong>bzrc</strong></span> <span class='ocrx_word' id='word_1_217' title='bbox 3621 1554 3764 1606; x_wconf 85' lang='lat' dir='ltr'><strong>omnis</strong></span> 
     </span>
    </p>
   </div>
   <div class='ocr_carea' id='block_1_31' title="bbox 2201 1645 3762 1716">
    <p class='ocr_par' dir='ltr' id='par_1_31' title="bbox 2201 1645 3762 1716">
     <span class='ocr_line' id='line_1_31' title="bbox 2201 1645 3762 1716; baseline -0.001 -18"><span class='ocrx_word' id='word_1_218' title='bbox 2201 1645 2486 1700; x_wconf 85' lang='lat' dir='ltr'><strong>diversitas</strong></span> <span class='ocrx_word' id='word_1_219' title='bbox 2518 1648 2587 1701; x_wconf 90' lang='lat' dir='ltr'><strong>ita</strong></span> <span class='ocrx_word' id='word_1_220' title='bbox 2624 1657 2678 1702; x_wconf 90' lang='lat' dir='ltr'><strong>et</strong></span> <span class='ocrx_word' id='word_1_221' title='bbox 2713 1656 3012 1716; x_wconf 89' lang='lat' dir='ltr'><strong>temporum</strong></span> <span class='ocrx_word' id='word_1_222' title='bbox 3047 1646 3360 1701; x_wconf 81' lang='lat' dir='ltr'><strong>varietatem</strong></span> <span class='ocrx_word' id='word_1_223' title='bbox 3402 1645 3541 1716; x_wconf 86' lang='lat' dir='ltr'><strong>parit</strong></span> <span class='ocrx_word' id='word_1_224' title='bbox 3584 1655 3638 1698; x_wconf 89' lang='lat' dir='ltr'><strong>et</strong></span> <span class='ocrx_word' id='word_1_225' title='bbox 3678 1646 3762 1698; x_wconf 86' lang='lat' dir='ltr'><strong>fru-</strong></span> 
     </span>
    </p>
   </div>
   <div class='ocr_carea' id='block_1_32' title="bbox 2200 1735 3763 1806">
    <p class='ocr_par' dir='ltr' id='par_1_32' title="bbox 2200 1735 3763 1806">
     <span class='ocr_line' id='line_1_32' title="bbox 2200 1735 3763 1806; baseline -0.003 -16"><span class='ocrx_word' id='word_1_226' title='bbox 2200 1745 2408 1801; x_wconf 88' lang='lat' dir='ltr'><strong>ctuum,</strong></span> <span class='ocrx_word' id='word_1_227' title='bbox 2435 1747 2493 1791; x_wconf 89' lang='lat' dir='ltr'><strong>ut</strong></span> <span class='ocrx_word' id='word_1_228' title='bbox 2523 1737 2698 1792; x_wconf 80' lang='lat' dir='ltr'><strong>[amen</strong></span> <span class='ocrx_word' id='word_1_229' title='bbox 2729 1753 2894 1792; x_wconf 91' lang='lat' dir='ltr'><strong>unum</strong></span> <span class='ocrx_word' id='word_1_230' title='bbox 2925 1739 3049 1792; x_wconf 86' lang='lat' dir='ltr'><strong>anni</strong></span> <span class='ocrx_word' id='word_1_231' title='bbox 3078 1752 3272 1806; x_wconf 78' lang='lat' dir='ltr'><strong>corpus</strong></span> <span class='ocrx_word' id='word_1_232' title='bbox 3321 1737 3538 1791; x_wconf 85' lang='lat' dir='ltr'><strong>clliciat.</strong></span> <span class='ocrx_word' id='word_1_233' title='bbox 3571 1735 3709 1789; x_wconf 82' lang='lat' dir='ltr'><strong>Unde</strong></span> <span class='ocrx_word' id='word_1_234' title='bbox 3730 1735 3763 1787; x_wconf 90' lang='lat' dir='ltr'><strong>si</strong></span> 
     </span>
    </p>
   </div>
   <div class='ocr_carea' id='block_1_33' title="bbox 514 1827 3760 1903">
    <p class='ocr_par' dir='ltr' id='par_1_33' title="bbox 514 1827 3760 1903">
     <span class='ocr_line' id='line_1_33' title="bbox 514 1827 3760 1903; baseline -0.002 -16"><span class='ocrx_word' id='word_1_235' title='bbox 514 1830 745 1888; x_wconf 82' lang='lat' dir='ltr'><strong>luctibus</strong></span> <span class='ocrx_word' id='word_1_236' title='bbox 766 1834 997 1903; x_wconf 65' lang='lat' dir='ltr'><strong>prairet.</strong></span> <span class='ocrx_word' id='word_1_237' title='bbox 1020 1834 1288 1889; x_wconf 78' lang='lat' dir='ltr'><strong>Testisest</strong></span> <span class='ocrx_word' id='word_1_238' title='bbox 1306 1835 1557 1902; x_wconf 66' lang='lat' dir='ltr'><strong>Papinius</strong></span> <span class='ocrx_word' id='word_1_239' title='bbox 1572 1835 1778 1891; x_wconf 82' lang='lat' dir='ltr'><strong>Statius</strong></span> <span class='ocrx_word' id='word_1_240' title='bbox 1794 1837 1894 1892; x_wconf 89' lang='lat' dir='ltr'><strong>hoc</strong></span> <span class='ocrx_word' id='word_1_241' title='bbox 1907 1839 2090 1892; x_wconf 80' lang='lat' dir='ltr'><strong>versu:</strong></span> <span class='ocrx_word' id='word_1_242' title='bbox 2133 1835 2180 1903; x_wconf 73' lang='grc' dir='ltr'><strong>Β</strong></span> <span class='ocrx_word' id='word_1_243' title='bbox 2205 1829 2329 1898; x_wconf 83' lang='lat' dir='ltr'><strong>quid</strong></span> <span class='ocrx_word' id='word_1_244' title='bbox 2356 1830 2566 1896; x_wconf 87' lang='lat' dir='ltr'><strong>horum,</strong></span> <span class='ocrx_word' id='word_1_245' title='bbox 2590 1845 2708 1899; x_wconf 78' lang='lat' dir='ltr'><strong>qua:</strong></span> <span class='ocrx_word' id='word_1_246' title='bbox 2732 1840 2930 1884; x_wconf 74' lang='lat' dir='ltr'><strong>tantum</strong></span> <span class='ocrx_word' id='word_1_247' title='bbox 2951 1833 3260 1884; x_wconf 89' lang='lat' dir='ltr'><strong>varietatem</strong></span> <span class='ocrx_word' id='word_1_248' title='bbox 3285 1831 3442 1884; x_wconf 88' lang='lat' dir='ltr'><strong>rebus</strong></span> <span class='ocrx_word' id='word_1_249' title='bbox 3467 1827 3760 1890; x_wconf 81' lang='lat' dir='ltr'><strong>ministrant,</strong></span> 
     </span>
    </p>
   </div>
   <div class='ocr_carea' id='block_1_34' title="bbox 873 1927 1645 1998">
    <p class='ocr_par' dir='ltr' id='par_1_34' title="bbox 873 1927 1645 1998">
     <span class='ocr_line' id='line_1_34' title="bbox 873 1927 1645 1998; baseline -0.001 -17"><span class='ocrx_word' id='word_1_250' title='bbox 873 1927 1044 1981; x_wconf 80' lang='lat' dir='ltr'><strong>Cornu</strong></span> <span class='ocrx_word' id='word_1_251' title='bbox 1066 1943 1217 1996; x_wconf 76' lang='lat' dir='ltr'><strong>grave</strong></span> <span class='ocrx_word' id='word_1_252' title='bbox 1240 1929 1400 1998; x_wconf 75' lang='lat' dir='ltr'><strong>mugit</strong></span> <span class='ocrx_word' id='word_1_253' title='bbox 1423 1929 1645 1993; x_wconf 84' lang='lat' dir='ltr'><strong>adunco,</strong></span> 
     </span>
    </p>
   </div>
   <div class='ocr_carea' id='block_1_35' title="bbox 587 2016 1817 2089">
    <p class='ocr_par' dir='ltr' id='par_1_35' title="bbox 587 2016 1817 2089">
     <span class='ocr_line' id='line_1_35' title="bbox 587 2016 1817 2089; baseline 0.003 -19"><span class='ocrx_word' id='word_1_254' title='bbox 587 2016 731 2070; x_wconf 82' lang='lat' dir='ltr'><strong>Tibia</strong></span> <span class='ocrx_word' id='word_1_255' title='bbox 751 2019 834 2072; x_wconf 80' lang='lat' dir='ltr'><strong>cui</strong></span> <span class='ocrx_word' id='word_1_256' title='bbox 862 2027 1064 2072; x_wconf 84' lang='lat' dir='ltr'><strong>teneros</strong></span> <span class='ocrx_word' id='word_1_257' title='bbox 1088 2029 1287 2072; x_wconf 82' lang='lat' dir='ltr'><strong>suetum</strong></span> <span class='ocrx_word' id='word_1_258' title='bbox 1321 2021 1598 2089; x_wconf 83' lang='lat' dir='ltr'><strong>producere</strong></span> <span class='ocrx_word' id='word_1_259' title='bbox 1625 2037 1817 2074; x_wconf 84' lang='lat' dir='ltr'><strong>manes.</strong></span> 
     </span>
    </p>
   </div>
   <div class='ocr_carea' id='block_1_36' title="bbox 513 2104 2103 2182">
    <p class='ocr_par' dir='ltr' id='par_1_36' title="bbox 513 2104 2103 2182">
     <span class='ocr_line' id='line_1_36' title="bbox 513 2104 2103 2182; baseline 0.002 -18"><span class='ocrx_word' id='word_1_260' title='bbox 513 2104 586 2164; x_wconf 81' lang='grc' dir='ltr'>Ει</span> <span class='ocrx_word' id='word_1_261' title='bbox 607 2106 700 2178; x_wconf 88' lang='lat' dir='ltr'><strong>qui</strong></span> <span class='ocrx_word' id='word_1_262' title='bbox 729 2109 964 2162; x_wconf 84' lang='lat' dir='ltr'><strong>suaviter</strong></span> <span class='ocrx_word' id='word_1_263' title='bbox 985 2123 1182 2164; x_wconf 84' lang='lat' dir='ltr'><strong>canere</strong></span> <span class='ocrx_word' id='word_1_264' title='bbox 1214 2126 1318 2163; x_wconf 77' lang='lat' dir='ltr'><strong>non</strong></span> <span class='ocrx_word' id='word_1_265' title='bbox 1355 2119 1552 2175; x_wconf 77' lang='lat' dir='ltr'><strong>potest,</strong></span> <span class='ocrx_word' id='word_1_266' title='bbox 1584 2110 1681 2163; x_wconf 79' lang='lat' dir='ltr'><strong>sibi</strong></span> <span class='ocrx_word' id='word_1_267' title='bbox 1703 2119 1880 2166; x_wconf 68' lang='lat' dir='ltr'><strong>tamen</strong></span> <span class='ocrx_word' id='word_1_268' title='bbox 1905 2112 2103 2182; x_wconf 89' lang='lat' dir='ltr'><strong>aliquid</strong></span> 
     </span>
    </p>
   </div>
   <div class='ocr_carea' id='block_1_37' title="bbox 512 2200 2106 2275">
    <p class='ocr_par' dir='ltr' id='par_1_37' title="bbox 512 2200 2106 2275">
     <span class='ocr_line' id='line_1_37' title="bbox 512 2200 2106 2275; baseline 0.004 -19"><span class='ocrx_word' id='word_1_269' title='bbox 512 2200 682 2264; x_wconf 68' lang='lat' dir='ltr'><strong>sttuit,</strong></span> <span class='ocrx_word' id='word_1_270' title='bbox 713 2215 820 2255; x_wconf 83' lang='lat' dir='ltr'><strong>non</strong></span> <span class='ocrx_word' id='word_1_271' title='bbox 866 2200 1006 2271; x_wconf 89' lang='lat' dir='ltr'><strong>quod</strong></span> <span class='ocrx_word' id='word_1_272' title='bbox 1042 2217 1166 2256; x_wconf 86' lang='lat' dir='ltr'><strong>eum</strong></span> <span class='ocrx_word' id='word_1_273' title='bbox 1202 2202 1388 2271; x_wconf 82' lang='lat' dir='ltr'><strong>aliqua</strong></span> <span class='ocrx_word' id='word_1_274' title='bbox 1408 2203 1679 2273; x_wconf 79' lang='lat' dir='ltr'><strong>voluptate</strong></span> <span class='ocrx_word' id='word_1_275' title='bbox 1708 2204 1757 2258; x_wconf 92' lang='lat' dir='ltr'><strong>id</strong></span> <span class='ocrx_word' id='word_1_276' title='bbox 1788 2205 1930 2275; x_wconf 89' lang='lat' dir='ltr'><strong>quod</strong></span> <span class='ocrx_word' id='word_1_277' title='bbox 1959 2207 2106 2262; x_wconf 88' lang='lat' dir='ltr'><strong>canit</strong></span> 
     </span>
    </p>
   </div>
   <div class='ocr_carea' id='block_1_38' title="bbox 513 2291 2105 2364">
    <p class='ocr_par' dir='ltr' id='par_1_38' title="bbox 513 2291 2105 2364">
     <span class='ocr_line' id='line_1_38' title="bbox 513 2291 2105 2364; baseline 0.005 -16"><span class='ocrx_word' id='word_1_278' title='bbox 513 2291 734 2358; x_wconf 73' lang='lat' dir='ltr'><strong>efﬁciat,</strong></span> <span class='ocrx_word' id='word_1_279' title='bbox 766 2294 862 2348; x_wconf 87' lang='lat' dir='ltr'><strong>sed</strong></span> <span class='ocrx_word' id='word_1_280' title='bbox 893 2293 1040 2363; x_wconf 85' lang='lat' dir='ltr'><strong>quod</strong></span> <span class='ocrx_word' id='word_1_281' title='bbox 1079 2294 1366 2364; x_wconf 83' lang='lat' dir='ltr'><strong>quamdam</strong></span> <span class='ocrx_word' id='word_1_282' title='bbox 1413 2297 1623 2350; x_wconf 87' lang='lat' dir='ltr'><strong>insitam</strong></span> <span class='ocrx_word' id='word_1_283' title='bbox 1654 2295 1994 2354; x_wconf 85' lang='lat' dir='ltr'><strong>dulcedinem</strong></span> <span class='ocrx_word' id='word_1_284' title='bbox 2035 2314 2105 2356; x_wconf 80' lang='lat' dir='ltr'><strong>ex</strong></span> 
     </span>
    </p>
   </div>
   <div class='ocr_carea' id='block_1_39' title="bbox 514 2387 2105 2460">
    <p class='ocr_par' dir='ltr' id='par_1_39' title="bbox 514 2387 2105 2460">
     <span class='ocr_line' id='line_1_39' title="bbox 514 2387 2105 2460; baseline 0.004 -19"><span class='ocrx_word' id='word_1_285' title='bbox 514 2387 696 2442; x_wconf 79' lang='lat' dir='ltr'><strong>animo</strong></span> <span class='ocrx_word' id='word_1_286' title='bbox 727 2389 1053 2457; x_wconf 66' lang='lat' dir='ltr'><strong>profet&#39;entis</strong></span> <span class='ocrx_word' id='word_1_287' title='bbox 1081 2389 1461 2458; x_wconf 87' lang='lat' dir='ltr'><strong>quoquomudo</strong></span> <span class='ocrx_word' id='word_1_288' title='bbox 1501 2389 1800 2460; x_wconf 79' lang='lat' dir='ltr'><strong>proferant,</strong></span> <span class='ocrx_word' id='word_1_289' title='bbox 1830 2392 2105 2448; x_wconf 81' lang='lat' dir='ltr'><strong>delectan-</strong></span> 
     </span>
    </p>
   </div>
   <div class='ocr_carea' id='block_1_40' title="bbox 513 2479 2102 2552">
    <p class='ocr_par' dir='ltr' id='par_1_40' title="bbox 513 2479 2102 2552">
     <span class='ocr_line' id='line_1_40' title="bbox 513 2479 2102 2552; baseline 0.004 -17"><span class='ocrx_word' id='word_1_290' title='bbox 513 2487 627 2535; x_wconf 83' lang='lat' dir='ltr'><strong>tur.</strong></span> <span class='ocrx_word' id='word_1_291' title='bbox 655 2479 845 2545; x_wconf 79' lang='lat' dir='ltr'><strong>Nonne</strong></span> <span class='ocrx_word' id='word_1_292' title='bbox 894 2480 1023 2535; x_wconf 88' lang='lat' dir='ltr'><strong>illud</strong></span> <span class='ocrx_word' id='word_1_293' title='bbox 1069 2482 1230 2536; x_wconf 92' lang='lat' dir='ltr'><strong>etiam</strong></span> <span class='ocrx_word' id='word_1_294' title='bbox 1272 2483 1610 2538; x_wconf 87' lang='lat' dir='ltr'><strong>manifestum</strong></span> <span class='ocrx_word' id='word_1_295' title='bbox 1659 2493 1764 2552; x_wconf 89' lang='lat' dir='ltr'><strong>est,</strong></span> <span class='ocrx_word' id='word_1_296' title='bbox 1802 2485 1854 2539; x_wconf 90' lang='lat' dir='ltr'><strong>in</strong></span> <span class='ocrx_word' id='word_1_297' title='bbox 1907 2487 2102 2542; x_wconf 88' lang='lat' dir='ltr'><strong>bellum</strong></span> 
     </span>
    </p>
   </div>
   <div class='ocr_carea' id='block_1_41' title="bbox 513 2572 2103 2644">
    <p class='ocr_par' dir='ltr' id='par_1_41' title="bbox 513 2572 2103 2644">
     <span class='ocr_line' id='line_1_41' title="bbox 513 2572 2103 2644; baseline 0.004 -18"><span class='ocrx_word' id='word_1_298' title='bbox 513 2572 864 2639; x_wconf 70' lang='lat' dir='ltr'><strong>pugnantium</strong></span> <span class='ocrx_word' id='word_1_299' title='bbox 893 2572 1100 2626; x_wconf 86' lang='lat' dir='ltr'><strong>animos</strong></span> <span class='ocrx_word' id='word_1_300' title='bbox 1132 2575 1378 2627; x_wconf 84' lang='lat' dir='ltr'><strong>tubatum</strong></span> <span class='ocrx_word' id='word_1_301' title='bbox 1401 2577 1638 2631; x_wconf 90' lang='lat' dir='ltr'><strong>carmine</strong></span> <span class='ocrx_word' id='word_1_302' title='bbox 1658 2575 1914 2632; x_wconf 85' lang='lat' dir='ltr'><strong>accendi?</strong></span> <span class='ocrx_word' id='word_1_303' title='bbox 1947 2576 2103 2644; x_wconf 82' lang='lat' dir='ltr'><strong>Quod</strong></span> 
     </span>
    </p>
   </div>
   <div class='ocr_carea' id='block_1_42' title="bbox 515 2662 2104 2739">
    <p class='ocr_par' dir='ltr' id='par_1_42' title="bbox 515 2662 2104 2739">
     <span class='ocr_line' id='line_1_42' title="bbox 515 2662 2104 2739; baseline 0.004 -22"><span class='ocrx_word' id='word_1_304' title='bbox 515 2663 563 2717; x_wconf 88' lang='lat' dir='ltr'><strong>si</strong></span> <span class='ocrx_word' id='word_1_305' title='bbox 595 2662 888 2719; x_wconf 82' lang='lat' dir='ltr'><strong>verisimile</strong></span> <span class='ocrx_word' id='word_1_306' title='bbox 916 2673 1020 2732; x_wconf 82' lang='lat' dir='ltr'><strong>est,</strong></span> <span class='ocrx_word' id='word_1_307' title='bbox 1059 2664 1126 2718; x_wconf 89' lang='lat' dir='ltr'><strong>ab</strong></span> <span class='ocrx_word' id='word_1_308' title='bbox 1160 2665 1322 2719; x_wconf 90' lang='lat' dir='ltr'><strong>animi</strong></span> <span class='ocrx_word' id='word_1_309' title='bbox 1362 2674 1553 2735; x_wconf 76' lang='lat' dir='ltr'><strong>pacato</strong></span> <span class='ocrx_word' id='word_1_310' title='bbox 1579 2676 1746 2731; x_wconf 89' lang='lat' dir='ltr'><strong>statu,</strong></span> <span class='ocrx_word' id='word_1_311' title='bbox 1777 2683 2104 2739; x_wconf 88' lang='lat' dir='ltr'><strong>quemquam</strong></span> 
     </span>
    </p>
   </div>
   <div class='ocr_carea' id='block_1_43' title="bbox 512 2754 2106 2830">
    <p class='ocr_par' dir='ltr' id='par_1_43' title="bbox 512 2754 2106 2830">
     <span class='ocr_line' id='line_1_43' title="bbox 512 2754 2106 2830; baseline 0.004 -19"><span class='ocrx_word' id='word_1_312' title='bbox 512 2754 581 2811; x_wconf 76' lang='lat' dir='ltr'><strong>ad</strong></span> <span class='ocrx_word' id='word_1_313' title='bbox 611 2755 850 2812; x_wconf 71' lang='lat' dir='ltr'><strong>furorem</strong></span> <span class='ocrx_word' id='word_1_314' title='bbox 870 2765 1032 2827; x_wconf 87' lang='lat' dir='ltr'><strong>atque</strong></span> <span class='ocrx_word' id='word_1_315' title='bbox 1063 2758 1388 2813; x_wconf 78' lang='lat' dir='ltr'><strong>iracundiam</strong></span> <span class='ocrx_word' id='word_1_316' title='bbox 1417 2774 1576 2829; x_wconf 85' lang='lat' dir='ltr'><strong>posse</strong></span> <span class='ocrx_word' id='word_1_317' title='bbox 1605 2761 1850 2830; x_wconf 82' lang='lat' dir='ltr'><strong>proferri.</strong></span> <span class='ocrx_word' id='word_1_318' title='bbox 1882 2761 1997 2816; x_wconf 74' lang='lat' dir='ltr'><strong>Non</strong></span> <span class='ocrx_word' id='word_1_319' title='bbox 2021 2769 2106 2818; x_wconf 90' lang='lat' dir='ltr'><strong>est</strong></span> 
     </span>
    </p>
   </div>
   <div class='ocr_carea' id='block_1_44' title="bbox 513 2847 2105 2918">
    <p class='ocr_par' dir='ltr' id='par_1_44' title="bbox 513 2847 2105 2918">
     <span class='ocr_line' id='line_1_44' title="bbox 513 2847 2105 2918; baseline 0.003 -14"><span class='ocrx_word' id='word_1_320' title='bbox 513 2847 754 2912; x_wconf 75' lang='lat' dir='ltr'><strong>dubie-tn,</strong></span> <span class='ocrx_word' id='word_1_321' title='bbox 783 2850 924 2917; x_wconf 84' lang='lat' dir='ltr'><strong>quod</strong></span> <span class='ocrx_word' id='word_1_322' title='bbox 954 2852 1284 2908; x_wconf 61' lang='lat' dir='ltr'><strong>conturbata;</strong></span> <span class='ocrx_word' id='word_1_323' title='bbox 1313 2855 1507 2908; x_wconf 84' lang='lat' dir='ltr'><strong>mentis</strong></span> <span class='ocrx_word' id='word_1_324' title='bbox 1531 2854 1882 2918; x_wconf 85' lang='lat' dir='ltr'><strong>iracundiam,</strong></span> <span class='ocrx_word' id='word_1_325' title='bbox 1916 2855 1999 2910; x_wconf 89' lang='lat' dir='ltr'><strong>vel</strong></span> <span class='ocrx_word' id='word_1_326' title='bbox 2022 2857 2105 2912; x_wconf 87' lang='lat' dir='ltr'><strong>ni-</strong></span> 
     </span>
    </p>
   </div>
   <div class='ocr_carea' id='block_1_45' title="bbox 512 2939 2102 3017">
    <p class='ocr_par' dir='ltr' id='par_1_45' title="bbox 512 2939 2102 3017">
     <span class='ocr_line' id='line_1_45' title="bbox 512 2939 2102 3017; baseline 0.004 -21"><span class='ocrx_word' id='word_1_327' title='bbox 512 2939 677 2996; x_wconf 65' lang='lat' dir='ltr'><strong>miam</strong></span> <span class='ocrx_word' id='word_1_328' title='bbox 697 2941 1042 3010; x_wconf 74' lang='lat' dir='ltr'><strong>cupiditatem</strong></span> <span class='ocrx_word' id='word_1_329' title='bbox 1065 2945 1356 3001; x_wconf 86' lang='lat' dir='ltr'><strong>modestior</strong></span> <span class='ocrx_word' id='word_1_330' title='bbox 1380 2945 1569 3002; x_wconf 89' lang='lat' dir='ltr'><strong>modus</strong></span> <span class='ocrx_word' id='word_1_331' title='bbox 1591 2947 1759 3014; x_wconf 80' lang='lat' dir='ltr'><strong>possit</strong></span> <span class='ocrx_word' id='word_1_332' title='bbox 1782 2947 2102 3017; x_wconf 79' lang='lat' dir='ltr'><strong>astringere.</strong></span> 
     </span>
    </p>
   </div>
   <div class='ocr_carea' id='block_1_46' title="bbox 511 3029 2103 3104">
    <p class='ocr_par' dir='ltr' id='par_1_46' title="bbox 511 3029 2103 3104">
     <span class='ocr_line' id='line_1_46' title="bbox 511 3029 2103 3104; baseline 0.008 -22"><span class='ocrx_word' id='word_1_333' title='bbox 511 3029 650 3098; x_wconf 83' lang='lat' dir='ltr'><strong>Quid</strong></span> <span class='ocrx_word' id='word_1_334' title='bbox 685 3032 828 3101; x_wconf 86' lang='lat' dir='ltr'><strong>quod</strong></span> <span class='ocrx_word' id='word_1_335' title='bbox 855 3047 977 3088; x_wconf 85' lang='lat' dir='ltr'><strong>cum</strong></span> <span class='ocrx_word' id='word_1_336' title='bbox 1022 3034 1218 3104; x_wconf 78' lang='lat' dir='ltr'><strong>aliquis</strong></span> <span class='ocrx_word' id='word_1_337' title='bbox 1252 3036 1572 3090; x_wconf 81' lang='lat' dir='ltr'><strong>cantilenam</strong></span> <span class='ocrx_word' id='word_1_338' title='bbox 1605 3036 1855 3092; x_wconf 60' lang='lat' dir='ltr'><strong>libentius</strong></span> <span class='ocrx_word' id='word_1_339' title='bbox 1885 3039 2103 3094; x_wconf 79' lang='lat' dir='ltr'><strong>auribus</strong></span> 
     </span>
    </p>
   </div>
   <div class='ocr_carea' id='block_1_47' title="bbox 514 3124 2101 3198">
    <p class='ocr_par' dir='ltr' id='par_1_47' title="bbox 514 3124 2101 3198">
     <span class='ocr_line' id='line_1_47' title="bbox 514 3124 2101 3198; baseline 0.006 -22"><span class='ocrx_word' id='word_1_340' title='bbox 514 3133 676 3193; x_wconf 88' lang='lat' dir='ltr'><strong>atque</strong></span> <span class='ocrx_word' id='word_1_341' title='bbox 699 3124 882 3180; x_wconf 80' lang='lat' dir='ltr'><strong>animo</strong></span> <span class='ocrx_word' id='word_1_342' title='bbox 903 3126 1067 3194; x_wconf 80' lang='lat' dir='ltr'><strong>capit,</strong></span> <span class='ocrx_word' id='word_1_343' title='bbox 1099 3127 1164 3180; x_wconf 89' lang='lat' dir='ltr'><strong>ad</strong></span> <span class='ocrx_word' id='word_1_344' title='bbox 1190 3127 1315 3181; x_wconf 93' lang='lat' dir='ltr'><strong>illud</strong></span> <span class='ocrx_word' id='word_1_345' title='bbox 1343 3130 1504 3183; x_wconf 89' lang='lat' dir='ltr'><strong>etiam</strong></span> <span class='ocrx_word' id='word_1_346' title='bbox 1537 3144 1642 3184; x_wconf 89' lang='lat' dir='ltr'><strong>non</strong></span> <span class='ocrx_word' id='word_1_347' title='bbox 1666 3139 1856 3198; x_wconf 85' lang='lat' dir='ltr'><strong>sponte</strong></span> <span class='ocrx_word' id='word_1_348' title='bbox 1883 3145 2101 3186; x_wconf 86' lang='lat' dir='ltr'><strong>conver-</strong></span> 
     </span>
    </p>
   </div>
   <div class='ocr_carea' id='block_1_48' title="bbox 2206 1914 3759 1990">
    <p class='ocr_par' dir='ltr' id='par_1_48' title="bbox 2206 1914 3759 1990">
     <span class='ocr_line' id='line_1_48' title="bbox 2206 1914 3759 1990; baseline -0.002 -16"><span class='ocrx_word' id='word_1_349' title='bbox 2206 1920 2386 1974; x_wconf 90' lang='lat' dir='ltr'><strong>animo</strong></span> <span class='ocrx_word' id='word_1_350' title='bbox 2415 1931 2464 1975; x_wconf 89' lang='lat' dir='ltr'><strong>et</strong></span> <span class='ocrx_word' id='word_1_351' title='bbox 2495 1920 2815 1989; x_wconf 82' lang='lat' dir='ltr'><strong>cOgitatione</strong></span> <span class='ocrx_word' id='word_1_352' title='bbox 2835 1915 2864 1958; x_wconf 72' lang='grc' dir='ltr'><strong>ἀ</strong></span> <span class='ocrx_word' id='word_1_353' title='bbox 2887 1914 3048 1976; x_wconf 74' lang='lat' dir='ltr'><strong>discet</strong></span> <span class='ocrx_word' id='word_1_354' title='bbox 3067 1935 3182 1990; x_wconf 78' lang='lat' dir='ltr'><strong>pas,</strong></span> <span class='ocrx_word' id='word_1_355' title='bbox 3207 1931 3394 1974; x_wconf 86' lang='lat' dir='ltr'><strong>cuncta</strong></span> <span class='ocrx_word' id='word_1_356' title='bbox 3422 1927 3657 1987; x_wconf 86' lang='lat' dir='ltr'><strong>pereant,</strong></span> <span class='ocrx_word' id='word_1_357' title='bbox 3687 1930 3759 1971; x_wconf 85' lang='lat' dir='ltr'><strong>nec</strong></span> 
     </span>
    </p>
   </div>
   <div class='ocr_carea' id='block_1_49' title="bbox 2170 2010 3759 2083">
    <p class='ocr_par' dir='ltr' id='par_1_49' title="bbox 2170 2010 3759 2083">
     <span class='ocr_line' id='line_1_49' title="bbox 2170 2010 3759 2083; baseline -0.004 -18"><span class='ocrx_word' id='word_1_358' title='bbox 2170 2049 2176 2056; x_wconf 65' lang='grc' dir='ltr'><strong>ι</strong></span> <span class='ocrx_word' id='word_1_359' title='bbox 2209 2013 2292 2080; x_wconf 93' lang='lat' dir='ltr'><strong>(ut</strong></span> <span class='ocrx_word' id='word_1_360' title='bbox 2317 2011 2387 2066; x_wconf 88' lang='lat' dir='ltr'><strong>ita</strong></span> <span class='ocrx_word' id='word_1_361' title='bbox 2415 2011 2613 2083; x_wconf 89' lang='lat' dir='ltr'><strong>dicam)</strong></span> <span class='ocrx_word' id='word_1_362' title='bbox 2645 2013 2933 2082; x_wconf 84' lang='lat' dir='ltr'><strong>quidquam</strong></span> <span class='ocrx_word' id='word_1_363' title='bbox 2965 2027 3259 2066; x_wconf 89' lang='lat' dir='ltr'><strong>consonum</strong></span> <span class='ocrx_word' id='word_1_364' title='bbox 3291 2021 3527 2066; x_wconf 84' lang='lat' dir='ltr'><strong>servent.</strong></span> <span class='ocrx_word' id='word_1_365' title='bbox 3562 2011 3623 2064; x_wconf 87' lang='lat' dir='ltr'><strong>Et</strong></span> <span class='ocrx_word' id='word_1_366' title='bbox 3649 2010 3759 2061; x_wconf 89' lang='lat' dir='ltr'><strong>utin</strong></span> 
     </span>
    </p>
   </div>
   <div class='ocr_carea' id='block_1_50' title="bbox 2208 2100 3758 2173">
    <p class='ocr_par' dir='ltr' id='par_1_50' title="bbox 2208 2100 3758 2173">
     <span class='ocr_line' id='line_1_50' title="bbox 2208 2100 3758 2173; baseline -0.003 -16"><span class='ocrx_word' id='word_1_367' title='bbox 2208 2104 2464 2173; x_wconf 76' lang='lat' dir='ltr'><strong>gravibus</strong></span> <span class='ocrx_word' id='word_1_368' title='bbox 2487 2106 2706 2160; x_wconf 81' lang='lat' dir='ltr'><strong>chordis</strong></span> <span class='ocrx_word' id='word_1_369' title='bbox 2736 2107 2782 2160; x_wconf 90' lang='lat' dir='ltr'><strong>is</strong></span> <span class='ocrx_word' id='word_1_370' title='bbox 2812 2106 2958 2160; x_wconf 82' lang='lat' dir='ltr'><strong>vocis</strong></span> <span class='ocrx_word' id='word_1_371' title='bbox 2987 2120 3063 2159; x_wconf 72' lang='grc' dir='ltr'><strong>εει</strong></span> <span class='ocrx_word' id='word_1_372' title='bbox 3093 2105 3307 2168; x_wconf 89' lang='lat' dir='ltr'><strong>modus,</strong></span> <span class='ocrx_word' id='word_1_373' title='bbox 3349 2113 3406 2158; x_wconf 92' lang='lat' dir='ltr'><strong>ut</strong></span> <span class='ocrx_word' id='word_1_374' title='bbox 3431 2119 3534 2157; x_wconf 92' lang='lat' dir='ltr'><strong>non</strong></span> <span class='ocrx_word' id='word_1_375' title='bbox 3561 2105 3622 2156; x_wconf 89' lang='lat' dir='ltr'><strong>ad</strong></span> <span class='ocrx_word' id='word_1_376' title='bbox 3650 2100 3758 2155; x_wconf 88' lang='lat' dir='ltr'><strong>taci-</strong></span> 
     </span>
    </p>
   </div>
   <div class='ocr_carea' id='block_1_51' title="bbox 2211 2194 3758 2268">
    <p class='ocr_par' dir='ltr' id='par_1_51' title="bbox 2211 2194 3758 2268">
     <span class='ocr_line' id='line_1_51' title="bbox 2211 2194 3758 2268; baseline -0.003 -16"><span class='ocrx_word' id='word_1_377' title='bbox 2211 2199 2520 2252; x_wconf 88' lang='lat' dir='ltr'><strong>turnitatem</strong></span> <span class='ocrx_word' id='word_1_378' title='bbox 2601 2197 2836 2268; x_wconf 75' lang='lat' dir='ltr'><strong>gravitas</strong></span> <span class='ocrx_word' id='word_1_379' title='bbox 2896 2214 3064 2267; x_wconf 88' lang='lat' dir='ltr'><strong>usque</strong></span> <span class='ocrx_word' id='word_1_380' title='bbox 3132 2197 3457 2263; x_wconf 81' lang='lat' dir='ltr'><strong>descendat,</strong></span> <span class='ocrx_word' id='word_1_381' title='bbox 3509 2207 3668 2266; x_wconf 87' lang='lat' dir='ltr'><strong>atque-</strong></span> <span class='ocrx_word' id='word_1_382' title='bbox 3716 2194 3758 2249; x_wconf 87' lang='lat' dir='ltr'><strong>in</strong></span> 
     </span>
    </p>
   </div>
   <div class='ocr_carea' id='block_1_52' title="bbox 2212 2285 3755 2358">
    <p class='ocr_par' dir='ltr' id='par_1_52' title="bbox 2212 2285 3755 2358">
     <span class='ocr_line' id='line_1_52' title="bbox 2212 2285 3755 2358; baseline -0.003 -17"><span class='ocrx_word' id='word_1_383' title='bbox 2212 2290 2382 2345; x_wconf 89' lang='lat' dir='ltr'><strong>acutis</strong></span> <span class='ocrx_word' id='word_1_384' title='bbox 2447 2291 2543 2345; x_wconf 90' lang='lat' dir='ltr'><strong>ille</strong></span> <span class='ocrx_word' id='word_1_385' title='bbox 2600 2289 2899 2346; x_wconf 89' lang='lat' dir='ltr'><strong>custoditur</strong></span> <span class='ocrx_word' id='word_1_386' title='bbox 2925 2288 3202 2358; x_wconf 71' lang='lat' dir='ltr'><strong>acuminis</strong></span> <span class='ocrx_word' id='word_1_387' title='bbox 3248 2288 3467 2352; x_wconf 84' lang='lat' dir='ltr'><strong>modus,</strong></span> <span class='ocrx_word' id='word_1_388' title='bbox 3515 2303 3578 2341; x_wconf 92' lang='lat' dir='ltr'><strong>ne</strong></span> <span class='ocrx_word' id='word_1_389' title='bbox 3621 2285 3755 2339; x_wconf 84' lang='lat' dir='ltr'><strong>nervi</strong></span> 
     </span>
    </p>
   </div>
   <div class='ocr_carea' id='block_1_53' title="bbox 2209 2377 3752 2450">
    <p class='ocr_par' dir='ltr' id='par_1_53' title="bbox 2209 2377 3752 2450">
     <span class='ocr_line' id='line_1_53' title="bbox 2209 2377 3752 2450; baseline -0.004 -14"><span class='ocrx_word' id='word_1_390' title='bbox 2209 2382 2438 2438; x_wconf 88' lang='lat' dir='ltr'><strong>nimium</strong></span> <span class='ocrx_word' id='word_1_391' title='bbox 2493 2384 2628 2439; x_wconf 90' lang='lat' dir='ltr'><strong>tensi</strong></span> <span class='ocrx_word' id='word_1_392' title='bbox 2688 2383 2837 2438; x_wconf 85' lang='lat' dir='ltr'><strong>vocis</strong></span> <span class='ocrx_word' id='word_1_393' title='bbox 2891 2385 3148 2437; x_wconf 89' lang='lat' dir='ltr'><strong>tenuitate</strong></span> <span class='ocrx_word' id='word_1_394' title='bbox 3199 2390 3521 2450; x_wconf 86' lang='lat' dir='ltr'><strong>rumpantur,</strong></span> <span class='ocrx_word' id='word_1_395' title='bbox 3572 2377 3655 2431; x_wconf 84' lang='lat' dir='ltr'><strong>sed</strong></span> <span class='ocrx_word' id='word_1_396' title='bbox 3684 2386 3752 2430; x_wconf 80' lang='lat' dir='ltr'><strong>to-</strong></span> 
     </span>
    </p>
   </div>
   <div class='ocr_carea' id='block_1_54' title="bbox 2209 2463 3752 2540">
    <p class='ocr_par' dir='ltr' id='par_1_54' title="bbox 2209 2463 3752 2540">
     <span class='ocr_line' id='line_1_54' title="bbox 2209 2463 3752 2540; baseline -0.006 -14"><span class='ocrx_word' id='word_1_397' title='bbox 2209 2481 2322 2527; x_wconf 87' lang='lat' dir='ltr'><strong>tum</strong></span> <span class='ocrx_word' id='word_1_398' title='bbox 2371 2473 2471 2528; x_wconf 90' lang='lat' dir='ltr'><strong>sibi</strong></span> <span class='ocrx_word' id='word_1_399' title='bbox 2518 2472 2590 2528; x_wconf 89' lang='lat' dir='ltr'><strong>sit</strong></span> <span class='ocrx_word' id='word_1_400' title='bbox 2635 2463 3050 2528; x_wconf 65' lang='lat' dir='ltr'><strong>consentaneum</strong></span> <span class='ocrx_word' id='word_1_401' title='bbox 3117 2481 3276 2540; x_wconf 87' lang='lat' dir='ltr'><strong>atque</strong></span> <span class='ocrx_word' id='word_1_402' title='bbox 3317 2470 3645 2530; x_wconf 66' lang='lat' dir='ltr'><strong>conveniens;</strong></span> <span class='ocrx_word' id='word_1_403' title='bbox 3689 2467 3752 2518; x_wconf 86' lang='lat' dir='ltr'><strong>ita</strong></span> 
     </span>
    </p>
   </div>
   <div class='ocr_carea' id='block_1_55' title="bbox 2209 2554 3758 2632">
    <p class='ocr_par' dir='ltr' id='par_1_55' title="bbox 2209 2554 3758 2632">
     <span class='ocr_line' id='line_1_55' title="bbox 2209 2554 3758 2632; baseline -0.007 -12"><span class='ocrx_word' id='word_1_404' title='bbox 2209 2565 2370 2620; x_wconf 90' lang='lat' dir='ltr'><strong>etiam</strong></span> <span class='ocrx_word' id='word_1_405' title='bbox 2427 2567 2479 2619; x_wconf 89' lang='lat' dir='ltr'><strong>in</strong></span> <span class='ocrx_word' id='word_1_406' title='bbox 2531 2565 2716 2620; x_wconf 90' lang='lat' dir='ltr'><strong>mundi</strong></span> <span class='ocrx_word' id='word_1_407' title='bbox 2769 2565 2967 2619; x_wconf 84' lang='lat' dir='ltr'><strong>musica</strong></span> <span class='ocrx_word' id='word_1_408' title='bbox 3014 2561 3372 2632; x_wconf 77' lang='lat' dir='ltr'><strong>pervidemus,</strong></span> <span class='ocrx_word' id='word_1_409' title='bbox 3419 2557 3541 2613; x_wconf 90' lang='lat' dir='ltr'><strong>nihil</strong></span> <span class='ocrx_word' id='word_1_410' title='bbox 3585 2559 3651 2611; x_wconf 86' lang='lat' dir='ltr'><strong>ita</strong></span> <span class='ocrx_word' id='word_1_411' title='bbox 3690 2554 3758 2609; x_wconf 84' lang='lat' dir='ltr'><strong>ui-</strong></span> 
     </span>
    </p>
   </div>
   <div class='ocr_carea' id='block_1_56' title="bbox 2211 2647 3758 2729">
    <p class='ocr_par' dir='ltr' id='par_1_56' title="bbox 2211 2647 3758 2729">
     <span class='ocr_line' id='line_1_56' title="bbox 2211 2647 3758 2729; baseline -0.009 -16"><span class='ocrx_word' id='word_1_412' title='bbox 2211 2657 2375 2713; x_wconf 92' lang='lat' dir='ltr'><strong>mium</strong></span> <span class='ocrx_word' id='word_1_413' title='bbox 2403 2672 2524 2714; x_wconf 88' lang='lat' dir='ltr'><strong>esse</strong></span> <span class='ocrx_word' id='word_1_414' title='bbox 2556 2674 2714 2729; x_wconf 55' lang='lat' dir='ltr'><strong>posse</strong></span> <span class='ocrx_word' id='word_1_415' title='bbox 2769 2669 2825 2713; x_wconf 91' lang='lat' dir='ltr'><strong>ut</strong></span> <span class='ocrx_word' id='word_1_416' title='bbox 2853 2659 3078 2712; x_wconf 77' lang='lat' dir='ltr'><strong>alterum</strong></span> <span class='ocrx_word' id='word_1_417' title='bbox 3122 2655 3338 2725; x_wconf 86' lang='lat' dir='ltr'><strong>propria</strong></span> <span class='ocrx_word' id='word_1_418' title='bbox 3369 2649 3635 2707; x_wconf 86' lang='lat' dir='ltr'><strong>nimietate</strong></span> <span class='ocrx_word' id='word_1_419' title='bbox 3667 2647 3758 2701; x_wconf 59' lang='lat' dir='ltr'><strong>dis-</strong></span> 
     </span>
    </p>
   </div>
   <div class='ocr_carea' id='block_1_57' title="bbox 2208 2740 3758 2819">
    <p class='ocr_par' dir='ltr' id='par_1_57' title="bbox 2208 2740 3758 2819">
     <span class='ocr_line' id='line_1_57' title="bbox 2208 2740 3758 2819; baseline -0.005 -16"><span class='ocrx_word' id='word_1_420' title='bbox 2208 2747 2405 2804; x_wconf 83' lang='lat' dir='ltr'><strong>solvat.</strong></span> <span class='ocrx_word' id='word_1_421' title='bbox 2461 2750 2657 2805; x_wconf 81' lang='lat' dir='ltr'><strong>Vet-um</strong></span> <span class='ocrx_word' id='word_1_422' title='bbox 2699 2749 2954 2819; x_wconf 88' lang='lat' dir='ltr'><strong>quidquid</strong></span> <span class='ocrx_word' id='word_1_423' title='bbox 3002 2748 3129 2802; x_wconf 88' lang='lat' dir='ltr'><strong>illud</strong></span> <span class='ocrx_word' id='word_1_424' title='bbox 3169 2757 3274 2811; x_wconf 88' lang='lat' dir='ltr'><strong>est,</strong></span> <span class='ocrx_word' id='word_1_425' title='bbox 3306 2753 3398 2799; x_wconf 88' lang='lat' dir='ltr'><strong>aut</strong></span> <span class='ocrx_word' id='word_1_426' title='bbox 3435 2759 3557 2798; x_wconf 84' lang='lat' dir='ltr'><strong>suos</strong></span> <span class='ocrx_word' id='word_1_427' title='bbox 3583 2751 3604 2780; x_wconf 75' lang='grc' dir='ltr'><strong>ε</strong></span> <span class='ocrx_word' id='word_1_428' title='bbox 3632 2740 3758 2796; x_wconf 83' lang='lat' dir='ltr'><strong>aliert</strong></span> 
     </span>
    </p>
   </div>
   <div class='ocr_carea' id='block_1_58' title="bbox 2209 2829 3757 2909">
    <p class='ocr_par' dir='ltr' id='par_1_58' title="bbox 2209 2829 3757 2909">
     <span class='ocr_line' id='line_1_58' title="bbox 2209 2829 3757 2909; baseline -0.006 -16"><span class='ocrx_word' id='word_1_429' title='bbox 2209 2839 2445 2909; x_wconf 89' lang='lat' dir='ltr'><strong>fructus,</strong></span> <span class='ocrx_word' id='word_1_430' title='bbox 2477 2849 2568 2896; x_wconf 83' lang='lat' dir='ltr'><strong>aut</strong></span> <span class='ocrx_word' id='word_1_431' title='bbox 2596 2841 2715 2896; x_wconf 86' lang='lat' dir='ltr'><strong>aliis</strong></span> <span class='ocrx_word' id='word_1_432' title='bbox 2750 2841 3036 2895; x_wconf 83' lang='lat' dir='ltr'><strong>auxiliatur</strong></span> <span class='ocrx_word' id='word_1_433' title='bbox 3075 2848 3131 2894; x_wconf 85' lang='grc' dir='ltr'><strong>ιιι</strong></span> <span class='ocrx_word' id='word_1_434' title='bbox 3177 2831 3423 2893; x_wconf 73' lang='lat' dir='ltr'><strong>afferant.</strong></span> <span class='ocrx_word' id='word_1_435' title='bbox 3473 2836 3600 2890; x_wconf 83' lang='lat' dir='ltr'><strong>Nam</strong></span> <span class='ocrx_word' id='word_1_436' title='bbox 3642 2829 3757 2902; x_wconf 87' lang='lat' dir='ltr'><strong>quod</strong></span> 
     </span>
    </p>
   </div>
   <div class='ocr_carea' id='block_1_59' title="bbox 2209 2933 3757 3009">
    <p class='ocr_par' dir='ltr' id='par_1_59' title="bbox 2209 2933 3757 3009">
     <span class='ocr_line' id='line_1_59' title="bbox 2209 2933 3757 3009; baseline -0.01 -15"><span class='ocrx_word' id='word_1_437' title='bbox 2209 2939 2526 3009; x_wconf 82' lang='lat' dir='ltr'><strong>constringit</strong></span> <span class='ocrx_word' id='word_1_438' title='bbox 2562 2939 2753 3005; x_wconf 90' lang='lat' dir='ltr'><strong>hiems,</strong></span> <span class='ocrx_word' id='word_1_439' title='bbox 2802 2951 2896 2992; x_wconf 79' lang='lat' dir='ltr'><strong>ver</strong></span> <span class='ocrx_word' id='word_1_440' title='bbox 2947 2937 3108 3001; x_wconf 77' lang='lat' dir='ltr'><strong>laxat,</strong></span> <span class='ocrx_word' id='word_1_441' title='bbox 3143 2943 3311 2989; x_wconf 91' lang='lat' dir='ltr'><strong>torret</strong></span> <span class='ocrx_word' id='word_1_442' title='bbox 3352 2944 3535 2994; x_wconf 84' lang='lat' dir='ltr'><strong>aestas,</strong></span> <span class='ocrx_word' id='word_1_443' title='bbox 3566 2933 3757 2984; x_wconf 79' lang='lat' dir='ltr'><strong>maturat</strong></span> 
     </span>
    </p>
   </div>
   <div class='ocr_carea' id='block_1_60' title="bbox 2209 3019 3758 3100">
    <p class='ocr_par' dir='ltr' id='par_1_60' title="bbox 2209 3019 3758 3100">
     <span class='ocr_line' id='line_1_60' title="bbox 2209 3019 3758 3100; baseline -0.008 -14"><span class='ocrx_word' id='word_1_444' title='bbox 2209 3042 2516 3097; x_wconf 87' lang='lat' dir='ltr'><strong>autumnus,</strong></span> <span class='ocrx_word' id='word_1_445' title='bbox 2550 3039 2897 3100; x_wconf 64' lang='lat' dir='ltr'><strong>tumporaque</strong></span> <span class='ocrx_word' id='word_1_446' title='bbox 2927 3028 3161 3083; x_wconf 80' lang='lat' dir='ltr'><strong>vicis-im</strong></span> <span class='ocrx_word' id='word_1_447' title='bbox 3197 3029 3280 3082; x_wconf 89' lang='lat' dir='ltr'><strong>vel</strong></span> <span class='ocrx_word' id='word_1_448' title='bbox 3326 3027 3446 3094; x_wconf 85' lang='lat' dir='ltr'><strong>ipsa</strong></span> <span class='ocrx_word' id='word_1_449' title='bbox 3497 3037 3620 3077; x_wconf 90' lang='lat' dir='ltr'><strong>suos</strong></span> <span class='ocrx_word' id='word_1_450' title='bbox 3655 3019 3758 3074; x_wconf 81' lang='lat' dir='ltr'><strong>atie-</strong></span> 
     </span>
    </p>
   </div>
   <div class='ocr_carea' id='block_1_61' title="bbox 2208 3112 3754 3191">
    <p class='ocr_par' dir='ltr' id='par_1_61' title="bbox 2208 3112 3754 3191">
     <span class='ocr_line' id='line_1_61' title="bbox 2208 3112 3754 3191; baseline -0.008 -13"><span class='ocrx_word' id='word_1_451' title='bbox 2208 3132 2336 3178; x_wconf 87' lang='lat' dir='ltr'><strong>runt</strong></span> <span class='ocrx_word' id='word_1_452' title='bbox 2381 3121 2606 3191; x_wconf 89' lang='lat' dir='ltr'><strong>fructus,</strong></span> <span class='ocrx_word' id='word_1_453' title='bbox 2639 3124 2721 3178; x_wconf 87' lang='lat' dir='ltr'><strong>vel</strong></span> <span class='ocrx_word' id='word_1_454' title='bbox 2765 3122 2886 3175; x_wconf 86' lang='lat' dir='ltr'><strong>aliis</strong></span> <span class='ocrx_word' id='word_1_455' title='bbox 2915 3130 2972 3176; x_wconf 91' lang='lat' dir='ltr'><strong>ut</strong></span> <span class='ocrx_word' id='word_1_456' title='bbox 3003 3119 3227 3175; x_wconf 71' lang='lat' dir='ltr'><strong>alierant</strong></span> <span class='ocrx_word' id='word_1_457' title='bbox 3256 3116 3670 3172; x_wconf 74' lang='lat' dir='ltr'><strong>subministrant.</strong></span> <span class='ocrx_word' id='word_1_458' title='bbox 3697 3112 3754 3166; x_wconf 75' lang='lat' dir='ltr'><strong>De</strong></span> 
     </span>
    </p>
   </div>
   <div class='ocr_carea' id='block_1_62' title="bbox 511 3197 3750 3289">
    <p class='ocr_par' dir='ltr' id='par_1_62' title="bbox 511 3197 3750 3289">
     <span class='ocr_line' id='line_1_62' title="bbox 511 3197 3750 3289; baseline -0.003 -19"><span class='ocrx_word' id='word_1_459' title='bbox 511 3217 664 3283; x_wconf 78' lang='lat' dir='ltr'><strong>titur,</strong></span> <span class='ocrx_word' id='word_1_460' title='bbox 693 3224 754 3271; x_wconf 89' lang='lat' dir='ltr'><strong>ut</strong></span> <span class='ocrx_word' id='word_1_461' title='bbox 773 3228 974 3272; x_wconf 84' lang='lat' dir='ltr'><strong>motum</strong></span> <span class='ocrx_word' id='word_1_462' title='bbox 1001 3233 1212 3288; x_wconf 83' lang='lat' dir='ltr'><strong>quoque</strong></span> <span class='ocrx_word' id='word_1_463' title='bbox 1241 3220 1470 3289; x_wconf 86' lang='lat' dir='ltr'><strong>aliquem</strong></span> <span class='ocrx_word' id='word_1_464' title='bbox 1495 3221 1723 3277; x_wconf 83' lang='lat' dir='ltr'><strong>similem</strong></span> <span class='ocrx_word' id='word_1_465' title='bbox 1750 3223 1944 3277; x_wconf 73' lang='lat' dir='ltr'><strong>audita:</strong></span> <span class='ocrx_word' id='word_1_466' title='bbox 1965 3238 2093 3279; x_wconf 88' lang='lat' dir='ltr'><strong>can-</strong></span> <span class='ocrx_word' id='word_1_467' title='bbox 2123 3211 2172 3274; x_wconf 85' lang='lat' dir='ltr'>C</span> <span class='ocrx_word' id='word_1_468' title='bbox 2205 3215 2398 3284; x_wconf 90' lang='lat' dir='ltr'><strong>quibus</strong></span> <span class='ocrx_word' id='word_1_469' title='bbox 2428 3215 2693 3283; x_wconf 86' lang='lat' dir='ltr'><strong>posterius</strong></span> <span class='ocrx_word' id='word_1_470' title='bbox 2719 3213 3010 3268; x_wconf 90' lang='lat' dir='ltr'><strong>studiosius</strong></span> <span class='ocrx_word' id='word_1_471' title='bbox 3035 3209 3417 3280; x_wconf 89' lang='lat' dir='ltr'><strong>disputandum</strong></span> <span class='ocrx_word' id='word_1_472' title='bbox 3459 3197 3562 3263; x_wconf 73' lang='lat' dir='ltr'><strong>est.</strong></span> <span class='ocrx_word' id='word_1_473' title='bbox 3599 3205 3750 3261; x_wconf 77' lang='lat' dir='ltr'><strong>[lutita-</strong></span> 
     </span>
    </p>
   </div>
   <div class='ocr_carea' id='block_1_63' title="bbox 511 3305 2096 3382">
    <p class='ocr_par' dir='ltr' id='par_1_63' title="bbox 511 3305 2096 3382">
     <span class='ocr_line' id='line_1_63' title="bbox 511 3305 2096 3382; baseline 0.008 -22"><span class='ocrx_word' id='word_1_474' title='bbox 511 3305 692 3362; x_wconf 63' lang='lat' dir='ltr'><strong>tilena</strong></span> <span class='ocrx_word' id='word_1_475' title='bbox 711 3321 908 3377; x_wconf 83' lang='lat' dir='ltr'><strong>corpus</strong></span> <span class='ocrx_word' id='word_1_476' title='bbox 929 3307 1169 3378; x_wconf 67' lang='lat' dir='ltr'><strong>efﬁngat,</strong></span> <span class='ocrx_word' id='word_1_477' title='bbox 1195 3318 1250 3364; x_wconf 89' lang='lat' dir='ltr'><strong>et</strong></span> <span class='ocrx_word' id='word_1_478' title='bbox 1275 3311 1418 3379; x_wconf 86' lang='lat' dir='ltr'><strong>quod</strong></span> <span class='ocrx_word' id='word_1_479' title='bbox 1448 3313 1668 3366; x_wconf 88' lang='lat' dir='ltr'><strong>omnino</strong></span> <span class='ocrx_word' id='word_1_480' title='bbox 1688 3313 1902 3382; x_wconf 81' lang='lat' dir='ltr'><strong>aliquod</strong></span> <span class='ocrx_word' id='word_1_481' title='bbox 1927 3315 2096 3372; x_wconf 85' lang='lat' dir='ltr'><strong>melos</strong></span> 
     </span>
    </p>
   </div>
   <div class='ocr_carea' id='block_1_64' title="bbox 511 3397 2097 3473">
    <p class='ocr_par' dir='ltr' id='par_1_64' title="bbox 511 3397 2097 3473">
     <span class='ocr_line' id='line_1_64' title="bbox 511 3397 2097 3473; baseline 0.006 -21"><span class='ocrx_word' id='word_1_482' title='bbox 511 3397 748 3454; x_wconf 83' lang='lat' dir='ltr'><strong>auditum</strong></span> <span class='ocrx_word' id='word_1_483' title='bbox 775 3399 878 3454; x_wconf 84' lang='lat' dir='ltr'><strong>sibi</strong></span> <span class='ocrx_word' id='word_1_484' title='bbox 902 3415 1109 3455; x_wconf 86' lang='lat' dir='ltr'><strong>memor</strong></span> <span class='ocrx_word' id='word_1_485' title='bbox 1138 3405 1350 3458; x_wconf 87' lang='lat' dir='ltr'><strong>animus</strong></span> <span class='ocrx_word' id='word_1_486' title='bbox 1379 3402 1492 3470; x_wconf 83' lang='lat' dir='ltr'><strong>ipse</strong></span> <span class='ocrx_word' id='word_1_487' title='bbox 1515 3402 1803 3473; x_wconf 80' lang='lat' dir='ltr'><strong>decerpat?</strong></span> <span class='ocrx_word' id='word_1_488' title='bbox 1829 3406 1896 3461; x_wconf 88' lang='lat' dir='ltr'><strong>Ut</strong></span> <span class='ocrx_word' id='word_1_489' title='bbox 1920 3420 1985 3461; x_wconf 79' lang='lat' dir='ltr'><strong>ex</strong></span> <span class='ocrx_word' id='word_1_490' title='bbox 2013 3407 2097 3462; x_wconf 80' lang='lat' dir='ltr'><strong>bis</strong></span> 
     </span>
    </p>
   </div>
   <div class='ocr_carea' id='block_1_65' title="bbox 512 3490 2096 3568">
    <p class='ocr_par' dir='ltr' id='par_1_65' title="bbox 512 3490 2096 3568">
     <span class='ocr_line' id='line_1_65' title="bbox 512 3490 2096 3568; baseline 0.005 -24"><span class='ocrx_word' id='word_1_491' title='bbox 512 3490 760 3546; x_wconf 82' lang='lat' dir='ltr'><strong>omnibus</strong></span> <span class='ocrx_word' id='word_1_492' title='bbox 793 3495 1076 3560; x_wconf 81' lang='lat' dir='ltr'><strong>perspicue</strong></span> <span class='ocrx_word' id='word_1_493' title='bbox 1107 3507 1208 3548; x_wconf 86' lang='lat' dir='ltr'><strong>nec</strong></span> <span class='ocrx_word' id='word_1_494' title='bbox 1249 3493 1556 3548; x_wconf 85' lang='lat' dir='ltr'><strong>dubitanter</strong></span> <span class='ocrx_word' id='word_1_495' title='bbox 1576 3506 1850 3565; x_wconf 86' lang='lat' dir='ltr'><strong>appareat,</strong></span> <span class='ocrx_word' id='word_1_496' title='bbox 1881 3498 1952 3551; x_wconf 87' lang='lat' dir='ltr'><strong>ita</strong></span> <span class='ocrx_word' id='word_1_497' title='bbox 1974 3500 2096 3568; x_wconf 81' lang='lat' dir='ltr'><strong>qni-</strong></span> 
     </span>
    </p>
   </div>
   <div class='ocr_carea' id='block_1_66' title="bbox 511 3578 2100 3656">
    <p class='ocr_par' dir='ltr' id='par_1_66' title="bbox 511 3578 2100 3656">
     <span class='ocr_line' id='line_1_66' title="bbox 511 3578 2100 3656; baseline 0.007 -22"><span class='ocrx_word' id='word_1_498' title='bbox 511 3578 636 3634; x_wconf 87' lang='lat' dir='ltr'><strong>dem</strong></span> <span class='ocrx_word' id='word_1_499' title='bbox 671 3579 826 3634; x_wconf 78' lang='lat' dir='ltr'><strong>nobis</strong></span> <span class='ocrx_word' id='word_1_500' title='bbox 858 3581 1116 3637; x_wconf 85' lang='lat' dir='ltr'><strong>musicam</strong></span> <span class='ocrx_word' id='word_1_501' title='bbox 1161 3585 1470 3641; x_wconf 86' lang='lat' dir='ltr'><strong>naturaliter</strong></span> <span class='ocrx_word' id='word_1_502' title='bbox 1498 3599 1621 3641; x_wconf 83' lang='lat' dir='ltr'><strong>esse</strong></span> <span class='ocrx_word' id='word_1_503' title='bbox 1650 3586 2008 3656; x_wconf 83' lang='lat' dir='ltr'><strong>conjuttctam,</strong></span> <span class='ocrx_word' id='word_1_504' title='bbox 2041 3599 2100 3645; x_wconf 89' lang='lat' dir='ltr'><strong>ut</strong></span> 
     </span>
    </p>
   </div>
   <div class='ocr_carea' id='block_1_67' title="bbox 513 3670 2100 3747">
    <p class='ocr_par' dir='ltr' id='par_1_67' title="bbox 513 3670 2100 3747">
     <span class='ocr_line' id='line_1_67' title="bbox 513 3670 2100 3747; baseline 0.006 -19"><span class='ocrx_word' id='word_1_505' title='bbox 513 3685 576 3728; x_wconf 88' lang='lat' dir='ltr'><strong>ea</strong></span> <span class='ocrx_word' id='word_1_506' title='bbox 604 3685 676 3726; x_wconf 84' lang='lat' dir='ltr'><strong>ne</strong></span> <span class='ocrx_word' id='word_1_507' title='bbox 703 3671 749 3726; x_wconf 88' lang='lat' dir='ltr'><strong>si</strong></span> <span class='ocrx_word' id='word_1_508' title='bbox 771 3670 998 3728; x_wconf 86' lang='lat' dir='ltr'><strong>velimus</strong></span> <span class='ocrx_word' id='word_1_509' title='bbox 1025 3673 1238 3742; x_wconf 85' lang='lat' dir='ltr'><strong>quidem</strong></span> <span class='ocrx_word' id='word_1_510' title='bbox 1275 3677 1788 3746; x_wconf 67' lang='lat' dir='ltr'><strong>carere&#39;possimus.</strong></span> <span class='ocrx_word' id='word_1_511' title='bbox 1837 3679 2100 3747; x_wconf 83' lang='lat' dir='ltr'><strong>Quocirca</strong></span> 
     </span>
    </p>
   </div>
   <div class='ocr_carea' id='block_1_68' title="bbox 511 3764 2100 3841">
    <p class='ocr_par' dir='ltr' id='par_1_68' title="bbox 511 3764 2100 3841">
     <span class='ocr_line' id='line_1_68' title="bbox 511 3764 2100 3841; baseline 0.007 -22"><span class='ocrx_word' id='word_1_512' title='bbox 511 3764 836 3820; x_wconf 82' lang='lat' dir='ltr'><strong>intendenda</strong></span> <span class='ocrx_word' id='word_1_513' title='bbox 868 3768 948 3822; x_wconf 89' lang='lat' dir='ltr'><strong>vis</strong></span> <span class='ocrx_word' id='word_1_514' title='bbox 974 3767 1168 3823; x_wconf 79' lang='lat' dir='ltr'><strong>mentis</strong></span> <span class='ocrx_word' id='word_1_515' title='bbox 1193 3778 1296 3838; x_wconf 88' lang='lat' dir='ltr'><strong>est,</strong></span> <span class='ocrx_word' id='word_1_516' title='bbox 1339 3778 1400 3826; x_wconf 92' lang='lat' dir='ltr'><strong>ut</strong></span> <span class='ocrx_word' id='word_1_517' title='bbox 1441 3771 1492 3826; x_wconf 90' lang='lat' dir='ltr'><strong>id</strong></span> <span class='ocrx_word' id='word_1_518' title='bbox 1523 3771 1662 3841; x_wconf 88' lang='lat' dir='ltr'><strong>quod</strong></span> <span class='ocrx_word' id='word_1_519' title='bbox 1688 3782 1875 3828; x_wconf 88' lang='lat' dir='ltr'><strong>natura</strong></span> <span class='ocrx_word' id='word_1_520' title='bbox 1905 3784 1987 3830; x_wconf 86' lang='lat' dir='ltr'><strong>est</strong></span> <span class='ocrx_word' id='word_1_521' title='bbox 2018 3776 2100 3830; x_wconf 73' lang='lat' dir='ltr'><strong>in-</strong></span> 
     </span>
    </p>
   </div>
   <div class='ocr_carea' id='block_1_69' title="bbox 511 3856 2094 3932">
    <p class='ocr_par' dir='ltr' id='par_1_69' title="bbox 511 3856 2094 3932">
     <span class='ocr_line' id='line_1_69' title="bbox 511 3856 2094 3932; baseline 0.006 -20"><span class='ocrx_word' id='word_1_522' title='bbox 511 3856 696 3925; x_wconf 81' lang='lat' dir='ltr'><strong>situm,</strong></span> <span class='ocrx_word' id='word_1_523' title='bbox 729 3858 952 3912; x_wconf 89' lang='lat' dir='ltr'><strong>scientia</strong></span> <span class='ocrx_word' id='word_1_524' title='bbox 987 3873 1200 3929; x_wconf 86' lang='lat' dir='ltr'><strong>quoque</strong></span> <span class='ocrx_word' id='word_1_525' title='bbox 1229 3860 1396 3930; x_wconf 87' lang='lat' dir='ltr'><strong>possit</strong></span> <span class='ocrx_word' id='word_1_526' title='bbox 1424 3863 1870 3932; x_wconf 85' lang='lat' dir='ltr'><strong>comprehensum</strong></span> <span class='ocrx_word' id='word_1_527' title='bbox 1903 3867 2094 3922; x_wconf 77' lang='lat' dir='ltr'><strong>teneri.</strong></span> 
     </span>
    </p>
   </div>
   <div class='ocr_carea' id='block_1_70' title="bbox 512 3947 2100 4022">
    <p class='ocr_par' dir='ltr' id='par_1_70' title="bbox 512 3947 2100 4022">
     <span class='ocr_line' id='line_1_70' title="bbox 512 3947 2100 4022; baseline 0.007 -20"><span class='ocrx_word' id='word_1_528' title='bbox 512 3947 667 4004; x_wconf 89' lang='lat' dir='ltr'><strong>Sicut</strong></span> <span class='ocrx_word' id='word_1_529' title='bbox 691 3950 834 4004; x_wconf 89' lang='lat' dir='ltr'><strong>enim</strong></span> <span class='ocrx_word' id='word_1_530' title='bbox 865 3950 917 4004; x_wconf 91' lang='lat' dir='ltr'><strong>in</strong></span> <span class='ocrx_word' id='word_1_531' title='bbox 952 3951 1068 4007; x_wconf 85' lang='lat' dir='ltr'><strong>visu</strong></span> <span class='ocrx_word' id='word_1_532' title='bbox 1099 3967 1313 4022; x_wconf 87' lang='lat' dir='ltr'><strong>quoque</strong></span> <span class='ocrx_word' id='word_1_533' title='bbox 1343 3968 1449 4008; x_wconf 90' lang='lat' dir='ltr'><strong>non</strong></span> <span class='ocrx_word' id='word_1_534' title='bbox 1479 3954 1680 4010; x_wconf 87' lang='lat' dir='ltr'><strong>suflicit</strong></span> <span class='ocrx_word' id='word_1_535' title='bbox 1702 3956 1924 4012; x_wconf 90' lang='lat' dir='ltr'><strong>eruditis</strong></span> <span class='ocrx_word' id='word_1_536' title='bbox 1952 3961 2100 4013; x_wconf 82' lang='lat' dir='ltr'><strong>colo-</strong></span> 
     </span>
    </p>
   </div>
   <div class='ocr_carea' id='block_1_71' title="bbox 512 4040 2098 4116">
    <p class='ocr_par' dir='ltr' id='par_1_71' title="bbox 512 4040 2098 4116">
     <span class='ocr_line' id='line_1_71' title="bbox 512 4040 2098 4116; baseline 0.005 -20"><span class='ocrx_word' id='word_1_537' title='bbox 512 4055 602 4096; x_wconf 91' lang='lat' dir='ltr'><strong>res</strong></span> <span class='ocrx_word' id='word_1_538' title='bbox 630 4040 942 4113; x_wconf 79' lang='lat' dir='ltr'><strong>formasque</strong></span> <span class='ocrx_word' id='word_1_539' title='bbox 971 4043 1306 4111; x_wconf 89' lang='lat' dir='ltr'><strong>conspicere,</strong></span> <span class='ocrx_word' id='word_1_540' title='bbox 1339 4046 1440 4099; x_wconf 83' lang='lat' dir='ltr'><strong>nisi</strong></span> <span class='ocrx_word' id='word_1_541' title='bbox 1471 4047 1631 4102; x_wconf 84' lang='lat' dir='ltr'><strong>etiam</strong></span> <span class='ocrx_word' id='word_1_542' title='bbox 1660 4063 1778 4116; x_wconf 83' lang='lat' dir='ltr'><strong>quae</strong></span> <span class='ocrx_word' id='word_1_543' title='bbox 1807 4049 1878 4102; x_wconf 86' lang='lat' dir='ltr'><strong>sit</strong></span> <span class='ocrx_word' id='word_1_544' title='bbox 1907 4048 2098 4104; x_wconf 89' lang='lat' dir='ltr'><strong>horum</strong></span> 
     </span>
    </p>
   </div>
   <div class='ocr_carea' id='block_1_72' title="bbox 514 4132 2100 4203">
    <p class='ocr_par' dir='ltr' id='par_1_72' title="bbox 514 4132 2100 4203">
     <span class='ocr_line' id='line_1_72' title="bbox 514 4132 2100 4203; baseline 0.008 -18"><span class='ocrx_word' id='word_1_545' title='bbox 514 4132 814 4201; x_wconf 87' lang='lat' dir='ltr'><strong>proprietas</strong></span> <span class='ocrx_word' id='word_1_546' title='bbox 841 4134 1314 4203; x_wconf 76' lang='lat' dir='ltr'><strong>investigaverint:</strong></span> <span class='ocrx_word' id='word_1_547' title='bbox 1346 4138 1426 4191; x_wconf 89' lang='lat' dir='ltr'><strong>sic</strong></span> <span class='ocrx_word' id='word_1_548' title='bbox 1463 4151 1568 4191; x_wconf 93' lang='lat' dir='ltr'><strong>non</strong></span> <span class='ocrx_word' id='word_1_549' title='bbox 1596 4137 1792 4193; x_wconf 85' lang='lat' dir='ltr'><strong>suflicit</strong></span> <span class='ocrx_word' id='word_1_550' title='bbox 1817 4139 2100 4197; x_wconf 81' lang='lat' dir='ltr'><strong>cantilenis</strong></span> 
     </span>
    </p>
   </div>
   <div class='ocr_carea' id='block_1_73' title="bbox 512 4223 2099 4303">
    <p class='ocr_par' dir='ltr' id='par_1_73' title="bbox 512 4223 2099 4303">
     <span class='ocr_line' id='line_1_73' title="bbox 512 4223 2099 4303; baseline 0.006 -25"><span class='ocrx_word' id='word_1_551' title='bbox 512 4223 732 4280; x_wconf 86' lang='lat' dir='ltr'><strong>musicis</strong></span> <span class='ocrx_word' id='word_1_552' title='bbox 756 4223 1032 4294; x_wconf 86' lang='lat' dir='ltr'><strong>delectari,</strong></span> <span class='ocrx_word' id='word_1_553' title='bbox 1059 4226 1160 4282; x_wconf 88' lang='lat' dir='ltr'><strong>nisi</strong></span> <span class='ocrx_word' id='word_1_554' title='bbox 1189 4228 1350 4282; x_wconf 86' lang='lat' dir='ltr'><strong>etiam</strong></span> <span class='ocrx_word' id='word_1_555' title='bbox 1378 4228 1522 4296; x_wconf 85' lang='lat' dir='ltr'><strong>quali</strong></span> <span class='ocrx_word' id='word_1_556' title='bbox 1551 4228 1692 4287; x_wconf 87' lang='lat' dir='ltr'><strong>inter</strong></span> <span class='ocrx_word' id='word_1_557' title='bbox 1711 4246 1771 4288; x_wconf 89' lang='lat' dir='ltr'><strong>se</strong></span> <span class='ocrx_word' id='word_1_558' title='bbox 1799 4232 2099 4303; x_wconf 71' lang='lat' dir='ltr'><strong>conjunctae</strong></span> 
     </span>
    </p>
   </div>
   <div class='ocr_carea' id='block_1_74' title="bbox 511 4316 1546 4389">
    <p class='ocr_par' dir='ltr' id='par_1_74' title="bbox 511 4316 1546 4389">
     <span class='ocr_line' id='line_1_74' title="bbox 511 4316 1546 4389; baseline 0.003 -16"><span class='ocrx_word' id='word_1_559' title='bbox 511 4316 620 4373; x_wconf 76' lang='lat' dir='ltr'><strong>sint</strong></span> <span class='ocrx_word' id='word_1_560' title='bbox 647 4331 842 4372; x_wconf 83' lang='lat' dir='ltr'><strong>vocum</strong></span> <span class='ocrx_word' id='word_1_561' title='bbox 873 4319 1218 4389; x_wconf 86' lang='lat' dir='ltr'><strong>proportione</strong></span> <span class='ocrx_word' id='word_1_562' title='bbox 1249 4319 1508 4376; x_wconf 87' lang='lat' dir='ltr'><strong>discatur.</strong></span> <span class='ocrx_word' id='word_1_563' title='bbox 1538 4333 1546 4341; x_wconf 91' lang='lat'>&#39;</span> 
     </span>
    </p>
   </div>
   <div class='ocr_carea' id='block_1_75' title="bbox 1145 4410 1480 4470">
    <p class='ocr_par' dir='ltr' id='par_1_75' title="bbox 1145 4410 1480 4470">
     <span class='ocr_line' id='line_1_75' title="bbox 1145 4410 1480 4470; baseline 0.009 -3"><span class='ocrx_word' id='word_1_564' title='bbox 1145 4410 1371 4469; x_wconf 81' lang='lat' dir='ltr'><strong>CAPUT</strong></span> <span class='ocrx_word' id='word_1_565' title='bbox 1411 4412 1480 4470; x_wconf 83' lang='grc' dir='ltr'><strong>ΙΙ.</strong></span> 
     </span>
    </p>
   </div>
   <div class='ocr_carea' id='block_1_76' title="bbox 512 4502 2094 4578">
    <p class='ocr_par' dir='ltr' id='par_1_76' title="bbox 512 4502 2094 4578">
     <span class='ocr_line' id='line_1_76' title="bbox 512 4502 2094 4578; baseline 0.003 -20"><span class='ocrx_word' id='word_1_566' title='bbox 512 4502 637 4559; x_wconf 81' lang='lat' dir='ltr'><strong>Tres</strong></span> <span class='ocrx_word' id='word_1_567' title='bbox 674 4521 781 4560; x_wconf 80' lang='lat' dir='ltr'><strong>esse</strong></span> <span class='ocrx_word' id='word_1_568' title='bbox 821 4507 1064 4574; x_wconf 78' lang='lat' dir='ltr'><strong>musicas,</strong></span> <span class='ocrx_word' id='word_1_569' title='bbox 1096 4507 1151 4560; x_wconf 71' lang='lat' dir='ltr'><strong>ita</strong></span> <span class='ocrx_word' id='word_1_570' title='bbox 1193 4507 1378 4578; x_wconf 78' lang='lat' dir='ltr'><strong>quibus</strong></span> <span class='ocrx_word' id='word_1_571' title='bbox 1415 4508 1480 4561; x_wconf 86' lang='lat' dir='ltr'><strong>de</strong></span> <span class='ocrx_word' id='word_1_572' title='bbox 1516 4508 1566 4562; x_wconf 84' lang='lat' dir='ltr'><strong>ui</strong></span> <span class='ocrx_word' id='word_1_573' title='bbox 1599 4510 1809 4564; x_wconf 66' lang='lat' dir='ltr'><strong>musica:</strong></span> <span class='ocrx_word' id='word_1_574' title='bbox 1833 4518 2094 4564; x_wconf 79' lang='lat' dir='ltr'><strong>narratur.</strong></span> 
     </span>
    </p>
   </div>
   <div class='ocr_carea' id='block_1_77' title="bbox 2204 3300 3757 3378">
    <p class='ocr_par' dir='ltr' id='par_1_77' title="bbox 2204 3300 3757 3378">
     <span class='ocr_line' id='line_1_77' title="bbox 2204 3300 3757 3378; baseline -0.006 -17"><span class='ocrx_word' id='word_1_575' title='bbox 2204 3322 2326 3361; x_wconf 91' lang='lat' dir='ltr'><strong>nam</strong></span> <span class='ocrx_word' id='word_1_576' title='bbox 2360 3323 2486 3362; x_wconf 87' lang='lat' dir='ltr'><strong>vero</strong></span> <span class='ocrx_word' id='word_1_577' title='bbox 2517 3307 2797 3373; x_wconf 84' lang='lat' dir='ltr'><strong>musicam,</strong></span> <span class='ocrx_word' id='word_1_578' title='bbox 2827 3307 3071 3378; x_wconf 89' lang='lat' dir='ltr'><strong>quisquis</strong></span> <span class='ocrx_word' id='word_1_579' title='bbox 3119 3307 3170 3360; x_wconf 94' lang='lat' dir='ltr'><strong>in</strong></span> <span class='ocrx_word' id='word_1_580' title='bbox 3218 3320 3338 3360; x_wconf 92' lang='lat' dir='ltr'><strong>sese</strong></span> <span class='ocrx_word' id='word_1_581' title='bbox 3368 3303 3542 3374; x_wconf 88' lang='lat' dir='ltr'><strong>ipsum</strong></span> <span class='ocrx_word' id='word_1_582' title='bbox 3571 3300 3757 3356; x_wconf 76' lang='lat' dir='ltr'><strong>descen-</strong></span> 
     </span>
    </p>
   </div>
   <div class='ocr_carea' id='block_1_78' title="bbox 2203 3400 3762 3473">
    <p class='ocr_par' dir='ltr' id='par_1_78' title="bbox 2203 3400 3762 3473">
     <span class='ocr_line' id='line_1_78' title="bbox 2203 3400 3762 3473; baseline -0.008 -15"><span class='ocrx_word' id='word_1_583' title='bbox 2203 3403 2307 3469; x_wconf 90' lang='lat' dir='ltr'><strong>dit,</strong></span> <span class='ocrx_word' id='word_1_584' title='bbox 2331 3404 2602 3473; x_wconf 78' lang='lat' dir='ltr'><strong>intelligit.</strong></span> <span class='ocrx_word' id='word_1_585' title='bbox 2635 3404 2772 3470; x_wconf 88' lang='lat' dir='ltr'><strong>Quid</strong></span> <span class='ocrx_word' id='word_1_586' title='bbox 2803 3413 2885 3459; x_wconf 90' lang='lat' dir='ltr'><strong>est</strong></span> <span class='ocrx_word' id='word_1_587' title='bbox 2914 3402 3056 3458; x_wconf 90' lang='lat' dir='ltr'><strong>enim</strong></span> <span class='ocrx_word' id='word_1_588' title='bbox 3075 3401 3215 3472; x_wconf 87' lang='lat' dir='ltr'><strong>quod</strong></span> <span class='ocrx_word' id='word_1_589' title='bbox 3240 3400 3386 3454; x_wconf 90' lang='lat' dir='ltr'><strong>illam</strong></span> <span class='ocrx_word' id='word_1_590' title='bbox 3421 3400 3762 3468; x_wconf 84' lang='lat' dir='ltr'><strong>incorpoream</strong></span> 
     </span>
    </p>
   </div>
   <div class='ocr_carea' id='block_1_79' title="bbox 2203 3487 3764 3564">
    <p class='ocr_par' dir='ltr' id='par_1_79' title="bbox 2203 3487 3764 3564">
     <span class='ocr_line' id='line_1_79' title="bbox 2203 3487 3764 3564; baseline -0.008 -13"><span class='ocrx_word' id='word_1_591' title='bbox 2203 3496 2429 3551; x_wconf 87' lang='lat' dir='ltr'><strong>rationis</strong></span> <span class='ocrx_word' id='word_1_592' title='bbox 2477 3496 2812 3551; x_wconf 87' lang='lat' dir='ltr'><strong>vivacitatem</strong></span> <span class='ocrx_word' id='word_1_593' title='bbox 2851 3495 3065 3564; x_wconf 91' lang='lat' dir='ltr'><strong>corpori</strong></span> <span class='ocrx_word' id='word_1_594' title='bbox 3111 3493 3351 3560; x_wconf 77' lang='lat' dir='ltr'><strong>misceat,</strong></span> <span class='ocrx_word' id='word_1_595' title='bbox 3397 3489 3499 3546; x_wconf 90' lang='lat' dir='ltr'><strong>nisi</strong></span> <span class='ocrx_word' id='word_1_596' title='bbox 3548 3487 3764 3559; x_wconf 64' lang='lat' dir='ltr'><strong>quadam</strong></span> 
     </span>
    </p>
   </div>
   <div class='ocr_carea' id='block_1_80' title="bbox 2203 3581 3766 3658">
    <p class='ocr_par' dir='ltr' id='par_1_80' title="bbox 2203 3581 3766 3658">
     <span class='ocr_line' id='line_1_80' title="bbox 2203 3581 3766 3658; baseline -0.003 -15"><span class='ocrx_word' id='word_1_597' title='bbox 2203 3589 2492 3658; x_wconf 90' lang='lat' dir='ltr'><strong>coaptatio,</strong></span> <span class='ocrx_word' id='word_1_598' title='bbox 2518 3598 2572 3643; x_wconf 90' lang='lat' dir='ltr'><strong>et</strong></span> <span class='ocrx_word' id='word_1_599' title='bbox 2603 3589 2763 3644; x_wconf 89' lang='lat' dir='ltr'><strong>veluti</strong></span> <span class='ocrx_word' id='word_1_600' title='bbox 2791 3590 3028 3658; x_wconf 73' lang='lat' dir='ltr'><strong>gravium</strong></span> <span class='ocrx_word' id='word_1_601' title='bbox 3059 3587 3358 3656; x_wconf 90' lang='lat' dir='ltr'><strong>leviumque</strong></span> <span class='ocrx_word' id='word_1_602' title='bbox 3391 3600 3605 3651; x_wconf 80' lang='lat' dir='ltr'><strong>vocum,</strong></span> <span class='ocrx_word' id='word_1_603' title='bbox 3639 3581 3766 3651; x_wconf 82' lang='lat' dir='ltr'><strong>quasi</strong></span> 
     </span>
    </p>
   </div>
   <div class='ocr_carea' id='block_1_81' title="bbox 2205 3674 3767 3746">
    <p class='ocr_par' dir='ltr' id='par_1_81' title="bbox 2205 3674 3767 3746">
     <span class='ocr_line' id='line_1_81' title="bbox 2205 3674 3767 3746; baseline -0.006 -11"><span class='ocrx_word' id='word_1_604' title='bbox 2205 3695 2364 3736; x_wconf 88' lang='lat' dir='ltr'><strong>unam</strong></span> <span class='ocrx_word' id='word_1_605' title='bbox 2406 3682 2812 3736; x_wconf 87' lang='lat' dir='ltr'><strong>consonantiam</strong></span> <span class='ocrx_word' id='word_1_606' title='bbox 2851 3681 3108 3744; x_wconf 84' lang='lat' dir='ltr'><strong>efliciens,</strong></span> <span class='ocrx_word' id='word_1_607' title='bbox 3155 3676 3496 3746; x_wconf 83' lang='lat' dir='ltr'><strong>temperatio?</strong></span> <span class='ocrx_word' id='word_1_608' title='bbox 3525 3674 3667 3741; x_wconf 84' lang='lat' dir='ltr'><strong>Quid</strong></span> <span class='ocrx_word' id='word_1_609' title='bbox 3703 3681 3767 3726; x_wconf 88' lang='lat' dir='ltr'><strong>est</strong></span> 
     </span>
    </p>
   </div>
   <div class='ocr_carea' id='block_1_82' title="bbox 2203 3769 3769 3842">
    <p class='ocr_par' dir='ltr' id='par_1_82' title="bbox 2203 3769 3769 3842">
     <span class='ocr_line' id='line_1_82' title="bbox 2203 3769 3769 3842; baseline -0.005 -16"><span class='ocrx_word' id='word_1_610' title='bbox 2203 3781 2382 3828; x_wconf 79' lang='lat' dir='ltr'><strong>autem</strong></span> <span class='ocrx_word' id='word_1_611' title='bbox 2410 3773 2555 3827; x_wconf 90' lang='lat' dir='ltr'><strong>aliud</strong></span> <span class='ocrx_word' id='word_1_612' title='bbox 2587 3772 2729 3842; x_wconf 89' lang='lat' dir='ltr'><strong>quod</strong></span> <span class='ocrx_word' id='word_1_613' title='bbox 2759 3773 2923 3841; x_wconf 89' lang='lat' dir='ltr'><strong>ipsius</strong></span> <span class='ocrx_word' id='word_1_614' title='bbox 2949 3772 3089 3827; x_wconf 91' lang='lat' dir='ltr'><strong>inter</strong></span> <span class='ocrx_word' id='word_1_615' title='bbox 3115 3786 3173 3827; x_wconf 91' lang='lat' dir='ltr'><strong>se</strong></span> <span class='ocrx_word' id='word_1_616' title='bbox 3217 3779 3390 3840; x_wconf 83' lang='lat' dir='ltr'><strong>partes</strong></span> <span class='ocrx_word' id='word_1_617' title='bbox 3427 3769 3617 3821; x_wconf 61' lang='lat' dir='ltr'><strong>animm.</strong></span> <span class='ocrx_word' id='word_1_618' title='bbox 3658 3780 3769 3818; x_wconf 85' lang='lat' dir='ltr'><strong>con-</strong></span> 
     </span>
    </p>
   </div>
   <div class='ocr_carea' id='block_1_83' title="bbox 2199 3857 3766 3935">
    <p class='ocr_par' dir='ltr' id='par_1_83' title="bbox 2199 3857 3766 3935">
     <span class='ocr_line' id='line_1_83' title="bbox 2199 3857 3766 3935; baseline -0.006 -17"><span class='ocrx_word' id='word_1_619' title='bbox 2199 3863 2410 3934; x_wconf 82' lang='lat' dir='ltr'><strong>jungat,</strong></span> <span class='ocrx_word' id='word_1_620' title='bbox 2433 3880 2550 3934; x_wconf 68' lang='lat' dir='ltr'><strong>quae</strong></span> <span class='ocrx_word' id='word_1_621' title='bbox 2575 3865 2656 3935; x_wconf 92' lang='lat' dir='ltr'><strong>(ut</strong></span> <span class='ocrx_word' id='word_1_622' title='bbox 2680 3865 2952 3919; x_wconf 86' lang='lat' dir='ltr'><strong>Aristoteli</strong></span> <span class='ocrx_word' id='word_1_623' title='bbox 2985 3861 3175 3932; x_wconf 86' lang='lat' dir='ltr'><strong>placet)</strong></span> <span class='ocrx_word' id='word_1_624' title='bbox 3204 3877 3268 3916; x_wconf 83' lang='lat' dir='ltr'><strong>ex</strong></span> <span class='ocrx_word' id='word_1_625' title='bbox 3306 3859 3606 3916; x_wconf 86' lang='lat' dir='ltr'><strong>rationabili</strong></span> <span class='ocrx_word' id='word_1_626' title='bbox 3653 3857 3766 3910; x_wconf 80' lang='lat' dir='ltr'><strong>irra-</strong></span> 
     </span>
    </p>
   </div>
   <div class='ocr_carea' id='block_1_84' title="bbox 2205 3949 3765 4025">
    <p class='ocr_par' dir='ltr' id='par_1_84' title="bbox 2205 3949 3765 4025">
     <span class='ocr_line' id='line_1_84' title="bbox 2205 3949 3765 4025; baseline -0.004 -19"><span class='ocrx_word' id='word_1_627' title='bbox 2205 3955 2551 4024; x_wconf 87' lang='lat' dir='ltr'><strong>tionabilique</strong></span> <span class='ocrx_word' id='word_1_628' title='bbox 2576 3956 2859 4025; x_wconf 83' lang='lat' dir='ltr'><strong>conjuncta</strong></span> <span class='ocrx_word' id='word_1_629' title='bbox 2891 3955 3005 4011; x_wconf 84' lang='lat' dir='ltr'><strong>est?</strong></span> <span class='ocrx_word' id='word_1_630' title='bbox 3051 3954 3189 4022; x_wconf 87' lang='lat' dir='ltr'><strong>Quid</strong></span> <span class='ocrx_word' id='word_1_631' title='bbox 3222 3969 3350 4008; x_wconf 88' lang='lat' dir='ltr'><strong>vero</strong></span> <span class='ocrx_word' id='word_1_632' title='bbox 3375 3951 3516 4021; x_wconf 85' lang='lat' dir='ltr'><strong>quod</strong></span> <span class='ocrx_word' id='word_1_633' title='bbox 3545 3949 3765 4019; x_wconf 87' lang='lat' dir='ltr'><strong>corporis</strong></span> 
     </span>
    </p>
   </div>
   <div class='ocr_carea' id='block_1_85' title="bbox 2203 4045 3762 4116">
    <p class='ocr_par' dir='ltr' id='par_1_85' title="bbox 2203 4045 3762 4116">
     <span class='ocr_line' id='line_1_85' title="bbox 2203 4045 3762 4116; baseline -0.006 -16"><span class='ocrx_word' id='word_1_634' title='bbox 2203 4046 2465 4101; x_wconf 85' lang='lat' dir='ltr'><strong>elementa</strong></span> <span class='ocrx_word' id='word_1_635' title='bbox 2499 4047 2833 4116; x_wconf 50' lang='lat' dir='ltr'><strong>permisceat,</strong></span> <span class='ocrx_word' id='word_1_636' title='bbox 2864 4057 2954 4100; x_wconf 90' lang='lat' dir='ltr'><strong>aut</strong></span> <span class='ocrx_word' id='word_1_637' title='bbox 2997 4056 3170 4116; x_wconf 86' lang='lat' dir='ltr'><strong>partes</strong></span> <span class='ocrx_word' id='word_1_638' title='bbox 3194 4045 3412 4099; x_wconf 88' lang='lat' dir='ltr'><strong>sihitnet</strong></span> <span class='ocrx_word' id='word_1_639' title='bbox 3442 4053 3555 4096; x_wconf 85' lang='lat' dir='ltr'><strong>rata</strong></span> <span class='ocrx_word' id='word_1_640' title='bbox 3574 4048 3762 4106; x_wconf 83' lang='lat' dir='ltr'><strong>coapta-</strong></span> 
     </span>
    </p>
   </div>
   <div class='ocr_carea' id='block_1_86' title="bbox 2204 4131 3756 4206">
    <p class='ocr_par' dir='ltr' id='par_1_86' title="bbox 2204 4131 3756 4206">
     <span class='ocr_line' id='line_1_86' title="bbox 2204 4131 3756 4206; baseline -0.007 -17"><span class='ocrx_word' id='word_1_641' title='bbox 2204 4138 2350 4192; x_wconf 78' lang='lat' dir='ltr'><strong>tione</strong></span> <span class='ocrx_word' id='word_1_642' title='bbox 2374 4137 2678 4198; x_wconf 80' lang='lat' dir='ltr'><strong>contineat?</strong></span> <span class='ocrx_word' id='word_1_643' title='bbox 2705 4138 2809 4192; x_wconf 87' lang='lat' dir='ltr'><strong>Sed</strong></span> <span class='ocrx_word' id='word_1_644' title='bbox 2836 4137 2904 4192; x_wconf 92' lang='lat' dir='ltr'><strong>dc</strong></span> <span class='ocrx_word' id='word_1_645' title='bbox 2933 4137 3033 4191; x_wconf 87' lang='lat' dir='ltr'><strong>hac</strong></span> <span class='ocrx_word' id='word_1_646' title='bbox 3061 4151 3272 4206; x_wconf 90' lang='lat' dir='ltr'><strong>quoque</strong></span> <span class='ocrx_word' id='word_1_647' title='bbox 3299 4134 3560 4203; x_wconf 83' lang='lat' dir='ltr'><strong>posterius</strong></span> <span class='ocrx_word' id='word_1_648' title='bbox 3583 4131 3756 4185; x_wconf 86' lang='lat' dir='ltr'><strong>dicam.</strong></span> 
     </span>
    </p>
   </div>
   <div class='ocr_carea' id='block_1_87' title="bbox 2204 4225 3764 4302">
    <p class='ocr_par' dir='ltr' id='par_1_87' title="bbox 2204 4225 3764 4302">
     <span class='ocr_line' id='line_1_87' title="bbox 2204 4225 3764 4302; baseline -0.007 -16"><span class='ocrx_word' id='word_1_649' title='bbox 2204 4232 2387 4286; x_wconf 85' lang='lat' dir='ltr'><strong>Tertia</strong></span> <span class='ocrx_word' id='word_1_650' title='bbox 2416 4242 2500 4288; x_wconf 89' lang='lat' dir='ltr'><strong>est</strong></span> <span class='ocrx_word' id='word_1_651' title='bbox 2531 4235 2753 4297; x_wconf 89' lang='lat' dir='ltr'><strong>musica,</strong></span> <span class='ocrx_word' id='word_1_652' title='bbox 2784 4248 2905 4302; x_wconf 74' lang='lat' dir='ltr'><strong>qua:</strong></span> <span class='ocrx_word' id='word_1_653' title='bbox 2939 4233 2992 4286; x_wconf 92' lang='lat' dir='ltr'><strong>in</strong></span> <span class='ocrx_word' id='word_1_654' title='bbox 3038 4230 3355 4300; x_wconf 88' lang='lat' dir='ltr'><strong>quibusdam</strong></span> <span class='ocrx_word' id='word_1_655' title='bbox 3385 4230 3669 4284; x_wconf 64' lang='lat' dir='ltr'><strong>consistere</strong></span> <span class='ocrx_word' id='word_1_656' title='bbox 3695 4225 3764 4277; x_wconf 78' lang='lat' dir='ltr'><strong>tli-</strong></span> 
     </span>
    </p>
   </div>
   <div class='ocr_carea' id='block_1_88' title="bbox 2203 4320 3766 4386">
    <p class='ocr_par' dir='ltr' id='par_1_88' title="bbox 2203 4320 3766 4386">
     <span class='ocr_line' id='line_1_88' title="bbox 2203 4320 3766 4386; baseline -0.008 -4"><span class='ocrx_word' id='word_1_657' title='bbox 2203 4329 2345 4382; x_wconf 91' lang='lat' dir='ltr'><strong>citur</strong></span> <span class='ocrx_word' id='word_1_658' title='bbox 2372 4327 2764 4383; x_wconf 89' lang='lat' dir='ltr'><strong>instrumentis.</strong></span> <span class='ocrx_word' id='word_1_659' title='bbox 2798 4327 2924 4381; x_wconf 65' lang='lat' dir='ltr'><strong>Haec</strong></span> <span class='ocrx_word' id='word_1_660' title='bbox 2949 4340 3078 4380; x_wconf 89' lang='lat' dir='ltr'><strong>vero</strong></span> <span class='ocrx_word' id='word_1_661' title='bbox 3110 4323 3535 4386; x_wconf 80' lang='lat' dir='ltr'><strong>administratur,</strong></span> <span class='ocrx_word' id='word_1_662' title='bbox 3579 4331 3664 4374; x_wconf 87' lang='lat' dir='ltr'><strong>aut</strong></span> <span class='ocrx_word' id='word_1_663' title='bbox 3698 4320 3766 4372; x_wconf 80' lang='lat' dir='ltr'><strong>in-</strong></span> 
     </span>
    </p>
   </div>
   <div class='ocr_carea' id='block_1_89' title="bbox 2205 4413 3767 4487">
    <p class='ocr_par' dir='ltr' id='par_1_89' title="bbox 2205 4413 3767 4487">
     <span class='ocr_line' id='line_1_89' title="bbox 2205 4413 3767 4487; baseline -0.004 -13"><span class='ocrx_word' id='word_1_664' title='bbox 2205 4422 2464 4485; x_wconf 87' lang='lat' dir='ltr'><strong>tentione,</strong></span> <span class='ocrx_word' id='word_1_665' title='bbox 2497 4432 2554 4474; x_wconf 90' lang='lat' dir='ltr'><strong>ut</strong></span> <span class='ocrx_word' id='word_1_666' title='bbox 2583 4419 2784 4484; x_wconf 88' lang='lat' dir='ltr'><strong>nervis,</strong></span> <span class='ocrx_word' id='word_1_667' title='bbox 2813 4428 2904 4473; x_wconf 87' lang='lat' dir='ltr'><strong>aut</strong></span> <span class='ocrx_word' id='word_1_668' title='bbox 2927 4417 3138 4487; x_wconf 88' lang='lat' dir='ltr'><strong>spiritu,</strong></span> <span class='ocrx_word' id='word_1_669' title='bbox 3175 4427 3232 4471; x_wconf 93' lang='lat' dir='ltr'><strong>ut</strong></span> <span class='ocrx_word' id='word_1_670' title='bbox 3261 4416 3427 4480; x_wconf 84' lang='lat' dir='ltr'><strong>tibiis,</strong></span> <span class='ocrx_word' id='word_1_671' title='bbox 3453 4416 3541 4468; x_wconf 85' lang='lat' dir='ltr'><strong>vel</strong></span> <span class='ocrx_word' id='word_1_672' title='bbox 3569 4413 3647 4468; x_wconf 88' lang='lat' dir='ltr'><strong>his</strong></span> <span class='ocrx_word' id='word_1_673' title='bbox 3665 4424 3767 4478; x_wconf 75' lang='lat' dir='ltr'><strong>qua:</strong></span> 
     </span>
    </p>
   </div>
   <div class='ocr_carea' id='block_1_90' title="bbox 2205 4509 3768 4582">
    <p class='ocr_par' dir='ltr' id='par_1_90' title="bbox 2205 4509 3768 4582">
     <span class='ocr_line' id='line_1_90' title="bbox 2205 4509 3768 4582; baseline -0.006 -15"><span class='ocrx_word' id='word_1_674' title='bbox 2205 4513 2270 4569; x_wconf 90' lang='lat' dir='ltr'><strong>ad</strong></span> <span class='ocrx_word' id='word_1_675' title='bbox 2293 4528 2486 4582; x_wconf 87' lang='lat' dir='ltr'><strong>aquam</strong></span> <span class='ocrx_word' id='word_1_676' title='bbox 2517 4524 2821 4578; x_wconf 88' lang='lat' dir='ltr'><strong>moventur,</strong></span> <span class='ocrx_word' id='word_1_677' title='bbox 2851 4521 2943 4568; x_wconf 88' lang='lat' dir='ltr'><strong>aut</strong></span> <span class='ocrx_word' id='word_1_678' title='bbox 2982 4512 3328 4582; x_wconf 88' lang='lat' dir='ltr'><strong>percussione</strong></span> <span class='ocrx_word' id='word_1_679' title='bbox 3356 4509 3615 4580; x_wconf 83' lang='lat' dir='ltr'><strong>quadam,</strong></span> <span class='ocrx_word' id='word_1_680' title='bbox 3647 4516 3701 4562; x_wconf 90' lang='lat' dir='ltr'><strong>ut</strong></span> <span class='ocrx_word' id='word_1_681' title='bbox 3726 4509 3768 4557; x_wconf 89' lang='lat' dir='ltr'><strong>in</strong></span> 
     </span>
    </p>
   </div>
   <div class='ocr_carea' id='block_1_91' title="bbox 585 4581 3764 4676">
    <p class='ocr_par' dir='ltr' id='par_1_91' title="bbox 585 4581 3764 4676">
     <span class='ocr_line' id='line_1_91' title="bbox 585 4581 3764 4676; baseline 0.001 -27"><span class='ocrx_word' id='word_1_682' title='bbox 585 4593 854 4665; x_wconf 83' lang='lat' dir='ltr'><strong>Principio</strong></span> <span class='ocrx_word' id='word_1_683' title='bbox 876 4597 1036 4667; x_wconf 81' lang='lat' dir='ltr'><strong>igitur</strong></span> <span class='ocrx_word' id='word_1_684' title='bbox 1059 4599 1126 4654; x_wconf 88' lang='lat' dir='ltr'><strong>de</strong></span> <span class='ocrx_word' id='word_1_685' title='bbox 1153 4599 1354 4655; x_wconf 84' lang='lat' dir='ltr'><strong>musica</strong></span> <span class='ocrx_word' id='word_1_686' title='bbox 1381 4600 1692 4669; x_wconf 87' lang='lat' dir='ltr'><strong>disserenti,</strong></span> <span class='ocrx_word' id='word_1_687' title='bbox 1719 4601 1851 4657; x_wconf 92' lang='lat' dir='ltr'><strong>illud</strong></span> <span class='ocrx_word' id='word_1_688' title='bbox 1877 4601 2092 4657; x_wconf 89' lang='lat' dir='ltr'><strong>interim</strong></span> <span class='ocrx_word' id='word_1_689' title='bbox 2119 4581 2175 4644; x_wconf 84' lang='grc' dir='ltr'><strong>Ῑ)</strong></span> <span class='ocrx_word' id='word_1_690' title='bbox 2199 4606 2284 4662; x_wconf 88' lang='lat' dir='ltr'><strong>his</strong></span> <span class='ocrx_word' id='word_1_691' title='bbox 2494 4607 2547 4662; x_wconf 93' lang='lat' dir='ltr'><strong>in</strong></span> <span class='ocrx_word' id='word_1_692' title='bbox 2578 4622 2810 4662; x_wconf 88' lang='lat' dir='ltr'><strong>concava</strong></span> <span class='ocrx_word' id='word_1_693' title='bbox 2848 4606 3090 4676; x_wconf 80' lang='lat' dir='ltr'><strong>quaedam</strong></span> <span class='ocrx_word' id='word_1_694' title='bbox 3119 4606 3265 4675; x_wconf 79' lang='lat' dir='ltr'><strong>virga</strong></span> <span class='ocrx_word' id='word_1_695' title='bbox 3314 4620 3452 4659; x_wconf 73' lang='lat' dir='ltr'><strong>aerea</strong></span> <span class='ocrx_word' id='word_1_696' title='bbox 3503 4605 3764 4665; x_wconf 82' lang='lat' dir='ltr'><strong>feriuntur,</strong></span> 
     </span>
    </p>
   </div>
   <div class='ocr_carea' id='block_1_92' title="bbox 510 4683 2093 4764">
    <p class='ocr_par' dir='ltr' id='par_1_92' title="bbox 510 4683 2093 4764">
     <span class='ocr_line' id='line_1_92' title="bbox 510 4683 2093 4764; baseline 0.006 -23"><span class='ocrx_word' id='word_1_697' title='bbox 510 4683 794 4742; x_wconf 82' lang='lat' dir='ltr'><strong>dicendum</strong></span> <span class='ocrx_word' id='word_1_698' title='bbox 822 4688 1053 4754; x_wconf 88' lang='lat' dir='ltr'><strong>videtur,</strong></span> <span class='ocrx_word' id='word_1_699' title='bbox 1082 4701 1212 4759; x_wconf 89' lang='lat' dir='ltr'><strong>quot</strong></span> <span class='ocrx_word' id='word_1_700' title='bbox 1255 4691 1473 4746; x_wconf 72' lang='lat' dir='ltr'><strong>musica:</strong></span> <span class='ocrx_word' id='word_1_701' title='bbox 1501 4707 1700 4762; x_wconf 71' lang='lat' dir='ltr'><strong>genera</strong></span> <span class='ocrx_word' id='word_1_702' title='bbox 1729 4692 1799 4747; x_wconf 89' lang='lat' dir='ltr'><strong>ab</strong></span> <span class='ocrx_word' id='word_1_703' title='bbox 1835 4694 1953 4764; x_wconf 86' lang='lat' dir='ltr'><strong>ejus</strong></span> <span class='ocrx_word' id='word_1_704' title='bbox 1980 4704 2093 4750; x_wconf 82' lang='lat' dir='ltr'><strong>stu-</strong></span> 
     </span>
    </p>
   </div>
   <div class='ocr_carea' id='block_1_93' title="bbox 507 4778 2091 4850">
    <p class='ocr_par' dir='ltr' id='par_1_93' title="bbox 507 4778 2091 4850">
     <span class='ocr_line' id='line_1_93' title="bbox 507 4778 2091 4850; baseline 0.003 -14"><span class='ocrx_word' id='word_1_705' title='bbox 507 4778 680 4836; x_wconf 81' lang='lat' dir='ltr'><strong>diosis</strong></span> <span class='ocrx_word' id='word_1_706' title='bbox 728 4780 1114 4850; x_wconf 85' lang='lat' dir='ltr'><strong>comprehensa</strong></span> <span class='ocrx_word' id='word_1_707' title='bbox 1155 4798 1275 4838; x_wconf 87' lang='lat' dir='ltr'><strong>esse</strong></span> <span class='ocrx_word' id='word_1_708' title='bbox 1327 4784 1658 4840; x_wconf 87' lang='lat' dir='ltr'><strong>noverimus.</strong></span> <span class='ocrx_word' id='word_1_709' title='bbox 1713 4784 1852 4843; x_wconf 88' lang='lat' dir='ltr'><strong>Sunt</strong></span> <span class='ocrx_word' id='word_1_710' title='bbox 1911 4795 2091 4841; x_wconf 87' lang='lat' dir='ltr'><strong>autem</strong></span> 
     </span>
    </p>
   </div>
   <div class='ocr_carea' id='block_1_94' title="bbox 509 4872 2096 4943">
    <p class='ocr_par' dir='ltr' id='par_1_94' title="bbox 509 4872 2096 4943">
     <span class='ocr_line' id='line_1_94' title="bbox 509 4872 2096 4943; baseline 0.003 -15"><span class='ocrx_word' id='word_1_711' title='bbox 509 4872 633 4928; x_wconf 87' lang='lat' dir='ltr'><strong>tria.</strong></span> <span class='ocrx_word' id='word_1_712' title='bbox 682 4873 750 4928; x_wconf 84' lang='lat' dir='ltr'><strong>Et</strong></span> <span class='ocrx_word' id='word_1_713' title='bbox 778 4874 947 4943; x_wconf 90' lang='lat' dir='ltr'><strong>prima</strong></span> <span class='ocrx_word' id='word_1_714' title='bbox 976 4874 1192 4943; x_wconf 89' lang='lat' dir='ltr'><strong>quidem</strong></span> <span class='ocrx_word' id='word_1_715' title='bbox 1234 4875 1501 4932; x_wconf 87' lang='lat' dir='ltr'><strong>mundana</strong></span> <span class='ocrx_word' id='word_1_716' title='bbox 1544 4886 1658 4943; x_wconf 84' lang='lat' dir='ltr'><strong>est;</strong></span> <span class='ocrx_word' id='word_1_717' title='bbox 1702 4877 1937 4933; x_wconf 85' lang='lat' dir='ltr'><strong>secunda</strong></span> <span class='ocrx_word' id='word_1_718' title='bbox 1964 4891 2096 4932; x_wconf 87' lang='lat' dir='ltr'><strong>vero</strong></span> 
     </span>
    </p>
   </div>
   <div class='ocr_carea' id='block_1_95' title="bbox 509 4963 2093 5035">
    <p class='ocr_par' dir='ltr' id='par_1_95' title="bbox 509 4963 2093 5035">
     <span class='ocr_line' id='line_1_95' title="bbox 509 4963 2093 5035; baseline 0.001 -15"><span class='ocrx_word' id='word_1_719' title='bbox 509 4963 774 5029; x_wconf 81' lang='lat' dir='ltr'><strong>humana;</strong></span> <span class='ocrx_word' id='word_1_720' title='bbox 801 4964 956 5020; x_wconf 84' lang='lat' dir='ltr'><strong>tertia</strong></span> <span class='ocrx_word' id='word_1_721' title='bbox 983 4979 1104 5034; x_wconf 61' lang='lat' dir='ltr'><strong>quas</strong></span> <span class='ocrx_word' id='word_1_722' title='bbox 1129 4965 1180 5018; x_wconf 93' lang='lat' dir='ltr'><strong>in</strong></span> <span class='ocrx_word' id='word_1_723' title='bbox 1208 4965 1525 5035; x_wconf 89' lang='lat' dir='ltr'><strong>quibusdam</strong></span> <span class='ocrx_word' id='word_1_724' title='bbox 1544 4977 1566 5005; x_wconf 69' lang='grc' dir='ltr'>θ</span> <span class='ocrx_word' id='word_1_725' title='bbox 1597 4967 1884 5022; x_wconf 89' lang='lat' dir='ltr'><strong>constituta</strong></span> <span class='ocrx_word' id='word_1_726' title='bbox 1910 4977 1992 5022; x_wconf 86' lang='lat' dir='ltr'><strong>est</strong></span> <span class='ocrx_word' id='word_1_727' title='bbox 2014 4968 2093 5022; x_wconf 88' lang='lat' dir='ltr'><strong>iu-</strong></span> 
     </span>
    </p>
   </div>
   <div class='ocr_carea' id='block_1_96' title="bbox 505 5054 2094 5126">
    <p class='ocr_par' dir='ltr' id='par_1_96' title="bbox 505 5054 2094 5126">
     <span class='ocr_line' id='line_1_96' title="bbox 505 5054 2094 5126; baseline 0.003 -16"><span class='ocrx_word' id='word_1_728' title='bbox 505 5057 846 5121; x_wconf 85' lang='lat' dir='ltr'><strong>strumentis,</strong></span> <span class='ocrx_word' id='word_1_729' title='bbox 898 5063 956 5110; x_wconf 91' lang='lat' dir='ltr'><strong>ut</strong></span> <span class='ocrx_word' id='word_1_730' title='bbox 1001 5054 1057 5110; x_wconf 92' lang='lat' dir='ltr'><strong>in</strong></span> <span class='ocrx_word' id='word_1_731' title='bbox 1105 5055 1309 5110; x_wconf 89' lang='lat' dir='ltr'><strong>cithara</strong></span> <span class='ocrx_word' id='word_1_732' title='bbox 1346 5056 1431 5110; x_wconf 90' lang='lat' dir='ltr'><strong>vel</strong></span> <span class='ocrx_word' id='word_1_733' title='bbox 1484 5057 1537 5110; x_wconf 91' lang='lat' dir='ltr'><strong>in</strong></span> <span class='ocrx_word' id='word_1_734' title='bbox 1579 5056 1742 5124; x_wconf 89' lang='lat' dir='ltr'><strong>tibiis,</strong></span> <span class='ocrx_word' id='word_1_735' title='bbox 1775 5057 2094 5126; x_wconf 74' lang='lat' dir='ltr'><strong>czcterisquc</strong></span> 
     </span>
    </p>
   </div>
   <div class='ocr_carea' id='block_1_97' title="bbox 506 5148 2094 5219">
    <p class='ocr_par' dir='ltr' id='par_1_97' title="bbox 506 5148 2094 5219">
     <span class='ocr_line' id='line_1_97' title="bbox 506 5148 2094 5219; baseline 0.001 -17"><span class='ocrx_word' id='word_1_736' title='bbox 506 5163 627 5219; x_wconf 67' lang='lat' dir='ltr'><strong>quae</strong></span> <span class='ocrx_word' id='word_1_737' title='bbox 653 5148 940 5205; x_wconf 78' lang='lat' dir='ltr'><strong>cantilenas</strong></span> <span class='ocrx_word' id='word_1_738' title='bbox 979 5149 1320 5204; x_wconf 80' lang='lat' dir='ltr'><strong>famulantur.</strong></span> <span class='ocrx_word' id='word_1_739' title='bbox 1372 5149 1436 5204; x_wconf 87' lang='lat' dir='ltr'><strong>Et</strong></span> <span class='ocrx_word' id='word_1_740' title='bbox 1481 5149 1710 5218; x_wconf 91' lang='lat' dir='ltr'><strong>primum</strong></span> <span class='ocrx_word' id='word_1_741' title='bbox 1753 5163 1820 5205; x_wconf 90' lang='lat' dir='ltr'><strong>ea</strong></span> <span class='ocrx_word' id='word_1_742' title='bbox 1861 5163 1979 5219; x_wconf 77' lang='lat' dir='ltr'><strong>qua:</strong></span> <span class='ocrx_word' id='word_1_743' title='bbox 2008 5157 2094 5205; x_wconf 90' lang='lat' dir='ltr'><strong>cst</strong></span> 
     </span>
    </p>
   </div>
   <div class='ocr_carea' id='block_1_98' title="bbox 506 5242 2093 5314">
    <p class='ocr_par' dir='ltr' id='par_1_98' title="bbox 506 5242 2093 5314">
     <span class='ocr_line' id='line_1_98' title="bbox 506 5242 2093 5314; baseline 0.001 -17"><span class='ocrx_word' id='word_1_744' title='bbox 506 5242 777 5298; x_wconf 84' lang='lat' dir='ltr'><strong>mundana</strong></span> <span class='ocrx_word' id='word_1_745' title='bbox 804 5242 858 5298; x_wconf 89' lang='lat' dir='ltr'><strong>in</strong></span> <span class='ocrx_word' id='word_1_746' title='bbox 887 5242 972 5299; x_wconf 87' lang='lat' dir='ltr'><strong>bis</strong></span> <span class='ocrx_word' id='word_1_747' title='bbox 993 5245 1224 5298; x_wconf 76' lang='lat' dir='ltr'><strong>maxime</strong></span> <span class='ocrx_word' id='word_1_748' title='bbox 1254 5242 1620 5313; x_wconf 87' lang='lat' dir='ltr'><strong>perspicienda</strong></span> <span class='ocrx_word' id='word_1_749' title='bbox 1646 5251 1731 5298; x_wconf 90' lang='lat' dir='ltr'><strong>est</strong></span> <span class='ocrx_word' id='word_1_750' title='bbox 1756 5258 1874 5313; x_wconf 66' lang='lat' dir='ltr'><strong>quae</strong></span> <span class='ocrx_word' id='word_1_751' title='bbox 1895 5243 1950 5298; x_wconf 89' lang='lat' dir='ltr'><strong>in</strong></span> <span class='ocrx_word' id='word_1_752' title='bbox 1973 5243 2093 5314; x_wconf 90' lang='lat' dir='ltr'><strong>ipso</strong></span> 
     </span>
    </p>
   </div>
   <div class='ocr_carea' id='block_1_99' title="bbox 503 5336 2092 5408">
    <p class='ocr_par' dir='ltr' id='par_1_99' title="bbox 503 5336 2092 5408">
     <span class='ocr_line' id='line_1_99' title="bbox 503 5336 2092 5408; baseline 0 -16"><span class='ocrx_word' id='word_1_753' title='bbox 503 5337 667 5405; x_wconf 74' lang='lat' dir='ltr'><strong>ctelo,</strong></span> <span class='ocrx_word' id='word_1_754' title='bbox 689 5337 778 5393; x_wconf 92' lang='lat' dir='ltr'><strong>vel</strong></span> <span class='ocrx_word' id='word_1_755' title='bbox 808 5351 1068 5408; x_wconf 69' lang='lat' dir='ltr'><strong>compage</strong></span> <span class='ocrx_word' id='word_1_756' title='bbox 1097 5336 1510 5402; x_wconf 82' lang='lat' dir='ltr'><strong>elementorum,</strong></span> <span class='ocrx_word' id='word_1_757' title='bbox 1543 5337 1628 5392; x_wconf 90' lang='lat' dir='ltr'><strong>vel</strong></span> <span class='ocrx_word' id='word_1_758' title='bbox 1669 5344 1970 5408; x_wconf 86' lang='lat' dir='ltr'><strong>temporum</strong></span> <span class='ocrx_word' id='word_1_759' title='bbox 1998 5350 2092 5392; x_wconf 82' lang='lat' dir='ltr'><strong>va-</strong></span> 
     </span>
    </p>
   </div>
   <div class='ocr_carea' id='block_1_100' title="bbox 506 5426 2094 5498">
    <p class='ocr_par' dir='ltr' id='par_1_100' title="bbox 506 5426 2094 5498">
     <span class='ocr_line' id='line_1_100' title="bbox 506 5426 2094 5498; baseline 0.001 -17"><span class='ocrx_word' id='word_1_760' title='bbox 506 5426 696 5483; x_wconf 83' lang='lat' dir='ltr'><strong>rietate</strong></span> <span class='ocrx_word' id='word_1_761' title='bbox 724 5430 990 5484; x_wconf 78' lang='lat' dir='ltr'><strong>visentur.</strong></span> <span class='ocrx_word' id='word_1_762' title='bbox 1025 5428 1130 5496; x_wconf 86' lang='lat' dir='ltr'><strong>Qui</strong></span> <span class='ocrx_word' id='word_1_763' title='bbox 1157 5429 1302 5485; x_wconf 87' lang='lat' dir='ltr'><strong>enim</strong></span> <span class='ocrx_word' id='word_1_764' title='bbox 1336 5428 1451 5484; x_wconf 82' lang='lat' dir='ltr'><strong>ﬁeri</strong></span> <span class='ocrx_word' id='word_1_765' title='bbox 1484 5435 1677 5498; x_wconf 86' lang='lat' dir='ltr'><strong>potest.</strong></span> <span class='ocrx_word' id='word_1_766' title='bbox 1710 5438 1768 5482; x_wconf 88' lang='lat' dir='ltr'><strong>ut</strong></span> <span class='ocrx_word' id='word_1_767' title='bbox 1798 5437 1904 5482; x_wconf 89' lang='lat' dir='ltr'><strong>tam</strong></span> <span class='ocrx_word' id='word_1_768' title='bbox 1933 5427 2094 5486; x_wconf 70' lang='lat' dir='ltr'><strong>velo:</strong></span> 
     </span>
    </p>
   </div>
   <div class='ocr_carea' id='block_1_101' title="bbox 506 5521 2094 5593">
    <p class='ocr_par' dir='ltr' id='par_1_101' title="bbox 506 5521 2094 5593">
     <span class='ocr_line' id='line_1_101' title="bbox 506 5521 2094 5593; baseline 0.001 -17"><span class='ocrx_word' id='word_1_769' title='bbox 506 5521 631 5579; x_wconf 70' lang='lat' dir='ltr'><strong>celi</strong></span> <span class='ocrx_word' id='word_1_770' title='bbox 677 5524 924 5580; x_wconf 84' lang='lat' dir='ltr'><strong>machina</strong></span> <span class='ocrx_word' id='word_1_771' title='bbox 964 5523 1125 5579; x_wconf 87' lang='lat' dir='ltr'><strong>tacito</strong></span> <span class='ocrx_word' id='word_1_772' title='bbox 1161 5523 1450 5593; x_wconf 82' lang='lat' dir='ltr'><strong>silentique</strong></span> <span class='ocrx_word' id='word_1_773' title='bbox 1476 5537 1635 5578; x_wconf 85' lang='lat' dir='ltr'><strong>cursu</strong></span> <span class='ocrx_word' id='word_1_774' title='bbox 1674 5521 1997 5580; x_wconf 74' lang='lat' dir='ltr'><strong>moveatur?</strong></span> <span class='ocrx_word' id='word_1_775' title='bbox 2026 5522 2094 5578; x_wconf 86' lang='lat' dir='ltr'><strong>Et</strong></span> 
     </span>
    </p>
   </div>
   <div class='ocr_carea' id='block_1_102' title="bbox 507 5611 2095 5684">
    <p class='ocr_par' dir='ltr' id='par_1_102' title="bbox 507 5611 2095 5684">
     <span class='ocr_line' id='line_1_102' title="bbox 507 5611 2095 5684; baseline 0 -17"><span class='ocrx_word' id='word_1_776' title='bbox 507 5614 552 5667; x_wconf 81' lang='lat' dir='ltr'><strong>si</strong></span> <span class='ocrx_word' id='word_1_777' title='bbox 589 5613 654 5668; x_wconf 84' lang='lat' dir='ltr'><strong>ad</strong></span> <span class='ocrx_word' id='word_1_778' title='bbox 693 5624 905 5672; x_wconf 78' lang='lat' dir='ltr'><strong>nostras</strong></span> <span class='ocrx_word' id='word_1_779' title='bbox 942 5631 1102 5674; x_wconf 86' lang='lat' dir='ltr'><strong>aures</strong></span> <span class='ocrx_word' id='word_1_780' title='bbox 1137 5631 1304 5672; x_wconf 86' lang='lat' dir='ltr'><strong>sonus</strong></span> <span class='ocrx_word' id='word_1_781' title='bbox 1334 5615 1424 5672; x_wconf 90' lang='lat' dir='ltr'><strong>ille</strong></span> <span class='ocrx_word' id='word_1_782' title='bbox 1470 5629 1578 5670; x_wconf 90' lang='lat' dir='ltr'><strong>non</strong></span> <span class='ocrx_word' id='word_1_783' title='bbox 1635 5613 1909 5684; x_wconf 81' lang='lat' dir='ltr'><strong>pervenit,</strong></span> <span class='ocrx_word' id='word_1_784' title='bbox 1948 5611 2095 5683; x_wconf 88' lang='lat' dir='ltr'><strong>quod</strong></span> 
     </span>
    </p>
   </div>
   <div class='ocr_carea' id='block_1_103' title="bbox 583 5775 1795 5863">
    <p class='ocr_par' dir='ltr' id='par_1_103' title="bbox 583 5775 1795 5863">
     <span class='ocr_line' id='line_1_103' title="bbox 583 5775 1795 5863; baseline 0.005 -21"><span class='ocrx_word' id='word_1_785' title='bbox 583 5798 609 5827; x_wconf 78' lang='grc' dir='ltr'>ι</span> <span class='ocrx_word' id='word_1_786' title='bbox 641 5789 750 5844; x_wconf 78' lang='lat' dir='ltr'><strong>Fit.</strong></span> <span class='ocrx_word' id='word_1_787' title='bbox 826 5793 853 5832; x_wconf 70' lang='grc' dir='ltr'>δ</span> <span class='ocrx_word' id='word_1_788' title='bbox 885 5793 949 5849; x_wconf 87' lang='lat' dir='ltr'><strong>In</strong></span> <span class='ocrx_word' id='word_1_789' title='bbox 979 5795 1203 5863; x_wconf 76' lang='lat' dir='ltr'><strong>antiquis</strong></span> <span class='ocrx_word' id='word_1_790' title='bbox 1222 5795 1396 5851; x_wconf 79' lang='lat' dir='ltr'><strong>moris.</strong></span> <span class='ocrx_word' id='word_1_791' title='bbox 1477 5804 1500 5833; x_wconf 77' lang='grc' dir='ltr'><strong>ο</strong></span> <span class='ocrx_word' id='word_1_792' title='bbox 1528 5775 1795 5850; x_wconf 71' lang='lat' dir='ltr'><strong>Iustinus.</strong></span> 
     </span>
    </p>
   </div>
   <div class='ocr_carea' id='block_1_104' title="bbox 1889 5789 2214 5850">
    <p class='ocr_par' dir='ltr' id='par_1_104' title="bbox 1889 5789 2214 5850">
     <span class='ocr_line' id='line_1_104' title="bbox 1889 5789 2214 5850; baseline 0.006 -5"><span class='ocrx_word' id='word_1_793' title='bbox 1889 5789 1917 5829; x_wconf 73' lang='grc'><strong><em>⁸</em></strong></span> <span class='ocrx_word' id='word_1_794' title='bbox 1938 5791 2214 5850; x_wconf 78' lang='lat' dir='ltr'><strong>Decernas.</strong></span> 
     </span>
    </p>
   </div>
   <div class='ocr_carea' id='block_1_105' title="bbox 2199 4696 3771 4770">
    <p class='ocr_par' dir='ltr' id='par_1_105' title="bbox 2199 4696 3771 4770">
     <span class='ocr_line' id='line_1_105' title="bbox 2199 4696 3771 4770; baseline -0.006 -16"><span class='ocrx_word' id='word_1_795' title='bbox 2199 4711 2368 4770; x_wconf 88' lang='lat' dir='ltr'><strong>atque</strong></span> <span class='ocrx_word' id='word_1_796' title='bbox 2396 4699 2522 4754; x_wconf 89' lang='lat' dir='ltr'><strong>inde</strong></span> <span class='ocrx_word' id='word_1_797' title='bbox 2549 4699 2746 4754; x_wconf 88' lang='lat' dir='ltr'><strong>diversi</strong></span> <span class='ocrx_word' id='word_1_798' title='bbox 2778 4699 3083 4754; x_wconf 83' lang='lat' dir='ltr'><strong>ciliciuntur</strong></span> <span class='ocrx_word' id='word_1_799' title='bbox 3108 4698 3246 4753; x_wconf 88' lang='lat' dir='ltr'><strong>soni.</strong></span> <span class='ocrx_word' id='word_1_800' title='bbox 3286 4697 3362 4752; x_wconf 91' lang='lat' dir='ltr'><strong>De</strong></span> <span class='ocrx_word' id='word_1_801' title='bbox 3392 4697 3494 4751; x_wconf 88' lang='lat' dir='ltr'><strong>hac</strong></span> <span class='ocrx_word' id='word_1_802' title='bbox 3521 4697 3679 4768; x_wconf 77' lang='lat' dir='ltr'><strong>igitur</strong></span> <span class='ocrx_word' id='word_1_803' title='bbox 3704 4696 3771 4748; x_wconf 87' lang='lat' dir='ltr'><strong>in-</strong></span> 
     </span>
    </p>
   </div>
   <div class='ocr_carea' id='block_1_106' title="bbox 2197 4787 3771 4860">
    <p class='ocr_par' dir='ltr' id='par_1_106' title="bbox 2197 4787 3771 4860">
     <span class='ocr_line' id='line_1_106' title="bbox 2197 4787 3771 4860; baseline -0.003 -16"><span class='ocrx_word' id='word_1_804' title='bbox 2197 4799 2615 4846; x_wconf 78' lang='lat' dir='ltr'><strong>strumentorum</strong></span> <span class='ocrx_word' id='word_1_805' title='bbox 2640 4792 2838 4845; x_wconf 88' lang='lat' dir='ltr'><strong>musica</strong></span> <span class='ocrx_word' id='word_1_806' title='bbox 2859 4792 3082 4857; x_wconf 86' lang='lat' dir='ltr'><strong>primum</strong></span> <span class='ocrx_word' id='word_1_807' title='bbox 3108 4788 3210 4844; x_wconf 89' lang='lat' dir='ltr'><strong>hoc</strong></span> <span class='ocrx_word' id='word_1_808' title='bbox 3224 4803 3388 4860; x_wconf 88' lang='lat' dir='ltr'><strong>opere</strong></span> <span class='ocrx_word' id='word_1_809' title='bbox 3406 4787 3771 4858; x_wconf 83' lang='lat' dir='ltr'><strong>disputando</strong></span> 
     </span>
    </p>
   </div>
   <div class='ocr_carea' id='block_1_107' title="bbox 2197 4879 3774 4951">
    <p class='ocr_par' dir='ltr' id='par_1_107' title="bbox 2197 4879 3774 4951">
     <span class='ocr_line' id='line_1_107' title="bbox 2197 4879 3774 4951; baseline 0 -17"><span class='ocrx_word' id='word_1_810' title='bbox 2197 4881 2430 4936; x_wconf 88' lang='lat' dir='ltr'><strong>videtur.</strong></span> <span class='ocrx_word' id='word_1_811' title='bbox 2454 4881 2559 4937; x_wconf 84' lang='lat' dir='ltr'><strong>Sed</strong></span> <span class='ocrx_word' id='word_1_812' title='bbox 2586 4881 2830 4951; x_wconf 74' lang='lat' dir='ltr'><strong>prooemii</strong></span> <span class='ocrx_word' id='word_1_813' title='bbox 2859 4882 2987 4935; x_wconf 85' lang='lat' dir='ltr'><strong>satis</strong></span> <span class='ocrx_word' id='word_1_814' title='bbox 3012 4891 3112 4936; x_wconf 91' lang='lat' dir='ltr'><strong>est.</strong></span> <span class='ocrx_word' id='word_1_815' title='bbox 3144 4880 3293 4936; x_wconf 87' lang='lat' dir='ltr'><strong>Nunc</strong></span> <span class='ocrx_word' id='word_1_816' title='bbox 3309 4879 3377 4936; x_wconf 88' lang='lat' dir='ltr'><strong>de</strong></span> <span class='ocrx_word' id='word_1_817' title='bbox 3405 4880 3544 4950; x_wconf 81' lang='lat' dir='ltr'><strong>ipsis</strong></span> <span class='ocrx_word' id='word_1_818' title='bbox 3572 4881 3774 4936; x_wconf 62' lang='lat' dir='ltr'><strong>musica</strong></span> 
     </span>
    </p>
   </div>
   <div class='ocr_carea' id='block_1_108' title="bbox 2198 4972 3002 5032">
    <p class='ocr_par' dir='ltr' id='par_1_108' title="bbox 2198 4972 3002 5032">
     <span class='ocr_line' id='line_1_108' title="bbox 2198 4972 3002 5032; baseline -0.001 -2"><span class='ocrx_word' id='word_1_819' title='bbox 2198 4974 2479 5032; x_wconf 87' lang='lat' dir='ltr'><strong>elementis</strong></span> <span class='ocrx_word' id='word_1_820' title='bbox 2500 4981 2586 5031; x_wconf 87' lang='lat' dir='ltr'><strong>est</strong></span> <span class='ocrx_word' id='word_1_821' title='bbox 2608 4972 3002 5029; x_wconf 86' lang='lat' dir='ltr'><strong>disserendum.</strong></span> 
     </span>
    </p>
   </div>
   <div class='ocr_carea' id='block_1_109' title="bbox 2806 5063 3151 5120">
    <p class='ocr_par' dir='ltr' id='par_1_109' title="bbox 2806 5063 3151 5120">
     <span class='ocr_line' id='line_1_109' title="bbox 2806 5063 3151 5120; baseline 0 -2"><span class='ocrx_word' id='word_1_822' title='bbox 2806 5063 3033 5120; x_wconf 85' lang='lat' dir='ltr'><strong>CAPUT</strong></span> <span class='ocrx_word' id='word_1_823' title='bbox 3064 5063 3151 5118; x_wconf 85' lang='lat' dir='ltr'><strong>ill.</strong></span> 
     </span>
    </p>
   </div>
   <div class='ocr_carea' id='block_1_110' title="bbox 2481 5155 3486 5212">
    <p class='ocr_par' dir='ltr' id='par_1_110' title="bbox 2481 5155 3486 5212">
     <span class='ocr_line' id='line_1_110' title="bbox 2481 5155 3486 5212; baseline 0.002 -2"><span class='ocrx_word' id='word_1_824' title='bbox 2481 5157 2560 5211; x_wconf 77' lang='lat' dir='ltr'><strong>De</strong></span> <span class='ocrx_word' id='word_1_825' title='bbox 2584 5156 2785 5210; x_wconf 80' lang='lat' dir='ltr'><strong>vocibus</strong></span> <span class='ocrx_word' id='word_1_826' title='bbox 2807 5171 2868 5209; x_wconf 85' lang='lat' dir='ltr'><strong>ac</strong></span> <span class='ocrx_word' id='word_1_827' title='bbox 2894 5157 2956 5209; x_wconf 83' lang='lat' dir='ltr'><strong>de</strong></span> <span class='ocrx_word' id='word_1_828' title='bbox 2979 5157 3184 5211; x_wconf 73' lang='lat' dir='ltr'><strong>musij</strong></span> <span class='ocrx_word' id='word_1_829' title='bbox 3209 5155 3486 5212; x_wconf 77' lang='lat' dir='ltr'><strong>elementis.</strong></span> 
     </span>
    </p>
   </div>
   <div class='ocr_carea' id='block_1_111' title="bbox 2268 5247 3779 5318">
    <p class='ocr_par' dir='ltr' id='par_1_111' title="bbox 2268 5247 3779 5318">
     <span class='ocr_line' id='line_1_111' title="bbox 2268 5247 3779 5318; baseline -0.005 -14"><span class='ocrx_word' id='word_1_830' title='bbox 2268 5250 2653 5313; x_wconf 86' lang='lat' dir='ltr'><strong>Consonantia,</strong></span> <span class='ocrx_word' id='word_1_831' title='bbox 2681 5263 2802 5318; x_wconf 70' lang='lat' dir='ltr'><strong>qua:</strong></span> <span class='ocrx_word' id='word_1_832' title='bbox 2839 5263 3052 5303; x_wconf 88' lang='lat' dir='ltr'><strong>omnem</strong></span> <span class='ocrx_word' id='word_1_833' title='bbox 3103 5249 3322 5303; x_wconf 74' lang='lat' dir='ltr'><strong>musica:</strong></span> <span class='ocrx_word' id='word_1_834' title='bbox 3360 5247 3779 5304; x_wconf 77' lang='lat' dir='ltr'><strong>modulationem</strong></span> 
     </span>
    </p>
   </div>
   <div class='ocr_carea' id='block_1_112' title="bbox 2200 5338 3784 5411">
    <p class='ocr_par' dir='ltr' id='par_1_112' title="bbox 2200 5338 3784 5411">
     <span class='ocr_line' id='line_1_112' title="bbox 2200 5338 3784 5411; baseline -0.004 -15"><span class='ocrx_word' id='word_1_835' title='bbox 2200 5341 2357 5411; x_wconf 76' lang='lat' dir='ltr'><strong>regit,</strong></span> <span class='ocrx_word' id='word_1_836' title='bbox 2383 5349 2574 5410; x_wconf 69' lang='lat' dir='ltr'><strong>prteter</strong></span> <span class='ocrx_word' id='word_1_837' title='bbox 2595 5355 2784 5394; x_wconf 90' lang='lat' dir='ltr'><strong>sonum</strong></span> <span class='ocrx_word' id='word_1_838' title='bbox 2815 5339 2928 5399; x_wconf 84' lang='lat' dir='ltr'><strong>fieri</strong></span> <span class='ocrx_word' id='word_1_839' title='bbox 2950 5354 3056 5394; x_wconf 90' lang='lat' dir='ltr'><strong>non</strong></span> <span class='ocrx_word' id='word_1_840' title='bbox 3081 5349 3272 5408; x_wconf 88' lang='lat' dir='ltr'><strong>potest.</strong></span> <span class='ocrx_word' id='word_1_841' title='bbox 3296 5338 3469 5396; x_wconf 89' lang='lat' dir='ltr'><strong>Sonus</strong></span> <span class='ocrx_word' id='word_1_842' title='bbox 3491 5355 3630 5394; x_wconf 87' lang='lat' dir='ltr'><strong>vero</strong></span> <span class='ocrx_word' id='word_1_843' title='bbox 3661 5354 3784 5407; x_wconf 78' lang='lat' dir='ltr'><strong>pra:-</strong></span> 
     </span>
    </p>
   </div>
   <div class='ocr_carea' id='block_1_113' title="bbox 2199 5419 3782 5502">
    <p class='ocr_par' dir='ltr' id='par_1_113' title="bbox 2199 5419 3782 5502">
     <span class='ocr_line' id='line_1_113' title="bbox 2199 5419 3782 5502; baseline -0.005 -14"><span class='ocrx_word' id='word_1_844' title='bbox 2199 5445 2282 5488; x_wconf 90' lang='lat' dir='ltr'><strong>ter</strong></span> <span class='ocrx_word' id='word_1_845' title='bbox 2303 5431 2584 5502; x_wconf 89' lang='lat' dir='ltr'><strong>quemdam</strong></span> <span class='ocrx_word' id='word_1_846' title='bbox 2599 5419 2820 5500; x_wconf 34' lang='lat' dir='ltr'><strong>‘pulsum</strong></span> <span class='ocrx_word' id='word_1_847' title='bbox 2851 5431 3354 5502; x_wconf 86' lang='lat' dir='ltr'><strong>percnssionemque</strong></span> <span class='ocrx_word' id='word_1_848' title='bbox 3382 5447 3488 5486; x_wconf 92' lang='lat' dir='ltr'><strong>non</strong></span> <span class='ocrx_word' id='word_1_849' title='bbox 3520 5431 3782 5487; x_wconf 88' lang='lat' dir='ltr'><strong>redditur.</strong></span> 
     </span>
    </p>
   </div>
   <div class='ocr_carea' id='block_1_114' title="bbox 2200 5523 3784 5594">
    <p class='ocr_par' dir='ltr' id='par_1_114' title="bbox 2200 5523 3784 5594">
     <span class='ocr_line' id='line_1_114' title="bbox 2200 5523 3784 5594; baseline -0.006 -13"><span class='ocrx_word' id='word_1_850' title='bbox 2200 5524 2396 5581; x_wconf 89' lang='lat' dir='ltr'><strong>Pulsus</strong></span> <span class='ocrx_word' id='word_1_851' title='bbox 2427 5539 2554 5579; x_wconf 88' lang='lat' dir='ltr'><strong>vero</strong></span> <span class='ocrx_word' id='word_1_852' title='bbox 2585 5533 2744 5594; x_wconf 90' lang='lat' dir='ltr'><strong>atque</strong></span> <span class='ocrx_word' id='word_1_853' title='bbox 2770 5525 3040 5594; x_wconf 82' lang='lat' dir='ltr'><strong>percussio</strong></span> <span class='ocrx_word' id='word_1_854' title='bbox 3063 5523 3211 5579; x_wconf 92' lang='lat' dir='ltr'><strong>nullo</strong></span> <span class='ocrx_word' id='word_1_855' title='bbox 3244 5523 3402 5577; x_wconf 91' lang='lat' dir='ltr'><strong>modo</strong></span> <span class='ocrx_word' id='word_1_856' title='bbox 3425 5536 3553 5579; x_wconf 87' lang='lat' dir='ltr'><strong>esse</strong></span> <span class='ocrx_word' id='word_1_857' title='bbox 3595 5529 3784 5591; x_wconf 74' lang='lat' dir='ltr'><strong>potest,</strong></span> 
     </span>
    </p>
   </div>
   <div class='ocr_carea' id='block_1_115' title="bbox 2202 5614 3784 5686">
    <p class='ocr_par' dir='ltr' id='par_1_115' title="bbox 2202 5614 3784 5686">
     <span class='ocr_line' id='line_1_115' title="bbox 2202 5614 3784 5686; baseline -0.004 -14"><span class='ocrx_word' id='word_1_858' title='bbox 2202 5616 2305 5672; x_wconf 90' lang='lat' dir='ltr'><strong>nisi</strong></span> <span class='ocrx_word' id='word_1_859' title='bbox 2333 5617 2674 5686; x_wconf 71' lang='lat' dir='ltr'><strong>pramesscrit</strong></span> <span class='ocrx_word' id='word_1_860' title='bbox 2693 5625 2887 5672; x_wconf 86' lang='lat' dir='ltr'><strong>motus.</strong></span> <span class='ocrx_word' id='word_1_861' title='bbox 2919 5614 2974 5669; x_wconf 90' lang='lat' dir='ltr'><strong>Si</strong></span> <span class='ocrx_word' id='word_1_862' title='bbox 3003 5617 3146 5670; x_wconf 88' lang='lat' dir='ltr'><strong>enim</strong></span> <span class='ocrx_word' id='word_1_863' title='bbox 3175 5626 3362 5672; x_wconf 90' lang='lat' dir='ltr'><strong>cuncta</strong></span> <span class='ocrx_word' id='word_1_864' title='bbox 3387 5617 3496 5671; x_wconf 88' lang='lat' dir='ltr'><strong>sint</strong></span> <span class='ocrx_word' id='word_1_865' title='bbox 3532 5614 3784 5671; x_wconf 72' lang='lat' dir='ltr'><strong>immobi~</strong></span> 
     </span>
    </p>
   </div>
   <div class='ocr_carea' id='block_1_116' title="bbox 2295 5790 2532 5863">
    <p class='ocr_par' dir='ltr' id='par_1_116' title="bbox 2295 5790 2532 5863">
     <span class='ocr_line' id='line_1_116' title="bbox 2295 5790 2532 5863; baseline -0.017 -17"><span class='ocrx_word' id='word_1_866' title='bbox 2295 5800 2318 5828; x_wconf 83' lang='grc'><strong><em>⁸</em></strong></span> <span class='ocrx_word' id='word_1_867' title='bbox 2352 5790 2532 5863; x_wconf 78' lang='grc' dir='ltr'><strong>ΕΙῘω-ι.</strong></span> 
     </span>
    </p>
   </div>
  </div>
