4022 6366
286 334 426 391 H75

1619 336 1705 393 DE
1744 332 1991 391 MUSICA
2036 333 2161 388 LIB.
2200 336 2243 390 ι.

3426 336 3566 392 1176

286 444 379 515 lia,
421 459 529 501 non
574 445 775 517 poterit
809 445 1037 502 alterum
1086 448 1240 504 alteri
1280 461 1620 512 concurrere,
1654 456 1711 500 ut
1741 446 1873 500 alte-
1905 446 1963 508 Α
1988 446 2153 513 tiplcx
2184 446 2271 502 ubi
2302 447 2473 520 major
2502 463 2757 505 numerus
2786 450 3051 507 minorem
3097 463 3379 505 numerum
3406 449 3572 505 habet

286 553 407 594 rum
438 539 754 610 impellatur
782 539 849 595 ab
879 541 1069 595 altero.
1101 540 1207 596 Sed
1234 541 1443 596 cunctis
1474 537 1737 595 stantibus
1763 552 1881 592 mo-

288 641 453 701 tuque
475 633 804 700 carentibus,
834 634 1034 688 nullum
1066 632 1183 689 fieri
1214 648 1434 690 necesse
1456 641 1537 688 est
1560 647 1771 687 sonum.
1797 628 1883 684 ld-

286 725 431 780 circo
485 725 739 781 delinitur
791 738 995 780 sonus:
1040 725 1197 780 Acris
1247 725 1518 794 percussio
1570 722 1882 778 indissolnta

284 832 456 888 usque
486 817 549 874 ad
574 819 836 875 auditum.
868 820 1100 873 Motuum
1129 834 1257 874 vero
1279 819 1366 875 alii
1401 829 1525 873 sunt
1562 815 1877 881 velociores,

286 910 376 963 alii
433 910 716 978 tardiores,
765 912 1185 975 eorumdcmme
1230 922 1469 967 motuum
1508 911 1597 966 alii
1642 911 1877 966 rariores

287 1010 433 1066 Sunt,
457 1002 545 1055 alii
578 1001 879 1069 spissiores.
908 1002 1037 1057 Nam
1069 1002 1109 1058 si
1128 1002 1245 1073 quis
1266 1005 1315 1057 in
1340 1002 1649 1057 continuum
1674 1010 1877 1055 malum

286 1092 558 1159 respiciat,
590 1094 663 1147 ibi
687 1106 775 1148 aut
805 1093 1144 1150 velocitatem
1201 1103 1291 1149 aut
1320 1095 1624 1149 tarditatem
1656 1105 1880 1148 necesse

287 1194 373 1239 est
402 1187 838 1255 comprehendat.
865 1190 958 1244 Sin
988 1204 1114 1243 vero
1136 1190 1257 1259 quis
1289 1199 1501 1244 moveat
1531 1204 1770 1250 manum,
1790 1197 1883 1241 aut

286 1276 554 1348 frequenti
586 1296 704 1336 eam
732 1290 877 1336 motu
911 1283 1149 1338 movebit
1189 1293 1279 1337 aut
1316 1297 1461 1337 raro.
1511 1281 1576 1337 Et
1614 1282 1658 1335 si
1694 1280 1879 1335 tardus

288 1374 504 1443 quidem
533 1375 689 1429 fuerit
715 1390 777 1429 ac
803 1376 976 1429 rarior
1004 1384 1197 1439 motus,
1223 1391 1411 1446 graves
1440 1388 1658 1428 necesse
1689 1382 1773 1427 est
1802 1385 1883 1425 so-

287 1480 387 1520 nos
412 1467 550 1521 ellici
582 1469 702 1537 ipsa
737 1468 989 1523 tarditate
1010 1477 1063 1523 et
1086 1471 1307 1523 raritate
1332 1466 1585 1536 pellendi.
1622 1464 1715 1521 Sin
1744 1479 1877 1520 vero

287 1570 465 1615 motus
495 1561 600 1615 sint
631 1561 832 1617 celeres
855 1577 917 1616 ac
947 1561 1128 1631 spissi,
1157 1569 1341 1616 acutos
1371 1558 1518 1615 reddi
1550 1572 1771 1613 necesse
1795 1564 1877 1611 cst

290 1667 473 1709 sonos.
506 1646 708 1709 Idcirco
735 1655 876 1709 enim
919 1654 1060 1709 idem
1096 1670 1291 1709 nervus
1328 1652 1371 1709 si
1419 1649 1727 1707 intenditur
1766 1662 1874 1702 am-

290 1745 452 1815 plius,
485 1755 697 1801 acutum
740 1756 932 1813 50nat;
976 1747 1021 1800 si
1050 1746 1372 1811 remittatur,
1405 1759 1589 1815 grave.
1640 1740 1869 1810 Quando

1989 536 2040 590 in
2067 551 2125 590 se
2149 546 2336 603 totum,
2362 539 2446 594 vel
2475 539 2578 605 bis,
2611 540 2698 596 vel
2730 549 2831 606 ter,
2863 543 2951 597 vel
2982 551 3190 613 quater,
3210 556 3273 597 ac
3288 540 3566 611 deinceps,

1988 627 2231 699 nihilque
2261 628 2432 695 deest,
2468 631 2709 703 nihilque
2751 632 3030 699 exuberat,
3060 634 3459 705 appellaturque
3484 633 3571 689 vel

1986 720 2233 791 duplum,
2262 723 2346 777 vel
2373 724 2608 793 triplum,
2642 726 2728 782 vel
2754 726 3132 798 quadruplum,
3158 737 3317 798 atque
3337 727 3402 782 ad
3429 726 3572 783 hunc

1987 816 2232 872 ordinem
2263 814 2318 871 in
2352 818 2554 873 inlinita
2589 819 2947 891 progreditur.
2986 821 3290 878 Secundum
3320 838 3449 878 vero
3492 822 3575 878 in-

1987 908 2312 979 :cqualitatis
2363 925 2534 979 genus
2563 919 2646 965 est
2673 913 2816 979 quod
2845 914 3145 984 appellatur
3173 914 3575 983 superparticu-

1986 998 2119 1065 lare,
2153 999 2205 1054 id
2235 1012 2318 1057 est
2346 1018 2467 1056 cum
2510 1002 2682 1072 major
2713 1020 2968 1060 numerus
2997 1006 3260 1061 minorem
3292 1020 3575 1061 numerum

1989 1090 2150 1148 habet
2182 1093 2234 1147 in
2259 1108 2317 1148 se
2368 1105 2535 1149 totum
2557 1135 2572 1161 ,
2604 1103 2659 1151 et
2690 1111 2847 1151 unam
2902 1096 3017 1166 ejus
3049 1099 3280 1168 aliquam
3326 1107 3530 1169 partem
3559 1139 3575 1163 ,

1987 1200 2217 1254 eamque
2255 1186 2336 1241 vel
2368 1186 2643 1242 dimidiam
2672 1230 2690 1256 ,
2720 1198 2778 1245 ut
2811 1197 2917 1244 tres
2966 1189 3229 1255 duorum,
3263 1201 3315 1244 et
3357 1199 3576 1244 vocatur

1989 1277 2345 1347 sesquialtera
2392 1280 2702 1350 proponio,
2730 1280 2813 1334 vel
2870 1282 3080 1335 tertiam
3104 1322 3118 1347 ,
3150 1290 3207 1336 ut
3254 1279 3481 1351 quatuor
3511 1282 3576 1337 ad

1991 1380 2123 1437 tres,
2157 1380 2210 1425 et
2237 1380 2459 1426 vocatur
2487 1372 2847 1442 sesquitcrtia.
2883 1373 2964 1428 Ad
3006 1374 3145 1428 hunc
3171 1375 3329 1429 etiam
3359 1374 3576 1429 modum

1990 1463 2046 1517 in
2069 1464 2459 1533 posterioribus
2492 1465 2730 1519 numeris
2760 1479 2881 1533 pars
2907 1465 3083 1532 aliqua
3107 1482 3132 1516 a
3165 1464 3458 1534 majoribus
3486 1480 3577 1517 su-

1987 1568 2084 1623 per
2107 1554 2346 1610 minores
2370 1570 2620 1610 numeros
2645 1557 2967 1609 continetur.
2995 1538 3234 1610 Tertium
3260 1571 3386 1610 vero
3406 1569 3578 1624 genus

1987 1645 2369 1715 inreqnalitatis
2389 1656 2494 1709 est,
2515 1647 2762 1715 quotiens
2783 1647 2956 1715 major
2973 1663 3231 1701 numerus
3252 1655 3419 1699 totum
3444 1648 3578 1700 intra

1990 1752 2049 1793 se
2080 1739 2343 1794 minorem
2368 1742 2630 1806 continet,
2665 1751 2717 1794 ct
2741 1740 2857 1808 ejus
2886 1739 3188 1809 aliquantas
3212 1738 3431 1806 insuper
3460 1752 3579 1805 par-

290 1838 434 1892 enim
466 1840 666 1893 tensior
688 1846 790 1905 est,
814 1838 1136 1894 velociorem
1161 1838 1372 1910 pulsum
1400 1836 1599 1902 reddit,
1629 1833 1884 1890 eelcrius-
1911 1822 1963 1886 Β
1991 1839 2093 1900 tes,
2125 1843 2178 1886 et
2208 1832 2253 1885 si
2279 1829 2411 1886 duas
2441 1832 2655 1903 quidem
2680 1847 2841 1901 supra
2864 1831 3124 1895 continet,
3157 1829 3433 1884 vocabitur
3460 1844 3579 1896 pro-

289 1942 402 1995 que
432 1932 742 1995 revertitur,
762 1939 816 1986 et
844 1930 1177 2001 frequentius
1204 1947 1265 1985 ac
1294 1931 1518 1999 spissius
1542 1943 1717 1983 aerem
1737 1924 1877 1982 ferit.

287 2019 387 2086 Qui
422 2034 553 2075 vero
584 2021 759 2076 laxior
788 2031 903 2089 est,
934 2023 1142 2077 solutos
1175 2038 1238 2077 ac
1275 2021 1456 2076 tardos
1494 2019 1676 2090 pulsus
1705 2015 1880 2085 ciiert,

287 2122 550 2180 rarasque
578 2114 688 2182 ipsa
720 2114 1084 2168 imbecillitate
1125 2113 1364 2177 feriendi,
1401 2128 1499 2167 nec
1530 2112 1727 2165 diutius
1768 2122 1881 2166 tre-

288 2202 404 2257 mit.
438 2204 620 2271 Neque
646 2202 788 2258 enim
830 2206 1077 2273 quotiens
1108 2202 1306 2258 chorda
1343 2204 1589 2271 pellitur,
1626 2219 1763 2258 unus
1793 2202 1895 2260 edi.

288 2300 494 2349 tantum
543 2296 812 2365 putandus
851 2305 933 2350 est
986 2309 1169 2359 sonus,
1203 2305 1291 2349 aut
1337 2308 1498 2348 unam
1540 2294 1592 2348 in
1637 2295 1717 2347 his
1762 2308 1882 2349 esse

288 2388 714 2456 percussionem,
748 2386 840 2442 sed
870 2388 1064 2443 totiens
1116 2402 1207 2441 aer
1250 2386 1434 2441 feritur
1474 2387 1719 2456 quotiens
1756 2401 1881 2441 eum

290 2479 489 2534 chorda
523 2477 876 2533 tremebunda
910 2478 1254 2547 percusserit.
1282 2478 1387 2532 Sed
1412 2479 1660 2547 quoniam
1684 2476 1883 2547 juncta:

291 2582 415 2625 sunt
444 2570 759 2624 velocitates
798 2585 1078 2636 sonorum,
1110 2570 1252 2623 nulla
1285 2567 1628 2636 intercapedo
1656 2566 1882 2620 sentitur

292 2661 531 2716 auribus.
562 2661 629 2716 Et
666 2674 805 2714 unus
832 2674 997 2715 sonus
1021 2674 1238 2715 sensum
1289 2659 1435 2729 pellit
1457 2660 1537 2713 vel
1570 2660 1768 2728 gravis,
1797 2658 1884 2713 vel

291 2760 500 2818 acutus,
531 2753 775 2823 quamvis
811 2762 1035 2823 uterque
1062 2768 1126 2807 ex
1171 2750 1409 2821 pluribus
1439 2760 1667 2819 constet,
1706 2752 1884 2821 gravis

292 2844 506 2911 quidem
537 2860 600 2899 ex
630 2843 952 2899 tardioribus
977 2853 1030 2899 et
1060 2826 1371 2904 rarioribus.
1415 2852 1601 2897 acutus
1640 2857 1767 2896 vero
1814 2858 1884 2897 ex

292 2945 322 2977 ι
350 2938 616 2993 celeribus
654 2951 715 2992 ac
744 2936 953 3006 spissis,
984 2937 1151 2991 veluti
1184 2937 1228 2991 si
1257 2952 1474 3001 conum,
1498 2950 1655 3005 quem
1695 2933 1880 2990 turbo-

293 3045 414 3087 nem
449 3040 660 3091 vorant,
694 3031 812 3100 quis
840 3030 1127 3102 diligenter
1168 3028 1197 3069 δ
1238 3039 1479 3096 exornet,
1525 3028 1682 3099 eique
1723 3044 1881 3083 unam

272 3123 558 3193 virgulam
587 3123 786 3179 coloris
809 3123 953 3178 rubri
988 3122 1069 3178 vel
1102 3122 1321 3179 alterius
1346 3120 1524 3187 ducat,
1547 3131 1601 3176 et
1629 3137 1750 3177 eum
1779 3136 1881 3192 qua

293 3218 474 3282 potest
509 3214 788 3269 celeritate
833 3225 1135 3277 convertat,
1179 3224 1304 3268 tunc
1336 3224 1476 3268 totus
1503 3228 1671 3269 conns
1720 3214 1883 3269 rubro
1906 3189 1955 3254 (ἶ

294 3304 475 3359 colore
511 3305 719 3360 videtur
760 3305 1008 3369 inlectus,
1052 3321 1159 3360 non
1204 3302 1344 3375 quod
1375 3315 1517 3361 totus
1564 3305 1634 3360 ita
1666 3306 1753 3372 sit,
1786 3303 1884 3361 sed

296 3396 438 3465 quod
469 3406 649 3467 partes
672 3410 832 3465 puras
860 3399 1035 3453 rubrae
1069 3396 1237 3465 virgrc
1255 3396 1505 3453 velocitas
1534 3396 1888 3467 comprehen-

296 3486 410 3555 dat,
439 3498 493 3542 et
519 3503 779 3557 apparere
806 3504 908 3543 non
934 3491 1093 3544 sinat.
1126 3488 1230 3543 Sed
1264 3486 1329 3543 de
1358 3490 1439 3544 his
1471 3490 1760 3558 posterius.
1787 3488 1889 3560 Igi-

298 3586 387 3634 tur
407 3579 657 3647 quouiam
686 3590 860 3634 acutae
888 3595 1049 3636 voces
1078 3580 1422 3650 spissioribus
1452 3590 1505 3634 et
1528 3579 1887 3635 velociorihus

297 3671 533 3725 motibus
564 3670 867 3737 incitantur,
900 3686 1095 3742 graves
1125 3688 1251 3728 vero
1275 3672 1596 3727 tardioribus
1621 3689 1684 3729 ae
1724 3673 1888 3742 raris,

299 3762 472 3833 l:qnet
515 3762 789 3818 additione
829 3763 1058 3834 quadam
1106 3774 1343 3819 motuum
1381 3780 1445 3819 ex
1478 3765 1739 3835 gravitate
1766 3781 1894 3822 acu-

299 3866 424 3909 men
452 3854 678 3919 intendi,
710 3854 1040 3908 detractione
1066 3869 1193 3908 vero
1221 3865 1459 3908 motuum
1491 3856 1656 3909 laxari
1678 3870 1741 3910 ex
1768 3871 1896 3911 acu-

301 3949 449 4002 mine
478 3963 525 4017 gt
544 3948 813 4001 avitatem.
841 3947 916 4001 Ex
949 3946 1188 4017 pluribus
1216 3949 1358 4003 enim
1388 3946 1621 4003 m0tihus
1642 3963 1892 4017 acumen,

303 4055 462 4111 quam
494 4041 732 4109 gravitas
773 4049 1002 4098 canstat.
1053 4042 1111 4095 in
1147 4040 1340 4111 quibus
1391 4050 1569 4097 autem
1620 4038 1896 4112 pluralitas

304 4134 664 4190 dill‘erentiam
697 4132 844 4198 facit,
869 4148 986 4199 eam
1020 4148 1242 4189 necesse
1267 4143 1349 4189 est
1374 4135 1426 4189 in
1455 4135 1684 4205 quadam
1709 4148 1896 4189 nume-

306 4227 529 4280 rositate
555 4226 875 4281 consistere.
906 4227 1090 4281 Omnis
1114 4242 1239 4281 vero
1261 4227 1500 4296 paucitas
1519 4227 1585 4281 ad
1615 4227 1896 4296 pluralita-

306 4326 415 4371 tem
448 4317 517 4370 ita
546 4331 665 4371 sese
695 4312 878 4384 habet,
911 4324 966 4371 ut
991 4330 1244 4373 numerus
1273 4318 1340 4373 ad
1372 4334 1652 4374 numerum
1682 4333 1899 4389 compa-

307 4420 477 4465 ratus.
510 4408 707 4463 Eorum
742 4424 871 4464 vero
903 4422 1021 4480 qua:
1057 4410 1350 4466 secundum
1394 4428 1675 4468 numerum
1714 4412 1899 4468 conle-

310 4511 524 4569 runtur,
555 4501 745 4570 partim
792 4500 894 4557 sibi
931 4512 1056 4557 sunt
1091 4502 1334 4571 aequalia,
1366 4504 1559 4573 partim
1590 4504 1895 4575 inmqualia.

1989 1922 2168 1993 portio
2198 1923 2684 1992 Supcrhipartiens,
2719 1933 2774 1975 ut
2817 1932 2941 1976 sunt
2963 1923 3195 1989 quinque
3226 1920 3290 1973 ad
3326 1930 3451 1975 tres.
3485 1919 3580 1975 Sin

1988 2030 2119 2070 vero
2166 2023 2277 2069 tres
2305 2030 2466 2084 super
2504 2031 2564 2070 se
2596 2015 2853 2080 continet,
2888 2015 3165 2069 vocabitur
3213 2014 3579 2082 supertripar-

1987 2109 2151 2168 tiens.
2180 2119 2237 2161 ut
2264 2118 2389 2161 sunt
2410 2116 2615 2175 septem
2637 2107 2702 2160 ad
2726 2116 2973 2175 quatuor.
3006 2108 3073 2160 Et
3096 2107 3147 2159 in
3172 2106 3383 2160 caeteris
3411 2116 3432 2144 ο
3458 2104 3581 2174 qui-

1989 2202 2112 2257 dem
2140 2202 2329 2256 eadem
2355 2202 2649 2256 similitudo
2678 2217 2799 2255 csse
2829 2209 3021 2270 potest.
3053 2201 3310 2267 Quartum
3342 2214 3469 2255 vero
3496 2205 3581 2255 est

1990 2294 2371 2364 inchnalitatis
2404 2310 2591 2362 genus,
2622 2294 2762 2363 quod
2793 2307 2858 2347 cx
2887 2291 3170 2361 multiplici
3206 2303 3258 2345 et
3290 2305 3579 2360 superpar-

1989 2388 2201 2441 ticulari
2233 2388 2595 2457 conjungitur,
2618 2401 2740 2441 cum
2773 2385 2981 2440 scilicet
3007 2383 3178 2453 major
3205 2398 3459 2439 numerus
3485 2386 3580 2438 ha-

1980 2477 2078 2537 bet
2109 2478 2161 2533 in
2194 2494 2251 2532 se
2286 2480 2545 2532 minorem
2591 2493 2904 2543 numerum,
2936 2477 3021 2531 vel
3062 2476 3145 2535 bis
3168 2517 3180 2537 ,
3215 2478 3302 2531 vel
3350 2486 3464 2542 ter,
3493 2474 3577 2530 vel

1988 2571 2351 2640 quotieslibet,
2385 2580 2543 2640 atque
2565 2570 2683 2638 ejus
2712 2585 2869 2624 unam
2901 2570 3133 2639 aliquam
3168 2579 3395 2637 partem.
3438 2570 3502 2621 Et
3532 2568 3576 2621 si

1986 2678 2111 2719 cum
2148 2664 2230 2717 bis
2262 2662 2458 2726 habet,
2501 2672 2556 2716 et
2583 2662 2699 2731 ejus
2726 2660 3003 2715 dimidiam
3034 2671 3263 2731 partem,
3296 2660 3578 2714 vocabitur

1988 2757 2185 2826 duplex
2216 2755 2556 2825 sesquialter,
2589 2764 2646 2809 ut
2666 2764 2790 2809 sunt
2811 2754 3047 2824 quinque
3075 2754 3141 2808 ad
3166 2753 3294 2809 duo.
3326 2753 3420 2807 Sin
3449 2766 3577 2807 vero

1989 2850 2074 2904 bis
2103 2848 2278 2902 minor
2307 2846 2693 2911 continebitur,
2716 2854 2770 2900 et
2792 2846 2906 2915 ejus
2935 2845 3091 2900 tertia
3121 2859 3267 2914 pars,
3298 2844 3577 2898 vocabitur

1988 2939 2187 3009 duplex
2208 2938 2607 3008 sesquitertius,
2629 2944 2683 2991 ut
2705 2946 2831 2991 sunt
2858 2943 3064 3003 septem
3090 2935 3156 2989 ad
3176 2946 3304 2991 tres.
3330 2934 3421 2989 Sin
3445 2930 3575 2989 véro

1989 3032 2152 3088 tertio
2180 3029 2580 3098 continebitur,
2630 3038 2683 3083 et
2708 3031 2823 3098 ejus
2861 3026 3082 3083 dimidia
3126 3042 3271 3097 pars,
3303 3028 3580 3081 vocabitur

1989 3124 2189 3192 triplex
2219 3121 2575 3192 sesquialiter,
2601 3131 2658 3175 ut
2686 3130 2809 3175 sunt
2830 3128 3033 3189 septem
3061 3118 3126 3173 ad
3158 3119 3283 3173 duo.
3311 3118 3483 3187 Atque
3512 3117 3579 3172 ad

1991 3215 2242 3271 eumdem
2274 3212 2492 3270 modum
2524 3211 2579 3266 in
2624 3212 2835 3267 caeteris
2866 3221 2921 3266 et
2961 3211 3367 3279 multiplicitatis
3391 3220 3445 3265 et
3485 3225 3577 3264 su-

1994 3304 2538 3375 perparticuiaritatis
2586 3304 2850 3359 voeabula
2882 3304 3175 3358 variantur.
3216 3301 3468 3368 Quintum
3499 3309 3582 3354 est

1992 3414 2163 3468 genus
2190 3398 2592 3468 inequalilatis,
2612 3398 2753 3467 quod
2777 3396 3075 3468 appellatur
3095 3395 3370 3465 multiplex
3396 3406 3584 3463 super-

1996 3488 2260 3559 partiens,
2290 3487 2504 3558 quando
2538 3488 2710 3557 major
2735 3501 2990 3542 numerus
3013 3486 3273 3541 minorem
3302 3499 3584 3539 numerum

1998 3580 2161 3636 habet
2184 3581 2237 3634 in
2259 3595 2319 3635 se
2352 3589 2521 3634 totum
2553 3580 2833 3650 plusquam
2868 3579 3057 3641 semel,
3088 3587 3143 3633 et
3164 3578 3280 3648 ejus
3304 3576 3585 3647 plusquam

1998 3689 2162 3727 unam
2186 3673 2419 3742 aliquam
2451 3682 2679 3743 partem.
2706 3672 2770 3726 Et
2799 3672 2846 3726 si
2885 3671 2969 3727 bis
3008 3671 3180 3741 major
3207 3685 3463 3725 numerus
3483 3671 3587 3725 mi-

1998 3779 2191 3820 norem
2224 3778 2506 3819 numernm
2555 3762 2873 3829 continebit,
2922 3762 3163 3831 duasque
3212 3765 3330 3829 ejus
3369 3762 3588 3829 insuper

2001 3864 2205 3925 partes,
2226 3855 2501 3909 vocabitur
2519 3854 2717 3923 duplex
2740 3852 3225 3922 superhipartiens,
3252 3861 3311 3905 ut
3330 3861 3455 3906 sunt
3478 3862 3587 3905 tres

2002 3947 2070 4017 ad
2089 3958 2233 4011 octo,
2257 3956 2311 4000 et
2334 3960 2519 4000 rursus
2547 3947 2733 4015 triplex
2757 3944 3232 4015 superbipartiens,
3258 3952 3315 3997 ut
3334 3953 3457 3997 sunt
3479 3952 3588 3999 tres

2004 4040 2072 4095 ad
2100 4039 2371 4095 undecim.
2408 4038 2485 4093 Ae
2508 4040 2575 4093 de
2599 4038 2684 4093 his
2722 4037 2925 4093 idcirco
2954 4052 3097 4092 nunc
3124 4037 3349 4092 strictim
3376 4050 3440 4090 ae
3471 4038 3589 4091 bre~

2004 4130 2827 4202 viterexplicamus,quoniamin
2849 4130 2996 4185 libris
3011 4127 3589 4199 quosdeArithmetica

2001 4226 2341 4280 Institutione
2383 4225 2821 4294 conscripsimus,
2858 4224 3168 4293 diligentius
3205 4221 3575 4278 onodavimus.

2626 4314 2853 4371 CAPUT
2908 4314 2968 4369 V.

2085 4408 2213 4471 Qua:
2246 4408 2613 4478 ianualitatis
2644 4407 2833 4478 species
2877 4405 3222 4459 consonantiis
3258 4412 3518 4475 aptentur.

2062 4498 2162 4553 ~Ex
2187 4497 2269 4552 ltis
2297 4499 2455 4569 igitur
2473 4498 2852 4568 inaequalitatis
2872 4496 3155 4567 generibus
3173 4504 3438 4564 postrema
3464 4494 3590 4560 duo,

309 4592 575 4662 Quocirca
624 4596 741 4649 soni
772 4610 984 4665 quoque
1015 4598 1207 4665 partim
1246 4606 1370 4652 sunt
1409 4598 1661 4668 mquales,
1710 4598 1901 4667 partim
1925 4562 1984 4626 Β
2008 4589 2265 4663 quoniam
2292 4607 2360 4646 ex
2390 4590 2758 4661 superioribus
2782 4588 2944 4644 mixta
2967 4597 3112 4653 sunt,
3146 4584 3173 4623 ἀ
3198 4587 3585 4656 relinquamus.

309 4701 444 4741 vero
470 4697 592 4741 sunt
622 4686 1289 4761 inrequalitateﬂistantes.
1324 4689 1429 4746 Sed
1464 4693 1516 4744 in
1549 4691 1629 4745 his
1652 4689 1897 4759 Vocibus,

310 4792 435 4850 qua:
465 4780 605 4833 nulla
632 4781 992 4850 inaequalitate
1011 4780 1340 4845 discordant,
1365 4783 1509 4838 nulla
1533 4784 1750 4838 omnino
1771 4799 1900 4839 eon-

309 4872 558 4926 sonantia
583 4882 681 4940 est,
702 4872 902 4929 etenim
921 4875 1265 4929 consonantia
1290 4883 1373 4931 est
1392 4876 1735 4932 dissimilium
1762 4877 1903 4932 inter

310 4977 374 5019 se
399 4978 587 5019 vocum
616 4967 669 5020 in
691 4980 861 5021 unum
885 4967 1097 5021 redacta
1128 4967 1434 5024 concordia.

926 5057 1152 5113 CAPUT
1192 5058 1281 5114 ιν.

687 5147 766 5203 De
801 5150 1060 5219 speciebus
1089 5152 1517 5222 ianualitatum.

389 5240 521 5310 Qua:
548 5257 676 5299 vero
705 5253 828 5298 sunt
859 5244 1161 5312 intequalia,
1189 5246 1424 5315 quinque
1466 5246 1606 5300 inter
1631 5259 1693 5300 se
1722 5245 1899 5302 modis

311 5329 697 5402 inmqualitatis
746 5343 1016 5389 momenta
1057 5334 1385 5391 custodiunt.
1420 5336 1527 5389 Aut
1566 5338 1708 5391 enim
1756 5335 1899 5391 alte-

312 5440 435 5480 rum
455 5424 523 5478 ab
543 5425 713 5480 altero
740 5425 1090 5494 multiplicate
1114 5426 1531 5493 transcenditur,
1554 5437 1648 5481 aut
1674 5428 1900 5496 singulis

316 5517 592 5588 partibus,
646 5527 737 5573 aut
766 5519 1038 5589 pluribus,
1064 5527 1155 5572 aut
1196 5518 1586 5588 multiplicitate
1616 5530 1671 5575 ct
1714 5531 1900 5589 parte,

312 5616 411 5663 aut
431 5608 823 5676 multiplicitate
846 5619 900 5664 et
929 5608 1188 5680 partibus.
1224 5611 1289 5663 Et
1318 5611 1545 5679 primum
1576 5610 1793 5685 quidem
1825 5612 1907 5666 in-

316 5699 643 5770 mqualitatis
663 5715 832 5771 genus
852 5692 1131 5771 multiplex
1157 5703 1474 5783 appellatur.
1495 5701 1591 5755 Est
1611 5716 1739 5755 vero
1762 5703 1902 5757 mul-

397 5848 421 5876 ⁸
446 5838 802 5897 Celerioribus.
876 5838 903 5878 ι’
926 5838 1189 5893 Extornct.

2010 4685 2087 4739 De
2114 4684 2286 4738 tribus
2313 4698 2442 4739 vero
2473 4681 2741 4752 prioribus
2766 4679 3061 4751 speculatio
3088 4678 3331 4734 facienda
3352 4687 3454 4733 est.
3488 4677 3591 4733 οι)-

2009 4778 2184 4833 tinere
2215 4777 2375 4849 igitur
2424 4776 2684 4847 majorem
2732 4775 2796 4829 ad
2847 4775 3229 4830 consonantiae
3274 4782 3592 4843 potestatem

2010 4868 2224 4925 videtur
2247 4868 2551 4938 multiplex,
2579 4872 2971 4936 consequenter
2994 4874 3173 4921 autem
3200 4866 3593 4935 superpartieu-

2010 4960 2162 5016 laris.
2194 4959 2609 5030 Superpartiens
2650 4970 2782 5013 vero
2823 4958 2892 5014 ab
2923 4957 3216 5012 harmonia:
3252 4955 3592 5012 concinentia

2011 5062 2311 5123 separatur,
2344 5060 2400 5107 ut
2422 5050 2740 5123 quibusdam
2766 5062 2960 5119 prmter
2988 5050 3333 5105 Ptolemaeum
3364 5047 3593 5104 videtur.

2626 5142 2852 5201 CAPUT
2892 5142 2981 5199 Vl.

2049 5236 2154 5293 Cur
2178 5238 2533 5307 multipliciter
2566 5248 2614 5293 et
2652 5234 3192 5309 supcrparticularitas
3211 5232 3553 5286 consonantia

2640 5330 2963 5397 deputentur.

2087 5418 2161 5475 Ea
2204 5435 2433 5490 namque
2462 5421 2754 5490 probantur
2782 5416 3173 5486 comparationi
3198 5422 3552 5470 consentanea
3572 5456 3587 5482 ,

2012 5528 2133 5583 quae
2175 5521 2303 5569 sunt
2346 5523 2536 5568 natura
2567 5512 2851 5581 simplicia.
2884 5511 2949 5569 Et
2987 5515 3234 5580 quoniam
3276 5510 3509 5579 gravitas
3538 5518 3593 5563 et

2012 5624 2238 5665 acumen
2270 5611 2323 5662 in
2371 5610 2668 5676 quantitate
2713 5603 3042 5671 consistunt,
3073 5618 3137 5657 ea
3183 5602 3413 5656 maxime
3443 5602 3592 5656 vide-

2014 5705 2217 5759 buntur
2245 5714 2462 5756 servare
2497 5708 2742 5752 naturam
2770 5693 3157 5760 concinentite,
3180 5709 3301 5763 quas
3346 5694 3591 5748 discretae

1272 5848 1293 5876 ε
1326 5837 1442 5891 Νοη
1469 5848 1560 5891 est.
1635 5834 1661 5874 ά
1690 5836 2031 5895 Excauamur.
