4022 6366
448 346 588 401 M75

1685 341 1797 397 AN.
1839 340 2043 397 MANL.
2088 339 2238 396 SEV.
2286 339 2505 396 BOETII

3600 342 3758 395 H76

444 462 824 533 proprietatem
845 458 1154 531 quantitatis
1179 458 1731 528 poteruntcustodire.
1759 458 1889 511 Nam
1910 472 2033 513 cum
2060 466 2114 517 Α
2142 454 2415 508 distantia.
2442 452 2802 508 Consonantia
2826 460 2907 507 est
2929 448 3067 506 a'cuti
3090 451 3203 505 soni
3220 451 3505 522 gravisque
3531 454 3753 506 mixtu-

449 556 516 611 sit
538 557 639 610 alia
668 555 879 624 quidem
912 556 1141 608 discreta
1166 553 1455 624 quantitas,
1479 554 1579 607 alia
1606 568 1733 605 vero
1756 553 2030 616 centinua,

445 662 506 701 ea
539 664 658 716 qum
689 646 914 700 discreta
949 655 1029 699 est
1058 645 1110 698 in
1141 645 1363 698 minimo
1387 644 1601 713 quidem
1636 643 1781 696 ﬁnita
1814 652 1917 707 est,
1939 642 2033 697 sed

446 738 500 791 in
536 740 796 791 inﬁnitum
832 753 924 807 per
957 737 1155 806 majora
1191 738 1452 802 procedit.
1501 735 1738 803 Namque
1769 735 1819 788 in
1852 751 1911 788 ea
1938 735 2035 787 mi-

447 831 589 885 nima
634 831 809 883 unitas
851 832 1145 892 eademque
1186 828 1330 883 finita
1365 840 1463 882 est.
1498 829 1555 882 In
1596 828 1859 881 inﬁnitum
1904 841 2035 881 vero

446 923 637 976 modus
671 923 990 987 pluralitatis
1018 932 1261 991 augetur,
1291 932 1346 973 ut
1370 920 1739 987 numerus.qui
1770 934 1889 973 cum
1916 934 1945 972 a
1976 918 2037 971 ﬁ-

446 1014 556 1067 nita
585 1014 800 1081 incipiat
834 1016 1059 1081 unitate,
1086 1014 1359 1067 crescendi
1386 1028 1487 1065 non
1514 1012 1666 1064 habet
1694 1010 1873 1063 ﬁnem.
1901 1011 2037 1063 Rur—

445 1119 537 1158 sus
566 1123 685 1171 qua:
720 1115 796 1158 est
828 1107 1099 1166 contiutu,
1136 1115 1242 1158 tota
1273 1105 1484 1174 quidem
1516 1104 1659 1156 ﬁnita
1694 1112 1793 1167 cst,
1823 1102 1916 1155 sed
1944 1115 2037 1167 per

446 1197 653 1251 inﬁnita
685 1198 961 1251 minuitur.
999 1198 1163 1251 Linea
1196 1199 1336 1250 enim
1387 1214 1504 1265 qua:
1548 1196 1797 1250 euntinua
1831 1205 1945 1257 est,
1982 1192 2035 1245 in

446 1290 658 1343 inﬁnita
705 1305 916 1358 semper
966 1289 1255 1358 partitione
1302 1288 1577 1341 dividitur.
1621 1286 1752 1359 Cum
1807 1285 1874 1338 sit
1922 1281 2038 1353 ejus

439 1396 682 1447 summa,
724 1382 806 1435 vel
843 1381 1135 1447 bipedalis,
1185 1380 1267 1431 vel
1309 1394 1639 1447 qumcunque
1684 1378 1785 1431 alia
1819 1376 2038 1430 deﬁnita

449 1487 727 1528 mensura.
758 1473 1021 1538 Quocirca
1052 1486 1304 1525 numerus
1346 1486 1559 1537 semper
1588 1472 1637 1523 in
1670 1468 1870 1523 inﬁnita
1910 1483 2042 1522 con-

449 1562 669 1629 crescit,
697 1566 945 1617 continua
980 1578 1107 1617 vero
1133 1562 1400 1632 quantitas
1429 1564 1478 1616 in
1509 1563 1710 1615 inﬁnita
1757 1563 2035 1614 minuitur.

449 1652 811 1721 Multiplicitas
843 1654 1000 1723 igitur
1018 1655 1267 1721 quoniam
1298 1654 1573 1708 crescendi
1610 1652 1769 1707 ﬁnem
1804 1641 1907 1705 non
1944 1654 2039 1706 ha-

451 1742 561 1810 bet,
594 1746 802 1799 numeri
833 1746 1064 1799 maxime
1109 1755 1288 1799 servat
1320 1756 1584 1799 naturam.
1627 1745 2037 1815 Superparticu-

2142 562 2224 609 ra,
2258 548 2495 600 suaviter
2526 546 2971 615 uniformiterqne
3003 546 3221 599 auribus
3244 547 3516 600 accidens.
3546 547 3753 601 Dissoo

2147 639 2325 692 nantia
2344 648 2562 692 vcroest
2590 637 2816 691 duorum
2838 654 3090 691 sonorum
3116 639 3328 694 sibimet
3347 641 3753 706 permixtorum

2140 729 2206 783 ad
2240 745 2425 784 aurem
2464 730 2690 784 veniens
2720 746 2908 799 aspera
2936 741 3097 799 atque
3121 731 3400 799 injucunda
3432 734 3750 800 percussio.

2143 824 2276 882 Nam
2306 826 2430 879 dum
2478 826 2689 880 sibimet
2736 830 2947 883 misceri
2996 830 3217 894 nolunt,
3247 841 3297 883 et
3337 826 3752 897 quodammodo

2144 920 2353 988 integer
2377 929 2602 987 uterque
2628 921 2812 974 nititur
2838 923 3143 989 pervenire,
3174 937 3403 989 cumque
3421 921 3557 973 alter
3582 934 3616 971 a
3645 918 3750 973 teri

2146 1014 2333 1081 ofﬁcit,
2358 1014 2421 1068 ad
2452 1029 2669 1068 sensum
2693 1015 2991 1068 iusuaviler
3014 1026 3238 1084 uterque
3259 1015 3674 1068 transmittitur.

2750 1105 2975 1162 CAPUT
3031 1106 3118 1161 IX.

2149 1196 2273 1252 Non
2305 1215 2452 1252 omne
2466 1198 2723 1271 judicium
2754 1198 2981 1251 dandum
3005 1214 3113 1251 esse
3134 1200 3383 1261 sensibus,
3403 1199 3495 1251 sed
3514 1198 3747 1267 amplius

2217 1291 2407 1343 rationi
2428 1307 2531 1343 esse
2548 1291 2875 1353 credendum,
2897 1291 2949 1342 in
2972 1306 3070 1359 quo
3092 1290 3152 1343 de
3174 1306 3411 1342 sensuum
3429 1289 3673 1358 fallacia.

2219 1382 2321 1435 Sed
2350 1382 2419 1435 de
2452 1380 2533 1435 liis
2562 1382 2634 1435 ita
2669 1382 3034 1450 prepnnimus,
3067 1392 3121 1434 ut
3150 1396 3252 1433 non
3286 1396 3447 1453 omne
3474 1381 3744 1447 judcium

2148 1473 2399 1527 sensibus
2432 1470 2640 1537 demus,
2674 1488 2975 1541 quanquam
3005 1488 3033 1524 a
3076 1487 3239 1527 sensu
3269 1472 3481 1525 aurium
3517 1472 3745 1539 hujusce

2148 1566 2277 1620 artis
2322 1574 2565 1619 sumatur
2591 1580 2751 1619 omne
2783 1566 3124 1634 principium.
3156 1566 3285 1619 Nam
3318 1566 3361 1618 si
3396 1567 3575 1618 nullus
3599 1574 3744 1619 esset

2146 1659 2384 1723 auditus,
2408 1659 2549 1711 nulla
2580 1660 2800 1712 omnino
2830 1659 3120 1727 disputatio
3150 1658 3216 1712 de
3250 1657 3471 1711 vocibus
3501 1659 3743 1712 exstitis-

2149 1761 2247 1803 set.
2281 1748 2385 1804 Scd
2416 1750 2606 1817 ιπἱοοὴ
2630 1751 2736 1803 ium
2766 1750 3187 1817 quodammodo,
3219 1758 3271 1803 et
3292 1750 3445 1818 quasi
3491 1750 3741 1803 admoni-

453 1834 640 1889 laritas
671 1844 868 1903 autem,
894 1836 1143 1905 quoniam
1170 1836 1221 1889 in
1247 1837 1507 1891 inﬁnitum
1540 1837 1800 1891 minorem
1827 1836 2036 1903 minuit,
2070 1845 2117 1905 B
2147 1843 2308 1896 tionis
2336 1842 2505 1896 vicem
2532 1852 2675 1897 tenet
2700 1843 2931 1896 auditus.
2962 1842 3241 1897 Postrema
3262 1853 3283 1880 ε
3303 1858 3431 1911 ergo
3450 1842 3738 1911 perfectio,

452 1926 835 1993 proprietatem
860 1936 1041 1981 servat
1069 1926 1338 1999 continuae
1368 1927 1701 1996 quantitatis.
1734 1927 1920 1981 Minuit
1949 1943 2043 1981 au-

454 2024 561 2071 tem
594 2015 881 2081 minorem,
914 2032 1033 2071 cum
1065 2032 1280 2085 semper
1304 2032 1425 2071 eum
1456 2017 1714 2081 continet,
1741 2028 1793 2071 et
1819 2018 1935 2088 ejus
1956 2018 2042 2072 vel

455 2106 730 2163 dimidiam
760 2118 987 2178 partem,
1015 2109 1098 2163 vel
1124 2109 1355 2175 tertiam,
1384 2109 1467 2163 vel
1490 2117 1756 2178 quartam,
1782 2109 1869 2162 vel
1889 2109 2047 2178 quin-

456 2205 588 2251 tam.
618 2197 749 2253 Nam
781 2214 995 2267 semper
1021 2215 1142 2267 pars
1169 2215 1196 2251 a
1222 2198 1426 2268 majore
1450 2214 1675 2253 numero
1702 2199 2044 2255 denominata

457 2288 574 2357 ipsa
602 2288 886 2344 decrescit.
921 2289 1053 2343 Nam
1100 2304 1219 2343 cum
1252 2291 1407 2343 tertia
1435 2305 1465 2344 a
1497 2289 1667 2344 tribus
1702 2289 2047 2344 denominata

459 2386 554 2452 sit,
582 2396 767 2455 quarta
784 2401 914 2441 vero
934 2401 964 2441 a
983 2393 1230 2455 quatuor,
1256 2400 1375 2440 cum
1398 2396 1627 2455 quatuor
1642 2393 1749 2441 tres
1772 2394 2046 2454 superent,

462 2486 653 2547 quarta
681 2477 858 2547 potius
884 2493 1041 2545 quam
1072 2478 1221 2531 tertia
1251 2478 1503 2532 minutior
1524 2477 1817 2532 invenitur.
1851 2476 2051 2545 Super-

460 2568 705 2635 partiens
732 2584 858 2624 vero
876 2570 984 2638 jam
1006 2569 1402 2639 quodammodo
1428 2584 1457 2621 a
1495 2568 1841 2637 simplicitate
1870 2566 2048 2622 disce-

465 2660 563 2715 dit.
598 2659 741 2714 Duas
769 2660 937 2727 enim,
972 2644 1059 2715 vel
1089 2668 1232 2728 tres,
1268 2660 1352 2714 vel
1385 2667 1613 2729 quatuor
1640 2657 1799 2713 habet
1832 2658 2051 2725 insuper

461 2758 669 2820 partes,
689 2760 785 2805 eta
814 2750 1154 2820 simplicitate
1177 2749 1460 2805 discedens
1482 2749 1741 2804 exuberat
1771 2748 1836 2801 ad
1864 2763 2052 2818 quam-

468 2840 591 2896 dam
618 2842 845 2911 partium
872 2840 1250 2912 pluralitatem.
1268 2842 1470 2895 Rursus
1494 2839 1858 2907 multiplicitas
1879 2837 2055 2892 omnis

466 2934 523 2989 in
577 2934 886 3005 integritate
916 2948 973 2989 se
1019 2934 1279 2989 continet.
1325 2933 1457 2987 Nam
1506 2932 1725 3003 duplum
1770 2931 1854 2985 bis
1894 2930 2057 2985 habet

468 3034 641 3081 totum
670 3029 933 3081 minorem
960 3044 975 3092 ;
1007 3027 1224 3095 triplum
1256 3026 1383 3080 item
1430 3026 1591 3081 tertio
1618 3025 1859 3080 continet
1886 3033 2068 3079 totum,

470 3116 763 3183 minorem,
784 3128 942 3188 atque
963 3118 1028 3171 ad
1050 3117 1296 3172 eumdem
1321 3117 1539 3171 modum
1561 3124 1613 3171 et
1631 3123 1843 3171 caatera.
1862 3114 2052 3198 Super-

2148 1936 2549 2005 aguitionisque
2582 1935 2662 1989 vis
2687 1936 2739 1989 in
2770 1936 2977 1989 ratione
3011 1935 3283 2000 consistit,
3314 1950 3433 2004 qua:
3454 1935 3623 1988 certis
3652 1949 3739 1988 re-

2148 2030 2286 2099 gulis
2328 2043 2448 2083 sese
2479 2039 2667 2082 tenens
2692 2024 2719 2063 ά
2750 2029 2900 2083 nullo
2932 2044 3164 2098 unquam
3204 2042 3393 2083 errore
3420 2028 3734 2096 prolabitur.

2148 2122 2282 2177 Nam
2316 2122 2439 2191 quid
2464 2121 2667 2175 diutius
2696 2120 2978 2175 dicendum
3008 2130 3090 2175 est
3116 2120 3184 2174 de
3223 2135 3410 2174 errore
3448 2134 3735 2185 sensuum,

2151 2213 2365 2282 quando
2394 2227 2492 2266 nec
2517 2212 2767 2266 omnibus
2794 2211 2980 2266 eadem
3011 2211 3278 2266 sentiendi
3309 2212 3410 2276 vis,
3436 2225 3530 2264 nec
3554 2211 3736 2264 eidem

2154 2306 2361 2360 homini
2388 2321 2602 2374 semper
2632 2306 2853 2374 aequalis
2884 2306 2999 2359 est?
3024 2304 3242 2359 Frustra
3275 2312 3441 2358 autem
3472 2302 3617 2354 vario
3639 2300 3732 2368 ju-

2153 2399 2296 2454 dicio
2323 2402 2604 2467 qusquam
2628 2398 2946 2461 committet,
2974 2396 3115 2465 quod
3143 2396 3403 2450 veraciter
3420 2393 3621 2447 affectat
3644 2394 3731 2445 in-

2155 2490 2393 2558 quirere.
2428 2490 2630 2543 ldcirco
2662 2488 2999 2558 Pythagorici
3029 2486 3204 2541 medio
3240 2486 3465 2555 quodam
3496 2486 3737 2559 feruntur

2157 2580 2370 2635 itinere.
2404 2580 2537 2633 Nam
2568 2592 2666 2634 nec
2694 2594 2853 2634 omne
2880 2578 3140 2648 judicium
3168 2576 3377 2632 dedunt
3413 2576 3658 2639 auribus,
3686 2582 3741 2627 et

2157 2674 2400 2742 qumdam
2435 2686 2610 2727 tamen
2638 2676 2701 2726 ab
2726 2672 2805 2726 eis
2836 2685 2943 2725 non
2992 2670 3096 2724 nisi
3128 2670 3347 2724 auribus
3374 2668 3741 2738 explorantur.

2158 2764 2307 2836 Ipsas
2345 2766 2544 2819 etenim
2598 2764 2975 2819 consmiantias
3015 2777 3145 2816 aure
3189 2762 3502 2816 metiuntur.
3538 2758 3743 2825 Quibus

2161 2872 2289 2912 vero
2321 2858 2462 2911 inter
2483 2871 2540 2911 se
2572 2856 2841 2910 distantiis
2869 2855 3231 2910 consonantiae
3260 2852 3529 2914 differant,
3558 2850 3607 2903 id
3634 2850 3742 2918 jam

2164 2967 2268 3006 non
2294 2950 2537 3015 auribus,
2565 2965 2790 3020 quarum
2814 2958 2939 3003 sunt
2963 2949 3149 3003 obtusa
3172 2946 3401 3017 judicia,
3433 2945 3527 3000 sed
3551 2943 3742 3013 regulis

2164 3042 2465 3110 rationique
2496 3043 2832 3111 permittunt,
2865 3049 2922 3097 ut
2949 3040 3099 3110 quasi
3130 3039 3387 3094 obedicns
3416 3039 3633 3107 quidem
3670 3036 3744 3090 fa-

2168 3135 2449 3203 mulusque
2477 3136 2547 3189 sit
2575 3148 2785 3198 sensus,
2807 3133 2971 3203 judex
3002 3148 3130 3188 vero
3159 3142 3320 3202 atque
3363 3130 3634 3200 imperans
3664 3142 3739 3181 ra-

473 3209 871 3277 particularitas
914 3225 1043 3264 vero
1092 3209 1222 3263 nihil
1270 3210 1536 3280 integrum
1578 3217 1787 3274 servat,
1833 3209 1927 3264 sed
1976 3207 2059 3263 vel
2085 3228 2133 3291 ρ
2168 3226 2263 3281 lio.
2292 3226 2837 3282 Namncetomnium
2858 3240 2993 3293 pene
3012 3224 3227 3289 aruum,
3257 3232 3419 3293 atque
3441 3222 3609 3291 ipsius
3632 3222 3742 3273 vita

474 3299 704 3355 dimidio
743 3310 989 3369 superat,
1024 3301 1107 3354 vel
1142 3301 1318 3364 tertia,
1366 3302 1453 3355 vel
1484 3310 1693 3370 quarta,
1730 3301 1815 3355 vel
1849 3300 2055 3371 quinta.

474 3390 578 3446 Sed
604 3399 778 3445 tamen
801 3390 1120 3445 divisionem
1143 3390 1365 3459 singulis
1381 3407 1445 3446 ac
1468 3390 1799 3460 simplicibus
1820 3391 2061 3460 partibus

476 3492 749 3551 operatur.
777 3483 1190 3552 Superpartiens
1213 3492 1388 3537 autem
1416 3482 1747 3553 intequalitas
1770 3498 1868 3538 nec
1883 3492 2063 3538 servat

478 3573 747 3643 integrum
772 3589 872 3629 nec
903 3583 927 3611 ἰ
959 3575 1187 3643 singulis
1208 3574 1398 3630 adimit
1442 3583 1641 3645 partes.
1689 3576 1865 3643 Atque
1892 3573 1918 3612 ι)
1941 3575 2064 3630 ideo

477 3667 774 3726 secundum
798 3667 1196 3738 Pythagoricos,
1216 3668 1438 3723 minime
1461 3668 1679 3723 musicis
1700 3668 2066 3723 consonantiis

479 3759 785 3815 adhibetur.
820 3758 1142 3814 Ptolemazus
1185 3768 1361 3815 tamen
1393 3760 1553 3816 etiam
1587 3760 1724 3815 hanc
1758 3762 2063 3830 proportio-

482 3867 603 3911 nem
631 3854 769 3909 inter
791 3854 1169 3909 consonantias
1195 3855 1365 3923 ponit,
1392 3864 1448 3909 ut
1469 3858 1736 3924 posterius
1761 3855 2062 3912 ostendam.

1087 3946 1316 4002 CAPUT
1351 3947 1457 4003 Vll.

485 4043 613 4109 Qua:
634 4042 984 4111 praportiones
1011 4040 1192 4109 quibus
1211 4041 1555 4094 consonantiis
1577 4042 1783 4095 musicis
1807 4050 2064 4110 aptentur.

557 4133 692 4188 Illud
720 4138 898 4188 tamen
927 4147 1047 4187 esse
1069 4133 1337 4202 cognitum
1361 4133 1540 4199 debet,
1568 4134 1707 4204 quod
1734 4148 1921 4189 omnes
1946 4150 2036 4188 mu
2055 4163 2067 4175 -

485 4226 617 4293 sicte
644 4225 1030 4289 consonantiae,
1060 4232 1150 4278 aut
1178 4225 1228 4278 in
1253 4224 1473 4294 duplici,
1506 4234 1598 4279 aut
1641 4227 1692 4279 in
1725 4226 1942 4295 triplici,
1976 4232 2069 4280 aut

485 4320 539 4373 in
571 4319 861 4390 quadrupla
884 4361 899 4385 ,
922 4326 1012 4373 aut
1046 4319 1097 4373 in
1130 4318 1483 4388 sesquialtera
1519 4328 1610 4374 aut
1646 4321 1698 4374 in
1726 4319 2068 4389 sesquitertia

485 4414 834 4481 proportione
864 4410 1281 4466 eonsistunt.pEt
1311 4412 1588 4466 vocabitur
1620 4411 1833 4479 quidem
1865 4426 1985 4480 quae
2015 4412 2067 4465 in

486 4509 726 4563 numeris
749 4508 1088 4577 sesquitertia
1112 4517 1213 4574 est,
1242 4507 1575 4564 diatessaron
1599 4508 1829 4563 insonis.
1855 4508 1985 4572 Qure
2013 4507 2067 4560 in

2169 3328 2464 3384 momenta,
2497 3332 2748 3373 sensuum
2773 3316 3060 3371 occasione
3089 3314 3344 3384 producta
3381 3312 3505 3377 sint,
3542 3312 3743 3365 nullum

2170 3418 2347 3465 tamen
2378 3409 2431 3463 in
2460 3408 2819 3477 hisjudicium
2846 3417 3071 3474 certum,
3104 3406 3247 3460 nulla
3270 3406 3383 3460 veri
3411 3412 3495 3460 est
3512 3417 3746 3473 compre~

2171 3502 2379 3567 hensio,
2408 3503 2451 3556 si
2471 3502 2748 3556 arbitrium
2773 3501 2997 3557 rationis
3016 3499 3287 3555 abscedat.
3319 3498 3436 3568 Ipse
3460 3498 3603 3552 enim
3629 3511 3747 3550 sea-

2169 3609 2261 3649 sus
2310 3609 2463 3664 mque
2518 3594 2766 3648 maximis
2797 3592 3139 3663 minimisque
3186 3590 3563 3661 corrumpitur.
3614 3587 3748 3643 Nam

2170 3702 2346 3756 neque
2388 3685 2611 3740 minima
2651 3686 2852 3740 sentire
2881 3694 3102 3755 propter
3132 3678 3371 3754 ipsorum
3414 3680 3748 3736 sensibilium

2171 3778 2491 3846 parvitatem
2532 3784 2740 3845 potest,
2771 3784 2825 3830 et
2862 3775 3154 3844 majoribus
3201 3788 3345 3843 srcpe
3383 3771 3745 3828 confunditur.

2171 3867 2241 3924 Ut
2270 3868 2321 3922 in
2354 3868 2595 3935 vocibus,
2628 3868 2744 3938 qua:
2774 3868 2818 3921 si
2847 3868 3079 3921 minimae
3111 3866 3241 3933 sint,
3270 3865 3540 3920 difﬁcilius
3569 3872 3746 3931 captat

2172 3962 2420 4027 auditus;
2462 3963 2505 4017 si
2537 3964 2643 4017 sint
2692 3964 2957 4027 maximae,
2995 3961 3161 4031 ipsius
3207 3962 3417 4016 sonitus
3454 3958 3742 4039 intentione

2171 4056 2456 4111 surdescit.

2800 4125 3024 4180 CAPUT
3062 4123 3129 4179 Χ.

2176 4220 2623 4285 Quemadmodum
2644 4217 2969 4290 Pythagoras
3008 4219 3363 4289 proportiones
3398 4226 3745 4271 consonantia-

2692 4326 2805 4364 rum
2839 4311 3243 4380 investigaverit?

2248 4401 2373 4456 Haec
2406 4401 2570 4471 igitur
2596 4402 2825 4455 maxima
2854 4403 3012 4454 cau'sa
3052 4401 3149 4454 fuit
3174 4414 3294 4464 cur,
3328 4399 3515 4455 relicto
3542 4398 3743 4451 aurium

2171 4495 2398 4563 judicio,
2426 4496 2755 4567 Pythagoras
2784 4495 2849 4548 ad
2878 4494 3180 4563 regularum
3205 4501 3471 4547 momenta
3497 4493 3745 4560 migrave-

486 4600 725 4653 numeris
746 4601 1120 4668 sesquialtera,
1151 4600 1399 4669 diapente
1418 4599 1717 4668 appellatur
1746 4600 1800 4653 in
1820 4598 2054 4652 vocibus.

2178 4590 2271 4652 rit,
2303 4589 2393 4658 qui
2420 4589 2582 4643 nullis
2615 4589 2861 4643 humanis
2893 4588 3111 4642 auribus
3140 4588 3390 4653 credens,
3419 4602 3536 4655 qua:
3567 4584 3747 4652 partim

487 4685 619 4754 Quae
650 4704 778 4742 vero
829 4690 878 4742 in
909 4692 1345 4759 proportionibus
1375 4691 1534 4761 dupla
1582 4700 1693 4756 est,
1726 4691 1981 4760 diapason
2014 4692 2067 4745 in

487 4778 877 4833 consonantiis.
898 4779 1075 4848 Tripla
1098 4795 1227 4835 vero
1246 4782 1519 4851 diapente,
1549 4797 1610 4836 ac
1632 4782 1907 4851 diapason.
1933 4782 2071 4848 Qua-

488 4866 680 4939 druplti
714 4879 892 4925 autem
927 4870 1288 4940 bisdiapason.
1323 4874 1389 4926 Et
1432 4889 1576 4927 nunc
1603 4873 1815 4943 quidem
1855 4874 2072 4927 univer-

488 4961 677 5017 saliter
720 4971 876 5030 atque
917 4960 1205 5016 indiscrete
1250 4962 1449 5017 dictum
1491 4963 1897 5019 sit.‘Posterius
1943 4977 2072 5017 vero

489 5053 665 5108 Manis
688 5052 827 5108 ratio
860 5050 1265 5122 proportionum
1295 5052 1511 5108 lucebit.

1088 5142 1311 5198 CAPUT
1352 5142 1484 5197 VIII.

531 5240 669 5308 Quid
692 5239 757 5295 sit
785 5254 969 5305 sonus,
1009 5237 1131 5306 quid
1160 5237 1517 5302 intervallum,
1550 5239 1673 5305 quid
1697 5238 2037 5292 concinentia.

564 5334 739 5390 Sonus
770 5332 931 5402 igitur
957 5340 1039 5387 est
1059 5330 1208 5385 vocis
1228 5344 1406 5391 casus,
1434 5330 1711 5393 emmeles,
1741 5330 1790 5384 id
1811 5338 1892 5384 est
1920 5338 2075 5397 aptus

493 5428 668 5492 melo,
699 5426 751 5481 in
781 5440 937 5480 unam
985 5424 1365 5482 intensionem.
1400 5421 1603 5477 Sonum
1634 5436 1760 5476 vero
1788 5436 1892 5474 non
1917 5434 2077 5489 gene-

493 5520 656 5572 ralem
688 5532 830 5572 nunc
859 5517 1103 5570 volumus
1125 5514 1381 5578 deﬁnire;
1412 5512 1507 5567 sed
1535 5527 1654 5567 eum
1689 5512 1777 5581 qui
1803 5526 1974 5580 graece
1996 5509 2077 5564 di-

496 5608 633 5662 citur
656 5610 980 5678 phthoagus,
1006 5608 1180 5662 dictus
1209 5623 1237 5661 a
1270 5604 1620 5683 similitudine
1653 5603 1906 5674 loquendi
1936 5606 2078 5678 φθέγ-

498 5700 693 5769 ῃηεσθαι.
728 5698 1071 5755 Intervallum
1122 5714 1251 5754 vero
1292 5708 1371 5754 est
1426 5698 1543 5751 soni
1602 5697 1739 5751 acuti
1795 5698 2081 5765 gravisque

571 5842 594 5868 η
617 5832 883 5907 Singulas.
961 5832 987 5870 ι)
1012 5832 1233 5887 Idcirco.
1313 5843 1333 5867 θ
1359 5830 1494 5901 Erga
1568 5826 1592 5878 ἀ
1619 5829 1852 5899 Unquam
1873 5830 1998 5884 ulla.

2178 4690 2362 4733 natura
2388 4720 2402 4745 ,
2438 4680 2627 4749 partim
2664 4682 2825 4735 etiam
2871 4680 3206 4735 extriti-ecus
3246 4678 3610 4733 accidentibus
3638 4690 3747 4745 per-

2176 4781 2479 4839 mutantur,
2515 4775 2708 4841 partim
2772 4773 2906 4842 ipsis
2964 4774 3237 4826 variantur
3288 4772 3565 4833 mtatibus,
3600 4769 3749 4822 nullis

2177 4865 2338 4918 etiam
2365 4865 2580 4920 deditus
2625 4866 3025 4929 instrumentis,
3061 4878 3226 4932 penes
3249 4878 3367 4931 qua:
3422 4876 3560 4931 saepe
3593 4860 3749 4913 multa

2177 4959 2412 5012 varietas
2436 4966 2595 5027 atque
2615 4957 2966 5011 inconstantia
2986 4965 3317 5024 nasceretur,
3342 4955 3464 5008 dum
3491 4970 3625 5007 nunc
3642 4950 3749 5020 qui’

2182 5050 2302 5105 dem
2333 5052 2379 5107 si
2411 5066 2602 5107 nervos
2632 5051 2761 5106 velis
2786 5052 3047 5119 aspicere,
3072 5050 3154 5103 vel
3176 5065 3269 5103 aer
3287 5048 3554 5102 humidior
3575 5045 3753 5114 pulsus

2181 5143 2539 5209 obtunderet,
2586 5142 2669 5196 vel
2717 5140 2910 5195 siccior
2954 5140 3270 5204 exsiccaret,
3322 5139 3405 5193 vel
3452 5134 3756 5206 magnitudo

2183 5235 2397 5290 chordze
2426 5234 2721 5300 graviorem
2752 5232 2996 5285 redderet
3023 5245 3235 5297 sonum,
3268 5230 3353 5283 vel
3383 5244 3605 5282 acumen
3628 5227 3757 5279 sub-

2183 5327 2331 5382 tilior
2362 5334 2627 5387 tenuaret,
2660 5326 2743 5378 vel
2776 5325 2879 5377 alio
2902 5324 3127 5393 quodam
3163 5322 3321 5376 modo
3345 5331 3536 5376 statum
3569 5316 3759 5387 prioris

2184 5418 2495 5474 constantirc
2531 5424 2872 5486 permutaret.
2902 5416 2964 5468 Et
2992 5430 3112 5469 cum
3142 5413 3281 5467 idem
3309 5422 3449 5465 esset
3478 5412 3528 5463 in
3556 5412 3762 5465 caeteris

2182 5511 2571 5571 instrumentis,
2592 5510 2769 5561 omnia
2797 5507 2907 5561 hate
2931 5505 3226 5559 inconsulta
3260 5504 3597 5569 minimteque
3627 5501 3766 5554 testi-

2188 5618 2338 5656 muns
2381 5600 2533 5663 ﬁdei,
2574 5600 2772 5668 diuque
2821 5607 3049 5651 a‘stuans
3080 5594 3381 5664 inquirebat
3414 5609 3641 5662 quamm
3680 5608 3768 5645 ra-

2188 5694 2331 5747 tione
2350 5691 2574 5746 firmiter
2597 5699 2651 5746 et
2671 5698 2980 5744 constanter
3003 5685 3473 5741 consonantiarum
3501 5692 3773 5739 momenta
