  <div class='ocr_page' id='page_1' title='image "/cluster/home/n/w/nwhite01/storage/ocr_20150623/63/hvd.32044015469307/592.png"; bbox 0 0 4022 6366; ppageno 0'>
   <div class='ocr_carea' id='block_1_1' title="bbox 255 284 389 343">
    <p class='ocr_par' dir='ltr' id='par_1_1' title="bbox 255 284 389 343">
     <span class='ocr_line' id='line_1_1' title="bbox 255 284 389 343; baseline 0 -2"><span class='ocrx_word' id='word_1_1' title='bbox 255 284 389 343; x_wconf 70' lang='grc' dir='ltr'><strong>ΗΠ</strong></span> 
     </span>
    </p>
   </div>
   <div class='ocr_carea' id='block_1_2' title="bbox 1575 279 2200 338">
    <p class='ocr_par' dir='ltr' id='par_1_2' title="bbox 1575 279 2200 338">
     <span class='ocr_line' id='line_1_2' title="bbox 1575 279 2200 338; baseline 0 0"><span class='ocrx_word' id='word_1_2' title='bbox 1575 281 1664 338; x_wconf 84' lang='lat' dir='ltr'><strong>DE</strong></span> <span class='ocrx_word' id='word_1_3' title='bbox 1704 279 1956 338; x_wconf 82' lang='lat' dir='ltr'><strong>MUSICA</strong></span> <span class='ocrx_word' id='word_1_4' title='bbox 1993 279 2121 336; x_wconf 86' lang='lat' dir='ltr'><strong>LIB.</strong></span> <span class='ocrx_word' id='word_1_5' title='bbox 2161 281 2200 338; x_wconf 89' lang='grc' dir='ltr'><strong>Ι.</strong></span> 
     </span>
    </p>
   </div>
   <div class='ocr_carea' id='block_1_3' title="bbox 3383 281 3522 336">
    <p class='ocr_par' dir='ltr' id='par_1_3' title="bbox 3383 281 3522 336">
     <span class='ocr_line' id='line_1_3' title="bbox 3383 281 3522 336; baseline 0 0"><span class='ocrx_word' id='word_1_6' title='bbox 3383 281 3522 336; x_wconf 79' lang='lat' dir='ltr'><strong>H78</strong></span> 
     </span>
    </p>
   </div>
   <div class='ocr_carea' id='block_1_4' title="bbox 256 392 3524 472">
    <p class='ocr_par' dir='ltr' id='par_1_4' title="bbox 256 392 3524 472">
     <span class='ocr_line' id='line_1_4' title="bbox 256 392 3524 472; baseline -0.002 -15"><span class='ocrx_word' id='word_1_7' title='bbox 256 413 284 442; x_wconf 80' lang='grc' dir='ltr'><strong>ι</strong></span> <span class='ocrx_word' id='word_1_8' title='bbox 317 401 666 472; x_wconf 75' lang='lat' dir='ltr'><strong>perdisceret.</strong></span> <span class='ocrx_word' id='word_1_9' title='bbox 699 396 829 453; x_wconf 78' lang='lat' dir='ltr'><strong>Cum</strong></span> <span class='ocrx_word' id='word_1_10' title='bbox 853 400 1058 454; x_wconf 77' lang='lat' dir='ltr'><strong>interea</strong></span> <span class='ocrx_word' id='word_1_11' title='bbox 1082 396 1264 452; x_wconf 91' lang='lat' dir='ltr'><strong>divino</strong></span> <span class='ocrx_word' id='word_1_12' title='bbox 1285 395 1512 466; x_wconf 89' lang='lat' dir='ltr'><strong>quodam</strong></span> <span class='ocrx_word' id='word_1_13' title='bbox 1537 403 1682 450; x_wconf 87' lang='lat' dir='ltr'><strong>motu</strong></span> <span class='ocrx_word' id='word_1_14' title='bbox 1703 409 1836 463; x_wconf 70' lang='lat' dir='ltr'><strong>prm—</strong></span> <span class='ocrx_word' id='word_1_15' title='bbox 1865 393 1918 453; x_wconf 77' lang='grc' dir='ltr'><strong>Δ</strong></span> <span class='ocrx_word' id='word_1_16' title='bbox 1949 403 2050 460; x_wconf 87' lang='lat' dir='ltr'><strong>est,</strong></span> <span class='ocrx_word' id='word_1_17' title='bbox 2082 394 2147 448; x_wconf 89' lang='lat' dir='ltr'><strong>ad</strong></span> <span class='ocrx_word' id='word_1_18' title='bbox 2176 409 2237 449; x_wconf 87' lang='lat' dir='ltr'><strong>se</strong></span> <span class='ocrx_word' id='word_1_19' title='bbox 2265 393 2491 449; x_wconf 84' lang='lat' dir='ltr'><strong>invicem</strong></span> <span class='ocrx_word' id='word_1_20' title='bbox 2526 392 2952 462; x_wconf 82' lang='lat' dir='ltr'><strong>sesquioctavam</strong></span> <span class='ocrx_word' id='word_1_21' title='bbox 2978 392 3378 464; x_wconf 74' lang='lat' dir='ltr'><strong>proportionem</strong></span> <span class='ocrx_word' id='word_1_22' title='bbox 3407 409 3524 464; x_wconf 84' lang='lat' dir='ltr'><strong>per-</strong></span> 
     </span>
    </p>
   </div>
   <div class='ocr_carea' id='block_1_5' title="bbox 254 486 1838 561">
    <p class='ocr_par' dir='ltr' id='par_1_5' title="bbox 254 486 1838 561">
     <span class='ocr_line' id='line_1_5' title="bbox 254 486 1838 561; baseline -0.005 -10"><span class='ocrx_word' id='word_1_23' title='bbox 254 494 459 551; x_wconf 86' lang='lat' dir='ltr'><strong>teriens</strong></span> <span class='ocrx_word' id='word_1_24' title='bbox 504 493 774 548; x_wconf 75' lang='lat' dir='ltr'><strong>fabrorum</strong></span> <span class='ocrx_word' id='word_1_25' title='bbox 810 491 1076 559; x_wconf 77' lang='lat' dir='ltr'><strong>ofﬁcinas,</strong></span> <span class='ocrx_word' id='word_1_26' title='bbox 1110 491 1292 561; x_wconf 90' lang='lat' dir='ltr'><strong>pulsos</strong></span> <span class='ocrx_word' id='word_1_27' title='bbox 1321 489 1541 546; x_wconf 86' lang='lat' dir='ltr'><strong>malleos</strong></span> <span class='ocrx_word' id='word_1_28' title='bbox 1563 488 1590 528; x_wconf 74' lang='grc' dir='ltr'>δ</span> <span class='ocrx_word' id='word_1_29' title='bbox 1620 486 1838 543; x_wconf 86' lang='lat' dir='ltr'><strong>exaudi-</strong></span> 
     </span>
    </p>
   </div>
   <div class='ocr_carea' id='block_1_6' title="bbox 253 579 1837 652">
    <p class='ocr_par' dir='ltr' id='par_1_6' title="bbox 253 579 1837 652">
     <span class='ocr_line' id='line_1_6' title="bbox 253 579 1837 652; baseline -0.006 -9"><span class='ocrx_word' id='word_1_30' title='bbox 253 589 354 652; x_wconf 84' lang='lat' dir='ltr'><strong>vit,</strong></span> <span class='ocrx_word' id='word_1_31' title='bbox 385 602 449 641; x_wconf 89' lang='lat' dir='ltr'><strong>ex</strong></span> <span class='ocrx_word' id='word_1_32' title='bbox 479 584 709 640; x_wconf 83' lang='lat' dir='ltr'><strong>diversis</strong></span> <span class='ocrx_word' id='word_1_33' title='bbox 752 584 900 639; x_wconf 91' lang='lat' dir='ltr'><strong>sonis</strong></span> <span class='ocrx_word' id='word_1_34' title='bbox 931 599 1086 638; x_wconf 90' lang='lat' dir='ltr'><strong>unam</strong></span> <span class='ocrx_word' id='word_1_35' title='bbox 1129 583 1522 652; x_wconf 89' lang='lat' dir='ltr'><strong>quodammodo</strong></span> <span class='ocrx_word' id='word_1_36' title='bbox 1551 579 1837 637; x_wconf 89' lang='lat' dir='ltr'><strong>concinen-</strong></span> 
     </span>
    </p>
   </div>
   <div class='ocr_carea' id='block_1_7' title="bbox 253 672 1841 745">
    <p class='ocr_par' dir='ltr' id='par_1_7' title="bbox 253 672 1841 745">
     <span class='ocr_line' id='line_1_7' title="bbox 253 672 1841 745; baseline -0.004 -14"><span class='ocrx_word' id='word_1_37' title='bbox 253 679 380 731; x_wconf 92' lang='lat' dir='ltr'><strong>tiam</strong></span> <span class='ocrx_word' id='word_1_38' title='bbox 416 691 726 745; x_wconf 80' lang='lat' dir='ltr'><strong>personare.</strong></span> <span class='ocrx_word' id='word_1_39' title='bbox 760 674 834 730; x_wconf 85' lang='lat' dir='ltr'><strong>Ita</strong></span> <span class='ocrx_word' id='word_1_40' title='bbox 882 675 1042 744; x_wconf 83' lang='lat' dir='ltr'><strong>igitur</strong></span> <span class='ocrx_word' id='word_1_41' title='bbox 1072 674 1136 728; x_wconf 90' lang='lat' dir='ltr'><strong>ad</strong></span> <span class='ocrx_word' id='word_1_42' title='bbox 1166 674 1216 728; x_wconf 91' lang='lat' dir='ltr'><strong>id</strong></span> <span class='ocrx_word' id='word_1_43' title='bbox 1247 675 1388 744; x_wconf 91' lang='lat' dir='ltr'><strong>qttod</strong></span> <span class='ocrx_word' id='word_1_44' title='bbox 1414 674 1505 728; x_wconf 90' lang='lat' dir='ltr'><strong>diu</strong></span> <span class='ocrx_word' id='word_1_45' title='bbox 1535 672 1841 743; x_wconf 81' lang='lat' dir='ltr'><strong>inquirebat</strong></span> 
     </span>
    </p>
   </div>
   <div class='ocr_carea' id='block_1_8' title="bbox 253 768 1840 840">
    <p class='ocr_par' dir='ltr' id='par_1_8' title="bbox 253 768 1840 840">
     <span class='ocr_line' id='line_1_8' title="bbox 253 768 1840 840; baseline -0.001 -18"><span class='ocrx_word' id='word_1_46' title='bbox 253 772 534 834; x_wconf 77' lang='lat' dir='ltr'><strong>attonitus,</strong></span> <span class='ocrx_word' id='word_1_47' title='bbox 558 771 780 824; x_wconf 41' lang='lat' dir='ltr'><strong>accessit</strong></span> <span class='ocrx_word' id='word_1_48' title='bbox 812 768 877 823; x_wconf 92' lang='lat' dir='ltr'><strong>ad</strong></span> <span class='ocrx_word' id='word_1_49' title='bbox 904 785 1037 838; x_wconf 88' lang='lat' dir='ltr'><strong>opus</strong></span> <span class='ocrx_word' id='word_1_50' title='bbox 1072 787 1082 822; x_wconf 92' lang='lat'><strong>:</strong></span> <span class='ocrx_word' id='word_1_51' title='bbox 1108 771 1307 840; x_wconf 83' lang='lat' dir='ltr'><strong>diuque</strong></span> <span class='ocrx_word' id='word_1_52' title='bbox 1331 768 1711 830; x_wconf 90' lang='lat' dir='ltr'><strong>considerans,</strong></span> <span class='ocrx_word' id='word_1_53' title='bbox 1755 780 1840 820; x_wconf 88' lang='lat' dir='ltr'><strong>ar-</strong></span> 
     </span>
    </p>
   </div>
   <div class='ocr_carea' id='block_1_9' title="bbox 253 857 1839 916">
    <p class='ocr_par' dir='ltr' id='par_1_9' title="bbox 253 857 1839 916">
     <span class='ocr_line' id='line_1_9' title="bbox 253 857 1839 916; baseline -0.002 -1"><span class='ocrx_word' id='word_1_54' title='bbox 253 859 484 916; x_wconf 86' lang='lat' dir='ltr'><strong>bitratus</strong></span> <span class='ocrx_word' id='word_1_55' title='bbox 518 872 598 916; x_wconf 91' lang='lat' dir='ltr'><strong>est</strong></span> <span class='ocrx_word' id='word_1_56' title='bbox 632 863 996 916; x_wconf 77' lang='lat' dir='ltr'><strong>diversitatem</strong></span> <span class='ocrx_word' id='word_1_57' title='bbox 1040 877 1293 916; x_wconf 87' lang='lat' dir='ltr'><strong>sonorum</strong></span> <span class='ocrx_word' id='word_1_58' title='bbox 1351 860 1652 916; x_wconf 80' lang='lat' dir='ltr'><strong>ferientiutn</strong></span> <span class='ocrx_word' id='word_1_59' title='bbox 1699 857 1839 912; x_wconf 86' lang='lat' dir='ltr'><strong>vires</strong></span> 
     </span>
    </p>
   </div>
   <div class='ocr_carea' id='block_1_10' title="bbox 253 952 1842 1023">
    <p class='ocr_par' dir='ltr' id='par_1_10' title="bbox 253 952 1842 1023">
     <span class='ocr_line' id='line_1_10' title="bbox 253 952 1842 1023; baseline -0.001 -18"><span class='ocrx_word' id='word_1_60' title='bbox 253 952 487 1007; x_wconf 73' lang='lat' dir='ltr'><strong>cliicere.</strong></span> <span class='ocrx_word' id='word_1_61' title='bbox 525 953 694 1022; x_wconf 82' lang='lat' dir='ltr'><strong>Atque</strong></span> <span class='ocrx_word' id='word_1_62' title='bbox 723 963 777 1006; x_wconf 87' lang='lat' dir='ltr'><strong>ut</strong></span> <span class='ocrx_word' id='word_1_63' title='bbox 804 955 850 1007; x_wconf 88' lang='lat' dir='ltr'><strong>id</strong></span> <span class='ocrx_word' id='word_1_64' title='bbox 877 955 1110 1021; x_wconf 78' lang='lat' dir='ltr'><strong>apertius</strong></span> <span class='ocrx_word' id='word_1_65' title='bbox 1138 953 1453 1023; x_wconf 90' lang='lat' dir='ltr'><strong>colliqueret</strong></span> <span class='ocrx_word' id='word_1_66' title='bbox 1475 995 1490 1019; x_wconf 92' lang='lat'><strong>,</strong></span> <span class='ocrx_word' id='word_1_67' title='bbox 1522 964 1542 992; x_wconf 75' lang='grc' dir='ltr'><em>ε</em></span> <span class='ocrx_word' id='word_1_68' title='bbox 1573 958 1842 1007; x_wconf 79' lang='lat' dir='ltr'><strong>mutarent</strong></span> 
     </span>
    </p>
   </div>
   <div class='ocr_carea' id='block_1_11' title="bbox 254 1041 1842 1112">
    <p class='ocr_par' dir='ltr' id='par_1_11' title="bbox 254 1041 1842 1112">
     <span class='ocr_line' id='line_1_11' title="bbox 254 1041 1842 1112; baseline 0 -16"><span class='ocrx_word' id='word_1_69' title='bbox 254 1041 394 1097; x_wconf 83' lang='lat' dir='ltr'><strong>inter</strong></span> <span class='ocrx_word' id='word_1_70' title='bbox 425 1059 483 1098; x_wconf 90' lang='lat' dir='ltr'><strong>se</strong></span> <span class='ocrx_word' id='word_1_71' title='bbox 514 1045 735 1101; x_wconf 82' lang='lat' dir='ltr'><strong>malleus</strong></span> <span class='ocrx_word' id='word_1_72' title='bbox 771 1044 1068 1112; x_wconf 79' lang='lat' dir='ltr'><strong>imperavit.</strong></span> <span class='ocrx_word' id='word_1_73' title='bbox 1109 1044 1214 1100; x_wconf 86' lang='lat' dir='ltr'><strong>Sed</strong></span> <span class='ocrx_word' id='word_1_74' title='bbox 1244 1057 1498 1100; x_wconf 93' lang='lat' dir='ltr'><strong>sonorum</strong></span> <span class='ocrx_word' id='word_1_75' title='bbox 1545 1041 1842 1112; x_wconf 80' lang='lat' dir='ltr'><strong>proprietas</strong></span> 
     </span>
    </p>
   </div>
   <div class='ocr_carea' id='block_1_12' title="bbox 254 1132 1842 1202">
    <p class='ocr_par' dir='ltr' id='par_1_12' title="bbox 254 1132 1842 1202">
     <span class='ocr_line' id='line_1_12' title="bbox 254 1132 1842 1202; baseline 0.001 -17"><span class='ocrx_word' id='word_1_76' title='bbox 254 1145 364 1186; x_wconf 91' lang='lat' dir='ltr'><strong>non</strong></span> <span class='ocrx_word' id='word_1_77' title='bbox 396 1136 448 1186; x_wconf 93' lang='lat' dir='ltr'><strong>in</strong></span> <span class='ocrx_word' id='word_1_78' title='bbox 472 1133 746 1187; x_wconf 87' lang='lat' dir='ltr'><strong>hominum</strong></span> <span class='ocrx_word' id='word_1_79' title='bbox 789 1135 1000 1189; x_wconf 89' lang='lat' dir='ltr'><strong>lacertis</strong></span> <span class='ocrx_word' id='word_1_80' title='bbox 1031 1135 1286 1202; x_wconf 59' lang='lat' dir='ltr'><strong>haerebat,</strong></span> <span class='ocrx_word' id='word_1_81' title='bbox 1329 1134 1419 1190; x_wconf 88' lang='lat' dir='ltr'><strong>sed</strong></span> <span class='ocrx_word' id='word_1_82' title='bbox 1451 1142 1679 1188; x_wconf 84' lang='lat' dir='ltr'><strong>mutatos</strong></span> <span class='ocrx_word' id='word_1_83' title='bbox 1705 1132 1842 1187; x_wconf 86' lang='lat' dir='ltr'><strong>mal-</strong></span> 
     </span>
    </p>
   </div>
   <div class='ocr_carea' id='block_1_13' title="bbox 255 1224 1843 1299">
    <p class='ocr_par' dir='ltr' id='par_1_13' title="bbox 255 1224 1843 1299">
     <span class='ocr_line' id='line_1_13' title="bbox 255 1224 1843 1299; baseline 0 -20"><span class='ocrx_word' id='word_1_84' title='bbox 255 1225 374 1281; x_wconf 87' lang='lat' dir='ltr'><strong>leos</strong></span> <span class='ocrx_word' id='word_1_85' title='bbox 426 1229 804 1282; x_wconf 78' lang='lat' dir='ltr'><strong>comitabatur.</strong></span> <span class='ocrx_word' id='word_1_86' title='bbox 855 1229 949 1284; x_wconf 88' lang='lat' dir='ltr'><strong>Ubi</strong></span> <span class='ocrx_word' id='word_1_87' title='bbox 983 1229 1141 1299; x_wconf 81' lang='lat' dir='ltr'><strong>igitur</strong></span> <span class='ocrx_word' id='word_1_88' title='bbox 1171 1229 1222 1284; x_wconf 90' lang='lat' dir='ltr'><strong>id</strong></span> <span class='ocrx_word' id='word_1_89' title='bbox 1265 1228 1673 1292; x_wconf 81' lang='lat' dir='ltr'><strong>animadvertit,</strong></span> <span class='ocrx_word' id='word_1_90' title='bbox 1709 1224 1843 1280; x_wconf 89' lang='lat' dir='ltr'><strong>mal-</strong></span> 
     </span>
    </p>
   </div>
   <div class='ocr_carea' id='block_1_14' title="bbox 254 1318 1845 1388">
    <p class='ocr_par' dir='ltr' id='par_1_14' title="bbox 254 1318 1845 1388">
     <span class='ocr_line' id='line_1_14' title="bbox 254 1318 1845 1388; baseline -0.001 -16"><span class='ocrx_word' id='word_1_91' title='bbox 254 1318 458 1373; x_wconf 89' lang='lat' dir='ltr'><strong>leorum</strong></span> <span class='ocrx_word' id='word_1_92' title='bbox 505 1322 710 1387; x_wconf 88' lang='lat' dir='ltr'><strong>pondus</strong></span> <span class='ocrx_word' id='word_1_93' title='bbox 759 1322 1047 1374; x_wconf 79' lang='lat' dir='ltr'><strong>examinat.</strong></span> <span class='ocrx_word' id='word_1_94' title='bbox 1092 1321 1158 1375; x_wconf 85' lang='lat' dir='ltr'><strong>Et</strong></span> <span class='ocrx_word' id='word_1_95' title='bbox 1203 1335 1322 1375; x_wconf 88' lang='lat' dir='ltr'><strong>cum</strong></span> <span class='ocrx_word' id='word_1_96' title='bbox 1379 1320 1618 1388; x_wconf 82' lang='lat' dir='ltr'><strong>quinque</strong></span> <span class='ocrx_word' id='word_1_97' title='bbox 1661 1325 1845 1372; x_wconf 79' lang='lat' dir='ltr'><strong>essent.</strong></span> 
     </span>
    </p>
   </div>
   <div class='ocr_carea' id='block_1_15' title="bbox 255 1407 1843 1480">
    <p class='ocr_par' dir='ltr' id='par_1_15' title="bbox 255 1407 1843 1480">
     <span class='ocr_line' id='line_1_15' title="bbox 255 1407 1843 1480; baseline 0.001 -20"><span class='ocrx_word' id='word_1_98' title='bbox 255 1410 393 1463; x_wconf 81' lang='lat' dir='ltr'><strong>forte</strong></span> <span class='ocrx_word' id='word_1_99' title='bbox 421 1411 618 1476; x_wconf 83' lang='lat' dir='ltr'><strong>mallei,</strong></span> <span class='ocrx_word' id='word_1_100' title='bbox 648 1411 794 1480; x_wconf 90' lang='lat' dir='ltr'><strong>dupli</strong></span> <span class='ocrx_word' id='word_1_101' title='bbox 825 1412 1024 1480; x_wconf 88' lang='lat' dir='ltr'><strong>reperti</strong></span> <span class='ocrx_word' id='word_1_102' title='bbox 1077 1419 1201 1464; x_wconf 92' lang='lat' dir='ltr'><strong>sunt</strong></span> <span class='ocrx_word' id='word_1_103' title='bbox 1244 1409 1478 1478; x_wconf 89' lang='lat' dir='ltr'><strong>pondere</strong></span> <span class='ocrx_word' id='word_1_104' title='bbox 1505 1407 1597 1478; x_wconf 89' lang='lat' dir='ltr'><strong>qui</strong></span> <span class='ocrx_word' id='word_1_105' title='bbox 1628 1407 1727 1462; x_wconf 87' lang='lat' dir='ltr'><strong>sibi</strong></span> <span class='ocrx_word' id='word_1_106' title='bbox 1756 1421 1843 1461; x_wconf 90' lang='lat' dir='ltr'><strong>se-</strong></span> 
     </span>
    </p>
   </div>
   <div class='ocr_carea' id='block_1_16' title="bbox 255 1501 1842 1574">
    <p class='ocr_par' dir='ltr' id='par_1_16' title="bbox 255 1501 1842 1574">
     <span class='ocr_line' id='line_1_16' title="bbox 255 1501 1842 1574; baseline -0.002 -16"><span class='ocrx_word' id='word_1_107' title='bbox 255 1503 489 1558; x_wconf 90' lang='lat' dir='ltr'><strong>cundum</strong></span> <span class='ocrx_word' id='word_1_108' title='bbox 513 1505 766 1573; x_wconf 86' lang='lat' dir='ltr'><strong>diapason</strong></span> <span class='ocrx_word' id='word_1_109' title='bbox 798 1505 1202 1560; x_wconf 89' lang='lat' dir='ltr'><strong>consonantiam</strong></span> <span class='ocrx_word' id='word_1_110' title='bbox 1229 1504 1644 1574; x_wconf 84' lang='lat' dir='ltr'><strong>reSpondebant.</strong></span> <span class='ocrx_word' id='word_1_111' title='bbox 1678 1501 1842 1556; x_wconf 87' lang='lat' dir='ltr'><strong>Eum-</strong></span> 
     </span>
    </p>
   </div>
   <div class='ocr_carea' id='block_1_17' title="bbox 258 1592 1845 1665">
    <p class='ocr_par' dir='ltr' id='par_1_17' title="bbox 258 1592 1845 1665">
     <span class='ocr_line' id='line_1_17' title="bbox 258 1592 1845 1665; baseline -0.003 -15"><span class='ocrx_word' id='word_1_112' title='bbox 258 1595 378 1650; x_wconf 89' lang='lat' dir='ltr'><strong>detn</strong></span> <span class='ocrx_word' id='word_1_113' title='bbox 410 1596 572 1651; x_wconf 88' lang='lat' dir='ltr'><strong>etiam</strong></span> <span class='ocrx_word' id='word_1_114' title='bbox 604 1597 694 1665; x_wconf 92' lang='lat' dir='ltr'><strong>qui</strong></span> <span class='ocrx_word' id='word_1_115' title='bbox 727 1597 916 1665; x_wconf 88' lang='lat' dir='ltr'><strong>duplus</strong></span> <span class='ocrx_word' id='word_1_116' title='bbox 944 1605 1091 1652; x_wconf 82' lang='lat' dir='ltr'><strong>esset</strong></span> <span class='ocrx_word' id='word_1_117' title='bbox 1112 1597 1238 1661; x_wconf 90' lang='lat' dir='ltr'><strong>alio,</strong></span> <span class='ocrx_word' id='word_1_118' title='bbox 1281 1595 1681 1664; x_wconf 89' lang='lat' dir='ltr'><strong>sesquitertium</strong></span> <span class='ocrx_word' id='word_1_119' title='bbox 1709 1592 1845 1646; x_wconf 85' lang='lat' dir='ltr'><strong>alte-</strong></span> 
     </span>
    </p>
   </div>
   <div class='ocr_carea' id='block_1_18' title="bbox 256 1686 1846 1758">
    <p class='ocr_par' dir='ltr' id='par_1_18' title="bbox 256 1686 1846 1758">
     <span class='ocr_line' id='line_1_18' title="bbox 256 1686 1846 1758; baseline 0.001 -21"><span class='ocrx_word' id='word_1_120' title='bbox 256 1686 368 1740; x_wconf 89' lang='lat' dir='ltr'><strong>rius</strong></span> <span class='ocrx_word' id='word_1_121' title='bbox 391 1686 823 1754; x_wconf 89' lang='lat' dir='ltr'><strong>comprehendit,</strong></span> <span class='ocrx_word' id='word_1_122' title='bbox 858 1687 922 1742; x_wconf 90' lang='lat' dir='ltr'><strong>ad</strong></span> <span class='ocrx_word' id='word_1_123' title='bbox 952 1703 1111 1758; x_wconf 88' lang='lat' dir='ltr'><strong>quem</strong></span> <span class='ocrx_word' id='word_1_124' title='bbox 1143 1688 1352 1743; x_wconf 87' lang='lat' dir='ltr'><strong>scilicet</strong></span> <span class='ocrx_word' id='word_1_125' title='bbox 1396 1688 1730 1741; x_wconf 89' lang='lat' dir='ltr'><strong>diatessaron</strong></span> <span class='ocrx_word' id='word_1_126' title='bbox 1757 1698 1846 1739; x_wconf 87' lang='lat' dir='ltr'><strong>so-</strong></span> 
     </span>
    </p>
   </div>
   <div class='ocr_carea' id='block_1_19' title="bbox 1947 487 3524 557">
    <p class='ocr_par' dir='ltr' id='par_1_19' title="bbox 1947 487 3524 557">
     <span class='ocr_line' id='line_1_19' title="bbox 1947 487 3524 557; baseline 0.001 -17"><span class='ocrx_word' id='word_1_127' title='bbox 1947 487 2095 556; x_wconf 81' lang='lat' dir='ltr'><strong>pe‘nsi</strong></span> <span class='ocrx_word' id='word_1_128' title='bbox 2140 495 2265 540; x_wconf 90' lang='lat' dir='ltr'><strong>sunt</strong></span> <span class='ocrx_word' id='word_1_129' title='bbox 2290 487 2581 543; x_wconf 82' lang='lat' dir='ltr'><strong>custodire.</strong></span> <span class='ocrx_word' id='word_1_130' title='bbox 2617 487 2843 556; x_wconf 88' lang='lat' dir='ltr'><strong>Quintus</strong></span> <span class='ocrx_word' id='word_1_131' title='bbox 2872 501 3003 543; x_wconf 90' lang='lat' dir='ltr'><strong>vero</strong></span> <span class='ocrx_word' id='word_1_132' title='bbox 3037 496 3119 543; x_wconf 85' lang='lat' dir='ltr'><strong>est</strong></span> <span class='ocrx_word' id='word_1_133' title='bbox 3158 489 3407 557; x_wconf 78' lang='lat' dir='ltr'><strong>reiectus,</strong></span> <span class='ocrx_word' id='word_1_134' title='bbox 3436 487 3524 557; x_wconf 89' lang='lat' dir='ltr'><strong>qui</strong></span> 
     </span>
    </p>
   </div>
   <div class='ocr_carea' id='block_1_20' title="bbox 1941 577 3529 650">
    <p class='ocr_par' dir='ltr' id='par_1_20' title="bbox 1941 577 3529 650">
     <span class='ocr_line' id='line_1_20' title="bbox 1941 577 3529 650; baseline -0.001 -16"><span class='ocrx_word' id='word_1_135' title='bbox 1941 579 2148 634; x_wconf 90' lang='lat' dir='ltr'><strong>cunctis</strong></span> <span class='ocrx_word' id='word_1_136' title='bbox 2189 588 2304 633; x_wconf 90' lang='lat' dir='ltr'><strong>erat</strong></span> <span class='ocrx_word' id='word_1_137' title='bbox 2336 580 2715 634; x_wconf 84' lang='lat' dir='ltr'><strong>inconsonans.</strong></span> <span class='ocrx_word' id='word_1_138' title='bbox 2748 580 2882 635; x_wconf 91' lang='lat' dir='ltr'><strong>Cum</strong></span> <span class='ocrx_word' id='word_1_139' title='bbox 2908 579 3068 650; x_wconf 85' lang='lat' dir='ltr'><strong>Igitur</strong></span> <span class='ocrx_word' id='word_1_140' title='bbox 3099 587 3224 634; x_wconf 87' lang='lat' dir='ltr'><strong>ante</strong></span> <span class='ocrx_word' id='word_1_141' title='bbox 3265 577 3529 648; x_wconf 82' lang='lat' dir='ltr'><strong>Pythago-</strong></span> 
     </span>
    </p>
   </div>
   <div class='ocr_carea' id='block_1_21' title="bbox 1946 669 3526 742">
    <p class='ocr_par' dir='ltr' id='par_1_21' title="bbox 1946 669 3526 742">
     <span class='ocr_line' id='line_1_21' title="bbox 1946 669 3526 742; baseline 0 -18"><span class='ocrx_word' id='word_1_142' title='bbox 1946 684 2058 724; x_wconf 90' lang='lat' dir='ltr'><strong>ram</strong></span> <span class='ocrx_word' id='word_1_143' title='bbox 2090 671 2455 724; x_wconf 72' lang='lat' dir='ltr'><strong>consonantia:</strong></span> <span class='ocrx_word' id='word_1_144' title='bbox 2486 673 2736 738; x_wconf 69' lang='lat' dir='ltr'><strong>musicaa,</strong></span> <span class='ocrx_word' id='word_1_145' title='bbox 2762 672 2952 742; x_wconf 89' lang='lat' dir='ltr'><strong>partim</strong></span> <span class='ocrx_word' id='word_1_146' title='bbox 2996 671 3254 740; x_wconf 87' lang='lat' dir='ltr'><strong>diapason</strong></span> <span class='ocrx_word' id='word_1_147' title='bbox 3282 713 3294 732; x_wconf 91' lang='lat'><strong>,</strong></span> <span class='ocrx_word' id='word_1_148' title='bbox 3332 669 3526 740; x_wconf 75' lang='lat' dir='ltr'><strong>partim</strong></span> 
     </span>
    </p>
   </div>
   <div class='ocr_carea' id='block_1_22' title="bbox 1948 748 3524 833">
    <p class='ocr_par' dir='ltr' id='par_1_22' title="bbox 1948 748 3524 833">
     <span class='ocr_line' id='line_1_22' title="bbox 1948 748 3524 833; baseline 0.001 -19"><span class='ocrx_word' id='word_1_149' title='bbox 1948 758 2217 828; x_wconf 87' lang='lat' dir='ltr'><strong>diapente,</strong></span> <span class='ocrx_word' id='word_1_150' title='bbox 2249 763 2440 830; x_wconf 83' lang='lat' dir='ltr'><strong>partim</strong></span> <span class='ocrx_word' id='word_1_151' title='bbox 2500 762 2834 818; x_wconf 87' lang='lat' dir='ltr'><strong>diatessaron</strong></span> <span class='ocrx_word' id='word_1_152' title='bbox 2856 807 2868 828; x_wconf 93' lang='lat'><strong>,</strong></span> <span class='ocrx_word' id='word_1_153' title='bbox 2903 748 3029 833; x_wconf 18' lang='lat' dir='ltr'><strong>quae.</strong></span> <span class='ocrx_word' id='word_1_154' title='bbox 3062 772 3146 818; x_wconf 89' lang='lat' dir='ltr'><strong>est</strong></span> <span class='ocrx_word' id='word_1_155' title='bbox 3173 763 3524 818; x_wconf 83' lang='lat' dir='ltr'><strong>consonantia</strong></span> 
     </span>
    </p>
   </div>
   <div class='ocr_carea' id='block_1_23' title="bbox 1945 849 3530 925">
    <p class='ocr_par' dir='ltr' id='par_1_23' title="bbox 1945 849 3530 925">
     <span class='ocr_line' id='line_1_23' title="bbox 1945 849 3530 925; baseline 0.002 -21"><span class='ocrx_word' id='word_1_156' title='bbox 1945 849 2201 918; x_wconf 88' lang='lat' dir='ltr'><strong>minima,</strong></span> <span class='ocrx_word' id='word_1_157' title='bbox 2235 861 2586 918; x_wconf 76' lang='lat' dir='ltr'><strong>vocarentur;</strong></span> <span class='ocrx_word' id='word_1_158' title='bbox 2630 855 2832 921; x_wconf 90' lang='lat' dir='ltr'><strong>primus</strong></span> <span class='ocrx_word' id='word_1_159' title='bbox 2875 854 3202 925; x_wconf 78' lang='lat' dir='ltr'><strong>Pythagoras</strong></span> <span class='ocrx_word' id='word_1_160' title='bbox 3243 853 3340 909; x_wconf 91' lang='lat' dir='ltr'><strong>hoc</strong></span> <span class='ocrx_word' id='word_1_161' title='bbox 3369 854 3530 909; x_wconf 91' lang='lat' dir='ltr'><strong>modo</strong></span> 
     </span>
    </p>
   </div>
   <div class='ocr_carea' id='block_1_24' title="bbox 1948 945 3530 1015">
    <p class='ocr_par' dir='ltr' id='par_1_24' title="bbox 1948 945 3530 1015">
     <span class='ocr_line' id='line_1_24' title="bbox 1948 945 3530 1015; baseline 0.002 -17"><span class='ocrx_word' id='word_1_162' title='bbox 1948 945 2166 1013; x_wconf 87' lang='lat' dir='ltr'><strong>reperit,</strong></span> <span class='ocrx_word' id='word_1_163' title='bbox 2191 960 2292 1013; x_wconf 91' lang='lat' dir='ltr'><strong>qua</strong></span> <span class='ocrx_word' id='word_1_164' title='bbox 2315 947 2658 1015; x_wconf 84' lang='lat' dir='ltr'><strong>proportione</strong></span> <span class='ocrx_word' id='word_1_165' title='bbox 2680 947 2896 1002; x_wconf 86' lang='lat' dir='ltr'><strong>sibimet</strong></span> <span class='ocrx_word' id='word_1_166' title='bbox 2918 949 3031 1002; x_wconf 74' lang='lat' dir='ltr'><strong>lucc</strong></span> <span class='ocrx_word' id='word_1_167' title='bbox 3052 963 3307 1003; x_wconf 90' lang='lat' dir='ltr'><strong>sonorum</strong></span> <span class='ocrx_word' id='word_1_168' title='bbox 3329 946 3530 1002; x_wconf 88' lang='lat' dir='ltr'><strong>chorda</strong></span> 
     </span>
    </p>
   </div>
   <div class='ocr_carea' id='block_1_25' title="bbox 1940 1032 3530 1108">
    <p class='ocr_par' dir='ltr' id='par_1_25' title="bbox 1940 1032 3530 1108">
     <span class='ocr_line' id='line_1_25' title="bbox 1940 1032 3530 1108; baseline 0.003 -21"><span class='ocrx_word' id='word_1_169' title='bbox 1940 1032 2273 1102; x_wconf 72' lang='lat' dir='ltr'><strong>iungeretur.</strong></span> <span class='ocrx_word' id='word_1_170' title='bbox 2310 1035 2374 1089; x_wconf 85' lang='lat' dir='ltr'><strong>Et</strong></span> <span class='ocrx_word' id='word_1_171' title='bbox 2401 1045 2458 1090; x_wconf 93' lang='lat' dir='ltr'><strong>ut</strong></span> <span class='ocrx_word' id='word_1_172' title='bbox 2503 1037 2574 1090; x_wconf 90' lang='lat' dir='ltr'><strong>sit</strong></span> <span class='ocrx_word' id='word_1_173' title='bbox 2615 1037 2812 1091; x_wconf 89' lang='lat' dir='ltr'><strong>clarius</strong></span> <span class='ocrx_word' id='word_1_174' title='bbox 2842 1039 2981 1108; x_wconf 91' lang='lat' dir='ltr'><strong>quod</strong></span> <span class='ocrx_word' id='word_1_175' title='bbox 3013 1037 3214 1093; x_wconf 90' lang='lat' dir='ltr'><strong>dictum</strong></span> <span class='ocrx_word' id='word_1_176' title='bbox 3245 1047 3356 1098; x_wconf 87' lang='lat' dir='ltr'><strong>est.</strong></span> <span class='ocrx_word' id='word_1_177' title='bbox 3390 1039 3530 1106; x_wconf 90' lang='lat' dir='ltr'><strong>sint,</strong></span> 
     </span>
    </p>
   </div>
   <div class='ocr_carea' id='block_1_26' title="bbox 1947 1124 3620 1200">
    <p class='ocr_par' dir='ltr' id='par_1_26' title="bbox 1947 1124 3620 1200">
     <span class='ocr_line' id='line_1_26' title="bbox 1947 1124 3620 1200; baseline 0.001 -17"><span class='ocrx_word' id='word_1_178' title='bbox 1947 1128 2097 1183; x_wconf 82' lang='lat' dir='ltr'><strong>verbi</strong></span> <span class='ocrx_word' id='word_1_179' title='bbox 2129 1132 2298 1198; x_wconf 87' lang='lat' dir='ltr'><strong>gratia</strong></span> <span class='ocrx_word' id='word_1_180' title='bbox 2319 1170 2334 1194; x_wconf 91' lang='lat'><strong>,</strong></span> <span class='ocrx_word' id='word_1_181' title='bbox 2365 1130 2681 1186; x_wconf 89' lang='lat' dir='ltr'><strong>malleorum</strong></span> <span class='ocrx_word' id='word_1_182' title='bbox 2713 1141 2940 1200; x_wconf 84' lang='lat' dir='ltr'><strong>quatuor</strong></span> <span class='ocrx_word' id='word_1_183' title='bbox 2972 1131 3233 1200; x_wconf 87' lang='lat' dir='ltr'><strong>pondera,</strong></span> <span class='ocrx_word' id='word_1_184' title='bbox 3260 1145 3376 1199; x_wconf 68' lang='lat' dir='ltr'><strong>qua:</strong></span> <span class='ocrx_word' id='word_1_185' title='bbox 3407 1129 3532 1184; x_wconf 87' lang='lat' dir='ltr'><strong>sub-</strong></span> <span class='ocrx_word' id='word_1_186' title='bbox 3616 1124 3620 1130; x_wconf 76' lang='grc'><em>’</em></span> 
     </span>
    </p>
   </div>
   <div class='ocr_carea' id='block_1_27' title="bbox 1949 1223 3532 1293">
    <p class='ocr_par' dir='ltr' id='par_1_27' title="bbox 1949 1223 3532 1293">
     <span class='ocr_line' id='line_1_27' title="bbox 1949 1223 3532 1293; baseline 0.003 -18"><span class='ocrx_word' id='word_1_187' title='bbox 1949 1223 2251 1291; x_wconf 89' lang='lat' dir='ltr'><strong>terscriptis</strong></span> <span class='ocrx_word' id='word_1_188' title='bbox 2304 1225 2544 1278; x_wconf 88' lang='lat' dir='ltr'><strong>numeris</strong></span> <span class='ocrx_word' id='word_1_189' title='bbox 2599 1226 3002 1293; x_wconf 86' lang='lat' dir='ltr'><strong>contineantur,</strong></span> <span class='ocrx_word' id='word_1_190' title='bbox 3037 1225 3224 1291; x_wconf 70' lang='lat'><strong>12,9,</strong></span> <span class='ocrx_word' id='word_1_191' title='bbox 3255 1226 3321 1291; x_wconf 89' lang='lat'><strong>8,</strong></span> <span class='ocrx_word' id='word_1_192' title='bbox 3361 1225 3414 1281; x_wconf 86' lang='lat'><strong>6.</strong></span> <span class='ocrx_word' id='word_1_193' title='bbox 3469 1223 3532 1280; x_wconf 81' lang='lat' dir='ltr'><strong>Hi</strong></span> 
     </span>
    </p>
   </div>
   <div class='ocr_carea' id='block_1_28' title="bbox 1950 1313 3532 1386">
    <p class='ocr_par' dir='ltr' id='par_1_28' title="bbox 1950 1313 3532 1386">
     <span class='ocr_line' id='line_1_28' title="bbox 1950 1313 3532 1386; baseline 0.001 -18"><span class='ocrx_word' id='word_1_194' title='bbox 1950 1313 2113 1384; x_wconf 78' lang='lat' dir='ltr'><strong>igitur</strong></span> <span class='ocrx_word' id='word_1_195' title='bbox 2139 1315 2340 1384; x_wconf 88' lang='lat' dir='ltr'><strong>mallei,</strong></span> <span class='ocrx_word' id='word_1_196' title='bbox 2368 1317 2459 1385; x_wconf 91' lang='lat' dir='ltr'><strong>qui</strong></span> <span class='ocrx_word' id='word_1_197' title='bbox 2486 1315 2554 1370; x_wconf 67' lang='grc' dir='ltr'><strong><em>η</em></strong></span> <span class='ocrx_word' id='word_1_198' title='bbox 2581 1325 2637 1371; x_wconf 90' lang='lat' dir='ltr'><strong>et</strong></span> <span class='ocrx_word' id='word_1_199' title='bbox 2660 1317 2694 1372; x_wconf 87' lang='lat'><strong>6</strong></span> <span class='ocrx_word' id='word_1_200' title='bbox 2722 1317 3049 1386; x_wconf 88' lang='lat' dir='ltr'><strong>ponderibus</strong></span> <span class='ocrx_word' id='word_1_201' title='bbox 3079 1318 3385 1386; x_wconf 89' lang='lat' dir='ltr'><strong>vergebant,</strong></span> <span class='ocrx_word' id='word_1_202' title='bbox 3417 1317 3532 1371; x_wconf 82' lang='lat' dir='ltr'><strong>dia-</strong></span> 
     </span>
    </p>
   </div>
   <div class='ocr_carea' id='block_1_29' title="bbox 1950 1406 3533 1478">
    <p class='ocr_par' dir='ltr' id='par_1_29' title="bbox 1950 1406 3533 1478">
     <span class='ocr_line' id='line_1_29' title="bbox 1950 1406 3533 1478; baseline 0.004 -21"><span class='ocrx_word' id='word_1_203' title='bbox 1950 1419 2115 1471; x_wconf 89' lang='lat' dir='ltr'><strong>pason</strong></span> <span class='ocrx_word' id='word_1_204' title='bbox 2148 1408 2199 1458; x_wconf 89' lang='lat' dir='ltr'><strong>in</strong></span> <span class='ocrx_word' id='word_1_205' title='bbox 2230 1406 2393 1475; x_wconf 91' lang='lat' dir='ltr'><strong>duplo</strong></span> <span class='ocrx_word' id='word_1_206' title='bbox 2425 1407 2450 1443; x_wconf 74' lang='grc' dir='ltr'>ά</span> <span class='ocrx_word' id='word_1_207' title='bbox 2480 1407 2876 1463; x_wconf 81' lang='lat' dir='ltr'><strong>concinentiam</strong></span> <span class='ocrx_word' id='word_1_208' title='bbox 2908 1409 3286 1478; x_wconf 86' lang='lat' dir='ltr'><strong>personabant.</strong></span> <span class='ocrx_word' id='word_1_209' title='bbox 3318 1407 3533 1463; x_wconf 83' lang='lat' dir='ltr'><strong>Malleus</strong></span> 
     </span>
    </p>
   </div>
   <div class='ocr_carea' id='block_1_30' title="bbox 1949 1498 3535 1569">
    <p class='ocr_par' dir='ltr' id='par_1_30' title="bbox 1949 1498 3535 1569">
     <span class='ocr_line' id='line_1_30' title="bbox 1949 1498 3535 1569; baseline 0.003 -20"><span class='ocrx_word' id='word_1_210' title='bbox 1949 1511 2078 1551; x_wconf 91' lang='lat' dir='ltr'><strong>vero</strong></span> <span class='ocrx_word' id='word_1_211' title='bbox 2104 1498 2166 1552; x_wconf 71' lang='lat'><strong>12</strong></span> <span class='ocrx_word' id='word_1_212' title='bbox 2195 1498 2492 1568; x_wconf 88' lang='lat' dir='ltr'><strong>ponderum</strong></span> <span class='ocrx_word' id='word_1_213' title='bbox 2516 1499 2583 1554; x_wconf 90' lang='lat' dir='ltr'><strong>ad</strong></span> <span class='ocrx_word' id='word_1_214' title='bbox 2607 1502 2856 1555; x_wconf 88' lang='lat' dir='ltr'><strong>malleum</strong></span> <span class='ocrx_word' id='word_1_215' title='bbox 2879 1501 2932 1568; x_wconf 88' lang='lat'><strong>9,</strong></span> <span class='ocrx_word' id='word_1_216' title='bbox 2963 1510 3018 1555; x_wconf 89' lang='lat' dir='ltr'><strong>et</strong></span> <span class='ocrx_word' id='word_1_217' title='bbox 3036 1499 3310 1554; x_wconf 77' lang='lat' dir='ltr'><strong>malleuss</strong></span> <span class='ocrx_word' id='word_1_218' title='bbox 3335 1498 3535 1569; x_wconf 81' lang='lat' dir='ltr'><strong>ponde-</strong></span> 
     </span>
    </p>
   </div>
   <div class='ocr_carea' id='block_1_31' title="bbox 1951 1591 3536 1664">
    <p class='ocr_par' dir='ltr' id='par_1_31' title="bbox 1951 1591 3536 1664">
     <span class='ocr_line' id='line_1_31' title="bbox 1951 1591 3536 1664; baseline 0.006 -20"><span class='ocrx_word' id='word_1_219' title='bbox 1951 1606 2068 1645; x_wconf 90' lang='lat' dir='ltr'><strong>rum</strong></span> <span class='ocrx_word' id='word_1_220' title='bbox 2100 1591 2163 1645; x_wconf 88' lang='lat' dir='ltr'><strong>ad</strong></span> <span class='ocrx_word' id='word_1_221' title='bbox 2198 1594 2445 1647; x_wconf 90' lang='lat' dir='ltr'><strong>malleum</strong></span> <span class='ocrx_word' id='word_1_222' title='bbox 2493 1594 2524 1648; x_wconf 90' lang='lat'><strong>6</strong></span> <span class='ocrx_word' id='word_1_223' title='bbox 2557 1593 2850 1662; x_wconf 90' lang='lat' dir='ltr'><strong>ponderum</strong></span> <span class='ocrx_word' id='word_1_224' title='bbox 2872 1636 2888 1660; x_wconf 92' lang='lat'><strong>,</strong></span> <span class='ocrx_word' id='word_1_225' title='bbox 2920 1595 3212 1650; x_wconf 87' lang='lat' dir='ltr'><strong>secundum</strong></span> <span class='ocrx_word' id='word_1_226' title='bbox 3266 1593 3536 1664; x_wconf 76' lang='lat' dir='ltr'><strong>epitritam</strong></span> 
     </span>
    </p>
   </div>
   <div class='ocr_carea' id='block_1_32' title="bbox 1955 1685 3535 1756">
    <p class='ocr_par' dir='ltr' id='par_1_32' title="bbox 1955 1685 3535 1756">
     <span class='ocr_line' id='line_1_32' title="bbox 1955 1685 3535 1756; baseline 0.002 -18"><span class='ocrx_word' id='word_1_227' title='bbox 1955 1686 2356 1754; x_wconf 70' lang='lat' dir='ltr'><strong>proportionem</strong></span> <span class='ocrx_word' id='word_1_228' title='bbox 2410 1686 2742 1744; x_wconf 86' lang='lat' dir='ltr'><strong>diatessaron</strong></span> <span class='ocrx_word' id='word_1_229' title='bbox 2793 1688 3140 1742; x_wconf 86' lang='lat' dir='ltr'><strong>consonantia</strong></span> <span class='ocrx_word' id='word_1_230' title='bbox 3187 1685 3535 1756; x_wconf 68' lang='lat' dir='ltr'><strong>iungebatur.</strong></span> 
     </span>
    </p>
   </div>
   <div class='ocr_carea' id='block_1_33' title="bbox 255 1775 3535 1848">
    <p class='ocr_par' dir='ltr' id='par_1_33' title="bbox 255 1775 3535 1848">
     <span class='ocr_line' id='line_1_33' title="bbox 255 1775 3535 1848; baseline 0.002 -22"><span class='ocrx_word' id='word_1_231' title='bbox 255 1775 444 1828; x_wconf 87' lang='lat' dir='ltr'><strong>nabat.</strong></span> <span class='ocrx_word' id='word_1_232' title='bbox 473 1775 552 1830; x_wconf 83' lang='lat' dir='ltr'><strong>Ad</strong></span> <span class='ocrx_word' id='word_1_233' title='bbox 581 1777 742 1831; x_wconf 90' lang='lat' dir='ltr'><strong>alium</strong></span> <span class='ocrx_word' id='word_1_234' title='bbox 774 1792 900 1832; x_wconf 88' lang='lat' dir='ltr'><strong>vero</strong></span> <span class='ocrx_word' id='word_1_235' title='bbox 929 1779 1240 1848; x_wconf 89' lang='lat' dir='ltr'><strong>quemdam,</strong></span> <span class='ocrx_word' id='word_1_236' title='bbox 1273 1778 1363 1848; x_wconf 90' lang='lat' dir='ltr'><strong>qui</strong></span> <span class='ocrx_word' id='word_1_237' title='bbox 1391 1777 1564 1832; x_wconf 90' lang='lat' dir='ltr'><strong>eidem</strong></span> <span class='ocrx_word' id='word_1_238' title='bbox 1593 1777 1847 1844; x_wconf 79' lang='lat' dir='ltr'><strong>diapente</strong></span> <span class='ocrx_word' id='word_1_239' title='bbox 1877 1779 1927 1840; x_wconf 91' lang='lat' dir='ltr'><strong>B</strong></span> <span class='ocrx_word' id='word_1_240' title='bbox 1954 1778 2158 1832; x_wconf 87' lang='lat' dir='ltr'><strong>Novem</strong></span> <span class='ocrx_word' id='word_1_241' title='bbox 2189 1794 2320 1832; x_wconf 91' lang='lat' dir='ltr'><strong>vero</strong></span> <span class='ocrx_word' id='word_1_242' title='bbox 2345 1779 2644 1848; x_wconf 88' lang='lat' dir='ltr'><strong>ponderum</strong></span> <span class='ocrx_word' id='word_1_243' title='bbox 2669 1779 2733 1835; x_wconf 88' lang='lat' dir='ltr'><strong>ad</strong></span> <span class='ocrx_word' id='word_1_244' title='bbox 2763 1779 2815 1844; x_wconf 86' lang='lat'><strong>6,</strong></span> <span class='ocrx_word' id='word_1_245' title='bbox 2834 1779 2972 1834; x_wconf 58' lang='lat' dir='ltr'><strong>eti?</strong></span> <span class='ocrx_word' id='word_1_246' title='bbox 2998 1778 3062 1833; x_wconf 92' lang='lat' dir='ltr'><strong>ad</strong></span> <span class='ocrx_word' id='word_1_247' title='bbox 3087 1779 3118 1834; x_wconf 93' lang='lat'>8</span> <span class='ocrx_word' id='word_1_248' title='bbox 3140 1778 3388 1848; x_wconf 88' lang='lat' dir='ltr'><strong>diapente</strong></span> <span class='ocrx_word' id='word_1_249' title='bbox 3404 1793 3535 1832; x_wconf 83' lang='lat' dir='ltr'><strong>con-</strong></span> 
     </span>
    </p>
   </div>
   <div class='ocr_carea' id='block_1_34' title="bbox 1956 1866 3534 1939">
    <p class='ocr_par' dir='ltr' id='par_1_34' title="bbox 1956 1866 3534 1939">
     <span class='ocr_line' id='line_1_34' title="bbox 1956 1866 3534 1939; baseline -0.003 -15"><span class='ocrx_word' id='word_1_250' title='bbox 1956 1870 2256 1924; x_wconf 87' lang='lat' dir='ltr'><strong>sonantiam</strong></span> <span class='ocrx_word' id='word_1_251' title='bbox 2278 1870 2698 1939; x_wconf 79' lang='lat' dir='ltr'><strong>permiscebant.</strong></span> <span class='ocrx_word' id='word_1_252' title='bbox 2724 1871 2922 1926; x_wconf 79' lang='lat' dir='ltr'><strong>Novem</strong></span> <span class='ocrx_word' id='word_1_253' title='bbox 2941 1883 3066 1923; x_wconf 90' lang='lat' dir='ltr'><strong>vero</strong></span> <span class='ocrx_word' id='word_1_254' title='bbox 3087 1868 3154 1922; x_wconf 90' lang='lat' dir='ltr'><strong>ad</strong></span> <span class='ocrx_word' id='word_1_255' title='bbox 3177 1869 3230 1935; x_wconf 90' lang='lat'><strong>8,</strong></span> <span class='ocrx_word' id='word_1_256' title='bbox 3258 1869 3309 1922; x_wconf 91' lang='lat' dir='ltr'><strong>in</strong></span> <span class='ocrx_word' id='word_1_257' title='bbox 3334 1866 3534 1938; x_wconf 75' lang='lat' dir='ltr'><strong>sesqui~</strong></span> 
     </span>
    </p>
   </div>
   <div class='ocr_carea' id='block_1_35' title="bbox 1955 1943 3224 2038">
    <p class='ocr_par' dir='ltr' id='par_1_35' title="bbox 1955 1943 3224 2038">
     <span class='ocr_line' id='line_1_35' title="bbox 1955 1943 3224 2038; baseline -0.001 -19"><span class='ocrx_word' id='word_1_258' title='bbox 1955 1972 2141 2019; x_wconf 87' lang='lat' dir='ltr'><strong>octava</strong></span> <span class='ocrx_word' id='word_1_259' title='bbox 2171 1965 2517 2032; x_wconf 89' lang='lat' dir='ltr'><strong>proportione</strong></span> <span class='ocrx_word' id='word_1_260' title='bbox 2548 1965 2873 2038; x_wconf 85' lang='lat' dir='ltr'><strong>resonabant</strong></span> <span class='ocrx_word' id='word_1_261' title='bbox 2902 1975 3108 2018; x_wconf 91' lang='lat' dir='ltr'><strong>tonum.</strong></span> <span class='ocrx_word' id='word_1_262' title='bbox 3213 1943 3224 1965; x_wconf 61' lang='grc'><strong><em>⁸</em></strong></span> 
     </span>
    </p>
   </div>
   <div class='ocr_carea' id='block_1_36' title="bbox 1991 2053 3503 2126">
    <p class='ocr_par' dir='ltr' id='par_1_36' title="bbox 1991 2053 3503 2126">
     <span class='ocr_line' id='line_1_36' title="bbox 1991 2053 3503 2126; baseline -0.001 -19"><span class='ocrx_word' id='word_1_263' title='bbox 1991 2053 2118 2108; x_wconf 63' lang='lat' dir='ltr'><strong>Hice</strong></span> <span class='ocrx_word' id='word_1_264' title='bbox 2149 2054 2328 2108; x_wconf 85' lang='lat' dir='ltr'><strong>ultima</strong></span> <span class='ocrx_word' id='word_1_265' title='bbox 2353 2055 2521 2126; x_wconf 82' lang='lat' dir='ltr'><strong>ﬁgura</strong></span> <span class='ocrx_word' id='word_1_266' title='bbox 2550 2067 2595 2108; x_wconf 83' lang='lat' dir='ltr'><strong>et</strong></span> <span class='ocrx_word' id='word_1_267' title='bbox 2623 2056 2676 2108; x_wconf 85' lang='lat' dir='ltr'><strong>in</strong></span> <span class='ocrx_word' id='word_1_268' title='bbox 2707 2071 2945 2122; x_wconf 74' lang='lat' dir='ltr'><strong>suprema</strong></span> <span class='ocrx_word' id='word_1_269' title='bbox 2970 2058 3108 2109; x_wconf 83' lang='lat' dir='ltr'><strong>calce</strong></span> <span class='ocrx_word' id='word_1_270' title='bbox 3139 2053 3503 2109; x_wconf 79' lang='lat' dir='ltr'><strong>Aritltmetica&#39;.</strong></span> 
     </span>
    </p>
   </div>
   <div class='ocr_carea' id='block_1_37' title="bbox 255 1868 1844 1940">
    <p class='ocr_par' dir='ltr' id='par_1_37' title="bbox 255 1868 1844 1940">
     <span class='ocr_line' id='line_1_37' title="bbox 255 1868 1844 1940; baseline 0.001 -20"><span class='ocrx_word' id='word_1_271' title='bbox 255 1871 601 1922; x_wconf 87' lang='lat' dir='ltr'><strong>consonantia</strong></span> <span class='ocrx_word' id='word_1_272' title='bbox 628 1870 973 1940; x_wconf 83' lang='lat' dir='ltr'><strong>jungebatur,</strong></span> <span class='ocrx_word' id='word_1_273' title='bbox 1022 1873 1272 1925; x_wconf 90' lang='lat' dir='ltr'><strong>eumdem</strong></span> <span class='ocrx_word' id='word_1_274' title='bbox 1301 1869 1597 1939; x_wconf 88' lang='lat' dir='ltr'><strong>superioris</strong></span> <span class='ocrx_word' id='word_1_275' title='bbox 1625 1868 1844 1938; x_wconf 80' lang='lat' dir='ltr'><strong>duplum</strong></span> 
     </span>
    </p>
   </div>
   <div class='ocr_carea' id='block_1_38' title="bbox 253 1960 1848 2030">
    <p class='ocr_par' dir='ltr' id='par_1_38' title="bbox 253 1960 1848 2030">
     <span class='ocr_line' id='line_1_38' title="bbox 253 1960 1848 2030; baseline 0 -16"><span class='ocrx_word' id='word_1_276' title='bbox 253 1962 451 2028; x_wconf 84' lang='lat' dir='ltr'><strong>reperit</strong></span> <span class='ocrx_word' id='word_1_277' title='bbox 467 1974 585 2014; x_wconf 89' lang='lat' dir='ltr'><strong>esse</strong></span> <span class='ocrx_word' id='word_1_278' title='bbox 607 1962 1044 2030; x_wconf 85' lang='lat' dir='ltr'><strong>sesquialterum.</strong></span> <span class='ocrx_word' id='word_1_279' title='bbox 1075 1962 1189 2016; x_wconf 91' lang='lat' dir='ltr'><strong>Duo</strong></span> <span class='ocrx_word' id='word_1_280' title='bbox 1206 1977 1334 2017; x_wconf 91' lang='lat' dir='ltr'><strong>vero</strong></span> <span class='ocrx_word' id='word_1_281' title='bbox 1359 1962 1432 2027; x_wconf 88' lang='lat' dir='ltr'><strong>hi,</strong></span> <span class='ocrx_word' id='word_1_282' title='bbox 1448 1960 1516 2014; x_wconf 91' lang='lat' dir='ltr'><strong>ad</strong></span> <span class='ocrx_word' id='word_1_283' title='bbox 1538 1975 1672 2029; x_wconf 88' lang='lat' dir='ltr'><strong>quos</strong></span> <span class='ocrx_word' id='word_1_284' title='bbox 1695 1974 1848 2028; x_wconf 88' lang='lat' dir='ltr'><strong>supe-</strong></span> 
     </span>
    </p>
   </div>
   <div class='ocr_carea' id='block_1_39' title="bbox 260 2049 1848 2120">
    <p class='ocr_par' dir='ltr' id='par_1_39' title="bbox 260 2049 1848 2120">
     <span class='ocr_line' id='line_1_39' title="bbox 260 2049 1848 2120; baseline 0.001 -17"><span class='ocrx_word' id='word_1_285' title='bbox 260 2049 364 2103; x_wconf 86' lang='lat' dir='ltr'><strong>tior</strong></span> <span class='ocrx_word' id='word_1_286' title='bbox 390 2049 584 2117; x_wconf 83' lang='lat' dir='ltr'><strong>duplex</strong></span> <span class='ocrx_word' id='word_1_287' title='bbox 618 2053 988 2119; x_wconf 87' lang='lat' dir='ltr'><strong>sesqnitertius</strong></span> <span class='ocrx_word' id='word_1_288' title='bbox 1009 2061 1062 2105; x_wconf 92' lang='lat' dir='ltr'><strong>et</strong></span> <span class='ocrx_word' id='word_1_289' title='bbox 1083 2052 1416 2119; x_wconf 87' lang='lat' dir='ltr'><strong>sesquialter</strong></span> <span class='ocrx_word' id='word_1_290' title='bbox 1443 2065 1565 2104; x_wconf 88' lang='lat' dir='ltr'><strong>esse</strong></span> <span class='ocrx_word' id='word_1_291' title='bbox 1592 2049 1848 2120; x_wconf 87' lang='lat' dir='ltr'><strong>probatus</strong></span> 
     </span>
    </p>
   </div>
   <div class='ocr_carea' id='block_1_40' title="bbox 1609 2614 1638 2645">
    <p class='ocr_par' dir='ltr' id='par_1_40' title="bbox 1609 2614 1638 2645">
     <span class='ocr_line' id='line_1_40' title="bbox 1609 2614 1638 2645; baseline 0 0"><span class='ocrx_word' id='word_1_292' title='bbox 1609 2614 1638 2645; x_wconf 65' lang='grc' dir='ltr'><em>ἓ</em></span> 
     </span>
    </p>
   </div>
   <div class='ocr_carea' id='block_1_41' title="bbox 1605 2724 1646 2795">
    <p class='ocr_par' dir='ltr' id='par_1_41' title="bbox 1605 2724 1646 2795">
     <span class='ocr_line' id='line_1_41' title="bbox 1611 2724 1637 2748; baseline 0 0"><span class='ocrx_word' id='word_1_293' title='bbox 1611 2724 1637 2748; x_wconf 86' lang='lat'>:</span> 
     </span>
     <span class='ocr_line' id='line_1_42' title="bbox 1605 2751 1646 2795; baseline 0 0"><span class='ocrx_word' id='word_1_294' title='bbox 1605 2751 1646 2795; x_wconf 69' lang='grc' dir='ltr'><strong>ει.</strong></span> 
     </span>
    </p>
   </div>
   <div class='ocr_carea' id='block_1_42' title="bbox 1606 2802 1641 2844">
    <p class='ocr_par' dir='ltr' id='par_1_42' title="bbox 1606 2802 1641 2844">
     <span class='ocr_line' id='line_1_43' title="bbox 1606 2802 1641 2844; baseline 0 0"><span class='ocrx_word' id='word_1_295' title='bbox 1606 2802 1641 2844; x_wconf 62' lang='grc' dir='ltr'><strong><em>Ρ</em></strong></span> 
     </span>
    </p>
   </div>
   <div class='ocr_carea' id='block_1_43' title="bbox 1607 2886 1646 2951">
    <p class='ocr_par' dir='ltr' id='par_1_43' title="bbox 1607 2886 1646 2951">
     <span class='ocr_line' id='line_1_44' title="bbox 1607 2886 1646 2951; baseline 0 0"><span class='ocrx_word' id='word_1_296' title='bbox 1607 2886 1646 2951; x_wconf 75' lang='grc' dir='ltr'><em>Ξ</em></span> 
     </span>
    </p>
   </div>
   <div class='ocr_carea' id='block_1_44' title="bbox 1608 2951 1639 2966">
    <p class='ocr_par' dir='ltr' id='par_1_44' title="bbox 1608 2951 1639 2966">
     <span class='ocr_line' id='line_1_45' title="bbox 1608 2951 1639 2966; baseline 0 0"><span class='ocrx_word' id='word_1_297' title='bbox 1608 2951 1639 2966; x_wconf 61' lang='grc' dir='ltr'><strong>-ό</strong></span> 
     </span>
    </p>
   </div>
   <div class='ocr_carea' id='block_1_45' title="bbox 1607 2972 1642 3030">
    <p class='ocr_par' dir='ltr' id='par_1_45' title="bbox 1607 2972 1642 3030">
     <span class='ocr_line' id='line_1_46' title="bbox 1607 2972 1642 3030; baseline 0 0"><span class='ocrx_word' id='word_1_298' title='bbox 1607 2972 1642 3030; x_wconf 68' lang='grc' dir='ltr'>Ξ</span> 
     </span>
    </p>
   </div>
   <div class='ocr_carea' id='block_1_46' title="bbox 710 3328 1410 3392">
    <p class='ocr_par' dir='ltr' id='par_1_46' title="bbox 710 3328 1410 3392">
     <span class='ocr_line' id='line_1_47' title="bbox 710 3328 1410 3392; baseline 0.007 -16"><span class='ocrx_word' id='word_1_299' title='bbox 710 3328 1087 3392; x_wconf 86' lang='lat' dir='ltr'><strong>Sesquitertium</strong></span> <span class='ocrx_word' id='word_1_300' title='bbox 1112 3331 1410 3381; x_wconf 78' lang='lat' dir='ltr'><strong>diatessaron</strong></span> 
     </span>
    </p>
   </div>
   <div class='ocr_carea' id='block_1_47' title="bbox 884 3442 1239 3500">
    <p class='ocr_par' dir='ltr' id='par_1_47' title="bbox 884 3442 1239 3500">
     <span class='ocr_line' id='line_1_48' title="bbox 884 3442 1239 3500; baseline 0.003 -3"><span class='ocrx_word' id='word_1_301' title='bbox 884 3442 1110 3499; x_wconf 83' lang='lat' dir='ltr'><strong>CAPUT</strong></span> <span class='ocrx_word' id='word_1_302' title='bbox 1148 3445 1239 3500; x_wconf 81' lang='lat' dir='ltr'><strong>XI.</strong></span> 
     </span>
    </p>
   </div>
   <div class='ocr_carea' id='block_1_48' title="bbox 268 3529 1858 3608">
    <p class='ocr_par' dir='ltr' id='par_1_48' title="bbox 268 3529 1858 3608">
     <span class='ocr_line' id='line_1_49' title="bbox 268 3529 1858 3608; baseline 0.008 -22"><span class='ocrx_word' id='word_1_303' title='bbox 268 3532 469 3600; x_wconf 79' lang='lat' dir='ltr'><strong>Quibus</strong></span> <span class='ocrx_word' id='word_1_304' title='bbox 506 3535 671 3587; x_wconf 81' lang='lat' dir='ltr'><strong>modis</strong></span> <span class='ocrx_word' id='word_1_305' title='bbox 710 3535 847 3588; x_wconf 83' lang='lat' dir='ltr'><strong>varie</strong></span> <span class='ocrx_word' id='word_1_306' title='bbox 873 3551 905 3587; x_wconf 90' lang='lat' dir='ltr'><strong>a</strong></span> <span class='ocrx_word' id='word_1_307' title='bbox 936 3533 1238 3607; x_wconf 83' lang='lat' dir='ltr'><strong>Pythagora</strong></span> <span class='ocrx_word' id='word_1_308' title='bbox 1279 3529 1638 3608; x_wconf 75' lang='lat' dir='ltr'><strong>preportt&#39;onea</strong></span> <span class='ocrx_word' id='word_1_309' title='bbox 1678 3558 1858 3598; x_wconf 80' lang='lat' dir='ltr'><strong>como-</strong></span> 
     </span>
    </p>
   </div>
   <div class='ocr_carea' id='block_1_49' title="bbox 695 3629 1429 3698">
    <p class='ocr_par' dir='ltr' id='par_1_49' title="bbox 695 3629 1429 3698">
     <span class='ocr_line' id='line_1_50' title="bbox 695 3629 1429 3698; baseline 0.003 -16"><span class='ocrx_word' id='word_1_310' title='bbox 695 3629 987 3682; x_wconf 83' lang='lat' dir='ltr'><strong>nantiarum</strong></span> <span class='ocrx_word' id='word_1_311' title='bbox 1016 3645 1277 3698; x_wconf 68' lang='lat' dir='ltr'><strong>perpensa:</strong></span> <span class='ocrx_word' id='word_1_312' title='bbox 1306 3631 1429 3685; x_wconf 80' lang='lat' dir='ltr'><strong>sint.</strong></span> 
     </span>
    </p>
   </div>
   <div class='ocr_carea' id='block_1_50' title="bbox 342 3718 1861 3788">
    <p class='ocr_par' dir='ltr' id='par_1_50' title="bbox 342 3718 1861 3788">
     <span class='ocr_line' id='line_1_51' title="bbox 342 3718 1861 3788; baseline 0.006 -16"><span class='ocrx_word' id='word_1_313' title='bbox 342 3718 480 3774; x_wconf 62' lang='lat' dir='ltr'><strong>line</strong></span> <span class='ocrx_word' id='word_1_314' title='bbox 505 3720 667 3788; x_wconf 78' lang='lat' dir='ltr'><strong>igitur</strong></span> <span class='ocrx_word' id='word_1_315' title='bbox 696 3719 912 3773; x_wconf 91' lang='lat' dir='ltr'><strong>domum</strong></span> <span class='ocrx_word' id='word_1_316' title='bbox 956 3735 1239 3785; x_wconf 83' lang='lat' dir='ltr'><strong>reversus,</strong></span> <span class='ocrx_word' id='word_1_317' title='bbox 1274 3721 1419 3775; x_wconf 91' lang='lat' dir='ltr'><strong>varia</strong></span> <span class='ocrx_word' id='word_1_318' title='bbox 1464 3723 1861 3781; x_wconf 80' lang='lat' dir='ltr'><strong>examinatione</strong></span> 
     </span>
    </p>
   </div>
   <div class='ocr_carea' id='block_1_51' title="bbox 266 3810 1860 3884">
    <p class='ocr_par' dir='ltr' id='par_1_51' title="bbox 266 3810 1860 3884">
     <span class='ocr_line' id='line_1_52' title="bbox 266 3810 1860 3884; baseline 0.002 -17"><span class='ocrx_word' id='word_1_319' title='bbox 266 3811 556 3881; x_wconf 86' lang='lat' dir='ltr'><strong>perpendit</strong></span> <span class='ocrx_word' id='word_1_320' title='bbox 581 3826 644 3864; x_wconf 90' lang='lat' dir='ltr'><strong>an</strong></span> <span class='ocrx_word' id='word_1_321' title='bbox 674 3811 724 3862; x_wconf 89' lang='lat' dir='ltr'><strong>in</strong></span> <span class='ocrx_word' id='word_1_322' title='bbox 771 3810 853 3865; x_wconf 91' lang='lat' dir='ltr'><strong>his</strong></span> <span class='ocrx_word' id='word_1_323' title='bbox 883 3811 1320 3878; x_wconf 84' lang='lat' dir='ltr'><strong>proportionibus</strong></span> <span class='ocrx_word' id='word_1_324' title='bbox 1352 3813 1486 3867; x_wconf 91' lang='lat' dir='ltr'><strong>ratio</strong></span> <span class='ocrx_word' id='word_1_325' title='bbox 1511 3816 1860 3884; x_wconf 90' lang='lat' dir='ltr'><strong>symphonia-</strong></span> 
     </span>
    </p>
   </div>
   <div class='ocr_carea' id='block_1_52' title="bbox 266 3900 1862 3975">
    <p class='ocr_par' dir='ltr' id='par_1_52' title="bbox 266 3900 1862 3975">
     <span class='ocr_line' id='line_1_53' title="bbox 266 3900 1862 3975; baseline 0.003 -18"><span class='ocrx_word' id='word_1_326' title='bbox 266 3917 388 3957; x_wconf 80' lang='lat' dir='ltr'><strong>rum</strong></span> <span class='ocrx_word' id='word_1_327' title='bbox 425 3909 530 3955; x_wconf 88' lang='lat' dir='ltr'><strong>tota</strong></span> <span class='ocrx_word' id='word_1_328' title='bbox 562 3901 903 3956; x_wconf 86' lang='lat' dir='ltr'><strong>consisteret.</strong></span> <span class='ocrx_word' id='word_1_329' title='bbox 940 3911 961 3938; x_wconf 75' lang='grc' dir='ltr'><strong>ο</strong></span> <span class='ocrx_word' id='word_1_330' title='bbox 989 3900 1139 3956; x_wconf 90' lang='lat' dir='ltr'><strong>llunc</strong></span> <span class='ocrx_word' id='word_1_331' title='bbox 1180 3902 1392 3972; x_wconf 87' lang='lat' dir='ltr'><strong>quidem</strong></span> <span class='ocrx_word' id='word_1_332' title='bbox 1429 3919 1577 3974; x_wconf 76' lang='lat' dir='ltr'><strong>aequa</strong></span> <span class='ocrx_word' id='word_1_333' title='bbox 1625 3905 1862 3975; x_wconf 84' lang='lat' dir='ltr'><strong>pondera</strong></span> 
     </span>
    </p>
   </div>
   <div class='ocr_carea' id='block_1_53' title="bbox 270 3994 1860 4067">
    <p class='ocr_par' dir='ltr' id='par_1_53' title="bbox 270 3994 1860 4067">
     <span class='ocr_line' id='line_1_54' title="bbox 270 3994 1860 4067; baseline 0.004 -20"><span class='ocrx_word' id='word_1_334' title='bbox 270 3994 457 4047; x_wconf 86' lang='lat' dir='ltr'><strong>nervis</strong></span> <span class='ocrx_word' id='word_1_335' title='bbox 488 4000 698 4059; x_wconf 85' lang='lat' dir='ltr'><strong>aptans,</strong></span> <span class='ocrx_word' id='word_1_336' title='bbox 743 4007 1038 4063; x_wconf 90' lang='lat' dir='ltr'><strong>eorumque</strong></span> <span class='ocrx_word' id='word_1_337' title='bbox 1067 3994 1445 4050; x_wconf 83' lang='lat' dir='ltr'><strong>censonantias</strong></span> <span class='ocrx_word' id='word_1_338' title='bbox 1491 4010 1621 4052; x_wconf 90' lang='lat' dir='ltr'><strong>aure</strong></span> <span class='ocrx_word' id='word_1_339' title='bbox 1662 3997 1860 4067; x_wconf 91' lang='lat' dir='ltr'><strong>dijudi-</strong></span> 
     </span>
    </p>
   </div>
   <div class='ocr_carea' id='block_1_54' title="bbox 266 4083 1863 4157">
    <p class='ocr_par' dir='ltr' id='par_1_54' title="bbox 266 4083 1863 4157">
     <span class='ocr_line' id='line_1_55' title="bbox 266 4083 1863 4157; baseline 0.003 -18"><span class='ocrx_word' id='word_1_340' title='bbox 266 4098 434 4150; x_wconf 87' lang='lat' dir='ltr'><strong>cans;</strong></span> <span class='ocrx_word' id='word_1_341' title='bbox 467 4099 606 4138; x_wconf 92' lang='lat' dir='ltr'><strong>nunc</strong></span> <span class='ocrx_word' id='word_1_342' title='bbox 639 4092 764 4137; x_wconf 87' lang='lat' dir='ltr'><strong>vero</strong></span> <span class='ocrx_word' id='word_1_343' title='bbox 793 4083 844 4136; x_wconf 90' lang='lat' dir='ltr'><strong>in</strong></span> <span class='ocrx_word' id='word_1_344' title='bbox 873 4083 1205 4154; x_wconf 79' lang='lat' dir='ltr'><strong>longitudine</strong></span> <span class='ocrx_word' id='word_1_345' title='bbox 1233 4085 1559 4140; x_wconf 85' lang='lat' dir='ltr'><strong>calamorum</strong></span> <span class='ocrx_word' id='word_1_346' title='bbox 1585 4087 1863 4157; x_wconf 88' lang='lat' dir='ltr'><strong>duplicita-</strong></span> 
     </span>
    </p>
   </div>
   <div class='ocr_carea' id='block_1_55' title="bbox 271 4157 1862 4249">
    <p class='ocr_par' dir='ltr' id='par_1_55' title="bbox 271 4157 1862 4249">
     <span class='ocr_line' id='line_1_56' title="bbox 271 4157 1862 4249; baseline 0.004 -20"><span class='ocrx_word' id='word_1_347' title='bbox 271 4185 384 4230; x_wconf 91' lang='lat' dir='ltr'><strong>tem</strong></span> <span class='ocrx_word' id='word_1_348' title='bbox 418 4157 866 4243; x_wconf 73' lang='lat' dir='ltr'><strong>medietatemque</strong></span> <span class='ocrx_word' id='word_1_349' title='bbox 906 4177 1212 4242; x_wconf 70' lang='lat' dir='ltr'><strong>restituens,</strong></span> <span class='ocrx_word' id='word_1_350' title='bbox 1266 4186 1595 4247; x_wconf 68' lang='lat' dir='ltr'><strong>cacterasque</strong></span> <span class='ocrx_word' id='word_1_351' title='bbox 1636 4193 1862 4249; x_wconf 88' lang='lat' dir='ltr'><strong>propor-</strong></span> 
     </span>
    </p>
   </div>
   <div class='ocr_carea' id='block_1_56' title="bbox 266 4268 1858 4341">
    <p class='ocr_par' dir='ltr' id='par_1_56' title="bbox 266 4268 1858 4341">
     <span class='ocr_line' id='line_1_57' title="bbox 266 4268 1858 4341; baseline 0.004 -19"><span class='ocrx_word' id='word_1_352' title='bbox 266 4268 450 4323; x_wconf 83' lang='lat' dir='ltr'><strong>tiones</strong></span> <span class='ocrx_word' id='word_1_353' title='bbox 464 4275 673 4337; x_wconf 89' lang='lat' dir='ltr'><strong>aptans,</strong></span> <span class='ocrx_word' id='word_1_354' title='bbox 696 4269 1094 4336; x_wconf 86' lang='lat' dir='ltr'><strong>integerrimam</strong></span> <span class='ocrx_word' id='word_1_355' title='bbox 1119 4268 1276 4323; x_wconf 78' lang='lat' dir='ltr'><strong>fidem</strong></span> <span class='ocrx_word' id='word_1_356' title='bbox 1299 4269 1508 4326; x_wconf 90' lang='lat' dir='ltr'><strong>diversa</strong></span> <span class='ocrx_word' id='word_1_357' title='bbox 1527 4271 1858 4341; x_wconf 84' lang='lat' dir='ltr'><strong>experientia</strong></span> 
     </span>
    </p>
   </div>
   <div class='ocr_carea' id='block_1_57' title="bbox 268 4358 1862 4436">
    <p class='ocr_par' dir='ltr' id='par_1_57' title="bbox 268 4358 1862 4436">
     <span class='ocr_line' id='line_1_58' title="bbox 268 4358 1862 4436; baseline 0.003 -21"><span class='ocrx_word' id='word_1_358' title='bbox 268 4361 541 4430; x_wconf 84' lang='lat' dir='ltr'><strong>capiebat.</strong></span> <span class='ocrx_word' id='word_1_359' title='bbox 573 4361 728 4429; x_wconf 69' lang='lat' dir='ltr'><strong>Saepe</strong></span> <span class='ocrx_word' id='word_1_360' title='bbox 767 4358 784 4397; x_wconf 76' lang='grc' dir='ltr'>ί</span> <span class='ocrx_word' id='word_1_361' title='bbox 817 4371 870 4415; x_wconf 92' lang='lat' dir='ltr'><strong>et</strong></span> <span class='ocrx_word' id='word_1_362' title='bbox 899 4376 994 4430; x_wconf 91' lang='lat' dir='ltr'><strong>pro</strong></span> <span class='ocrx_word' id='word_1_363' title='bbox 1026 4376 1396 4417; x_wconf 87' lang='lat' dir='ltr'><strong>mensurarum</strong></span> <span class='ocrx_word' id='word_1_364' title='bbox 1442 4364 1602 4418; x_wconf 91' lang='lat' dir='ltr'><strong>modo</strong></span> <span class='ocrx_word' id='word_1_365' title='bbox 1641 4364 1862 4436; x_wconf 80' lang='lat' dir='ltr'><strong>cyathos</strong></span> 
     </span>
    </p>
   </div>
   <div class='ocr_carea' id='block_1_58' title="bbox 264 4457 1859 4529">
    <p class='ocr_par' dir='ltr' id='par_1_58' title="bbox 264 4457 1859 4529">
     <span class='ocr_line' id='line_1_59' title="bbox 264 4457 1859 4529; baseline 0.001 -17"><span class='ocrx_word' id='word_1_366' title='bbox 264 4472 549 4528; x_wconf 70' lang='lat' dir='ltr'><strong>aequorum</strong></span> <span class='ocrx_word' id='word_1_367' title='bbox 579 4457 883 4526; x_wconf 88' lang='lat' dir='ltr'><strong>ponderum</strong></span> <span class='ocrx_word' id='word_1_368' title='bbox 909 4458 1199 4511; x_wconf 85' lang='lat' dir='ltr'><strong>acetahnlis</strong></span> <span class='ocrx_word' id='word_1_369' title='bbox 1229 4457 1547 4523; x_wconf 89' lang='lat' dir='ltr'><strong>imtnittens;</strong></span> <span class='ocrx_word' id='word_1_370' title='bbox 1578 4475 1720 4528; x_wconf 64' lang='lat' dir='ltr'><strong>saepe</strong></span> <span class='ocrx_word' id='word_1_371' title='bbox 1745 4459 1859 4529; x_wconf 90' lang='lat' dir='ltr'><strong>ipsa</strong></span> 
     </span>
    </p>
   </div>
   <div class='ocr_carea' id='block_1_59' title="bbox 263 4530 1859 4622">
    <p class='ocr_par' dir='ltr' id='par_1_59' title="bbox 263 4530 1859 4622">
     <span class='ocr_line' id='line_1_60' title="bbox 263 4530 1859 4622; baseline 0.001 -18"><span class='ocrx_word' id='word_1_372' title='bbox 263 4565 495 4620; x_wconf 86' lang='lat' dir='ltr'><strong>quoque</strong></span> <span class='ocrx_word' id='word_1_373' title='bbox 527 4549 800 4603; x_wconf 77' lang='lat' dir='ltr'><strong>acetabula</strong></span> <span class='ocrx_word' id='word_1_374' title='bbox 832 4548 1060 4604; x_wconf 80' lang='lat' dir='ltr'><strong>diversis</strong></span> <span class='ocrx_word' id='word_1_375' title='bbox 1087 4530 1310 4604; x_wconf 59' lang='lat' dir='ltr'><strong>formafa</strong></span> <span class='ocrx_word' id='word_1_376' title='bbox 1339 4551 1664 4620; x_wconf 86' lang='lat' dir='ltr'><strong>ponderibus</strong></span> <span class='ocrx_word' id='word_1_377' title='bbox 1688 4553 1859 4622; x_wconf 85' lang='lat' dir='ltr'><strong>virga,</strong></span> 
     </span>
    </p>
   </div>
   <div class='ocr_carea' id='block_1_60' title="bbox 263 4641 1860 4710">
    <p class='ocr_par' dir='ltr' id='par_1_60' title="bbox 263 4641 1860 4710">
     <span class='ocr_line' id='line_1_61' title="bbox 263 4641 1860 4710; baseline 0 -11"><span class='ocrx_word' id='word_1_378' title='bbox 263 4643 357 4699; x_wconf 82' lang='lat' dir='ltr'><strong>vel</strong></span> <span class='ocrx_word' id='word_1_379' title='bbox 383 4657 543 4706; x_wconf 62' lang='lat' dir='ltr'><strong>aerea,</strong></span> <span class='ocrx_word' id='word_1_380' title='bbox 592 4641 834 4697; x_wconf 78' lang='lat' dir='ltr'><strong>ierreave</strong></span> <span class='ocrx_word' id='word_1_381' title='bbox 866 4642 1194 4710; x_wconf 88' lang='lat' dir='ltr'><strong>percutiens,</strong></span> <span class='ocrx_word' id='word_1_382' title='bbox 1245 4643 1378 4697; x_wconf 91' lang='lat' dir='ltr'><strong>nihil</strong></span> <span class='ocrx_word' id='word_1_383' title='bbox 1425 4660 1543 4697; x_wconf 87' lang='lat' dir='ltr'><strong>esse</strong></span> <span class='ocrx_word' id='word_1_384' title='bbox 1589 4644 1860 4699; x_wconf 87' lang='lat' dir='ltr'><strong>diversum</strong></span> 
     </span>
    </p>
   </div>
   <div class='ocr_carea' id='block_1_61' title="bbox 264 4721 1855 4806">
    <p class='ocr_par' dir='ltr' id='par_1_61' title="bbox 264 4721 1855 4806">
     <span class='ocr_line' id='line_1_62' title="bbox 264 4721 1855 4806; baseline 0.001 -17"><span class='ocrx_word' id='word_1_385' title='bbox 264 4734 544 4789; x_wconf 77' lang='lat' dir='ltr'><strong>invenis~e</strong></span> <span class='ocrx_word' id='word_1_386' title='bbox 575 4734 783 4787; x_wconf 65' lang='lat' dir='ltr'><strong>Imtatus</strong></span> <span class='ocrx_word' id='word_1_387' title='bbox 812 4743 916 4788; x_wconf 80' lang='lat' dir='ltr'><strong>est.</strong></span> <span class='ocrx_word' id='word_1_388' title='bbox 950 4733 1082 4786; x_wconf 92' lang='lat' dir='ltr'><strong>lline</strong></span> <span class='ocrx_word' id='word_1_389' title='bbox 1112 4733 1272 4786; x_wconf 91' lang='lat' dir='ltr'><strong>etiam</strong></span> <span class='ocrx_word' id='word_1_390' title='bbox 1304 4734 1522 4798; x_wconf 88' lang='lat' dir='ltr'><strong>ductus,</strong></span> <span class='ocrx_word' id='word_1_391' title='bbox 1559 4721 1855 4806; x_wconf 84' lang='lat' dir='ltr'><strong>long&#39;tudi-</strong></span> 
     </span>
    </p>
   </div>
   <div class='ocr_carea' id='block_1_62' title="bbox 263 4824 1857 4898">
    <p class='ocr_par' dir='ltr' id='par_1_62' title="bbox 263 4824 1857 4898">
     <span class='ocr_line' id='line_1_63' title="bbox 263 4824 1857 4898; baseline -0.003 -13"><span class='ocrx_word' id='word_1_392' title='bbox 263 4843 397 4885; x_wconf 88' lang='lat' dir='ltr'><strong>nem</strong></span> <span class='ocrx_word' id='word_1_393' title='bbox 421 4826 940 4894; x_wconf 85' lang='lat' dir='ltr'><strong>crassitudinemque</strong></span> <span class='ocrx_word' id='word_1_394' title='bbox 961 4824 1284 4880; x_wconf 85' lang='lat' dir='ltr'><strong>chordarum</strong></span> <span class='ocrx_word' id='word_1_395' title='bbox 1341 4837 1392 4878; x_wconf 88' lang='lat' dir='ltr'><strong>ut</strong></span> <span class='ocrx_word' id='word_1_396' title='bbox 1412 4827 1745 4882; x_wconf 84' lang='lat' dir='ltr'><strong>examinaret</strong></span> <span class='ocrx_word' id='word_1_397' title='bbox 1773 4842 1857 4898; x_wconf 89' lang='lat' dir='ltr'><strong>ag-</strong></span> 
     </span>
    </p>
   </div>
   <div class='ocr_carea' id='block_1_63' title="bbox 264 4918 1860 4991">
    <p class='ocr_par' dir='ltr' id='par_1_63' title="bbox 264 4918 1860 4991">
     <span class='ocr_line' id='line_1_64' title="bbox 264 4918 1860 4991; baseline 0.001 -16"><span class='ocrx_word' id='word_1_398' title='bbox 264 4935 488 4991; x_wconf 87' lang='lat' dir='ltr'><strong>gressus</strong></span> <span class='ocrx_word' id='word_1_399' title='bbox 514 4929 616 4975; x_wconf 88' lang='lat' dir='ltr'><strong>est.</strong></span> <span class='ocrx_word' id='word_1_400' title='bbox 650 4920 832 4990; x_wconf 89' lang='lat' dir='ltr'><strong>Itaque</strong></span> <span class='ocrx_word' id='word_1_401' title='bbox 856 4918 1062 4973; x_wconf 89' lang='lat' dir='ltr'><strong>invenit</strong></span> <span class='ocrx_word' id='word_1_402' title='bbox 1089 4918 1350 4987; x_wconf 85' lang='lat' dir='ltr'><strong>regulam,</strong></span> <span class='ocrx_word' id='word_1_403' title='bbox 1382 4919 1447 4972; x_wconf 86' lang='lat' dir='ltr'><strong>de</strong></span> <span class='ocrx_word' id='word_1_404' title='bbox 1468 4935 1568 4986; x_wconf 91' lang='lat' dir='ltr'><strong>qna</strong></span> <span class='ocrx_word' id='word_1_405' title='bbox 1599 4921 1860 4986; x_wconf 87' lang='lat' dir='ltr'><strong>posterius</strong></span> 
     </span>
    </p>
   </div>
   <div class='ocr_carea' id='block_1_64' title="bbox 265 5011 1858 5084">
    <p class='ocr_par' dir='ltr' id='par_1_64' title="bbox 265 5011 1858 5084">
     <span class='ocr_line' id='line_1_65' title="bbox 265 5011 1858 5084; baseline -0.002 -15"><span class='ocrx_word' id='word_1_406' title='bbox 265 5013 572 5084; x_wconf 84' lang='lat' dir='ltr'><strong>lcqnemur,</strong></span> <span class='ocrx_word' id='word_1_407' title='bbox 598 5029 717 5083; x_wconf 68' lang='lat' dir='ltr'><strong>quae</strong></span> <span class='ocrx_word' id='word_1_408' title='bbox 743 5028 805 5067; x_wconf 87' lang='lat' dir='ltr'><strong>ex</strong></span> <span class='ocrx_word' id='word_1_409' title='bbox 836 5028 894 5067; x_wconf 91' lang='lat' dir='ltr'><strong>re</strong></span> <span class='ocrx_word' id='word_1_410' title='bbox 921 5011 1235 5066; x_wconf 82' lang='lat' dir='ltr'><strong>vocabulum</strong></span> <span class='ocrx_word' id='word_1_411' title='bbox 1253 5012 1504 5075; x_wconf 90' lang='lat' dir='ltr'><strong>sumpsit,</strong></span> <span class='ocrx_word' id='word_1_412' title='bbox 1536 5020 1561 5057; x_wconf 75' lang='grc' dir='ltr'>ε</span> <span class='ocrx_word' id='word_1_413' title='bbox 1592 5027 1695 5064; x_wconf 93' lang='lat' dir='ltr'><strong>non</strong></span> <span class='ocrx_word' id='word_1_414' title='bbox 1718 5012 1858 5082; x_wconf 85' lang='lat' dir='ltr'><strong>quod</strong></span> 
     </span>
    </p>
   </div>
   <div class='ocr_carea' id='block_1_65' title="bbox 265 5102 1857 5178">
    <p class='ocr_par' dir='ltr' id='par_1_65' title="bbox 265 5102 1857 5178">
     <span class='ocr_line' id='line_1_66' title="bbox 265 5102 1857 5178; baseline -0.004 -14"><span class='ocrx_word' id='word_1_415' title='bbox 265 5108 454 5178; x_wconf 85' lang='lat' dir='ltr'><strong>regula</strong></span> <span class='ocrx_word' id='word_1_416' title='bbox 485 5107 556 5160; x_wconf 93' lang='lat' dir='ltr'><strong>sit</strong></span> <span class='ocrx_word' id='word_1_417' title='bbox 590 5107 762 5171; x_wconf 87' lang='lat' dir='ltr'><strong>linea,</strong></span> <span class='ocrx_word' id='word_1_418' title='bbox 800 5120 894 5173; x_wconf 91' lang='lat' dir='ltr'><strong>per</strong></span> <span class='ocrx_word' id='word_1_419' title='bbox 924 5120 1082 5174; x_wconf 90' lang='lat' dir='ltr'><strong>quam</strong></span> <span class='ocrx_word' id='word_1_420' title='bbox 1113 5103 1511 5175; x_wconf 82' lang='lat' dir='ltr'><strong>magnitudines</strong></span> <span class='ocrx_word' id='word_1_421' title='bbox 1535 5102 1857 5158; x_wconf 89' lang='lat' dir='ltr'><strong>chordarum</strong></span> 
     </span>
    </p>
   </div>
   <div class='ocr_carea' id='block_1_66' title="bbox 265 5196 1857 5271">
    <p class='ocr_par' dir='ltr' id='par_1_66' title="bbox 265 5196 1857 5271">
     <span class='ocr_line' id='line_1_67' title="bbox 265 5196 1857 5271; baseline -0.003 -16"><span class='ocrx_word' id='word_1_422' title='bbox 265 5214 569 5268; x_wconf 84' lang='lat' dir='ltr'><strong>sonumque</strong></span> <span class='ocrx_word' id='word_1_423' title='bbox 599 5199 871 5271; x_wconf 84' lang='lat' dir='ltr'><strong>metimur,</strong></span> <span class='ocrx_word' id='word_1_424' title='bbox 898 5197 991 5251; x_wconf 89' lang='lat' dir='ltr'><strong>sed</strong></span> <span class='ocrx_word' id='word_1_425' title='bbox 1021 5196 1161 5266; x_wconf 87' lang='lat' dir='ltr'><strong>quod</strong></span> <span class='ocrx_word' id='word_1_426' title='bbox 1189 5197 1368 5266; x_wconf 90' lang='lat' dir='ltr'><strong>regula</strong></span> <span class='ocrx_word' id='word_1_427' title='bbox 1394 5197 1635 5266; x_wconf 66' lang='lat' dir='ltr'><strong>quit-dam</strong></span> <span class='ocrx_word' id='word_1_428' title='bbox 1659 5197 1728 5252; x_wconf 87' lang='lat' dir='ltr'><strong>sit</strong></span> <span class='ocrx_word' id='word_1_429' title='bbox 1758 5196 1857 5250; x_wconf 87' lang='lat' dir='ltr'><strong>hu-</strong></span> 
     </span>
    </p>
   </div>
   <div class='ocr_carea' id='block_1_67' title="bbox 267 5289 1859 5360">
    <p class='ocr_par' dir='ltr' id='par_1_67' title="bbox 267 5289 1859 5360">
     <span class='ocr_line' id='line_1_68' title="bbox 267 5289 1859 5360; baseline 0.001 -17"><span class='ocrx_word' id='word_1_430' title='bbox 267 5291 501 5360; x_wconf 80' lang='lat' dir='ltr'><strong>Insmodi</strong></span> <span class='ocrx_word' id='word_1_431' title='bbox 532 5293 791 5360; x_wconf 86' lang='lat' dir='ltr'><strong>inspectio</strong></span> <span class='ocrx_word' id='word_1_432' title='bbox 821 5290 922 5344; x_wconf 81' lang='lat' dir='ltr'><strong>ﬁxa</strong></span> <span class='ocrx_word' id='word_1_433' title='bbox 955 5289 1237 5360; x_wconf 78' lang='lat' dir='ltr'><strong>firmaque,</strong></span> <span class='ocrx_word' id='word_1_434' title='bbox 1261 5300 1318 5343; x_wconf 91' lang='grc' dir='ltr'><strong>ιιι</strong></span> <span class='ocrx_word' id='word_1_435' title='bbox 1347 5289 1550 5345; x_wconf 85' lang='lat' dir='ltr'><strong>nullum</strong></span> <span class='ocrx_word' id='word_1_436' title='bbox 1585 5291 1859 5360; x_wconf 84' lang='lat' dir='ltr'><strong>inquiren-</strong></span> 
     </span>
    </p>
   </div>
   <div class='ocr_carea' id='block_1_68' title="bbox 267 5382 1323 5454">
    <p class='ocr_par' dir='ltr' id='par_1_68' title="bbox 267 5382 1323 5454">
     <span class='ocr_line' id='line_1_69' title="bbox 267 5382 1323 5454; baseline -0.009 -14"><span class='ocrx_word' id='word_1_437' title='bbox 267 5395 379 5440; x_wconf 92' lang='lat' dir='ltr'><strong>tem</strong></span> <span class='ocrx_word' id='word_1_438' title='bbox 405 5385 570 5439; x_wconf 91' lang='lat' dir='ltr'><strong>dubio</strong></span> <span class='ocrx_word' id='word_1_439' title='bbox 599 5384 747 5439; x_wconf 83' lang='lat' dir='ltr'><strong>fallat</strong></span> <span class='ocrx_word' id='word_1_440' title='bbox 767 5382 991 5454; x_wconf 82' lang='lat' dir='ltr'><strong>judicio.</strong></span> <span class='ocrx_word' id='word_1_441' title='bbox 1322 5382 1323 5385; x_wconf 68' lang='grc'><em>“</em></span> 
     </span>
    </p>
   </div>
   <div class='ocr_carea' id='block_1_69' title="bbox 316 5462 1246 5536">
    <p class='ocr_par' dir='ltr' id='par_1_69' title="bbox 316 5462 1246 5536">
     <span class='ocr_line' id='line_1_70' title="bbox 316 5462 1246 5536; baseline -0.014 3"><span class='ocrx_word' id='word_1_442' title='bbox 316 5462 323 5467; x_wconf 81' lang='grc'><strong>’</strong></span> <span class='ocrx_word' id='word_1_443' title='bbox 711 5534 713 5536; x_wconf 80' lang='lat'>.</span> <span class='ocrx_word' id='word_1_444' title='bbox 869 5473 1094 5529; x_wconf 84' lang='lat' dir='ltr'><strong>CAPUT</strong></span> <span class='ocrx_word' id='word_1_445' title='bbox 1135 5471 1246 5526; x_wconf 82' lang='lat' dir='ltr'><strong>xu.</strong></span> 
     </span>
    </p>
   </div>
   <div class='ocr_carea' id='block_1_70' title="bbox 421 5565 1687 5632">
    <p class='ocr_par' dir='ltr' id='par_1_70' title="bbox 421 5565 1687 5632">
     <span class='ocr_line' id='line_1_71' title="bbox 421 5565 1687 5632; baseline -0.003 -10"><span class='ocrx_word' id='word_1_446' title='bbox 421 5569 494 5622; x_wconf 83' lang='lat' dir='ltr'><strong>De</strong></span> <span class='ocrx_word' id='word_1_447' title='bbox 524 5570 768 5623; x_wconf 79' lang='lat' dir='ltr'><strong>divisione</strong></span> <span class='ocrx_word' id='word_1_448' title='bbox 795 5583 974 5620; x_wconf 82' lang='lat' dir='ltr'><strong>vocum</strong></span> <span class='ocrx_word' id='word_1_449' title='bbox 1003 5582 1274 5631; x_wconf 74' lang='lat' dir='ltr'><strong>earumque</strong></span> <span class='ocrx_word' id='word_1_450' title='bbox 1310 5565 1687 5632; x_wconf 75' lang='lat' dir='ltr'><strong>explanatione.</strong></span> 
     </span>
    </p>
   </div>
   <div class='ocr_carea' id='block_1_71' title="bbox 343 5653 1862 5721">
    <p class='ocr_par' dir='ltr' id='par_1_71' title="bbox 343 5653 1862 5721">
     <span class='ocr_line' id='line_1_72' title="bbox 343 5653 1862 5721; baseline -0.004 -6"><span class='ocrx_word' id='word_1_451' title='bbox 343 5661 448 5715; x_wconf 85' lang='lat' dir='ltr'><strong>Sed</strong></span> <span class='ocrx_word' id='word_1_452' title='bbox 472 5661 536 5714; x_wconf 89' lang='lat' dir='ltr'><strong>de</strong></span> <span class='ocrx_word' id='word_1_453' title='bbox 563 5661 646 5714; x_wconf 89' lang='lat' dir='ltr'><strong>his</strong></span> <span class='ocrx_word' id='word_1_454' title='bbox 680 5663 970 5721; x_wconf 84' lang='lat' dir='ltr'><strong>hactenus;</strong></span> <span class='ocrx_word' id='word_1_455' title='bbox 1012 5672 1150 5709; x_wconf 90' lang='lat' dir='ltr'><strong>nunc</strong></span> <span class='ocrx_word' id='word_1_456' title='bbox 1179 5670 1366 5709; x_wconf 76' lang='lat' dir='ltr'><strong>vocum</strong></span> <span class='ocrx_word' id='word_1_457' title='bbox 1399 5653 1732 5709; x_wconf 74' lang='lat' dir='ltr'><strong>dill‘erentias</strong></span> <span class='ocrx_word' id='word_1_458' title='bbox 1757 5656 1862 5710; x_wconf 86' lang='lat' dir='ltr'><strong>col-</strong></span> 
     </span>
    </p>
   </div>
   <div class='ocr_carea' id='block_1_72' title="bbox 403 2139 1702 3422">
    <p class='ocr_par' dir='ltr' id='par_1_72' title="bbox 450 2183 1641 2694">
     <span class='ocr_line' id='line_1_73' title="bbox 450 2183 1641 2246; baseline 0.002 -17"><span class='ocrx_word' id='word_1_459' title='bbox 450 2183 505 2230; x_wconf 74' lang='lat'><strong>1&#39;2</strong></span> <span class='ocrx_word' id='word_1_460' title='bbox 699 2185 1062 2246; x_wconf 77' lang='lat' dir='ltr'><strong>Sesq&#39;uitertius</strong></span> <span class='ocrx_word' id='word_1_461' title='bbox 1097 2187 1397 2234; x_wconf 69' lang='lat' dir='ltr'><strong>diatessaron</strong></span> <span class='ocrx_word' id='word_1_462' title='bbox 1609 2183 1641 2231; x_wconf 83' lang='lat'><strong>9</strong></span> 
     </span>
     <span class='ocr_line' id='line_1_74' title="bbox 457 2269 1405 2694; baseline 0.005 -179"><span class='ocrx_word' id='word_1_463' title='bbox 457 2459 504 2516; x_wconf 65' lang='grc' dir='ltr'>Ξ</span> <span class='ocrx_word' id='word_1_464' title='bbox 1307 2428 1405 2520; x_wconf 47' lang='grc' dir='ltr'><strong>θδρ</strong></span> 
     </span>
    </p>

    <p class='ocr_par' dir='ltr' id='par_1_73' title="bbox 445 2497 1652 2595">
     <span class='ocr_line' id='line_1_75' title="bbox 445 2497 1652 2595; baseline 0.003 -12"><span class='ocrx_word' id='word_1_465' title='bbox 445 2521 504 2582; x_wconf 67' lang='grc' dir='ltr'><strong>’Ξ</strong></span> <span class='ocrx_word' id='word_1_466' title='bbox 767 2505 856 2595; x_wconf 57' lang='lat'><strong>9%</strong></span> <span class='ocrx_word' id='word_1_467' title='bbox 1240 2497 1322 2584; x_wconf 35' lang='grc' dir='ltr'>ιδ</span> <span class='ocrx_word' id='word_1_468' title='bbox 1608 2543 1652 2574; x_wconf 68' lang='grc' dir='ltr'><strong><em>Ὦ</em></strong></span> 
     </span>
    </p>

    <p class='ocr_par' dir='ltr' id='par_1_74' title="bbox 458 2569 1638 2663">
     <span class='ocr_line' id='line_1_76' title="bbox 458 2569 1638 2663; baseline 0.007 -8"><span class='ocrx_word' id='word_1_469' title='bbox 458 2588 491 2613; x_wconf 57' lang='grc' dir='ltr'><strong><em>ω</em></strong></span> <span class='ocrx_word' id='word_1_470' title='bbox 847 2569 929 2657; x_wconf 51' lang='grc' dir='ltr'><strong>4οΛ</strong></span> <span class='ocrx_word' id='word_1_471' title='bbox 1174 2573 1265 2659; x_wconf 40' lang='grc' dir='ltr'><strong>δ’δᾲ</strong></span> <span class='ocrx_word' id='word_1_472' title='bbox 1594 2581 1638 2663; x_wconf 61' lang='grc' dir='ltr'>Ξ</span> 
     </span>
    </p>

    <p class='ocr_par' dir='ltr' id='par_1_75' title="bbox 1605 2707 1646 2795">
     <span class='ocr_line' id='line_1_77' title="bbox 1605 2707 1646 2795; baseline 0 0"><span class='ocrx_word' id='word_1_473' title='bbox 1605 2707 1646 2795; x_wconf 75' lang='grc' dir='ltr'>Ξ</span> 
     </span>
    </p>

    <p class='ocr_par' dir='ltr' id='par_1_76' title="bbox 1606 2802 1641 2844">
     <span class='ocr_line' id='line_1_78' title="bbox 1606 2802 1641 2844; baseline 0 0"><span class='ocrx_word' id='word_1_474' title='bbox 1606 2802 1641 2844; x_wconf 61' lang='grc' dir='ltr'>Ρ</span> 
     </span>
    </p>

    <p class='ocr_par' dir='ltr' id='par_1_77' title="bbox 460 2862 1646 2938">
     <span class='ocr_line' id='line_1_79' title="bbox 460 2862 1646 2938; baseline 0.004 -8"><span class='ocrx_word' id='word_1_475' title='bbox 460 2862 508 2938; x_wconf 76' lang='grc' dir='ltr'>Ξ</span> <span class='ocrx_word' id='word_1_476' title='bbox 1607 2886 1646 2935; x_wconf 77' lang='lat'>3</span> 
     </span>
    </p>

    <p class='ocr_par' dir='ltr' id='par_1_78' title="bbox 449 2928 1642 3132">
     <span class='ocr_line' id='line_1_80' title="bbox 449 2928 1642 3048; baseline 0.01 -10"><span class='ocrx_word' id='word_1_477' title='bbox 449 2928 494 3038; x_wconf 61' lang='grc' dir='ltr'>ξ</span> <span class='ocrx_word' id='word_1_478' title='bbox 793 2932 906 3032; x_wconf 39' lang='grc' dir='ltr'><strong>δθᾳ</strong></span> <span class='ocrx_word' id='word_1_479' title='bbox 1051 3016 1060 3024; x_wconf 91' lang='grc'><strong>-</strong></span> <span class='ocrx_word' id='word_1_480' title='bbox 1214 2932 1317 3048; x_wconf 51' lang='lat'><strong>0%</strong></span> <span class='ocrx_word' id='word_1_481' title='bbox 1607 2939 1642 3030; x_wconf 63' lang='grc' dir='ltr'>Ξ</span> 
     </span>
     <span class='ocr_line' id='line_1_81' title="bbox 462 3026 1400 3132; baseline 0.013 -12"><span class='ocrx_word' id='word_1_482' title='bbox 462 3033 496 3103; x_wconf 64' lang='grc' dir='ltr'>ἓ</span> <span class='ocrx_word' id='word_1_483' title='bbox 709 3026 803 3121; x_wconf 43' lang='grc' dir='ltr'><strong>ῶθφ</strong></span> <span class='ocrx_word' id='word_1_484' title='bbox 1307 3037 1400 3132; x_wconf 54' lang='grc' dir='ltr'><strong>Θοτο</strong></span> 
     </span>
    </p>

    <p class='ocr_par' dir='ltr' id='par_1_79' title="bbox 473 3316 1650 3392">
     <span class='ocr_line' id='line_1_82' title="bbox 473 3316 1650 3392; baseline 0.003 -12"><span class='ocrx_word' id='word_1_485' title='bbox 473 3316 505 3380; x_wconf 82' lang='grc'><strong>6</strong></span> <span class='ocrx_word' id='word_1_486' title='bbox 710 3328 1087 3392; x_wconf 86' lang='lat' dir='ltr'><strong>Sesquitertium</strong></span> <span class='ocrx_word' id='word_1_487' title='bbox 1112 3331 1410 3381; x_wconf 78' lang='lat' dir='ltr'><strong>diatessaron</strong></span> <span class='ocrx_word' id='word_1_488' title='bbox 1620 3337 1650 3383; x_wconf 77' lang='lat'><strong><em>8</em></strong></span> 
     </span>
    </p>
   </div>
   <div class='ocr_carea' id='block_1_73' title="bbox 345 5772 1500 5832">
    <p class='ocr_par' dir='ltr' id='par_1_80' title="bbox 345 5772 1500 5832">
     <span class='ocr_line' id='line_1_83' title="bbox 345 5772 1500 5832; baseline -0.008 1"><span class='ocrx_word' id='word_1_489' title='bbox 345 5789 368 5817; x_wconf 79' lang='grc'><strong><em>⁸</em></strong></span> <span class='ocrx_word' id='word_1_490' title='bbox 407 5778 756 5832; x_wconf 53' lang='grc' dir='ltr'><strong>Γνι-ηιὶθειλγει.</strong></span> <span class='ocrx_word' id='word_1_491' title='bbox 837 5775 861 5811; x_wconf 74' lang='grc' dir='ltr'>ι’</span> <span class='ocrx_word' id='word_1_492' title='bbox 897 5773 1140 5828; x_wconf 76' lang='lat' dir='ltr'><strong>Emudit.</strong></span> <span class='ocrx_word' id='word_1_493' title='bbox 1226 5783 1245 5811; x_wconf 78' lang='grc' dir='ltr'><em>ε</em></span> <span class='ocrx_word' id='word_1_494' title='bbox 1287 5772 1500 5827; x_wconf 78' lang='lat' dir='ltr'><strong>Mutari.</strong></span> 
     </span>
    </p>
   </div>
   <div class='ocr_carea' id='block_1_74' title="bbox 1576 5769 1942 5830">
    <p class='ocr_par' dir='ltr' id='par_1_81' title="bbox 1576 5769 1942 5830">
     <span class='ocr_line' id='line_1_84' title="bbox 1576 5769 1942 5830; baseline 0.014 -5"><span class='ocrx_word' id='word_1_495' title='bbox 1576 5771 1601 5808; x_wconf 74' lang='grc' dir='ltr'>α</span> <span class='ocrx_word' id='word_1_496' title='bbox 1631 5769 1942 5830; x_wconf 83' lang='lat' dir='ltr'><strong>Concientia.</strong></span> 
     </span>
    </p>
   </div>
   <div class='ocr_carea' id='block_1_75' title="bbox 1874 2147 3553 3427">
    <p class='ocr_par' dir='ltr' id='par_1_82' title="bbox 1948 2525 3548 3340">
     <span class='ocr_line' id='line_1_85' title="bbox 2027 2525 3469 2645; baseline -0.007 -30"><span class='ocrx_word' id='word_1_497' title='bbox 2027 2525 2065 2645; x_wconf 47' lang='grc' dir='ltr'><em>κ</em></span> <span class='ocrx_word' id='word_1_498' title='bbox 2144 2574 2360 2629; x_wconf 52' lang='lat' dir='ltr'><strong>sesqui].</strong></span> <span class='ocrx_word' id='word_1_499' title='bbox 3148 2568 3356 2621; x_wconf 47' lang='lat' dir='ltr'><strong>sesqui).</strong></span> <span class='ocrx_word' id='word_1_500' title='bbox 3432 2529 3469 2630; x_wconf 44' lang='grc' dir='ltr'>Ν</span> 
     </span>
     <span class='ocr_line' id='line_1_86' title="bbox 2002 2696 3410 2775; baseline -0.005 0"><span class='ocrx_word' id='word_1_501' title='bbox 2002 2696 2003 2699; x_wconf 8' lang='grc' dir='ltr'>Ἴ</span> <span class='ocrx_word' id='word_1_502' title='bbox 2098 2727 2400 2775; x_wconf 77' lang='lat' dir='ltr'><strong>diatessaron</strong></span> <span class='ocrx_word' id='word_1_503' title='bbox 2485 2771 2488 2775; x_wconf 90' lang='lat'><strong>_</strong></span> <span class='ocrx_word' id='word_1_504' title='bbox 3102 2724 3359 2770; x_wconf 58' lang='lat' dir='ltr'><strong>diatmsart</strong></span> <span class='ocrx_word' id='word_1_505' title='bbox 3378 2725 3410 2768; x_wconf 87' lang='grc' dir='ltr'><strong>ἰι</strong></span> 
     </span>
     <span class='ocr_line' id='line_1_87' title="bbox 1958 2833 3546 2904; baseline -0.006 -18"><span class='ocrx_word' id='word_1_506' title='bbox 1958 2838 2017 2886; x_wconf 74' lang='lat'><strong>12</strong></span> <span class='ocrx_word' id='word_1_507' title='bbox 2301 2897 2306 2904; x_wconf 32' lang='lat'><strong><em>.</em></strong></span> <span class='ocrx_word' id='word_1_508' title='bbox 2482 2840 2511 2886; x_wconf 78' lang='grc'><strong>9</strong></span> <span class='ocrx_word' id='word_1_509' title='bbox 2990 2836 3018 2880; x_wconf 82' lang='lat'>8</span> <span class='ocrx_word' id='word_1_510' title='bbox 3501 2833 3546 2896; x_wconf 67' lang='grc' dir='ltr'>ιη</span> 
     </span>
     <span class='ocr_line' id='line_1_88' title="bbox 1948 2903 3548 2978; baseline -0.004 7"><span class='ocrx_word' id='word_1_511' title='bbox 1948 2903 2245 2914; x_wconf 57' lang='grc'><strong>’-</strong></span> <span class='ocrx_word' id='word_1_512' title='bbox 3537 2919 3548 2978; x_wconf 87' lang='grc' dir='ltr'><strong>Ι</strong></span> 
     </span>
     <span class='ocr_line' id='line_1_89' title="bbox 2282 2906 3517 3225; baseline -0.045 -101"><span class='ocrx_word' id='word_1_513' title='bbox 2282 3078 2512 3141; x_wconf 77' lang='lat' dir='ltr'><strong>diapente</strong></span> <span class='ocrx_word' id='word_1_514' title='bbox 2902 2906 3517 3225; x_wconf 55' lang='grc' dir='ltr'>ν</span> 
     </span>
     <span class='ocr_line' id='line_1_90' title="bbox 2210 3220 2778 3340; baseline -0.005 -12"><span class='ocrx_word' id='word_1_515' title='bbox 2210 3254 2218 3268; x_wconf 32' lang='grc' dir='ltr'><strong>ε</strong></span> <span class='ocrx_word' id='word_1_516' title='bbox 2373 3279 2566 3340; x_wconf 86' lang='lat' dir='ltr'><strong>epitrita</strong></span> <span class='ocrx_word' id='word_1_517' title='bbox 2626 3220 2778 3336; x_wconf 58' lang='lat' dir='ltr'><strong>\I</strong></span> 
     </span>
    </p>
   </div>
   <div class='ocr_carea' id='block_1_76' title="bbox 1965 3458 3548 3532">
    <p class='ocr_par' dir='ltr' id='par_1_83' title="bbox 1965 3458 3548 3532">
     <span class='ocr_line' id='line_1_91' title="bbox 1965 3458 3548 3532; baseline -0.003 -18"><span class='ocrx_word' id='word_1_518' title='bbox 1965 3461 2212 3532; x_wconf 84' lang='lat' dir='ltr'><strong>ligamus.</strong></span> <span class='ocrx_word' id='word_1_519' title='bbox 2245 3459 2431 3514; x_wconf 86' lang='lat' dir='ltr'><strong>Omnis</strong></span> <span class='ocrx_word' id='word_1_520' title='bbox 2473 3458 2616 3513; x_wconf 91' lang='lat' dir='ltr'><strong>enim</strong></span> <span class='ocrx_word' id='word_1_521' title='bbox 2645 3473 2743 3511; x_wconf 92' lang='lat' dir='ltr'><strong>vox</strong></span> <span class='ocrx_word' id='word_1_522' title='bbox 2774 3465 3116 3528; x_wconf 70' lang='lat' dir='ltr'><strong>atticuvsxri;</strong></span> <span class='ocrx_word' id='word_1_523' title='bbox 3142 3465 3258 3520; x_wconf 90' lang='lat' dir='ltr'><strong>est,</strong></span> <span class='ocrx_word' id='word_1_524' title='bbox 3282 3463 3399 3526; x_wconf 67' lang='lat' dir='ltr'><strong>qua:</strong></span> <span class='ocrx_word' id='word_1_525' title='bbox 3435 3469 3548 3510; x_wconf 82' lang='lat' dir='ltr'><strong>cott-</strong></span> 
     </span>
    </p>
   </div>
   <div class='ocr_carea' id='block_1_77' title="bbox 1965 3547 3550 3619">
    <p class='ocr_par' dir='ltr' id='par_1_84' title="bbox 1965 3547 3550 3619">
     <span class='ocr_line' id='line_1_92' title="bbox 1965 3547 3550 3619; baseline -0.002 -12"><span class='ocrx_word' id='word_1_526' title='bbox 1965 3552 2135 3619; x_wconf 91' lang='lat' dir='ltr'><strong>tinua,</strong></span> <span class='ocrx_word' id='word_1_527' title='bbox 2169 3551 2262 3606; x_wconf 81' lang='lat' dir='ltr'><strong>aut</strong></span> <span class='ocrx_word' id='word_1_528' title='bbox 2287 3550 2665 3618; x_wconf 77' lang='grc' dir='ltr'><strong>διαστηματικὴ</strong></span> <span class='ocrx_word' id='word_1_529' title='bbox 2690 3592 2704 3615; x_wconf 85' lang='grc'><em>,</em></span> <span class='ocrx_word' id='word_1_530' title='bbox 2733 3565 2855 3619; x_wconf 76' lang='lat' dir='ltr'><strong>qua:</strong></span> <span class='ocrx_word' id='word_1_531' title='bbox 2880 3548 3075 3606; x_wconf 85' lang='lat' dir='ltr'><strong>dieitur</strong></span> <span class='ocrx_word' id='word_1_532' title='bbox 3117 3565 3239 3604; x_wconf 90' lang='lat' dir='ltr'><strong>cum</strong></span> <span class='ocrx_word' id='word_1_533' title='bbox 3278 3547 3550 3604; x_wconf 85' lang='lat' dir='ltr'><strong>intervallo</strong></span> 
     </span>
    </p>
   </div>
   <div class='ocr_carea' id='block_1_78' title="bbox 1965 3640 3548 3713">
    <p class='ocr_par' dir='ltr' id='par_1_85' title="bbox 1965 3640 3548 3713">
     <span class='ocr_line' id='line_1_93' title="bbox 1965 3640 3548 3713; baseline -0.001 -16"><span class='ocrx_word' id='word_1_534' title='bbox 1965 3659 2246 3713; x_wconf 88' lang='lat' dir='ltr'><strong>suspensa.</strong></span> <span class='ocrx_word' id='word_1_535' title='bbox 2305 3642 2373 3696; x_wconf 90' lang='lat' dir='ltr'><strong>Et</strong></span> <span class='ocrx_word' id='word_1_536' title='bbox 2403 3643 2656 3696; x_wconf 85' lang='lat' dir='ltr'><strong>continua</strong></span> <span class='ocrx_word' id='word_1_537' title='bbox 2704 3641 2918 3711; x_wconf 89' lang='lat' dir='ltr'><strong>quidem</strong></span> <span class='ocrx_word' id='word_1_538' title='bbox 2939 3640 3085 3713; x_wconf 56' lang='lat' dir='ltr'><strong>(est,</strong></span> <span class='ocrx_word' id='word_1_539' title='bbox 3119 3642 3240 3710; x_wconf 88' lang='lat' dir='ltr'><strong>quia</strong></span> <span class='ocrx_word' id='word_1_540' title='bbox 3273 3641 3548 3710; x_wconf 71' lang='lat' dir='ltr'><strong>loquentes</strong></span> 
     </span>
    </p>
   </div>
   <div class='ocr_carea' id='block_1_79' title="bbox 1964 3735 3550 3805">
    <p class='ocr_par' dir='ltr' id='par_1_86' title="bbox 1964 3735 3550 3805">
     <span class='ocr_line' id='line_1_94' title="bbox 1964 3735 3550 3805; baseline 0.001 -16"><span class='ocrx_word' id='word_1_541' title='bbox 1964 3737 2047 3790; x_wconf 88' lang='lat' dir='ltr'><strong>vel</strong></span> <span class='ocrx_word' id='word_1_542' title='bbox 2097 3737 2264 3805; x_wconf 90' lang='lat' dir='ltr'><strong>ipsam</strong></span> <span class='ocrx_word' id='word_1_543' title='bbox 2323 3735 2622 3790; x_wconf 88' lang='lat' dir='ltr'><strong>orationem</strong></span> <span class='ocrx_word' id='word_1_544' title='bbox 2673 3735 2910 3804; x_wconf 75' lang='lat' dir='ltr'><strong>legentes</strong></span> <span class='ocrx_word' id='word_1_545' title='bbox 2965 3735 3126 3788; x_wconf 86' lang='lat' dir='ltr'><strong>verba</strong></span> <span class='ocrx_word' id='word_1_546' title='bbox 3175 3738 3550 3802; x_wconf 86' lang='lat' dir='ltr'><strong>percurrimus.</strong></span> 
     </span>
    </p>
   </div>
   <div class='ocr_carea' id='block_1_80' title="bbox 1967 3816 3550 3885">
    <p class='ocr_par' dir='ltr' id='par_1_87' title="bbox 1967 3816 3550 3885">
     <span class='ocr_line' id='line_1_95' title="bbox 1967 3816 3550 3885; baseline 0.002 -7"><span class='ocrx_word' id='word_1_547' title='bbox 1967 3823 2209 3879; x_wconf 85' lang='lat' dir='ltr'><strong>Festinat</strong></span> <span class='ocrx_word' id='word_1_548' title='bbox 2239 3816 2382 3879; x_wconf 71' lang='lat' dir='ltr'><strong>enim</strong></span> <span class='ocrx_word' id='word_1_549' title='bbox 2435 3835 2559 3880; x_wconf 90' lang='lat' dir='ltr'><strong>tunc</strong></span> <span class='ocrx_word' id='word_1_550' title='bbox 2603 3839 2707 3878; x_wconf 83' lang='lat' dir='ltr'><strong>vox</strong></span> <span class='ocrx_word' id='word_1_551' title='bbox 2762 3839 2868 3878; x_wconf 91' lang='lat' dir='ltr'><strong>non</strong></span> <span class='ocrx_word' id='word_1_552' title='bbox 2915 3825 3179 3880; x_wconf 67' lang='lat' dir='ltr'><strong>inltmrere</strong></span> <span class='ocrx_word' id='word_1_553' title='bbox 3210 3825 3262 3879; x_wconf 92' lang='lat' dir='ltr'><strong>in</strong></span> <span class='ocrx_word' id='word_1_554' title='bbox 3295 3826 3464 3879; x_wconf 88' lang='lat' dir='ltr'><strong>acutis</strong></span> <span class='ocrx_word' id='word_1_555' title='bbox 3500 3833 3550 3885; x_wconf 90' lang='lat' dir='ltr'><strong>et</strong></span> 
     </span>
    </p>
   </div>
   <div class='ocr_carea' id='block_1_81' title="bbox 1966 3915 3551 3994">
    <p class='ocr_par' dir='ltr' id='par_1_88' title="bbox 1966 3915 3551 3994">
     <span class='ocr_line' id='line_1_96' title="bbox 1966 3915 3551 3994; baseline 0.001 -25"><span class='ocrx_word' id='word_1_556' title='bbox 1966 3915 2218 3994; x_wconf 86' lang='lat' dir='ltr'><strong>gravibus</strong></span> <span class='ocrx_word' id='word_1_557' title='bbox 2246 3916 2416 3980; x_wconf 89' lang='lat' dir='ltr'><strong>sonis,</strong></span> <span class='ocrx_word' id='word_1_558' title='bbox 2443 3917 2536 3972; x_wconf 91' lang='lat' dir='ltr'><strong>sed</strong></span> <span class='ocrx_word' id='word_1_559' title='bbox 2565 3931 2723 3985; x_wconf 88' lang='lat' dir='ltr'><strong>quam</strong></span> <span class='ocrx_word' id='word_1_560' title='bbox 2764 3915 3107 3970; x_wconf 88' lang='lat' dir='ltr'><strong>velocissime</strong></span> <span class='ocrx_word' id='word_1_561' title='bbox 3141 3917 3297 3970; x_wconf 85' lang='lat' dir='ltr'><strong>verba</strong></span> <span class='ocrx_word' id='word_1_562' title='bbox 3332 3931 3551 3985; x_wconf 85' lang='lat' dir='ltr'><strong>percur-</strong></span> 
     </span>
    </p>
   </div>
   <div class='ocr_carea' id='block_1_82' title="bbox 1967 4006 3552 4078">
    <p class='ocr_par' dir='ltr' id='par_1_89' title="bbox 1967 4006 3552 4078">
     <span class='ocr_line' id='line_1_97' title="bbox 1967 4006 3552 4078; baseline -0.001 -15"><span class='ocrx_word' id='word_1_563' title='bbox 1967 4023 2109 4072; x_wconf 87' lang='lat' dir='ltr'><strong>rere,</strong></span> <span class='ocrx_word' id='word_1_564' title='bbox 2143 4009 2600 4078; x_wconf 87' lang='lat' dir='ltr'><strong>expediendisque</strong></span> <span class='ocrx_word' id='word_1_565' title='bbox 2639 4007 2905 4073; x_wconf 89' lang='lat' dir='ltr'><strong>sensibus,</strong></span> <span class='ocrx_word' id='word_1_566' title='bbox 2944 4006 3411 4078; x_wconf 87' lang='lat' dir='ltr'><strong>exprimendisqne</strong></span> <span class='ocrx_word' id='word_1_567' title='bbox 3440 4020 3552 4062; x_wconf 80' lang='lat' dir='ltr'><strong>ser-</strong></span> 
     </span>
    </p>
   </div>
   <div class='ocr_carea' id='block_1_83' title="bbox 1967 4084 3630 4169">
    <p class='ocr_par' dir='ltr' id='par_1_90' title="bbox 1967 4084 3630 4169">
     <span class='ocr_line' id='line_1_98' title="bbox 1967 4084 3630 4169; baseline -0.001 -14"><span class='ocrx_word' id='word_1_568' title='bbox 1967 4102 2219 4156; x_wconf 87' lang='lat' dir='ltr'><strong>monibus</strong></span> <span class='ocrx_word' id='word_1_569' title='bbox 2246 4102 2515 4155; x_wconf 74' lang='lat' dir='ltr'><strong>continnze</strong></span> <span class='ocrx_word' id='word_1_570' title='bbox 2562 4099 2710 4155; x_wconf 82' lang='lat' dir='ltr'><strong>vocis</strong></span> <span class='ocrx_word' id='word_1_571' title='bbox 2740 4084 2972 4169; x_wconf 78' lang='lat' dir='ltr'><strong>impetus</strong></span> <span class='ocrx_word' id='word_1_572' title='bbox 3000 4109 3311 4169; x_wconf 88' lang='lat' dir='ltr'><strong>operantur.</strong></span> <span class='ocrx_word' id='word_1_573' title='bbox 3343 4099 3551 4154; x_wconf 75' lang='lat' dir='ltr'><strong>Diaste-</strong></span> <span class='ocrx_word' id='word_1_574' title='bbox 3626 4092 3630 4097; x_wconf 77' lang='grc'><em>’</em></span> 
     </span>
    </p>
   </div>
   <div class='ocr_carea' id='block_1_84' title="bbox 1967 4189 3554 4260">
    <p class='ocr_par' dir='ltr' id='par_1_91' title="bbox 1967 4189 3554 4260">
     <span class='ocr_line' id='line_1_99' title="bbox 1967 4189 3554 4260; baseline -0.002 -14"><span class='ocrx_word' id='word_1_575' title='bbox 1967 4193 2162 4246; x_wconf 87' lang='lat' dir='ltr'><strong>matice</strong></span> <span class='ocrx_word' id='word_1_576' title='bbox 2189 4201 2367 4246; x_wconf 88' lang='lat' dir='ltr'><strong>autem</strong></span> <span class='ocrx_word' id='word_1_577' title='bbox 2401 4203 2484 4246; x_wconf 90' lang='lat' dir='ltr'><strong>est</strong></span> <span class='ocrx_word' id='word_1_578' title='bbox 2509 4205 2570 4245; x_wconf 90' lang='lat' dir='ltr'><strong>ca</strong></span> <span class='ocrx_word' id='word_1_579' title='bbox 2600 4205 2758 4260; x_wconf 91' lang='lat' dir='ltr'><strong>quam</strong></span> <span class='ocrx_word' id='word_1_580' title='bbox 2787 4189 3030 4246; x_wconf 89' lang='lat' dir='ltr'><strong>canendo</strong></span> <span class='ocrx_word' id='word_1_581' title='bbox 3067 4189 3466 4260; x_wconf 86' lang='lat' dir='ltr'><strong>suspendimns,</strong></span> <span class='ocrx_word' id='word_1_582' title='bbox 3501 4191 3554 4250; x_wconf 85' lang='lat' dir='ltr'><strong>in</strong></span> 
     </span>
    </p>
   </div>
   <div class='ocr_carea' id='block_1_85' title="bbox 1966 4281 3551 4354">
    <p class='ocr_par' dir='ltr' id='par_1_92' title="bbox 1966 4281 3551 4354">
     <span class='ocr_line' id='line_1_100' title="bbox 1966 4281 3551 4354; baseline 0.001 -17"><span class='ocrx_word' id='word_1_583' title='bbox 1966 4299 2069 4354; x_wconf 91' lang='lat' dir='ltr'><strong>qua</strong></span> <span class='ocrx_word' id='word_1_584' title='bbox 2096 4300 2202 4338; x_wconf 92' lang='lat' dir='ltr'><strong>non</strong></span> <span class='ocrx_word' id='word_1_585' title='bbox 2225 4285 2405 4353; x_wconf 86' lang='lat' dir='ltr'><strong>potius</strong></span> <span class='ocrx_word' id='word_1_586' title='bbox 2435 4283 2796 4347; x_wconf 78' lang='lat' dir='ltr'><strong>sermunihus,</strong></span> <span class='ocrx_word' id='word_1_587' title='bbox 2829 4282 2923 4337; x_wconf 84' lang='lat' dir='ltr'><strong>sed</strong></span> <span class='ocrx_word' id='word_1_588' title='bbox 2949 4281 3182 4337; x_wconf 90' lang='lat' dir='ltr'><strong>modulis</strong></span> <span class='ocrx_word' id='word_1_589' title='bbox 3209 4283 3551 4339; x_wconf 87' lang='lat' dir='ltr'><strong>inservimns.</strong></span> 
     </span>
    </p>
   </div>
   <div class='ocr_carea' id='block_1_86' title="bbox 1967 4374 3554 4447">
    <p class='ocr_par' dir='ltr' id='par_1_93' title="bbox 1967 4374 3554 4447">
     <span class='ocr_line' id='line_1_101' title="bbox 1967 4374 3554 4447; baseline 0 -17"><span class='ocrx_word' id='word_1_590' title='bbox 1967 4378 2167 4447; x_wconf 84' lang='lat' dir='ltr'><strong>Estque</strong></span> <span class='ocrx_word' id='word_1_591' title='bbox 2197 4392 2296 4431; x_wconf 90' lang='lat' dir='ltr'><strong>vox</strong></span> <span class='ocrx_word' id='word_1_592' title='bbox 2331 4378 2444 4446; x_wconf 90' lang='lat' dir='ltr'><strong>ipsa</strong></span> <span class='ocrx_word' id='word_1_593' title='bbox 2475 4376 2696 4441; x_wconf 88' lang='lat' dir='ltr'><strong>tardior,</strong></span> <span class='ocrx_word' id='word_1_594' title='bbox 2729 4384 2785 4430; x_wconf 89' lang='lat' dir='ltr'><strong>et</strong></span> <span class='ocrx_word' id='word_1_595' title='bbox 2814 4391 2910 4443; x_wconf 89' lang='lat' dir='ltr'><strong>per</strong></span> <span class='ocrx_word' id='word_1_596' title='bbox 2943 4375 3294 4430; x_wconf 90' lang='lat' dir='ltr'><strong>modulandas</strong></span> <span class='ocrx_word' id='word_1_597' title='bbox 3319 4374 3554 4430; x_wconf 81' lang='lat' dir='ltr'><strong>varieta-</strong></span> 
     </span>
    </p>
   </div>
   <div class='ocr_carea' id='block_1_87' title="bbox 1969 4464 3551 4536">
    <p class='ocr_par' dir='ltr' id='par_1_94' title="bbox 1969 4464 3551 4536">
     <span class='ocr_line' id='line_1_102' title="bbox 1969 4464 3551 4536; baseline -0.001 -15"><span class='ocrx_word' id='word_1_598' title='bbox 1969 4477 2050 4523; x_wconf 90' lang='lat' dir='ltr'><strong>tes</strong></span> <span class='ocrx_word' id='word_1_599' title='bbox 2073 4467 2340 4536; x_wconf 90' lang='lat' dir='ltr'><strong>quoddam</strong></span> <span class='ocrx_word' id='word_1_600' title='bbox 2377 4467 2577 4522; x_wconf 77' lang='lat' dir='ltr'><strong>iaciens</strong></span> <span class='ocrx_word' id='word_1_601' title='bbox 2606 4465 2970 4530; x_wconf 89' lang='lat' dir='ltr'><strong>intervallum,</strong></span> <span class='ocrx_word' id='word_1_602' title='bbox 2995 4481 3101 4519; x_wconf 92' lang='lat' dir='ltr'><strong>non</strong></span> <span class='ocrx_word' id='word_1_603' title='bbox 3150 4464 3551 4533; x_wconf 89' lang='lat' dir='ltr'><strong>taciturnitatis,</strong></span> 
     </span>
    </p>
   </div>
   <div class='ocr_carea' id='block_1_88' title="bbox 1892 4539 3553 4629">
    <p class='ocr_par' dir='ltr' id='par_1_95' title="bbox 1892 4539 3553 4629">
     <span class='ocr_line' id='line_1_103' title="bbox 1892 4539 3553 4629; baseline -0.003 -14"><span class='ocrx_word' id='word_1_604' title='bbox 1892 4539 1943 4600; x_wconf 79' lang='lat' dir='ltr'><strong>D</strong></span> <span class='ocrx_word' id='word_1_605' title='bbox 1967 4559 2064 4615; x_wconf 84' lang='lat' dir='ltr'><strong>sed</strong></span> <span class='ocrx_word' id='word_1_606' title='bbox 2093 4573 2370 4629; x_wconf 68' lang='lat' dir='ltr'><strong>suspensa!</strong></span> <span class='ocrx_word' id='word_1_607' title='bbox 2397 4573 2462 4614; x_wconf 90' lang='lat' dir='ltr'><strong>ac</strong></span> <span class='ocrx_word' id='word_1_608' title='bbox 2490 4557 2656 4613; x_wconf 84' lang='lat' dir='ltr'><strong>tardae</strong></span> <span class='ocrx_word' id='word_1_609' title='bbox 2685 4556 2865 4628; x_wconf 90' lang='lat' dir='ltr'><strong>potius</strong></span> <span class='ocrx_word' id='word_1_610' title='bbox 2886 4556 3188 4620; x_wconf 67' lang='lat' dir='ltr'><strong>cantilenae.</strong></span> <span class='ocrx_word' id='word_1_611' title='bbox 3219 4556 3312 4611; x_wconf 86' lang='lat' dir='ltr'><strong>His</strong></span> <span class='ocrx_word' id='word_1_612' title='bbox 3344 4555 3423 4628; x_wconf 86' lang='lat' dir='ltr'><strong>(ut</strong></span> <span class='ocrx_word' id='word_1_613' title='bbox 3461 4556 3553 4611; x_wconf 74' lang='lat' dir='ltr'><strong>Al-</strong></span> 
     </span>
    </p>
   </div>
   <div class='ocr_carea' id='block_1_89' title="bbox 1967 4641 3554 4720">
    <p class='ocr_par' dir='ltr' id='par_1_96' title="bbox 1967 4641 3554 4720">
     <span class='ocr_line' id='line_1_104' title="bbox 1967 4641 3554 4720; baseline -0.001 -15"><span class='ocrx_word' id='word_1_614' title='bbox 1967 4652 2124 4706; x_wconf 91' lang='lat' dir='ltr'><strong>binus</strong></span> <span class='ocrx_word' id='word_1_615' title='bbox 2153 4641 2418 4720; x_wconf 84' lang='lat' dir='ltr'><strong>autumat)</strong></span> <span class='ocrx_word' id='word_1_616' title='bbox 2443 4648 2660 4704; x_wconf 87' lang='lat' dir='ltr'><strong>additur</strong></span> <span class='ocrx_word' id='word_1_617' title='bbox 2682 4648 2836 4704; x_wconf 88' lang='lat' dir='ltr'><strong>tertia</strong></span> <span class='ocrx_word' id='word_1_618' title='bbox 2865 4645 3185 4713; x_wconf 80' lang='lat' dir='ltr'><strong>dill‘erentia,</strong></span> <span class='ocrx_word' id='word_1_619' title='bbox 3209 4663 3327 4718; x_wconf 68' lang='lat' dir='ltr'><strong>qua:</strong></span> <span class='ocrx_word' id='word_1_620' title='bbox 3349 4645 3554 4704; x_wconf 71' lang='lat' dir='ltr'><strong>medias</strong></span> 
     </span>
    </p>
   </div>
   <div class='ocr_carea' id='block_1_90' title="bbox 1966 4739 3550 4812">
    <p class='ocr_par' dir='ltr' id='par_1_97' title="bbox 1966 4739 3550 4812">
     <span class='ocr_line' id='line_1_105' title="bbox 1966 4739 3550 4812; baseline -0.003 -14"><span class='ocrx_word' id='word_1_621' title='bbox 1966 4747 2126 4798; x_wconf 62' lang='lat' dir='ltr'><strong>Voces</strong></span> <span class='ocrx_word' id='word_1_622' title='bbox 2149 4743 2317 4812; x_wconf 90' lang='lat' dir='ltr'><strong>possit</strong></span> <span class='ocrx_word' id='word_1_623' title='bbox 2345 4740 2642 4806; x_wconf 90' lang='lat' dir='ltr'><strong>includere,</strong></span> <span class='ocrx_word' id='word_1_624' title='bbox 2665 4740 2759 4796; x_wconf 87' lang='lat' dir='ltr'><strong>sed</strong></span> <span class='ocrx_word' id='word_1_625' title='bbox 2778 4739 3003 4796; x_wconf 87' lang='lat' dir='ltr'><strong>heroum</strong></span> <span class='ocrx_word' id='word_1_626' title='bbox 3032 4749 3279 4811; x_wconf 87' lang='lat' dir='ltr'><strong>poemata</strong></span> <span class='ocrx_word' id='word_1_627' title='bbox 3300 4739 3550 4810; x_wconf 83' lang='lat' dir='ltr'><strong>legimus,</strong></span> 
     </span>
    </p>
   </div>
   <div class='ocr_carea' id='block_1_91' title="bbox 1965 4835 3552 4907">
    <p class='ocr_par' dir='ltr' id='par_1_98' title="bbox 1965 4835 3552 4907">
     <span class='ocr_line' id='line_1_106' title="bbox 1965 4835 3552 4907; baseline -0.003 -16"><span class='ocrx_word' id='word_1_628' title='bbox 1965 4851 2140 4907; x_wconf 78' lang='lat' dir='ltr'><strong>neque</strong></span> <span class='ocrx_word' id='word_1_629' title='bbox 2167 4835 2423 4890; x_wconf 91' lang='lat' dir='ltr'><strong>continuo</strong></span> <span class='ocrx_word' id='word_1_630' title='bbox 2472 4848 2666 4901; x_wconf 88' lang='lat' dir='ltr'><strong>cursu,</strong></span> <span class='ocrx_word' id='word_1_631' title='bbox 2697 4844 2751 4888; x_wconf 90' lang='lat' dir='ltr'><strong>ut</strong></span> <span class='ocrx_word' id='word_1_632' title='bbox 2793 4847 3030 4904; x_wconf 87' lang='lat' dir='ltr'><strong>prosam,</strong></span> <span class='ocrx_word' id='word_1_633' title='bbox 3063 4849 3238 4905; x_wconf 91' lang='lat' dir='ltr'><strong>neque</strong></span> <span class='ocrx_word' id='word_1_634' title='bbox 3289 4845 3552 4904; x_wconf 89' lang='lat' dir='ltr'><strong>suspenso</strong></span> 
     </span>
    </p>
   </div>
   <div class='ocr_carea' id='block_1_92' title="bbox 1965 4925 3117 4998">
    <p class='ocr_par' dir='ltr' id='par_1_99' title="bbox 1965 4925 3117 4998">
     <span class='ocr_line' id='line_1_107' title="bbox 1965 4925 3117 4998; baseline -0.003 -14"><span class='ocrx_word' id='word_1_635' title='bbox 1965 4927 2312 4998; x_wconf 86' lang='lat' dir='ltr'><strong>segniorique</strong></span> <span class='ocrx_word' id='word_1_636' title='bbox 2339 4927 2500 4986; x_wconf 88' lang='lat' dir='ltr'><strong>modo</strong></span> <span class='ocrx_word' id='word_1_637' title='bbox 2530 4926 2702 4992; x_wconf 88' lang='lat' dir='ltr'><strong>vocis,</strong></span> <span class='ocrx_word' id='word_1_638' title='bbox 2735 4934 2794 4980; x_wconf 86' lang='grc' dir='ltr'><strong>ιιι</strong></span> <span class='ocrx_word' id='word_1_639' title='bbox 2824 4925 3117 4982; x_wconf 89' lang='lat' dir='ltr'><strong>canticum.</strong></span> 
     </span>
    </p>
   </div>
   <div class='ocr_carea' id='block_1_93' title="bbox 2216 5018 2957 5088">
    <p class='ocr_par' dir='ltr' id='par_1_100' title="bbox 2216 5018 2957 5088">
     <span class='ocr_line' id='line_1_108' title="bbox 2216 5018 2957 5088; baseline -0.004 -14"><span class='ocrx_word' id='word_1_640' title='bbox 2216 5084 2220 5088; x_wconf 17' lang='grc' dir='ltr'><em>ν</em></span> <span class='ocrx_word' id='word_1_641' title='bbox 2552 5018 2779 5075; x_wconf 83' lang='lat' dir='ltr'><strong>CAPUT</strong></span> <span class='ocrx_word' id='word_1_642' title='bbox 2817 5018 2957 5074; x_wconf 86' lang='lat' dir='ltr'><strong>xut.</strong></span> 
     </span>
    </p>
   </div>
   <div class='ocr_carea' id='block_1_94' title="bbox 2041 5108 3473 5179">
    <p class='ocr_par' dir='ltr' id='par_1_101' title="bbox 2041 5108 3473 5179">
     <span class='ocr_line' id='line_1_109' title="bbox 2041 5108 3473 5179; baseline 0 -16"><span class='ocrx_word' id='word_1_643' title='bbox 2041 5111 2191 5178; x_wconf 83' lang='lat' dir='ltr'><strong>Quod</strong></span> <span class='ocrx_word' id='word_1_644' title='bbox 2227 5110 2531 5179; x_wconf 79' lang='lat' dir='ltr'><strong>inﬁnitatem</strong></span> <span class='ocrx_word' id='word_1_645' title='bbox 2557 5125 2738 5164; x_wconf 81' lang='lat' dir='ltr'><strong>vocum</strong></span> <span class='ocrx_word' id='word_1_646' title='bbox 2783 5115 3007 5164; x_wconf 78' lang='lat' dir='ltr'><strong>humana</strong></span> <span class='ocrx_word' id='word_1_647' title='bbox 3042 5118 3229 5164; x_wconf 79' lang='lat' dir='ltr'><strong>natura</strong></span> <span class='ocrx_word' id='word_1_648' title='bbox 3263 5108 3473 5178; x_wconf 81' lang='lat' dir='ltr'><strong>ﬁnierit.</strong></span> 
     </span>
    </p>
   </div>
   <div class='ocr_carea' id='block_1_95' title="bbox 2036 5200 3540 5272">
    <p class='ocr_par' dir='ltr' id='par_1_102' title="bbox 2036 5200 3540 5272">
     <span class='ocr_line' id='line_1_110' title="bbox 2036 5200 3540 5272; baseline -0.003 -14"><span class='ocrx_word' id='word_1_649' title='bbox 2036 5201 2142 5258; x_wconf 88' lang='lat' dir='ltr'><strong>Sed</strong></span> <span class='ocrx_word' id='word_1_650' title='bbox 2167 5217 2285 5272; x_wconf 69' lang='lat' dir='ltr'><strong>quae</strong></span> <span class='ocrx_word' id='word_1_651' title='bbox 2308 5201 2560 5256; x_wconf 88' lang='lat' dir='ltr'><strong>continua</strong></span> <span class='ocrx_word' id='word_1_652' title='bbox 2591 5215 2690 5255; x_wconf 86' lang='lat' dir='ltr'><strong>vox</strong></span> <span class='ocrx_word' id='word_1_653' title='bbox 2723 5209 2828 5265; x_wconf 89' lang='lat' dir='ltr'><strong>est,</strong></span> <span class='ocrx_word' id='word_1_654' title='bbox 2856 5209 2910 5255; x_wconf 93' lang='lat' dir='ltr'><strong>et</strong></span> <span class='ocrx_word' id='word_1_655' title='bbox 2929 5215 2990 5254; x_wconf 90' lang='lat' dir='ltr'><strong>ea</strong></span> <span class='ocrx_word' id='word_1_656' title='bbox 3017 5216 3205 5256; x_wconf 83' lang='lat' dir='ltr'><strong>rursus</strong></span> <span class='ocrx_word' id='word_1_657' title='bbox 3226 5215 3326 5270; x_wconf 89' lang='lat' dir='ltr'><strong>qua</strong></span> <span class='ocrx_word' id='word_1_658' title='bbox 3353 5200 3540 5255; x_wconf 84' lang='lat' dir='ltr'><strong>decur-</strong></span> 
     </span>
    </p>
   </div>
   <div class='ocr_carea' id='block_1_96' title="bbox 1970 5290 3542 5360">
    <p class='ocr_par' dir='ltr' id='par_1_103' title="bbox 1970 5290 3542 5360">
     <span class='ocr_line' id='line_1_111' title="bbox 1970 5290 3542 5360; baseline 0 -14"><span class='ocrx_word' id='word_1_659' title='bbox 1970 5293 2139 5346; x_wconf 89' lang='lat' dir='ltr'><strong>rimus</strong></span> <span class='ocrx_word' id='word_1_660' title='bbox 2168 5293 2515 5356; x_wconf 89' lang='lat' dir='ltr'><strong>cantilenam,</strong></span> <span class='ocrx_word' id='word_1_661' title='bbox 2562 5291 2876 5346; x_wconf 86' lang='lat' dir='ltr'><strong>naturaliter</strong></span> <span class='ocrx_word' id='word_1_662' title='bbox 2903 5290 3118 5360; x_wconf 89' lang='lat' dir='ltr'><strong>quidem</strong></span> <span class='ocrx_word' id='word_1_663' title='bbox 3150 5291 3370 5346; x_wconf 67' lang='lat' dir='ltr'><strong>inlinitze</strong></span> <span class='ocrx_word' id='word_1_664' title='bbox 3400 5301 3542 5347; x_wconf 86' lang='lat' dir='ltr'><strong>sunt.</strong></span> 
     </span>
    </p>
   </div>
   <div class='ocr_carea' id='block_1_97' title="bbox 1969 5383 3548 5452">
    <p class='ocr_par' dir='ltr' id='par_1_104' title="bbox 1969 5383 3548 5452">
     <span class='ocr_line' id='line_1_112' title="bbox 1969 5383 3548 5452; baseline 0.002 -14"><span class='ocrx_word' id='word_1_665' title='bbox 1969 5383 2411 5439; x_wconf 90' lang='lat' dir='ltr'><strong>Consideratione</strong></span> <span class='ocrx_word' id='word_1_666' title='bbox 2437 5384 2580 5439; x_wconf 91' lang='lat' dir='ltr'><strong>enim</strong></span> <span class='ocrx_word' id='word_1_667' title='bbox 2605 5395 2843 5452; x_wconf 87' lang='lat' dir='ltr'><strong>accepta,</strong></span> <span class='ocrx_word' id='word_1_668' title='bbox 2871 5384 3050 5440; x_wconf 91' lang='lat' dir='ltr'><strong>nullus</strong></span> <span class='ocrx_word' id='word_1_669' title='bbox 3083 5385 3272 5440; x_wconf 90' lang='lat' dir='ltr'><strong>modus</strong></span> <span class='ocrx_word' id='word_1_670' title='bbox 3297 5386 3380 5440; x_wconf 90' lang='lat' dir='ltr'><strong>vel</strong></span> <span class='ocrx_word' id='word_1_671' title='bbox 3402 5385 3548 5441; x_wconf 84' lang='lat' dir='ltr'><strong>evol-</strong></span> 
     </span>
    </p>
   </div>
   <div class='ocr_carea' id='block_1_98' title="bbox 1967 5474 3547 5539">
    <p class='ocr_par' dir='ltr' id='par_1_105' title="bbox 1967 5474 3547 5539">
     <span class='ocr_line' id='line_1_113' title="bbox 1967 5474 3547 5539; baseline 0.004 -11"><span class='ocrx_word' id='word_1_672' title='bbox 1967 5475 2153 5528; x_wconf 85' lang='lat' dir='ltr'><strong>vendis</strong></span> <span class='ocrx_word' id='word_1_673' title='bbox 2196 5474 2536 5529; x_wconf 90' lang='lat' dir='ltr'><strong>sermonibus</strong></span> <span class='ocrx_word' id='word_1_674' title='bbox 2597 5475 2682 5539; x_wconf 80' lang='lat' dir='ltr'><strong>tit,</strong></span> <span class='ocrx_word' id='word_1_675' title='bbox 2731 5475 2816 5529; x_wconf 92' lang='lat' dir='ltr'><strong>vel</strong></span> <span class='ocrx_word' id='word_1_676' title='bbox 2863 5476 3198 5531; x_wconf 85' lang='lat' dir='ltr'><strong>acuminibus</strong></span> <span class='ocrx_word' id='word_1_677' title='bbox 3241 5477 3547 5534; x_wconf 89' lang='lat' dir='ltr'><strong>attollendis</strong></span> 
     </span>
    </p>
   </div>
   <div class='ocr_carea' id='block_1_99' title="bbox 1966 5565 3544 5638">
    <p class='ocr_par' dir='ltr' id='par_1_106' title="bbox 1966 5565 3544 5638">
     <span class='ocr_line' id='line_1_114' title="bbox 1966 5565 3544 5638; baseline 0.006 -20"><span class='ocrx_word' id='word_1_678' title='bbox 1966 5567 2419 5636; x_wconf 87' lang='lat' dir='ltr'><strong>gravitatibnsque</strong></span> <span class='ocrx_word' id='word_1_679' title='bbox 2445 5565 2706 5628; x_wconf 84' lang='lat' dir='ltr'><strong>laxandis,</strong></span> <span class='ocrx_word' id='word_1_680' title='bbox 2730 5567 2820 5622; x_wconf 91' lang='lat' dir='ltr'><strong>sed</strong></span> <span class='ocrx_word' id='word_1_681' title='bbox 2843 5567 3084 5638; x_wconf 84' lang='lat' dir='ltr'><strong>utrisque</strong></span> <span class='ocrx_word' id='word_1_682' title='bbox 3103 5580 3285 5625; x_wconf 89' lang='lat' dir='ltr'><strong>natura</strong></span> <span class='ocrx_word' id='word_1_683' title='bbox 3319 5572 3544 5627; x_wconf 86' lang='lat' dir='ltr'><strong>humana</strong></span> 
     </span>
    </p>
   </div>
   <div class='ocr_carea' id='block_1_100' title="bbox 1967 5654 3543 5727">
    <p class='ocr_par' dir='ltr' id='par_1_107' title="bbox 1967 5654 3543 5727">
     <span class='ocr_line' id='line_1_115' title="bbox 1967 5654 3543 5727; baseline 0.003 -15"><span class='ocrx_word' id='word_1_684' title='bbox 1967 5659 2088 5712; x_wconf 77' lang='lat' dir='ltr'><strong>fecit</strong></span> <span class='ocrx_word' id='word_1_685' title='bbox 2117 5659 2386 5727; x_wconf 88' lang='lat' dir='ltr'><strong>proprium</strong></span> <span class='ocrx_word' id='word_1_686' title='bbox 2423 5656 2601 5711; x_wconf 83' lang='lat' dir='ltr'><strong>ﬁnem.</strong></span> <span class='ocrx_word' id='word_1_687' title='bbox 2635 5654 2912 5712; x_wconf 71' lang='lat' dir='ltr'><strong>Continum</strong></span> <span class='ocrx_word' id='word_1_688' title='bbox 2942 5660 3083 5713; x_wconf 91' lang='lat' dir='ltr'><strong>enim</strong></span> <span class='ocrx_word' id='word_1_689' title='bbox 3109 5663 3222 5716; x_wconf 70' lang='grc' dir='ltr'><strong>νυοί</strong></span> <span class='ocrx_word' id='word_1_690' title='bbox 3259 5661 3543 5717; x_wconf 89' lang='lat' dir='ltr'><strong>terminum</strong></span> 
     </span>
    </p>
   </div>
   <div class='ocr_carea' id='block_1_101' title="bbox 2025 5768 3536 5849">
    <p class='ocr_par' dir='ltr' id='par_1_108' title="bbox 2025 5768 3536 5849">
     <span class='ocr_line' id='line_1_116' title="bbox 2025 5768 3536 5849; baseline 0.014 -37"><span class='ocrx_word' id='word_1_691' title='bbox 2025 5784 2044 5812; x_wconf 89' lang='lat' dir='ltr'><strong>c</strong></span> <span class='ocrx_word' id='word_1_692' title='bbox 2084 5771 2229 5831; x_wconf 75' lang='grc' dir='ltr'>ιιατ,</span> <span class='ocrx_word' id='word_1_693' title='bbox 2311 5769 2328 5810; x_wconf 76' lang='grc' dir='ltr'>ῐ</span> <span class='ocrx_word' id='word_1_694' title='bbox 2377 5769 2563 5825; x_wconf 77' lang='lat' dir='ltr'><strong>Etiam.</strong></span> <span class='ocrx_word' id='word_1_695' title='bbox 2644 5779 2669 5818; x_wconf 70' lang='grc' dir='ltr'><strong>Β</strong></span> <span class='ocrx_word' id='word_1_696' title='bbox 2727 5768 2834 5825; x_wconf 83' lang='lat' dir='ltr'><strong>Non</strong></span> <span class='ocrx_word' id='word_1_697' title='bbox 2876 5773 3012 5844; x_wconf 80' lang='lat' dir='ltr'><strong>quod</strong></span> <span class='ocrx_word' id='word_1_698' title='bbox 3055 5775 3223 5847; x_wconf 84' lang='lat' dir='ltr'><strong>lignea</strong></span> <span class='ocrx_word' id='word_1_699' title='bbox 3249 5778 3314 5829; x_wconf 71' lang='lat' dir='ltr'><strong>sit</strong></span> <span class='ocrx_word' id='word_1_700' title='bbox 3341 5777 3536 5849; x_wconf 75' lang='lat' dir='ltr'><strong>regula.</strong></span> 
     </span>
    </p>
   </div>
  </div>
