4022 6366
210 347 333 429 1181
1525 343 1612 398 DE
1653 340 1900 398 ΜυθιοΑ
1943 342 2073 398 Lm.
2109 344 2146 398 l.
2311 350 2317 356 ·
3331 341 3463 395 nata

270 454 400 509 Nam
436 455 477 508 si
522 468 627 507 vox
674 454 789 508 voci
819 454 981 524 duplo
1008 454 1078 509 sit
1106 461 1261 509 acuta
1307 453 1391 508 vel
1436 454 1632 522 gravis,
1666 453 1780 506 dia-
1809 457 1862 515 Α
1886 452 2251 523 sesquioctava
2286 457 2557 525 proportio
2586 463 2697 519 est;
2725 463 2811 511 est
2837 455 2979 511 enim
3001 468 3189 512 eorum
3217 454 3464 510 dilferen-

207 561 365 616 poson
414 548 762 600 consonantia
820 547 926 601 ﬂet.
990 547 1047 601 Si
1104 561 1204 599 vox
1258 548 1375 600 voci
1434 545 1783 612 sesquialtera
1891 544 1961 597 tia
1990 545 2222 613 9.4,quae
2272 556 2349 603 est
2396 558 2581 600 octava
2635 564 2777 616 pars,
2812 548 2913 603 192
2963 558 3044 603 est
3090 550 3246 617 igitur
3288 556 3464 601 tonus.

205 639 541 711 proportione
572 648 597 674 ι
628 640 719 707 sit,
746 639 827 693 vel
876 639 1233 708 sesquitertia,
1264 638 1348 692 vel
1393 639 1782 707 sesquiomava,
1890 637 2095 693 Rursns
2122 640 2163 692 si
2188 639 2297 693 9.43
2327 639 2390 693 ad
2421 641 2525 696 216
2555 653 2912 711 comparetur,
2937 644 3037 697 erit
3068 641 3233 695 altera
3265 641 3465 709 sesqui-

207 735 404 787 acutior
426 733 744 803 graviorque
774 732 1042 801 diapente,
1077 731 1161 784 vel
1208 731 1561 791 diatessaron,
1592 728 1674 783 vel
1706 734 1787 781 ια·
1890 740 2072 784 octava
2122 732 2416 800 proportio.
2466 732 2595 786 Nam
2646 749 2829 788 eorum
2876 734 3173 789 differentia
3222 733 3312 794 27,
3342 747 3466 799 pars

207 839 326 877 num
379 826 785 878 consonantiam
843 824 1050 877 reddet.
1105 823 1234 878 ltem
1290 824 1332 876 si
1376 824 1675 890 ,diapason,
1728 826 1785 871 ut
1887 822 2013 885 216,
2049 823 2303 890 probatur
2333 833 2537 885 octava,
2568 836 2726 879 restat
2760 824 3217 895 comparatinQSG
3247 828 3309 877 ad
3337 824 3465 891 243,

136 940 148 949 ~
202 914 235 967 2
261 925 311 968 et
331 915 384 977 ι,
413 923 467 968 et
490 914 759 981 diapente,
784 921 842 967 ut
862 912 897 966 4
923 924 969 968 et
1003 916 1054 972 6.
1085 913 1499 983 coiijungantur,
1542 910 1781 979 triplam,

1905 932 2114 987 lucrum
2156 915 2451 971 dilTerrntia
2483 926 2565 974 est
2602 920 2679 973 13.
2713 920 2811 987 Qui
2843 922 3008 976 octies
3038 918 3179 983 facti,
3209 918 3465 972 medieta-

203 1015 255 1061 οι
290 1021 408 1074 qua:
452 1014 536 1059 est
570 1006 828 1074 diapason
864 1013 919 1059 et
957 1005 1235 1073 diapente,
1265 1003 1500 1057 efliciant
1532 1000 1786 1072 sympho-

1905 1024 1998 1063 Lem
2027 1006 2131 1063 215
2164 1024 2266 1063 non
2298 1009 2545 1064 videnlur
2576 1009 2815 1079 implere.
2868 1011 2980 1065 Non
3010 1021 3089 1065 est
3122 1011 3278 1077 igitur
3307 1009 3466 1063 semi-

203 1098 360 1151 niam.
385 1097 535 1162 Quod
568 1099 611 1152 si
644 1099 724 1151 bis
751 1098 1004 1165 diapason
1037 1097 1185 1162 fiant,
1214 1106 1269 1149 nt
1302 1096 1409 1149 duo
1439 1097 1502 1149 aut
1531 1103 1779 1163 quatuor,

1905 1100 2119 1163 tonium,
2146 1099 2237 1153 sed
2266 1100 2440 1154 minus
2470 1115 2496 1153 a
2525 1101 2828 1156 semitonio.
2859 1100 3008 1157 Tunc
3031 1102 3171 1157 enim
3203 1101 3464 1163 integrum

1892 1202 2013 1245 esse
2044 1192 2381 1245 semitonium
2424 1192 2543 1261 jure
2589 1203 2880 1262 putaretur,
2926 1194 2969 1248 si
2999 1209 3181 1248 eorum
3212 1192 3461 1247 differen-

1893 1283 1985 1346 tia,
2017 1297 2135 1350 qua:
2164 1293 2244 1336 est
2274 1283 2337 1336 15
2368 1281 2500 1337 facta
2550 1283 2733 1349 octies,
2772 1284 3109 1339 medietatem
3139 1283 3246 1339 2i3
3272 1298 3463 1337 nume-

1892 1389 2071 1428 rorum
2102 1375 2364 1443 potuisset
2407 1390 2641 1445 requare.
2686 1376 2886 1446 Estque
2912 1391 3094 1433 verum
3125 1375 3461 1430 semitonium

1896 1470 2071 1523 minus
2108 1468 2211 1523 245
2236 1468 2301 1522 ad
2331 1467 2438 1523 256
2464 1468 2812 1539 comparatio.

202 1202 249 1243 et
283 1200 507 1259 quatuor
536 1190 601 1243 ad
632 1200 756 1244 octo
778 1233 793 1257 ,
827 1189 1116 1259 quadrupla
1150 1190 1239 1243 [iet
1267 1188 1639 1251 consonantia,
1664 1194 1784 1256 qua:

200 1290 281 1336 est
310 1282 667 1350 bisdiapason.
695 1282 846 1349 Quod
879 1282 922 1337 si
967 1282 1318 1352 sesquialtcra
1342 1291 1393 1335 et
1423 1278 1779 1349 sesqnitertia,

200 1374 250 1428 id
278 1385 359 1428 est
384 1375 635 1442 diapente
664 1384 718 1429 et
741 1375 1096 1439 diatessarOa,
1123 1384 1182 1427 ut
1208 1374 1404 1428 duo-ad
1436 1382 1566 1437 tres,
1593 1383 1643 1425 et
1674 1380 1786 1425 tres

196 1465 262 1517 ad
293 1474 520 1534 quatuor
549 1466 973 1535 coniungantur,
1000 1466 1160 1533 dupla
1194 1464 1247 1517 id
1278 1473 1383 1525 est,
1416 1463 1672 1531 diapason
1702 1459 1787 1514 ni-

200 1558 399 1610 mirum
452 1559 689 1610 nascitur
736 1559 1094 1612 concinentia.
1139 1558 1377 1622 Quatuor
1407 1556 1549 1610 enim
1582 1556 1647 1607 ad
1683 1563 1792 1607 tres

198 1648 596 1716 sesquitertiam
634 1648 878 1703 obtinent
921 1636 1347 1717 preportionem.
1381 1647 1513 1701 Tres
1557 1660 1689 1701 vero
1722 1644 1790 1699 ad

200 1739 473 1794 binarinm
522 1742 869 1808 sesquialtera
912 1740 1537 1810 collationejunguntur,
1566 1747 1620 1793 et
1651 1738 1790 1793 idem

196 1832 581 1899 quaternarius
606 1832 671 1885 ad
702 1833 965 1886 binarium
1010 1832 1287 1901 appositus
1313 1832 1471 1900 dupla
1500 1831 1549 1888 ei
1576 1844 1793 1899 compa-

198 1922 413 1975 ratione
440 1922 738 1992 copulatur.
775 1922 879 1979 Sed
925 1925 1261 1993 sesquitertia
1292 1923 1646 1986 diatessaron,
1676 1935 1793 1977 ses-

198 2012 465 2079 quialtera
515 2015 789 2081 proportio
839 2013 1089 2081 diapente
1131 2016 1532 2069 consonantiam
1581 2021 1786 2067 creant.

199 2100 372 2169 Dupia
405 2116 531 2157 vero
554 2102 807 2171 diapason
830 2104 994 2159 efﬁcit
1020 2107 1416 2175 symphoniam.
1444 2104 1788 2159 Diatessaron

197 2192 366 2261 igitur
389 2207 452 2247 ac
480 2192 731 2261 diapente
764 2209 921 2248 unam
949 2196 1206 2263 diapason
1234 2196 1638 2250 consonantiam
1663 2194 1789 2261 jun-

196 2292 353 2352 gunt.
401 2282 607 2338 Rursus
655 2294 814 2339 tonus
844 2288 895 2339 in
928 2301 1079 2355 inqua
1111 2287 1273 2341 dividi
1314 2302 1419 2341 non
1461 2294 1666 2354 potest,
1698 2300 1793 2339 cur

193 2385 376 2430 autem
418 2377 696 2451 posrerius
749 2377 999 2446 liquebit.
1051 2376 1201 2432 Nunc
1250 2379 1349 2431 boc
1383 2386 1586 2432 tantum
1634 2390 1796 2431 nosse

194 2465 452 2529 sufficiat,
486 2467 626 2535 quod
656 2482 925 2537 nunquam
959 2478 1119 2523 tonus
1151 2470 1202 2523 in
1245 2470 1456 2538 gemina
1485 2484 1632 2538 aequa
1664 2469 1799 2522 divi-

193 2552 355 2609 ditnr.
393 2557 569 2623 Atque
597 2568 651 2611 ut
680 2559 730 2611 id
784 2558 1037 2614 facillime
1062 2561 1463 2629 comprobetnr,
1497 2561 1567 2614 sit
1591 2563 1802 2631 ξοδηυὶ-

190 2657 385 2701 octava
437 2650 716 2718 proportio
752 2651 783 2705 8
815 2660 869 2704 et
895 2652 949 2705 9.
1004 2651 1203 2705 Horum
1256 2650 1433 2705 nullus
1480 2652 1793 2706 naturaliter

2545 1658 2837 1766 Baetem

2544 1838 2626 1920 D
2639 1853 2721 1921 ia
2738 1849 2860 1933 64-

2519 2030 2837 2098 ςοςίιηηρποσῑπ

2010 2142 2011 2149 γ
2305 2160 2439 2220 Dr?
2483 2125 3281 2404 ς

2097 2298 2319 2383 «Μ’
2467 2275 2885 2462 Α

2163 2406 2317 2543 ξεῖ

2023 2569 3343 2696 εει

187 2734 406 2795 medius
440 2756 698 2796 numerus
725 2742 943 2797 incidet.
979 2741 1087 2798 llos
1117 2743 1275 2813 igitur
1304 2746 1347 2799 si
1379 2744 1585 2797 liinario
1617 2744 1793 2797 multi-

184 2830 482 2900 plicemus,
514 2832 749 2901 fiuntque
780 2831 862 2887 bis
894 2832 927 2886 8
957 2833 1045 2898 16,
1072 2834 1155 2888 bis
1184 2835 1216 2888 9
1244 2835 1329 2899 18,
1355 2834 1493 2889 inter
1522 2835 1586 2889 16
1612 2846 1789 2888 autem

186 2930 238 2976 ot
288 2922 356 2977 18
385 2936 531 2975 unus
572 2937 828 2977 numerus
874 2921 902 2961 ι’
936 2924 1256 2980 naturaliter
1300 2936 1322 2965 ο
1364 2926 1548 2980 incidit
1588 2928 1675 2995 qui
1715 2935 1798 2981 est

183 3014 397 3069 scilicet
456 3014 551 3068 17.
584 3014 682 3081 Qui
733 3015 1085 3083 disponantur
1112 3018 1164 3071 in
1195 3018 1435 3074 ordinem
1468 3018 1554 3086 16,
1594 3020 1675 3083 l7,
1710 3019 1792 3073 18.

182 3100 354 3174 Igitur
388 3104 461 3159 16
505 3120 566 3158 ac
602 3106 666 3159 18
693 3105 873 3160 collati
900 3149 915 3172 ,
949 3109 1377 3174 seSquioctavatn
1411 3111 1644 3164 retinent
1676 3125 1797 3178 pro-

180 3193 535 3264 portionem,
568 3204 729 3264 atque
771 3197 971 3250 idcirco
1002 3207 1207 3252 tonum.
1248 3197 1352 3253 Sed
1395 3200 1533 3254 banc
1572 3216 1795 3269 propor-

180 3284 393 3341 tionem
436 3286 511 3341 17
544 3302 795 3341 numerus
825 3286 1033 3341 medius
1065 3304 1168 3341 non
1204 3289 1257 3342 in
1287 3290 1509 3359 a'qualia
1544 3293 1793 3360 partitur.

176 3375 560 3448 Comparatus
588 3378 731 3432 enim
750 3379 815 3432 ad
840 3378 927 3444 16,
948 3380 1105 3434 habet
1135 3380 1186 3434 in
1218 3395 1273 3435 se
1291 3390 1457 3435 totum
1490 3382 1576 3448 16,
1602 3392 1655 3437 et
1676 3383 1793 3451 ejus

176 3478 400 3526 sextam
436 3469 712 3523 decimam
753 3478 954 3538 partem
972 3511 997 3537 ,,
1018 3472 1229 3526 scilicet
1270 3473 1549 3528 unitatem.
1579 3472 1635 3529 Si
1665 3489 1793 3531 vero

173 3563 243 3617 ad
276 3572 438 3625 eum,
477 3560 533 3613 id
566 3570 647 3615 est
692 3562 781 3629 17,
815 3564 1026 3628 tertius,
1050 3562 1104 3635 id
1134 3572 1218 3618 est
1250 3565 1334 3630 18,
1366 3582 1621 3621 numerus
1647 3582 1795 3620 com—

2466 2755 2691 2810 CAPUT
2730 2754 2914 2810 XVIII.

2171 2848 2498 2902 Diatessaron
2527 2867 2557 2902 a
2587 2850 2823 2917 diapmte
2848 2856 2968 2903 tono
2998 2860 3207 2904 nutare.

1973 2937 2177 2994 Rursus
2208 2941 2459 3009 diapente
2504 2942 2879 3006 consonantia,
2910 2956 3096 2995 vocum
3144 2942 3357 3011 quidem
3400 2950 3477 2999 est

1900 3030 2135 3101 quinque
2179 3032 2579 3085 intervallorum
2629 3044 2887 3101 quatuor,
2918 3034 3074 3087 trium
3127 3042 3396 3097 tonorum,
3428 3041 3479 3088 et

1902 3123 2109 3177 minore
2140 3124 2444 3178 semitonio.
2480 3124 2713 3178 Ponatur
2742 3128 2881 3178 enim
2912 3125 3049 3179 idem
3078 3137 3330 3179 numerus
3360 3122 3480 3189 192,

1899 3224 1954 3268 et
1994 3220 2111 3281 ejus
2152 3215 2471 3282 sesquialter
2518 3226 2791 3282 sumatur,
2820 3216 2915 3287 qui
2956 3217 3021 3271 ad
3069 3233 3189 3271 eum
3236 3216 3481 3284 diapente

1900 3313 2060 3368 faciat
2090 3312 2517 3367 consonantiam.
2553 3313 2635 3369 Sit
2663 3312 2822 3383 igitur
2853 3327 3105 3367 numerus
3148 3312 3273 3367 288.
3324 3310 3483 3381 Igitur

1900 3403 2090 3459 borum
2118 3413 2173 3460 et
2199 3404 2444 3473 superius
2473 3404 2935 3472 deprebensorum
2986 3403 3107 3471 192,
3142 3416 3407 3474 ponantur
3433 3402 3482 3455 in

1901 3497 2079 3553 medio
2126 3498 2333 3551 numeri
2390 3496 2441 3550 lii
2483 3496 2609 3561 9.16,
2647 3496 2773 3558 (215,
2802 3495 2931 3559 236,
2960 3504 3011 3550 et
3059 3495 3129 3549 sit
3179 3488 3278 3549 tioc
3326 3491 3485 3549 modo

1907 3590 2131 3645 formata
2159 3590 2465 3659 descriptio,
2500 3589 2623 3654 192,
2650 3588 2777 3653 216,
2810 3588 2936 3656 245,
2968 3587 3088 3654 956,
3120 3587 3246 3649 288.

174 3666 434 3728 paretur,
458 3654 630 3708 habet
654 3670 775 3709 eum
800 3664 992 3723 totum,
1009 3664 1065 3711 et
1085 3656 1200 3724 ejus
1227 3656 1489 3711 decimam
1514 3660 1794 3729 septimam

173 3757 423 3816 partem.
493 3742 609 3799 Non
642 3744 801 3814 igitur
842 3744 1029 3799 iisdem
1058 3746 1296 3815 partibus
1323 3756 1376 3800 et
1406 3746 1667 3802 minorem
1707 3765 1793 3804 su-

173 3846 361 3909 pcrat,
400 3844 467 3893 et
507 3848 536 3889 a
564 3836 768 3903 majore
804 3844 1109 3904 superatur.
1152 3837 1250 3891 Est
1293 3838 1435 3893 enim
1469 3839 1643 3893 minor
1680 3856 1802 3910 pars

169 3935 421 4004 septima
474 3929 713 3993 decima,
747 3928 918 3998 major
962 3938 1118 3984 sexta
1163 3928 1393 3987 decima.
1434 3930 1540 3986 Sed
1581 3939 1802 4001 utraque

170 4024 485 4082 semitonia
529 4029 915 4090 nuncupantur.
955 4019 1067 4077 Non
1096 4021 1235 4091 quod
1267 4022 1485 4078 omnino
1514 4026 1797 4079 semitonia

167 4132 232 4172 ex
265 4131 444 4186 aequo
509 4111 618 4166 sint
668 4112 866 4177 media,
896 4112 988 4167 sed
1040 4112 1181 4181 quod
1233 4128 1437 4169 semum
1487 4114 1591 4170 dici
1641 4118 1800 4185 solet,

169 4210 322 4278 quod
356 4207 432 4262 ad
470 4201 838 4273 integritatem
870 4219 1037 4273 usque
1079 4220 1185 4260 non
1227 4207 1485 4275 pervenit.
1534 4207 1633 4262 Sed
1668 4208 1805 4263 inter

165 4300 293 4356 haec
356 4312 545 4355 unum
603 4297 777 4366 majus
829 4298 1172 4353 semitonium
1229 4306 1605 4370 nuncupatur,
1657 4300 1802 4355 aliud

167 4392 384 4448 minus.
1834 4409 1884 4469 D

792 4477 1018 4535 CAPUT
1057 4479 1221 4537 XVII.

301 4572 379 4628 In
413 4572 615 4644 quibus
649 4572 827 4642 primis
855 4574 1081 4625 numeris
1106 4573 1431 4626 semitonium
1462 4583 1672 4628 constet.

239 4664 417 4732 Quod
454 4675 598 4718 vero
629 4662 895 4730 integrum
926 4663 995 4716 sit
1023 4661 1389 4727 semitonium,
1413 4672 1507 4717 aut
1533 4665 1585 4718 in
1616 4664 1809 4735 quibus

160 4758 375 4827 primis
413 4754 680 4810 numeris
706 4758 949 4819 constet,
983 4768 1123 4807 nunc
1166 4754 1463 4809 evidentius
1492 4755 1797 4825 explicabo.

158 4848 216 4907 Id
250 4851 416 4905 enim
446 4845 605 4917 quod
628 4844 695 4900 de
725 4844 986 4899 divisione
1008 4844 1334 4898 tonidictum
1357 4853 1459 4907 est,
1476 4860 1581 4899 non
1610 4846 1675 4900 ad
1706 4847 1804 4901 boe

155 4942 448 5009 pertinet,
489 4946 561 4989 ut
588 4934 994 4989 semitoniorum
1038 4933 1225 4989 modos
1271 4935 1601 4990 voluerimus
1628 4946 1807 4991 osten-

140 5034 324 5092 ‘dere.
382 5032 509 5089 Sed
543 5030 614 5084 ad
646 5030 694 5084 id
729 5030 905 5099 potius
934 5030 1072 5100 quod
1104 5038 1288 5084 tonum
1322 5030 1373 5085 in
1401 5030 1612 5099 gemina
1656 5044 1803 5101 mqua

152 5129 507 5183 diceremus
549 5137 657 5176 non
686 5136 845 5190 posse
873 5122 1128 5191 disjungi.
1180 5122 1541 5195 Diatessaron,
1573 5138 1690 5191 qum
1722 5130 1806 5177 est

150 5216 594 5281 consonantia,
624 5230 814 5269 vocum
859 5214 1075 5283 quidem
1106 5222 1190 5269 est
1218 5224 1469 5284 quatuor,
1499 5215 1799 5269 intervallo-

147 5333 282 5371 rum
318 5317 544 5371 trium.
584 5307 803 5363 Constat
832 5318 1012 5362 autem
1057 5322 1121 5362 ex
1162 5308 1369 5363 duobus
1414 5309 1575 5375 tonis,
1611 5317 1665 5363 et
1696 5324 1801 5363 non

150 5412 394 5481 integro
430 5403 763 5460 semitonio.
798 5402 879 5456 Sit
908 5400 1048 5455 enim
1082 5401 1319 5470 subjecta
1348 5402 1637 5471 descriptio
1677 5401 1801 5468 192,

142 5503 289 5567 9.16,
318 5500 473 5562 245,
510 5494 652 5549 256.
688 5493 742 5547 Si
774 5494 932 5562 igitur
964 5492 1066 5545 19:7.
1103 5508 1375 5555 numerus,
1402 5492 1509 5548 “256
1537 5509 1807 5562 compare-

142 5601 267 5657 tur,
304 5584 695 5657 sesquitertia
730 5579 1003 5652 proportio
1036 5583 1145 5649 fiet,
1178 5599 1238 5636 ac
1265 5584 1596 5639 diatessaron
1628 5584 1809 5639 conci-

140 5684 426 5739 nentiam
464 5674 783 5732 resonabit.
828 5674 933 5729 Sed
964 5675 1007 5729 si
1036 5675 1140 5730 216
1166 5675 1231 5729 ad
1268 5674 1366 5730 19")
1410 5692 1801 5746 comparemus,

130 5868 141 5875 .
220 5817 427 5876 IFit.

2561 3721 2871 3763 ἔκ

2541 3862 2722 3941 Βῆριν
2737 3859 2831 3929 {to

2509 4039 2683 4115 D’h
2717 4041 2847 4140 96

2522 4156 2875 4235 διτιιωιιὶῑετι
3200 4171 3210 4185 ‘

2276 4280 2477 4346 υτᾱς·
2662 4284 2739 4351 /
2825 4290 3053 4351 Ὡτί4τ

2029 4369 2953 4556 ωδωδωῆ

2026 4469 2998 4679 maeret

3112 4698 3325 4805 ἐξ..

1912 4856 1969 4912 1η
2000 4860 2276 4927 superiore
2306 4860 2469 4931 igitur
2498 4861 2877 4930 descriptione,
2906 4864 3009 4919 192
3039 4874 3091 4919 et
3124 4865 3225 4918 956
3254 4864 3337 4915 dir
3363 4878 3387 4915 s
3417 4871 3496 4915 to-

1917 4962 2014 5003 nos
2044 4960 2095 5003 et
2137 4951 2478 5005 semitonium
2529 4954 2791 5008 contineri
2826 4964 3106 5009 monstrati
3138 4964 3278 5008 sunt.
3315 4953 3496 5005 Restat

1914 5039 2073 5111 igitur
2100 5044 2429 5112 comparatio
2455 5043 2558 5099 236
2587 5046 2651 5099 ad
2688 5047 2813 5111 288,
2844 5065 2959 5117 ane
2989 5058 3069 5103 est
3100 5047 3494 5116 sesquioctava,

1913 5131 1965 5187 id
2009 5142 2090 5187 est
2144 5142 2321 5199 tonus,
2346 5151 2639 5206 eorumque
2680 5138 2977 5193 differentia
3026 5148 3108 5193 est
3150 5139 3239 5204 52,
3270 5152 3384 5207 qua:
3416 5144 3497 5188 cst

1910 5231 2095 5277 octava
2133 5239 2255 5292 pars
2286 5225 2410 5279 2256.
2444 5228 2626 5297 Itaque
2658 5241 2949 5283 monstrata
2984 5238 3063 5283 est
3094 5229 3342 5295 diapente
3368 5242 3466 5277 con

1909 5316 2152 5369 sonantia
2175 5332 2236 5371 ex
2266 5318 2433 5371 tribus
2458 5324 2596 5373 tonis
2620 5322 3009 5389 semitonioque
3039 5322 3065 5357 ά
3096 5330 3363 5374 constare.
3390 5319 3495 5373 Sed

1915 5414 1939 5443 ο
1970 5405 2189 5460 dubium
2241 5408 2574 5465 diatessaron
2620 5412 2964 5466 consonantia
3004 5431 3030 5465 :t
3072 5422 3283 5466 centum
3334 5427 3496 5462 tona-

1907 5494 2052 5566 ginta
2070 5497 2277 5553 duobus
2296 5504 2529 5555 numeris
2554 5518 2719 5571 usque
2735 5502 2796 5556 ad
2823 5504 2928 5557 256
2953 5514 3186 5557 venerat.
3207 5502 3354 5555 Nunc
3369 5516 3497 5553 vero

1912 5591 2159 5661 diapente
2182 5596 2249 5647 ab
2274 5594 2475 5650 eisdem
2504 5596 2603 5650 19:!
2627 5597 2863 5650 numeris
2893 5598 3147 5666 usquead
3174 5596 3498 5650 988tlistcn-

1911 5680 2076 5737 ditur.
2142 5682 2438 5755 Superatur
2488 5684 2647 5758 igitur
2697 5686 3028 5744 diatessaron
3082 5686 3429 5742 consonantia
3466 5702 3495 5743 a

544 5812 577 5851 δ
618 5810 905 5867 Naturalis.
984 5823 1006 5854 α
1040 5810 1330 5873 Intercidit.
1404 5813 1433 5856 ⁸
1459 5815 1766 5887 ςοηεὶειεη,
1845 5827 1869 5859 ο
1905 5817 2143 5876 Dudum.
