4022 6366
543 386 695 475 4185

1776 381 1884 440 AN.
1926 351 2134 440 nam.
2180 381 2329 441 ssv.
2369 381 2589 438 nomn

3683 386 3823 443 “84

541 505 812 575 diapente,
843 519 903 558 ea
950 503 1294 573 pr0portione
1322 515 1440 570 quat
1483 500 1621 556 inter
1650 499 1756 555 256
1785 509 1840 554 et
1873 499 1982 554 288
2025 515 2124 553 nu-
2151 503 2204 564 Α
2235 507 2324 553 ton
2349 507 2558 554 vocant.
2590 495 2878 553 Cousulem
2905 497 3095 554 eodem
3121 511 3335 570 quoque
3363 511 3680 572 nuncupant
3721 519 3819 560 no-

543 610 719 650 meros
744 594 1067 659 continetur,
1090 603 1146 649 at
1164 605 1246 649 est
1272 593 1358 649 hic
1388 603 1562 648 tonus.
1588 592 1932 648 Diatessaron
1966 591 2126 662 igitur

539 685 854 756 symphonia
884 701 912 740 a
945 686 1194 756 diapente
1224 696 1350 741 tono
1381 686 1795 741 transcenditur.

1134 776 1359 832 CAPUT
1397 777 1537 832 ΧΙΧ.

593 865 855 938 Diapuson
881 869 1104 940 quinque
1130 871 1260 925 tonis
1287 881 1330 924 et
1360 870 1559 925 duobus
1594 869 1872 924 semitoniis
1898 868 2064 941 iungi.

610 961 871 1032 Diapason
903 965 1250 1019 consonantia
1282 973 1491 1019 constat
1534 979 1600 1018 ex
1635 965 1868 1033 quinque
1897 963 2036 1016 tonis
2065 969 2121 1018 et

537 1053 744 1108 duobus
793 1056 1110 1118 scmitoniis,
1145 1071 1262 1125 quae
1307 1067 1481 1110 tamen
1520 1070 1681 1108 unum
1727 1070 1830 1108 non
1863 1051 2120 1122 impleant

539 1150 743 1197 tonum.
775 1145 1037 1212 Quoniam
1067 1146 1208 1200 enim
1251 1155 1602 1200 monStratum
1643 1154 1725 1200 est
1756 1145 2012 1214 diapason
2050 1157 2118 1198 ex

536 1236 787 1306 diapente
817 1248 868 1293 et
900 1239 1232 1293 diatessaron
1263 1240 1559 1294 consistere
1579 1280 1592 1302 ,
1626 1239 1956 1293 diatessaron
1990 1252 2117 1292 vero

536 1331 756 1398 probata
797 1342 880 1386 est
926 1348 986 1386 ex
1021 1332 1226 1387 duobus
1266 1334 1409 1387 tonis
1439 1341 1495 1388 et
1523 1333 1810 1388 semitonio
1838 1342 2114 1398 constare;

506 1418 783 1488 ‘diapente
823 1437 885 1476 ex
926 1423 1092 1477 tribus
1139 1424 1277 1477 tonis
1307 1439 1370 1478 ac
1417 1425 1701 1479 semitonio
1741 1425 1900 1478 simul
1928 1424 2115 1494 juncta

537 1511 769 1567 efﬁciunt
806 1516 1040 1588 quinque
1073 1528 1244 1570 tonos.
1280 1517 1384 1571 Sed
1411 1517 1663 1586 quoniam
1697 1516 1787 1570 illa
1816 1517 1921 1570 duo
1953 1517 2114 1570 semi-

537 1604 676 1657 tonia
705 1602 808 1658 non
839 1615 992 1660 erant
1016 1609 1233 1676 integrae
1257 1609 1577 1676 medietatis,
1601 1623 1785 1678 eorum
1809 1610 2116 1674 coniunctio

532 1694 598 1748 ad
650 1697 862 1764 plenum
917 1714 1082 1766 usque
1129 1715 1232 1753 non
1286 1702 1550 1769 pervenit.
1614 1701 1720 1756 Sed
1771 1700 2114 1762 medietatem

529 1785 743 1852 quidem
792 1798 1026 1857 superat,
1057 1790 1122 1844 ab
1170 1791 1473 1862 integritate
1527 1793 1864 1863 relinquitur.
1916 1794 2116 1865 Estque

2231 594 2377 649 mine
2405 602 2621 662 propter
2649 591 3021 648 excellentiam
3047 591 3338 664 dignitatis,
3367 608 3540 664 eaque
3581 594 3820 654 Saturno

2226 696 2310 742 est
2335 687 2588 742 attributa
2616 697 2832 757 pr0pter
2862 687 3168 744 tarditatem
3209 699 3386 744 motus
3415 699 3468 745 et
3496 691 3817 760 gravitatem

2224 781 2364 834 soni.
2413 779 2712 850 Parhypate
2754 795 2883 835 vero
2922 781 3177 849 secunda,
3201 782 3355 852 quasi
3393 782 3547 850 juxta
3581 784 3816 853 hypaten

2224 871 2396 940 posita
2427 881 2480 927 et
2511 872 3091 928 collocata.’Lichanos
3125 876 3278 928 tertia
3309 873 3528 939 idcirco,
3557 877 3814 943 quoniam

2222 962 2464 1018 lichanos
2490 962 2687 1032 digitus
2713 963 2930 1031 dicitur,
2955 981 3110 1034 quem
3143 982 3240 1022 nos
3270 966 3501 1022 indicem
3533 982 3811 1022 vocamus.

2223 1052 2444 1109 Graecus
2483 1069 2511 1108 a
2553 1054 2801 1125 lingendo
2851 1055 3099 1111 lichanon
3145 1058 3402 1127 appellat.
3453 1059 3520 1113 Et
3559 1061 3811 1129 quoniam

2222 1145 2274 1200 in
2319 1147 2562 1200 canendo
2609 1146 2675 1200 ad
2724 1161 2840 1200 eam
2889 1147 3182 1214 chordam,
3213 1165 3331 1216 qua}
3375 1158 3495 1205 erat
3539 1154 3705 1206 tertia
3749 1153 3811 1208 ah

2221 1237 2436 1308 hypate,
2465 1237 2623 1293 index
2661 1237 2879 1308 digitus,
2907 1239 2995 1308 qui
3025 1250 3108 1294 est
3135 1239 3376 1296 lichanos
3409 1242 3804 1309 inveniebatur,

2219 1330 2420 1384 idcirco
2466 1331 2578 1398 ipsa
2621 1346 2831 1400 quoque
2873 1329 3116 1384 lichanos
3166 1331 3432 1400 appellata
3459 1341 3560 1388 est.
3617 1334 3808 1400 Qualia

2219 1420 2412 1476 dicitur
2440 1437 2607 1486 mese,
2636 1423 2885 1491 quoniam
2932 1422 3073 1476 inter
3101 1431 3306 1490 septem
3339 1439 3557 1491 semper
3589 1436 3679 1478 est
3707 1439 3804 1480 me-

2219 1514 2324 1568 dia.
2358 1513 2548 1580 Quinta
2575 1522 2658 1568 est
2693 1528 2990 1582 paramese,
3021 1514 3173 1584 quasi
3199 1515 3349 1584 juxta
3383 1516 3618 1570 mediam
3649 1518 3804 1570 collo-

2219 1616 2355 1661 cala.
2387 1605 2625 1673 Septima
2655 1615 2829 1658 autem
2863 1606 3058 1660 dicitur
3089 1617 3231 1672 nete,
3256 1608 3407 1676 quasi
3439 1618 3624 1670 neate.
3655 1611 3705 1662 id
3730 1619 3802 1665 est

2221 1696 2458 1751 inferior.
2495 1698 2636 1750 lnter
2677 1713 2834 1766 quam
2869 1707 3026 1751 neten
3070 1707 3124 1752 et
3167 1713 3480 1767 paramesen
3527 1710 3614 1752 est
3641 1711 3798 1767 sexta,

2220 1805 2338 1857 qua:
2373 1801 2592 1846 vocatur
2623 1797 2898 1856 paranete,
2925 1789 3076 1857 quasi
3100 1790 3249 1858 juxta
3279 1800 3440 1845 neten
3481 1792 3679 1846 locata.
3713 1791 3801 1846 Pa.

531 1877 784 1946 diapason
817 1882 1106 1936 secundum
1141 1883 1276 1938 hanc
1324 1886 1582 1938 rationem
1617 1899 1678 1940 ex
1711 1886 1946 1955 quinque
1977 1885 2108 1941 tonis

2222 1896 2427 1935 ramese
2456 1895 2586 1936 vero
2628 1880 2877 1949 quoniam
2911 1881 3064 1934 tertia
3097 1890 3178 1935 est
3201 1897 3230 1935 a
3263 1891 3420 1948 nete,
3449 1883 3643 1938 eodem
3675 1899 3799 1951 quo-

526 1977 576 2024 et
607 1970 813 2027 duobus
841 1976 1161 2031 scinitoniis.
1193 1977 1322 2043 Quae
1363 1979 1502 2032 sicut
1525 1978 1590 2032 ad
1635 1978 1897 2048 integrum
1929 1989 2110 2034 tonum

527 2076 631 2116 non
649 2064 907 2134 aspirarit,
927 2067 995 2120 ita
1015 2067 1149 2122 ultra
1173 2070 1438 2138 integrum
1455 2071 1797 2124 semitonium
1819 2070 2108 2138 prodeunt.

523 2152 629 2208 Sed
675 2171 792 2224 quae
841 2157 1028 2212 horum
1064 2161 1133 2214 sit
1174 2163 1329 2226 ratio,
1368 2161 1454 2216 vel
1496 2163 1946 2231 quemadmodum
1979 2165 2108 2232 ipsa:

525 2251 742 2304 musica:
791 2253 1156 2307 consonantia:
1209 2254 1576 2323 reperiantur,
1622 2265 1804 2324 postea
1854 2256 2109 2325 liquidius

524 2331 922 2409 explanabitur.
967 2343 1177 2400 Interea
1208 2350 1453 2414 praesenti
1486 2347 1833 2416 diSputationi
1863 2350 1964 2404 sub
1995 2365 2107 2405 me-

525 2430 690 2485 diocri
721 2435 1066 2505 intelligentia
1098 2445 1125 2474 α
1154 2437 1484 2493 credulitatis
1509 2439 1808 2496 adhibenda
1837 2449 1954 2497 est:
1985 2450 2108 2497 tunc

525 2539 650 2580 vero
679 2526 827 2582 ﬁrma
873 2530 1045 2583 omnis
1078 2530 1210 2584 ﬁdes
1256 2533 1509 2586 sumenda
1539 2542 1643 2599 est,
1679 2549 1799 2589 cum
1829 2533 1856 2572 δ
1893 2536 2105 2604 propria

523 2633 685 2694 unum
721 2621 966 2692 quodque
999 2622 1455 2681 demonstratione
1487 2627 1762 2685 claruerit.
1811 2629 1904 2684 llis
1947 2631 2107 2700 igitur

522 2707 590 2762 ita
619 2710 894 2780 dispositis
934 2716 1202 2785 paulisper
1247 2717 1314 2773 de
1345 2719 1578 2789 cytharze
1606 2723 1804 2790 nervis,
1829 2737 1891 2777 ac
1917 2723 1984 2777 de
2013 2738 2106 2778 eo-

522 2817 635 2856 rum
663 2804 988 2872 nominibus,
1015 2823 1227 2879 quoque
1254 2811 1413 2864 modo
1445 2821 1468 2850 ο
1500 2822 1625 2866 sunt
1649 2814 1838 2881 additi,
1869 2815 2104 2871 dissera-

521 2910 658 2961 mus,
687 2911 894 2967 quaque
933 2915 1120 2954 eorum
1165 2916 1324 2957 causa
1376 2905 1444 2958 sit
1495 2906 1790 2961 nominum.
1835 2907 1928 2963 llis
1955 2910 2100 2964 enim

521 2987 747 3053 primum
781 2989 844 3043 ad
872 2991 1112 3046 notitiam
1144 2997 1484 3052 venientibus
1526 2996 1682 3054 facile
1720 3000 1824 3055 erit
1851 3001 2096 3070 scientia,

522 3092 635 3147 quae
661 3091 971 3149 sequuntur,
1003 3086 1272 3155 amplecti.
1903 3085 1905 3087 ’

1124 3178 1350 3236 CAPUT
1389 3181 1507 3238 XX.

661 3264 738 3320 De
757 3269 999 3324 additone
1024 3271 1332 3328 chordarum
1354 3293 1624 3348 earumque
1653 3279 1962 3335 nominibus.

589 3356 898 3427 Simplicem
953 3361 1214 3432 principio
1257 3365 1419 3421 fuisse
1465 3372 1720 3424 musicam
1752 3372 1916 3427 refert
1944 3373 2106 3428 Nicoq

521 3452 758 3516 machus,
783 3454 916 3509 adeo
939 3467 994 3510 ut
1020 3467 1248 3527 quatuor
1278 3464 1456 3516 nervis
1482 3473 1587 3518 tota
1616 3476 1905 3521 constaret.
1943 3467 2106 3538 quue

522 3555 688 3610 usque
716 3544 781 3597 ad
813 3546 1082 3615 Orpheum
1110 3550 1340 3619 duravit,
1366 3564 1421 3606 ut
1445 3555 1645 3624 primus
1670 3557 1883 3626 quidem
1907 3575 2105 3616 nervus

521 3642 572 3687 et
601 3646 820 3703 quartus
849 3637 1104 3708 diapason
1135 3645 1536 3700 consonantiam
1580 3658 1914 3704 resonarent.
1947 3651 2105 3707 Medii

521 3737 647 3780 vero
691 3728 753 3781 ad
780 3744 838 3784 se
863 3731 1085 3788 invicem
1134 3743 1294 3805 atque
1323 3737 1389 3791 ad
1416 3748 1684 3794 extremos
1731 3743 2002 3812 diapente,
2042 3760 2106 3802 ac

520 3815 874 3888 diatessaron,
906 3838 967 3878 ac
992 3834 1196 3880 tonum.
1227 3827 1368 3882 Nihil
1398 3845 1526 3884 vero
1554 3831 1610 3886 in
1640 3835 1717 3888 eis
1747 3847 1891 3892 esset
1921 3837 2106 3893 incon-

520 3923 730 3976 sonum,
758 3913 826 3967 ad
872 3915 1220 3974 imitationem
1268 3922 1471 3978 scilicet
1526 3927 1742 3981 musica:
1795 3931 2101 3997 mundanae,

521 4017 637 4071 quae
658 4019 718 4058 ex
745 4015 970 4074 quatuor
992 4018 1198 4064 constat
1217 4012 1515 4068 elementis.
1541 4012 1704 4087 Cujus
1725 4020 2102 4088 quadrichordi

522 4090 810 4149 Mercurius
842 4095 1034 4152 dicitur
1063 4099 1331 4154 invrntor.

972 4185 1354 4239 Tetrachordum
1400 4191 1651 4246 Mercurii.

771 4283 1162 4298 ~—

913 4362 1019 4413 Bc

1142 4364 1282 4414 Trite
1303 4365 1696 4431 diezeugmenon

793 4569 824 4634 /
870 4546 876 4554 ’
918 4573 948 4621 8
983 4571 1019 4622 G
1150 4571 1385 4622 Licbauos
1407 4574 1828 4625 meson.Diatess.

772 4670 784 4754 l

1001 4572 1019 4621 il
1057 4571 1074 4627 (_
1150 4571 1385 4622 Licbauos
1407 4585 1596 4622 meson.
1617 4574 1828 4625 Dialess.

527 4651 787 4725 Dlapentel
891 4651 1470 4725 χ-ὲ--ς

1156 4778 1425 4841 Parhypate
1457 4794 1647 4835 meson.
1671 4782 1837 4834 Tonus

1163 4982 1433 5047 Parhypate
1455 4987 1679 5050 hypaton.
1701 4989 1833 5040 Diat.

1142 5105 1862 5130 ___%_.

779 4754 784 4768 l

923 4782 953 4829 9
987 4779 1025 4828 F
1060 4707 1138 4908 <
1156 4778 1425 4841 Parhypate
1457 4794 1647 4835 meson.
1671 4782 1837 4834 Tonus

1163 4982 1433 5047 Parhypate
1455 4987 1679 5050 hypaton.
1701 4989 1833 5040 Diat.

521 5153 764 5244 Quintam
807 5175 930 5214 vero
976 5162 1230 5220 chordam
1272 5177 1390 5236 post
1436 5168 1714 5225 Chorehus
1750 5171 1921 5244 Atltys
1966 5173 2108 5228 illius

520 5241 893 5321 adjunxit,~qui
929 5254 1024 5308 l‘uit
1057 5256 1324 5328 Lydorum
1357 5276 1471 5314 rex.
1505 5262 1740 5333 Hyagnis
1765 5241 1894 5344 vero
1928 5264 2107 5336 Phryx

519 5349 724 5394 sextum
759 5342 838 5396 his
865 5347 1109 5412 apposuit
1139 5364 1379 5404 nervum.
1415 5351 1520 5407 Sed
1547 5354 1809 5420 septimus
1850 5342 2044 5411 nervus
2076 5373 2106 5412 a

520 5430 831 5502 Terpandro
878 5437 1068 5492 Lesbio
1119 5441 1401 5510 adjunctus
1440 5453 1543 5509 est,
1575 5446 1867 5500 secundum
1897 5460 2102 5517 septem

519 5523 722 5580 scilicet
776 5531 1104 5598 planetarum
1155 5535 1579 5592 similitudinem.
1638 5537 1802 5607 lnque
1854 5538 1936 5594 his
1988 5557 2108 5611 qua:

521 5619 830 5683 gravissima
879 5627 1091 5693 quidem
1145 5639 1290 5695 erat,
1322 5642 1505 5686 vocata
1557 5642 1636 5687 est
1692 5632 1918 5704 hypate,
1956 5637 2108 5705 quasi

522 5708 690 5774 major
721 5724 879 5780 atque
910 5715 1296 5778 ltonorahilior.
1329 5722 1478 5779 Unde
1507 5724 1690 5780 Jovem
1713 5725 1883 5802 etiam
1903 5718 2102 5800 Hypa-

512 5795 521 5867 ί
593 5801 952 5864 'Credulilas.
1031 5812 1057 5850 1³
1094 5813 1327 5887 Proprie.
1406 5829 1427 5858 ο
1462 5817 1580 5875 Sint
1677 5795 1884 5877 d.Sola.

483 5915 502 5922 ι.

513 5923 580 5948 ιχ.

523 4855 764 4949 Diapente

2569 2176 2580 2188 ’
2826 2208 2848 2257 ι
2897 2215 3080 2276 .12L_

2285 2400 2368 2510 .éﬁ
2677 2419 2725 2501 Ξτ
2828 2431 2857 2478 2
2895 2406 3086 2503 ῙΕΞῙῘ

2247 2603 2294 2721 Ξ
2678 2617 2726 2691 ε’
2831 2654 2860 2701 δ

2245 2728 2278 2772 s

2229 2797 2275 2848 δέ
2768 2810 2772 2813 ,

2835 2873 2864 2922 ι

2241 2955 2276 3066 ξ
2428 2933 2708 3054 ’ἓίἓῗὲἓὲς

2242 3087 2296 3188 ἓ,
2455 3055 2788 3172 ¹Ᾱῖἕέ⁰¹ἓι¹ί¹ἶῖε⁹⁸¹
2837 3092 2867 3144 δ
2906 3098 3094 3173 .L

2149 3247 2193 3309 c
2453 3215 2668 3340 alia“

2291 3321 2340 3392 Ξ
2452 3339 2736 3401 Terpander
2833 3316 2862 3363 6
2927 3322 3034 3406 ,θοι

2455 3401 2657 3452 Leshlus

2551 3508 2559 3529 ⁷
2828 3540 2856 3588 7
2895 3529 3088 3592 Τ

2219 1994 2320 2048 que
2351 1977 2614 2033 vocabulo
2644 1977 2789 2041 trite,
2821 1974 2876 2029 id
2919 1985 3002 2030 est
3049 1977 3203 2032 tertia
3249 1987 3615 2048 nuncupatur,
3642 1989 3701 2034 ut
3735 1978 3797 2034 sit
3832 2056 3834 2058 _

2216 2069 2512 2140 descriptio
2539 2069 2672 2123 hmc.

2455 3030 2788 3118 ljytloriimorex

2455 3117 2563 3169 Alis
2587 3119 2711 3172 ﬁlius

2454 3215 2668 3280 Hyagnis

2453 3277 2615 3340 Phryx

2452 3339 2736 3401 Terpander

2455 3401 2657 3452 Leshlus

3566 2257 3684 2478 \
3693 2431 3733 2457 ρ

3543 2914 3781 3545 ιη

3126 3541 3254 3594 Nete

2209 3688 2305 3744 llis
2348 3697 2588 3743 octavam
2631 3687 2842 3744 Samius
2874 3689 3112 3744 Lichaon
3143 3688 3426 3759 adjunxit,
3449 3697 3607 3758 atque
3653 3689 3792 3745 inter

2211 3795 2544 3850 paramesen,
2593 3796 2712 3850 qua:
2763 3780 2924 3836 etiam
2975 3783 3098 3836 trite
3144 3781 3360 3847 dicitur,
3405 3791 3456 3836 et
3499 3789 3790 3849 paraneten

2209 3885 2431 3930 nervum
2477 3875 2713 3930 medium
2758 3876 3061 3944 coaptavit,
3094 3886 3152 3931 ut
3199 3878 3317 3946 ipse
3365 3877 3548 3932 tertius
3590 3887 3788 3933 esseta

2210 3977 2354 4022 nete.
2385 3967 2451 4021 Et
2497 3982 2773 4035 paramese
2817 3968 3033 4037 quidem
3067 3978 3252 4022 vocata
3283 3978 3365 4024 eat
3395 3965 3425 4006 τι
3451 3972 3639 4032 solum,
3671 3983 3787 4038 qua

2212 4069 2332 4127 post
2355 4059 2582 4114 mediam
2613 4059 2995 4113 collocabatur.
3020 4058 3194 4114 Trites
3220 4075 3348 4114 vero
3381 4076 3567 4114 nomen
3596 4060 3784 4127 perdi-

2209 4151 2306 4216 dit,
2332 4161 2680 4221 posteaquam
2711 4151 2850 4206 inter
2875 4165 2993 4206 eam
3023 4163 3184 4222 atque
3230 4164 3521 4222 paraneten
3547 4154 3723 4208 tertius
3751 4167 3786 4208 ι

2208 4254 2331 4298 nete
2356 4245 2559 4298 loeatns
2589 4252 2673 4298 est
2717 4258 2946 4310 nervus,
2982 4245 3072 4313 qui
3104 4245 3263 4313 digne
3295 4245 3448 4300 trites
3481 4261 3667 4299 nomen
3695 4260 3790 4300 ex-

2207 4337 2443 4405 ciperet,
2489 4347 2546 4390 ut
2596 4337 2664 4390 sit
2719 4337 3105 4391 octochordum
3155 4337 3452 4394 secundum
3510 4339 3788 4395 Lichaonis

2205 4428 2553 4492 additionem,
2585 4428 2686 4482 hoc
2715 4427 2875 4482 modo
2901 4443 2916 4480 :

3653 4712 3692 4749 4

3671 4745 3724 4804 ξι

3693 4814 3727 4838 ν

3661 4847 3739 4893 ’Ξ

3518 4582 3759 5124 Ε

2985 4575 3201 4653 ΠΕ]
3219 4584 3414 4649 Hypate

2488 4678 2663 4753 39/
2946 4678 2956 4753 Ι
2988 4751 3005 4753 _
3039 4678 3147 4753 Ie

2388 4737 2578 4864 ἓργ
2946 4737 2956 4864 Ι
2983 4751 3012 4798 2
3039 4737 3192 4864 [il
3219 4744 3494 4810 Parhypale

2329 4657 2571 4849 £0
2983 4751 3012 4798 2
3039 4657 3194 4978 EI
3219 4744 3458 4810 Parhypat

2388 4832 2418 4864 ὃ

2329 4855 2408 4966 ἑ
2980 4909 3011 4956 5
3051 4889 3180 4955 Ἦ
3220 4903 3460 4956 Lichanos

2307 4985 2360 5033 $.-

2296 5037 2338 5125 ἓ
2387 5037 2410 5125 Ι
2945 5037 3190 5125 Ιιῐ“ῐῑῚ
3220 5061 3357 5114 Mese

2282 5132 2330 5195 οξ
2386 5132 2396 5199 Ι
2485 5142 2660 5199 Anti-95%;
2705 5141 2868 5192 Τοηυε
2945 5132 2953 5199 Ι
3036 5132 3180 5199 1-

2315 5316 2350 5345 Ο

2943 5346 3356 5476 ists-.1

2364 5459 2422 5495 ΩΤ

2388 5484 2606 5634 ξ’(ὶλ
2940 5484 2950 5634 Ι
2979 5547 3005 5595 7
3221 5540 3463 5592 Parauete

2494 5614 2538 5644 ὀ
2573 5614 2620 5644 \
2940 5614 2949 5644 Ι
3036 5614 3180 5644 Ι’”-

2975 5705 3004 5753 8
3035 5698 3194 5757 [TI
3220 5698 3348 5751 Nete

3655 5362 3696 5384 ρ

3668 5385 3723 5459 εξ

3694 5466 3730 5491 Β

3688 5501 3740 5562 ἓ-

3645 5565 3713 5651 ἐξ
