4022 6366
262 355 403 412 1185

1578 351 1667 409 DE
1700 351 1955 411 MUSICA
1997 352 2124 409 LIB.
2167 353 2208 410 Ι.

3402 358 3538 414 1186

258 480 318 537 ln
349 478 711 550 superioribus
742 478 903 548 igitur
930 475 1136 532 duabus
1164 474 1605 545 dispositionibus
1651 473 1839 543 hepta-
1869 475 1924 537 Α
1952 472 2249 544 parhypate
2284 473 2536 544 hypaton,
2572 473 2815 530 lichanos
2842 471 3100 548 hypaton,
3134 475 3350 548 hypate.
3379 476 3540 534 Aliud

257 572 445 629 chordi
501 580 554 626 ct
583 571 912 627 octochordi.
948 568 1376 640 lleptachordum
1400 567 1615 638 quidem
1646 567 1839 620 dicitur

254 678 665 736 synemmenon,
711 662 852 734 quod
898 672 978 717 est
1028 662 1391 729 conjunctum.
1446 659 1839 714 Octochordum

255 769 387 811 vero
409 756 851 826 diezeugmenon,
885 752 1026 825 quod
1058 761 1142 808 est
1171 736 1527 821 disjunctum.‘
1551 751 1607 805 ln
1651 750 1841 820 hepta-

256 848 460 905 chordo
488 849 629 904 enim
660 857 741 903 est
770 862 931 903 unum
964 844 1382 909 tetrachordum,
1406 843 1622 915 hypate,
1648 843 1843 915 parhy-

255 950 400 1012 pate,
432 941 695 1004 lichanos,
746 954 913 994 mese.
954 936 1109 993 Aliud
1162 951 1290 991 vero
1337 950 1507 1003 mese,
1538 948 1837 1005 paramese,

253 1041 529 1103 paranete,
556 1042 699 1096 nete,
727 1030 853 1085 dum
902 1043 1084 1085 mesen
1132 1043 1353 1084 nervum
1384 1028 1622 1083 secundo
1652 1042 1840 1083 nume-

252 1138 456 1189 ramus,
484 1130 644 1191 atque
674 1120 795 1177 ideo
836 1120 943 1177 duo
982 1120 1455 1190 tetrachorda-per
1496 1134 1678 1175 mesen
1707 1134 1841 1174 con-

250 1212 564 1283 iunguntur.
611 1213 667 1267 ln
699 1212 1026 1268 octocbordo
1072 1227 1201 1267 vero
1246 1211 1497 1282 quoniam
1547 1220 1668 1267 octo
1717 1220 1842 1267 sunt

252 1301 491 1369 chorda},
524 1302 830 1371 superiores
877 1311 1125 1373 quatuor,
1162 1302 1213 1356 id
1262 1310 1348 1357 est
1396 1302 1612 1373 hypate,
1648 1304 1842 1374 parhy-

251 1402 397 1464 pate,
431 1392 691 1459 lichanos,
736 1408 914 1461 mese,
946 1410 1109 1449 unum
1156 1393 1552 1449 tetrachordum
1602 1395 1835 1463 explent.

251 1486 338 1544 Ab
365 1487 469 1543 hoc
503 1502 631 1543 vero
671 1488 994 1557 disiunctum
1029 1497 1191 1558 atque
1238 1488 1501 1557 integrum
1553 1488 1770 1543 inchoat
1809 1504 1839 1544 a

252 1593 555 1648 paramese,
586 1580 1029 1649 progrediturque
1057 1595 1152 1649 per
1180 1581 1338 1635 triten
1365 1590 1417 1636 et
1445 1590 1753 1650 paraueten.
1786 1591 1841 1637 et

254 1670 284 1701 ⁸
312 1670 522 1727 ﬁnitum
572 1670 638 1726 ad
690 1683 871 1738 neten,
904 1682 959 1728 et
995 1683 1077 1727 est
1121 1673 1428 1743 disjunctio,
1461 1690 1579 1745 qua:
1620 1685 1841 1730 vocatur

152 1782 158 1787 -
247 1760 278 1800 δ
308 1762 602 1819 diezeuxis.
644 1764 930 1835 Tonusque
973 1774 1057 1821 est
1102 1766 1350 1821 distantia
1398 1781 1573 1823 meses
1601 1776 1655 1823 et
1684 1783 1840 1837 para-

1950 578 2079 619 vero
2105 564 2318 635 hypate,
2353 565 2667 636 parhypate,
2702 566 2962 632 lichanos,
2997 583 3164 634 mese,
3196 580 3251 624 et
3279 569 3392 624 haec
3420 570 3539 639 qui-

1946 657 2068 712 dem
2115 656 2400 726 conjuncta
2453 668 2593 713 sunt.
2649 658 2887 714 Tertium
2934 676 3062 716 vero
3105 671 3187 717 est
3238 676 3536 731 paramese,

1948 750 2093 812 trite,
2141 758 2419 814 paranete,
2471 758 2611 804 nete.
2667 751 2770 806 Sed
2816 753 3063 821 quoniam
3112 753 3251 808 inter
3292 758 3537 824 superius

1947 841 2370 909 tetrachordum,
2399 842 2541 913 quod
2590 852 2672 898 est
2714 844 2907 915 hypate
2955 845 3213 918 hypaton,
3246 847 3540 917 parhypate

1947 934 2207 1005 hypaton,
2252 934 2497 991 lichanos
2536 933 2794 1003 hypaton,
2828 936 3026 1007 hypate
3071 952 3280 1003 meson,
3314 948 3368 993 et
3396 938 3539 994 inter

1946 1026 2213 1093 intimum,
2246 1026 2387 1097 quod
2422 1035 2503 1082 est
2527 1041 2826 1098 paramese,
2857 1028 3000 1093 trite,
3033 1038 3316 1098 paranete,
3352 1028 3409 1083 tit
3438 1044 3537 1098 po-

1944 1118 2138 1174 sitione
2168 1120 2399 1174 medium
2430 1119 2856 1184 tetrachordum,
2889 1120 3031 1190 quod
3054 1129 3134 1176 est
3160 1121 3381 1192 hypate,
3415 1136 3538 1191 par-

1944 1209 2161 1283 hypate.
2198 1211 2488 1278 Lichanos,
2518 1226 2684 1279 mese,
2719 1219 2891 1267 totum
2940 1213 3043 1268 hoc
3088 1214 3321 1268 medium
3368 1222 3537 1269 tetra-

1945 1303 2206 1359 chordum
2238 1319 2424 1359 meson
2469 1313 2713 1359 vocatum
2760 1313 2863 1372 est,
2896 1304 3048 1374 quasi
3096 1305 3417 1372 mediarum,
3445 1320 3537 1361 vo-

1944 1407 2203 1467 caturque
2269 1412 2389 1453 cum
2458 1397 2824 1453 additamento
2880 1395 2984 1451 hoc
3050 1397 3247 1468 hypate
3315 1412 3536 1464 meson,

1944 1489 2239 1558 parhypate
2282 1503 2494 1556 meson,
2523 1488 2763 1543 lichanos
2810 1502 3019 1554 meson,
3046 1503 3216 1543 mese.
3270 1489 3534 1557 Quoniam

1944 1594 2073 1635 vero
2102 1581 2243 1635 inter
2268 1580 2370 1635 hoc
2391 1595 2577 1635 meson
2604 1579 3025 1644 tetrachordum,
3048 1586 3104 1634 et
3132 1578 3371 1645 inferius,
3393 1568 3535 1649 quod

1944 1684 2024 1728 est
2066 1684 2331 1744 netarum,
2364 1674 2653 1745 disjunctio
2684 1682 2788 1741 est,
2821 1688 2995 1729 meses
3044 1673 3252 1728 scilicet
3290 1680 3345 1728 et
3382 1687 3534 1743 para<

1945 1783 2143 1834 meses,
2169 1770 2391 1825 interius
2417 1783 2580 1825 omne
2609 1768 3010 1824 tetrachordum
3042 1767 3452 1836 disjunctarum,
3481 1765 3533 1825 id

245 1871 446 1912 meses.
495 1857 589 1912 llic
619 1857 781 1927 igitur
810 1874 957 1914 mese
988 1869 1189 1914 tantum
1236 1860 1451 1930 quidem
1485 1876 1677 1916 nomen
1702 1862 1839 1916 obti-
1868 1871 1916 1933 Β
1946 1871 2027 1916 est
2073 1861 2515 1932 diezeugmenon,
2562 1871 2807 1916 vocatum
2854 1869 2956 1925 est,
3002 1874 3123 1914 cum
3170 1858 3533 1913 additamenta

243 1950 381 2005 nuit.
430 1950 546 2006 Non
588 1953 729 2007 enim
780 1962 863 2008 est
898 1953 1074 2009 media
1118 1955 1403 2022 positione,
1431 1956 1553 2024 quia
1596 1957 1649 2010 in
1688 1966 1840 2012 octo-

242 2043 449 2097 chordo
475 2042 596 2097 duae
618 2044 831 2113 quidem
860 2059 1073 2113 semper
1118 2044 1308 2099 medite
1356 2046 1715 2114 reperiuntur,
1742 2048 1837 2103 sed

244 2148 351 2190 una
394 2132 569 2191 media
610 2151 715 2191 non
758 2145 933 2203 potest
978 2135 1229 2189 inveniri.
1266 2136 1626 2205 Prophrastus
1654 2146 1833 2191 autem

242 2229 481 2299 periotes
507 2227 572 2282 ad
603 2228 905 2298 graviorem
958 2235 1163 2297 partem
1215 2243 1371 2282 unam
1422 2229 1628 2283 addidit
1668 2230 1829 2283 chor-

242 2320 390 2387 dam,
423 2329 480 2375 ut
511 2320 708 2374 laceret
736 2328 902 2373 totum
932 2318 1389 2374 enneachordum.
1422 2319 1551 2387 Quae
1578 2320 1830 2388 quoniam

240 2430 407 2485 super
425 2415 654 2485 hypaten
678 2422 763 2467 est
784 2412 985 2478 addita,
1006 2412 1374 2484 hyperhypate
1400 2424 1480 2466 est
1505 2424 1826 2481 nuncupata.

240 2507 376 2574 Quae
416 2505 805 2574 prius'quidem
844 2504 969 2558 dum
1011 2518 1204 2559 novem
1251 2503 1573 2559 chordarum
1624 2513 1832 2560 tantum

240 2606 388 2653 esset
424 2598 666 2668 cythara,
697 2595 1066 2667 hyperhypate
1120 2596 1427 2651 vocabatur.
1473 2595 1621 2651 Nunc
1650 2606 1832 2651 autem

240 2690 489 2746 lichanos
538 2688 771 2759 hypaton
821 2687 1015 2742 dicitur
1061 2688 1180 2743 aliis
1224 2688 1603 2759 superadditis.
1642 2688 1694 2742 In
1726 2704 1833 2759 quo

239 2784 434 2840 ordine
460 2790 620 2853 atque
642 2781 1016 2843 instructione,
1051 2783 1303 2850 quoniam
1336 2782 1402 2837 ad
1439 2781 1668 2836 indicem
1699 2782 1834 2852 digi-

238 2890 354 2933 tum
386 2878 548 2943 venit,
580 2876 823 2931 lichanos
858 2876 1120 2946 appellata
1145 2886 1246 2930 est.
1299 2875 1405 2931 Sed
1440 2877 1540 2930 hoc
1565 2877 1831 2943 posterius

236 2968 535 3041 apparebit.
570 2966 719 3022 Nunc
748 2981 876 3021 vero
915 2965 1274 3022 enneachordi
1297 2966 1430 3020 ordo
1459 2967 1537 3020 sic
1568 2980 1626 3021 se
1649 2966 1829 3056 habet.

1390 3075 1736 3140 Hyperbypate

1389 3216 1581 3280 Hypate

1387 3374 1662 3440 Parhypate

1388 3541 1628 3595 Lichanos

1317 3704 1325 3758 l
1388 3709 1527 3758 Mese

1388 3865 1651 3915 Paramese

1118 3085 1310 3133 —

376 3206 524 3310 ί]
994 3231 1310 3301 ‘2

330 3318 379 3395 μ’
1038 3384 1313 3457 5

254 3481 396 3635 ’ἐξ
642 3482 645 3489 Ἴ
1036 3542 1316 3600 4

305 3635 403 3778 ’ἒ
1045 3702 1325 3783 ῑ’

1038 3870 1322 3932 6

325 4072 327 4074 .
1034 4029 1320 4105 7

415 4195 419 4198 κ
1035 4168 1320 4245 8

518 4298 703 4398 ,ὴ
844 4422 887 4429 ᾧ
1044 4343 1323 4434 ὁ.

304 4483 564 4539 llestireus
589 4480 951 4556 Colophonius
981 4489 1241 4544 decimam
1274 4489 1325 4543 in
1354 4487 1652 4561 graviorem
1696 4501 1818 4557 par-

228 4590 339 4634 tem
391 4582 655 4650 coaptavit
700 4584 989 4651 chordam,
1038 4584 1364 4639 Timotheus
1400 4599 1529 4639 vero
1580 4582 1817 4638 Milesius

143 4683 163 4697 '
226 4673 587 4729 undecimam.
638 4676 766 4743 Quae
834 4677 1085 4745 quoniam
1145 4690 1307 4746 super
1365 4675 1596 4747 hypaten
1660 4684 1818 4745 atque

226 4766 559 4837 parhypaten
588 4780 711 4824 sunt
740 4770 957 4836 additae,
991 4770 1187 4841 hypate
1211 4770 1425 4841 quidem
1456 4772 1691 4841 hypaton
1725 4784 1815 4824 vo-

224 4869 363 4911 catae
407 4868 529 4915 sum
576 4861 725 4929 quasi
759 4860 1003 4915 maximae
1054 4875 1361 4931 magnarum
1390 4868 1445 4915 et
1480 4858 1813 4929 gravissima:

223 4951 490 5017 gravium,
524 4960 615 5005 aut
656 4953 983 5009 excellentes
1030 4953 1425 5009 excellentium.
1474 4952 1578 5009 Sed
1628 4960 1813 5007 vocata

224 5050 315 5096 cst‘
342 5042 507 5109 prima
550 5042 688 5098 inter
740 5046 985 5100 undecim
1031 5045 1227 5117 hypate
1274 5045 1532 5116 hypaton.
1562 5043 1811 5100 Secunda

220 5147 357 5187 vero
388 5138 678 5205 parhypate
708 5138 963 5209 hypaton,
996 5139 1245 5207 quoniam
1272 5137 1416 5205 juxta
1449 5137 1683 5207 hypaten
1710 5136 1810 5208 hy-

219 5236 386 5294 paton
434 5228 690 5282 collocata
737 5241 841 5283 est.
891 5228 1072 5284 Tertia
1119 5244 1238 5299 qua:
1287 5228 1486 5283 dudum
1526 5230 1577 5282 in
1616 5243 1814 5284 ennea-

219 5315 431 5376 chordo
486 5318 778 5390 parhypate
831 5319 1143 5385 vocabatur,
1174 5319 1414 5374 lichanos
1461 5321 1695 5391 hypaton
1734 5329 1817 5376 est

220 5418 547 5477 nuncupata.
606 5411 805 5478 Quarta
868 5426 999 5465 vero
1068 5412 1259 5480 hypate
1311 5413 1586 5480 antiquum
1647 5412 1818 5467 tenuit

217 5516 443 5556 nomen.
482 5504 674 5569 Quinta
710 5504 1026 5575 parhypate.
1071 5503 1231 5559 Sexta
1262 5503 1500 5558 lichanos
1541 5504 1816 5573 antiquum

218 5596 429 5651 scilicet
473 5599 671 5653 habens
718 5598 1053 5653 vocabulum.
1104 5596 1336 5663 Septima
1386 5612 1551 5651 mese.
1615 5596 1817 5653 Octava

215 5704 522 5759 paramese.
556 5690 701 5745 Nona
734 5692 878 5745 trite.
928 5688 1146 5747 Decima
1196 5700 1469 5758 paranete.
1523 5688 1815 5745 Undecima

220 5790 366 5835 nete.
402 5781 491 5836 Est
518 5782 673 5852 igitur
706 5797 865 5837 unum
902 5780 1298 5836 tetrachordum
1330 5780 1526 5851 hypate
1554 5779 1811 5853 hypaton,

296 5884 321 5914 ⁸
356 5875 579 5933 Finitur.
656 5878 681 5917 ι)
718 5875 1008 5930 Ῐὶὶαιευπίε.

1944 1954 2151 2010 scilicet
2181 1954 2283 2010 hoc
2312 1973 2323 2007 :
2353 1956 3107 2025 paramese‘diezeugmenon,
3139 1950 3263 2006 trite
3292 1951 3531 2022 diezeug-

1942 2059 2163 2109 menon,
2188 2057 2443 2115 paranete
2471 2048 2914 2117 diezeugmenon.
2938 2052 3062 2099 nete
3083 2042 3530 2112 diezeugmenon,

1945 2145 2001 2191 ut
2030 2136 2099 2190 sit
2125 2136 2416 2207 descriptio
2448 2138 2550 2193 hoc
2579 2138 2771 2192 modo:

2754 2310 2917 2410 ιβ
3020 2296 3299 2410 -ιιιῖξόηθ
3380 2298 3529 2362 hypa.

2542 2430 2609 2541 β(
2703 2430 2773 2541 Ι²
2815 2430 3389 2541 ξένὲχιιιὲηειθ
3442 2430 3528 2494 hy.

2754 2329 2775 2383 1
3081 2329 3298 2410 ...ἰγόιῐῖιυ
3380 2329 3527 2362 μιν..

2736 2446 2773 2495 οι
2813 2329 3090 2638 Ξ
3115 2430 3389 2492 Parhypate
3442 2430 3527 2494 hy~

2114 2576 2115 2583 γ
2542 2496 2582 2584 ἓ
3154 2502 3299 2572 μείου

2556 2587 2603 2653 ac
2741 2562 2781 2623 3
3116 2562 3348 2611 Lit-banos
3378 2564 3527 2627 bypa.

2118 2696 2123 2701 ,
2758 2676 2785 2710 ι
2815 2631 3292 2710 lT_._...‘__°'E.-

2049 2682 2125 2763 ig
2160 2631 2230 2763 /
2546 2631 2711 2763 Ἠ
2740 2676 2791 2755 4
2814 2647 3089 2763 W7]
3110 2631 3296 2755 Byigte
3322 2706 3494 2743 meson

3110 2838 3385 2901 Parhypate
3419 2851 3526 2889 ωε-

3149 2914 3236 2948 SOI]

3111 2969 3347 3018 Lichanos
3416 2982 3526 3021 me-

3150 3044 3239 3081 8οη

3113 3102 3251 3152 Mesc

2762 2992 2781 3025 )

2811 2647 3089 3238 Ξ

2832 3168 3082 3221 Ἶδνιειναιτ

2006 2864 2141 3073 ἓ(
2516 2864 2783 3073 Gali

1996 3016 2088 3093 ὤ

2022 3108 2179 3223 a\
2586 3108 2778 3223 ‘17

2749 3226 3087 3306 si:
3112 3226 3382 3306 Ρίιναφεξε.
3399 3228 3524 3306 Ilia

3148 3302 3456 3353 zeugmeuon

2737 3351 2779 3420 9
2809 3350 3086 3420 f—‘—'1
3108 3350 3265 3401 'l‘rite"
3290 3354 3522 3414 diezeug-

2721 3476 2787 3519 lo
2806 3427 3087 3526 i——-1
3112 3427 3353 3525 pili-2221‘s
3413 3475 3522 3526 die-

2728 3579 2781 3630 u
2804 3550 3083 3630 i-———i
3110 3550 3460 3630 κῖῗὲξεῖῗεῗῗὲξξ

3110 3598 3235 3647 Nete
3252 3598 3263 3599 “
3287 3601 3520 3662 diezeug-

3146 3674 3325 3709 menon

1928 3746 2025 3801 Est
2068 3747 2229 3816 igitur
2258 3748 2345 3803 hic
2384 3751 2525 3805 inter
2554 3767 2870 3821 paramesen
2901 3773 2964 3814 ac
2995 3775 3179 3816 mesen
3208 3762 3517 3830 disjuncﬁo,
3583 3760 3595 3771 ’

1927 3850 2086 3911 atque
2112 3842 2232 3897 ideo
2259 3844 2681 3914 diezeugmenon
2711 3852 3106 3908 tetrachorduin
3130 3854 3233 3911 hoc
3261 3866 3513 3911 vocatum

1927 3944 2027 3990 est.
2061 3936 2215 4001 Quod
2247 3938 2291 3992 si
2326 3953 2604 4006 paramese
2648 3940 2944 4011 auferatur,
2979 3955 3035 4002 et
3076 3948 3143 4001 sit
3184 3964 3331 4004 mese
3372 3949 3515 4015 ti'itc,

1927 4038 2203 4096 paranete,
2232 4040 2376 4095 nete,
2412 4038 2536 4085 tunc
2581 4033 2887 4105 conjuncta,
2922 4039 2973 4094 id
3017 4050 3101 4095 est
3138 4056 3513 4111 synemmena,

1925 4131 2083 4176 erunt
2115 4122 2212 4175 tria
2245 4124 2616 4196 tetrachorda,
2647 4129 3029 4204 vocabiturque
3060 4134 3309 4190 ultimum
3353 4144 3515 4192 tetra-

1927 4212 2185 4270 chordum
2212 4228 2600 4287 synemmenon
2631 4220 2733 4279 hoc
2760 4224 2958 4282 modo:

3260 4444 3406 4500 paton

2598 4540 2639 4604 ὲ
2861 4523 2916 4574 Ζ
3226 4532 3468 4597 Parhypat
3480 4548 3510 4583 e

2602 4644 2637 4674 υ
3258 4596 3473 4658 hypaton

2869 4682 2925 4745 Ξ
3225 4676 3468 4745 Ιείειιῖιηοε

3260 4444 3406 4500 paton

2861 4523 2916 4574 Ζ
2954 4523 3198 4597 Ξ
3226 4532 3510 4597 Parhypate

3258 4596 3473 4658 hypaton

2866 4682 2925 4761 5
2950 4675 3195 4761 [Ξ]
3225 4676 3468 4761 Limus

2928 4740 3196 4818 Γ
3258 4740 3473 4804 hypaton

3224 4821 3415 4886 Hypata

3258 4897 3433 4933 meson

2941 4967 3196 5037 [ΣΙ
3225 4972 3380 5033 Parhy
3391 4982 3502 5033 pate

3260 5046 3431 5083 meson

2870 5096 2912 5177 6
2944 5096 3195 5189 Ιζέ-ζ]
3224 5128 3466 5180 Lichanos

2685 4368 2796 4512 7

2685 4715 2796 4859 ξ

3256 5328 3509 5368 nemmen.

2862 5394 2918 5483 8
2941 5394 3193 5483 Ξ
3224 5402 3509 5483 Τξίιεμξξ·

3257 5478 3482 5514 nemmen
3493 5500 3507 5515 ο

2847 5555 2900 5628 9
2939 5555 3195 5628 [Ξ]
3227 5561 3471 5611 Paran‘ete

3264 5636 3501 5685 synemm.

3225 5710 3356 5762 Nete
3428 5726 3507 5775 sy-

2746 5796 2751 5797 ’
2767 5786 2805 5793 “’
3146 5786 3149 5787 ⁷
3256 5786 3502 5827 natumut-
