4022 6366
267 362 404 422 "89

1586 369 1673 425 DE
1710 366 1957 426 MUSICA
1998 367 2127 425 LIB.
2167 368 2211 427 1.

3392 387 3530 444 H90

262 494 464 539 tonum.
512 481 681 538 Diesis
710 489 889 538 autem
918 490 1003 539 est
1048 474 1315 539 semitonii
1353 481 1653 547 dimidium,
1683 490 1739 535 ut
1768 481 1837 537 sit
1861 483 1917 545 Α
1944 494 1965 521 ο
1997 482 2267 539 diatonico
2291 486 2508 555 quidem
2534 502 2753 559 genere,
2778 490 3027 548 diatonos
3048 507 3252 551 meson.
3286 494 3343 552 ln
3369 498 3532 555 chro-

263 579 417 631 trium
466 590 722 645 generum
771 576 1079 645 descriptio,
1130 590 1228 648 per
1274 577 1452 630 omnia
1499 574 1839 630 tetrachorda

260 668 562 721 discurrens
588 668 689 720 hoc
716 666 876 721 modo
900 684 913 720 :

378 1202 688 1253 semitonium
966 1212 1109 1256 tonus

321 1317 1741 1441 5%

317 1439 1745 1674 WE?

375 1711 682 1761 semitoninm
868 1713 1183 1763 semitonlum
1339 1715 1431 1763 tria
1454 1710 1726 1777 semitoniI,

578 2093 744 2147 niueis
933 2098 1098 2151 Diesis
1285 2100 1501 2153 Ditouus

818 2222 1046 2277 CAPUT
1091 2223 1251 2278 XXII.

253 2306 327 2365 De
367 2309 545 2367 ordine
592 2311 902 2369 chordarum
946 2317 1332 2441 nobmiuibmque
1370 2317 1425 2371 in
1467 2310 1625 2373 tribus
1684 2332 1836 2386 gene-

956 2405 1001 2441 ri
1037 2405 1118 2441 us.

956 2405 1118 2443 ηοω.

321 2472 474 2529 Nunc
504 2477 663 2547 igitur
697 2479 831 2536 ordo
861 2481 1183 2538 chordarum
1224 2481 1590 2553 disponendus
1618 2488 1703 2536 est
1722 2495 1836 2537 om-

254 2570 404 2627 nium
432 2586 550 2641 quae
591 2588 686 2642 per
716 2575 813 2629 tria
851 2590 1050 2645 genera
1078 2576 1374 2645 variantur,
1404 2577 1489 2631 vel
1517 2576 1838 2631 inconstanti

250 2665 437 2722 ordine
470 2668 845 2738 disponuntur.
887 2671 1065 2725 Prima
1108 2680 1193 2728 est
1230 2672 1391 2742 igitur
1432 2672 1840 2743 proslambano-

248 2772 457 2827 menos,
488 2777 610 2829 qum
657 2762 843 2819 eadem
876 2763 1072 2821 dicitur
1118 2764 1530 2833 prosmelodos;
1577 2763 1837 2830 secunda,

250 2854 445 2920 hypate
497 2855 762 2921 hypaton;
814 2856 967 2908 tertia
1018 2855 1311 2926 parhypate
1352 2854 1618 2926 hypaton;
1650 2864 1839 2925 quarta

250 2953 378 2996 Vero
426 2942 793 2999 universalitcr
830 2946 1045 3014 quidem
1086 2947 1328 3002 lichanos
1373 2945 1694 3016 appellatur.
1728 2944 1837 3001 Sed

249 3034 294 3087 si
336 3034 393 3090 in
430 3034 650 3090 diatono
689 3051 886 3104 genere
913 3046 939 3075 α
969 3046 1202 3106 aptetur,
1232 3022 1427 3094 dicitur
1468 3036 1712 3093 lichanos
1744 3034 1840 3105 hy-l

248 3137 413 3196 paton
441 3128 707 3183 diatonos.
735 3129 789 3184 Si
816 3145 944 3185 vero
972 3131 1025 3185 in
1049 3131 1345 3198 chromate,
1369 3131 1566 3187 dicitur
1590 3130 1838 3185 diatonos

1943 584 2105 641 male,
2142 575 2384 632 lichanos
2415 594 2601 635 meson
2629 581 2995 650 rhromaticm,
3026 586 3110 640 vel
3140 587 3383 644 diatonos
3421 606 3533 647 me-

1939 680 2039 720 son
2097 667 2459 724 chromaticzn.
2518 673 2571 726 lu
2630 674 2988 731 enharmonio
3040 677 3287 735 diatonos
3344 697 3529 740 meson

1938 760 2341 827 enharmonios,
2373 766 2456 819 vel
2488 765 2730 823 lichanos
2765 784 2951 825 meson
2987 772 3385 832 enharmonios.
3416 778 3525 835 Has

1939 850 2182 921 sequitur
2209 867 2377 908 mese.
2417 854 2545 911 Post
2572 856 2708 913 hanc
2738 870 2860 914 sunt
2905 861 3011 916 duo
3042 865 3376 921 tetrachmda
3410 884 3532 938 par-

1939 943 2037 997 tim
2069 958 2480 1014 synemmcnon,
2511 950 2703 1016 partim
2736 949 3180 1022 diezeugmenon.
3220 959 3281 1015 l-‘t
3307 974 3528 1031 synem-

1940 1050 2135 1090 menon
2178 1046 2261 1091 est
2303 1039 2445 1108 quod
2502 1049 2619 1108 post
2669 1056 2851 1097 mesen
2899 1046 3143 1114 ponitur,
3174 1049 3226 1103 id
3280 1064 3364 1106 est
3408 1054 3532 1109 trite

1939 1141 2347 1197 synemmenun.
2394 1130 2597 1186 Dehinc
2628 1132 2875 1189 lichanos
2903 1150 3311 1209 synemmenon,
3345 1143 3531 1199 eadem

1941 1215 1969 1254 ά
2005 1220 2057 1272 in
2087 1218 2358 1274 diatonico
2406 1221 2650 1279 diatonos
2690 1238 3096 1294 synemmenon.
3152 1230 3207 1283 In
3253 1232 3531 1290 chromate

1941 1324 2072 1364 vero
2118 1311 2201 1365 vel
2240 1312 2484 1367 diatonos
2528 1328 2917 1384 synemmenon
2946 1317 3309 1387 chromaticm,
3357 1325 3439 1378 vel
3472 1325 3530 1380 li-

1940 1401 2144 1458 chanos
2209 1418 2597 1474 synemmenon
2653 1406 3015 1463 chromaticm.
3070 1411 3123 1463 ln
3178 1410 3531 1469 enharmonio

1944 1508 2075 1548 vero
2129 1495 2210 1551 vel
2261 1496 2509 1553 diatonos
2552 1513 2938 1570 synemmcnon
2988 1502 3398 1570 enharmonios,
3447 1506 3532 1561 vel

1946 1587 2186 1643 lichanos
2233 1602 2619 1660 syuemmenon
2661 1592 3065 1649 enharmonios.
3116 1594 3241 1652 Post
3272 1596 3367 1650 has
3412 1607 3534 1653 nete

1942 1690 2357 1752 synemmenon.
2391 1680 2447 1735 Si
2476 1696 2602 1736 vero
2630 1697 2777 1738 mese
2807 1698 2971 1739 nervo
2999 1699 3102 1739 non
3135 1686 3202 1740 sit
3230 1702 3534 1759 synemme-

1943 1785 2048 1825 non
2081 1771 2485 1829 tetrachordum
2515 1772 2843 1843 atljunctum,
2874 1776 2966 1829 sed
2996 1776 3065 1830 sit
3091 1776 3533 1847 diezeugmenon,

1868 1858 1919 1921 B
1944 1869 2025 1914 est
2052 1870 2169 1928 post
2191 1877 2373 1916 mesen
2400 1877 2695 1932 paramese.
2718 1863 2918 1918 Dehinc
2940 1865 3063 1921 trite
3088 1867 3532 1938 diezeugmenon,

1943 1950 2068 2005 inde
2099 1952 2336 2025 lichanos
2364 1952 2806 2024 diezeugmenon,
2836 1972 2978 2025 qua),
3005 1956 3059 2011 in
3094 1958 3328 2026 diatono,
3364 1962 3534 2017 diat0<

1944 2056 2040 2094 nos
2090 2042 2536 2113 diezeugmenon.
2594 2044 2650 2098 in
2681 2046 2961 2102 chromate
2990 2058 3098 2103 tum
3144 2051 3392 2106 diatonos
3422 2052 3534 2108 die«

1940 2147 2270 2201 zeugmenon
2304 2135 2673 2199 chromaticze,
2704 2146 2813 2191 tum
2845 2138 3084 2194 lichanos
3113 2142 3535 2210 diezeugmenon

1939 2221 2305 2278 chromaticaa.
2358 2224 2414 2281 in
2450 2226 2801 2282 enharmonio
2831 2244 2961 2283 vero
2992 2241 3104 2285 tum
3141 2232 3387 2289 diatonos
3418 2236 3535 2291 die-

1939 2328 2266 2383 zeugmenon
2292 2318 2698 2383 enharmonios,
2719 2330 2826 2375 tum
2850 2320 3091 2378 lichanos
3111 2322 3534 2397 diezeugmenon

1939 2408 2341 2465 enharmonios.
2396 2410 2593 2466 Eadem
2628 2427 2749 2466 vero
2784 2412 2983 2468 dicitur
3011 2425 3066 2469 et
3097 2428 3373 2485 paranete,
3405 2437 3530 2477 cum

1944 2502 2217 2557 adilitione
2246 2504 2329 2558 vel
2358 2503 2582 2569 diatoni,
2606 2506 2685 2558 vel
2710 2506 3023 2573 chromatis,
3052 2510 3134 2563 vel
3166 2511 3531 2570 enharmonii.

1941 2591 2116 2661 Super
2164 2594 2261 2647 has
2308 2602 2430 2649 nete
2477 2594 2929 2664 diezeugmenon,
2963 2598 3087 2652 trite
3136 2600 3525 2672 liypcrholeoo,

1940 2695 2193 2755 paranete
2241 2685 2626 2757 hyperboleon.
2650 2696 2775 2743 nete
2815 2689 3275 2761 hyperboleon,et
3300 2710 3421 2764 qua:
3446 2706 3533 2754 est

1940 2791 2193 2849 paranete
2218 2780 2603 2851 hyperboleon,
2626 2782 2809 2836 eadem
2837 2783 2887 2836 in
2911 2784 3396 2845 diatono_diatonos
3423 2792 3526 2861 hy-

1941 2888 2020 2943 pe;
2037 2873 2251 2930 holeon.
2270 2874 2321 2926 ln
2338 2872 2614 2927 chromate
2636 2888 2761 2927 vero
2774 2872 3116 2930 chromatica:
3132 2876 3526 2946 liyperholeon;

1939 2963 1992 3019 in
2011 2964 2359 3019 enharmonio
2377 2979 2506 3020 vero
2526 2966 2907 3020 enharmonios
2934 2965 3314 3038 hyperhohon.
3336 2968 3532 3029 [larum

1940 3057 2122 3113 ultima
2139 3072 2200 3113 ea
2213 3064 2297 3112 est
2312 3073 2427 3126 quae
2440 3065 2523 3113 est
2537 3067 2660 3112 nete
2686 3058 3071 3128 hyperboleon,
3088 3069 3141 3114 et
3157 3060 3225 3114 sit
3241 3062 3323 3115 de-
3337 3062 3531 3132 criptio

1939 3150 2203 3221 ejusmodi
2232 3160 2292 3205 ut
2322 3150 2484 3205 trium
2514 3165 2771 3220 generum
2802 3152 3071 3206 contineat
3117 3151 3527 3222 dispositionem

248 3220 622 3286 chromaticze,
670 3222 755 3275 vel
805 3222 1047 3277 lichanos
1086 3224 1323 3294 hypaton
1370 3224 1735 3279 chromaticie.
1781 3220 1915 3285 διε
1947 3220 1997 3298 ii,

1947 3220 1997 3298 in
2028 3244 2216 3313 quibus
2245 3250 2300 3296 et
2334 3241 2739 3296 similitudinem
2765 3244 3038 3299 nominum
3080 3254 3132 3299 et
3172 3244 3531 3302 din‘erentiam

248 3321 427 3371 autem
456 3312 507 3366 in
537 3312 910 3379 enharmonio,
938 3315 1135 3370 dicitur
1177 3316 1418 3371 lichanos
1465 3316 1700 3387 hypaton
1740 3329 1839 3371 en-

248 3401 582 3469 harmonios,
618 3404 698 3460 vel
730 3405 978 3460 diatonos
1010 3406 1242 3478 hypaton
1274 3408 1675 3464 enharmonios.
1710 3409 1837 3464 Post

249 3496 391 3551 hanc
416 3507 632 3551 vocatur
673 3497 867 3568 hypate
908 3516 1126 3567 meson;
1160 3501 1352 3559 dehinc
1382 3504 1677 3575 parhypate
1717 3518 1834 3559 me-

244 3600 378 3652 son;
432 3598 592 3659 atque
630 3587 656 3626 δ
698 3591 785 3647 hic
837 3590 1082 3651 lichanos
1132 3609 1321 3651 meson
1381 3596 1716 3667 simpliciter.
1773 3596 1834 3651 In

605 3760 946 3808 DIATONICUI.

236 3883 827 3943 'Proalambanomenos.

242 3953 460 4025 Hypata
486 3954 731 4025 hypaton.

242 4024 348 4080 Par
363 4024 552 4094 hypate
581 4027 820 4095 hypaton.

245 4095 505 4166 Lichanos
534 4095 759 4166 hyuamn
790 4096 1044 4153 diatonos.

244 4164 461 4234 Hypale
486 4164 677 4219 meson.

1372 4172 1580 4243 Hypata
1605 4172 1793 4227 meson.

245 4235 327 4289 Pa
336 4236 394 4286 rh
400 4253 431 4303 ρ]
439 4247 553 4301 pale
590 4252 781 4291 meson.

1692 3767 2089 3810 CﬂROIIA'I'lCUH.

1372 3889 1937 3955 Proslnmbnnomenoa.

1373 3961 1577 4031 [lypole
1606 3963 1853 4031 hypaton.

1370 4029 1667 4102 Pnrhypute
1698 4035 1946 4102 hypaton.

1370 4100 1622 4173 Lichanos
1652 4100 1881 4173 hypaton
1912 4105 2252 4159 chromaticw.

1945 3334 2278 3406 pernotabis,
2304 3342 2361 3387 ut
2390 3333 2434 3387 si
2467 3333 2618 3388 nervi
2652 3333 2854 3387 similes
2905 3327 3267 3406 in’omnihus,
3298 3352 3418 3391 cum
3451 3340 3530 3393 eis

1944 3428 2036 3498 qui
2057 3435 2181 3482 sunt
2201 3424 2490 3481 dissimiles
2510 3426 2851 3495 colligantur,
2873 3424 3002 3480 (iant
3022 3428 3179 3485 simul
3197 3443 3383 3485 omnes
3410 3440 3529 3489 octo

1944 3529 2000 3577 et
2027 3520 2232 3592 viginti.
2264 3518 2377 3576 Hoc
2404 3526 2581 3574 autem
2611 3526 2874 3574 monstrat
2902 3519 3141 3587 subjecta
3166 3521 3484 3593 descriptio.

2812 3772 3210 3817 ΕΝΠΔΒΜΟΝΙῸΙ.

2494 3894 3062 3955 Proslambanomenos.

2490 3964 2699 4035 {lypale
2722 3965 2970 4035 hypaton.

2490 4034 2785 4108 fur/typum
2812 4037 2879 4108 hy
2889 4048 3059 4093 nalon.

2486 4103 2741 4175 (sic/ianus
2773 4103 2997 4175 hypaton
3026 4110 3402 4173 enharmonios.

2485 4174 2697 4245 ljypate
2722 4174 2915 4234 meson.

1370 4241 1663 4312 Pdrhypote
1691 4260 1882 4303 meson.

1368 4312 1624 4370 Lichanbs
1653 4331 1827 4371 meson
1852 4315 2195 4370 chromaticae.

1369 4383 1425 4436 Μ
1433 4401 1533 4439 ese.
2485 4384 2542 4437 Μ
2548 4402 2646 4439 ese.

1364 4453 1508 4526 trite
1532 4471 1912 4525 synemmenon.
2102 4525 2106 4526 ί
2488 4454 2625 4526 Trile
2652 4472 3032 4526 synemmenon.

1366 4522 1622 4605 Iiaranéte
1658 4542 2022 4596 synemmenott
2060 4525 2407 4583 chromaticaa.
2483 4522 2739 4605 ("aranea
2761 4544 3125 4598 synemmenon
3145 4535 3522 4605 enharmonios.

1368 4594 1421 4668 1y
1427 4607 1502 4651 «te
1526 4594 1909 4667 synemmenon.
2487 4594 2622 4668 {Vete
2651 4594 3033 4668 synemmenon.

1371 4664 1665 4721 Paraniese.
2490 4664 2788 4723 Param'ese.

1367 4735 1510 4811 [rite
1530 4738 1948 4811 diezeugmenon.
2106 4810 2112 4811 γ
2488 4737 2626 4811 Trito
2654 4740 3065 4811 diezeugmenon.

1371 4806 1623 4883 {araneis
1646 4806 2038 4878 diezeugmenon
2063 4810 2408 4868 chromaticaa.
2487 4808 2745 4883 Earanete
2774 4806 3120 4883 diemgnten.
3142 4819 3522 4883 enharmonios.

1370 4877 1421 4929 Ν
1426 4890 1501 4931 ete
1529 4877 1939 4945 diezeugmenon.
2358 4928 2361 4929 ν
2488 4879 2537 4933 Ν
2541 4892 2621 4934 ele
2649 4877 3065 4945 diezeugmenon.

1370 4901 1501 4931 uete
1529 4901 1939 4945 urezeugmerwn.
2358 4928 2361 4929 ν
2488 4901 2621 4934 uela
2649 4901 2821 4936 atezetr
2863 4902 3013 4941 meno:

1367 4946 1507 5021 7_’rile
1541 4948 1908 5021 hyperboleon.
2065 5019 2072 5021 Α
2482 4948 2624 5021 Τήιε
2652 4901 3013 5021 Ιιῃρρνόαοιεοη.

1366 5016 1623 5096 Ramnete
1653 5018 1994 5096 hyperboleon
2023 5019 2368 5074 chromaticw.
2483 5016 2739 5096 Ramnete
2764 5024 3107 5096 hyperboleon
3143 5028 3521 5091 enharmonios.

1368 5087 1500 5143 Nete
1523 5089 1882 5160 hyperboleon.
2481 5090 2617 5147 Nate
2641 5087 3006 5163 hyper'b'oleon.

1943 5191 2100 5236 tonus
2146 5171 2554 5251 incompositus",
2583 5182 2785 5241 idcirco
2824 5189 3074 5257 quoniam
3127 5191 3330 5263 integer
3377 5201 3523 5267 poni.

1943 5283 2046 5340 tur,
2078 5288 2178 5329 nec
2202 5272 2417 5341 aliquod
2442 5274 2494 5329 ei
2519 5274 2662 5331 aliud
2692 5276 3029 5335 intervallum
3059 5282 3386 5355 adjungitur.
3420 5292 3522 5349 Sed

1939 5365 1991 5418 in
2042 5364 2265 5435 singulis
2294 5364 2586 5422 intervallis
2632 5366 2825 5441 integri
2874 5370 3055 5424 insunt
3101 5373 3227 5428 toni.
3280 5376 3335 5429 in
3368 5379 3523 5434 ehro.

1939 5468 2079 5513 male
2126 5471 2255 5512 vero
2298 5458 2605 5527 scmitonio,
2630 5475 2695 5517 ac
2733 5462 3022 5517 semitonio
3066 5463 3521 5541 incompositoque

1936 5550 2300 5605 trihemitonio
2332 5552 2503 5619 posita
2532 5552 2725 5607 divisio
2751 5562 2851 5608 est.
2874 5553 3081 5609 Idcirco
3107 5565 3284 5613 autem
3316 5558 3521 5617 incom-

1938 5644 2165 5711 positum
2218 5643 2318 5699 hoc
2369 5644 2792 5699 trihemitonium
2833 5646 3236 5717 appellavimus,
3267 5655 3518 5720 quoniam

1935 5737 1988 5791 in
2016 5753 2123 5793 uno
2150 5740 2467 5794 collocatum
2495 5749 2580 5795 est
2609 5739 2921 5805 intervallo;
2956 5750 3127 5811 potest
3164 5752 3188 5781 °
3218 5748 3393 5801 autem
3426 5762 3517 5817 ap-

2487 4243 2785 4316 Par/typum
2815 4265 3005 4305 meson.

243 4306 507 4383 l_._ichanos
535 4323 706 4361 meson
734 4308 989 4366 diatonos.
1368 4306 1624 4370 uir/iano:
1653 4331 1827 4371 meson
1852 4315 2195 4370 chromaticaz.
2484 4306 2740 4371 Lichavrios
2770 4322 2940 4374 m’eson
2968 4322 3345 4383 enharmonios.

244 4374 310 4429 Μ
314 4391 413 4429 ese.

246 4444 296 4498 Τ
299 4447 394 4498 rite
418 4455 799 4515 synemmenon.
1012 4500 1015 4503 η

242 4515 510 4571 Paranete
541 4523 903 4584 synemmendn
927 4522 1184 4581 diatonos.

245 4584 304 4639 Ν
310 4596 388 4640 etc
415 4586 791 4654 ayne'mmenon.

246 4654 549 4712 Paromese.

243 4724 294 4779 Τ
297 4730 395 4780 rite
422 4730 832 4795 diezeugmenon.

244 4796 508 4870 I_‘_aranele
536 4799 930 4870 diezeugmenon
958 4802 1212 4860 diatonos.

244 4867 387 4939 Q’eie
419 4867 833 4939 diezeugmenon.

244 4937 393 5009 Z‘rilc
420 4937 779 5009 hyperbolaeon.

243 5005 502 5077 Pnranele
528 5008 871 5077 hyperboleon
902 5014 1160 5069 diatonos.

240 5076 386 5134 Nele
410 5076 770 5148 hyperbOIeon.

818 5175 1045 5234 carm
1083 5177 1272 5232 χχιιι.
1814 5250 1817 5253 _

236 5266 383 5331 Quae
428 5268 529 5321 sint
571 5269 704 5324 inter
744 5284 887 5325 voces
914 5272 992 5353 in
1033 5272 1250 5343 singulis
1302 5276 1570 5345 generibus
1617 5292 1834 5347 propor-

955 5352 1135 5398 tiones.

322 5449 435 5505 Hoc
473 5452 636 5521 igitur
664 5454 823 5509 modo
863 5468 959 5525 per
988 5455 1191 5524 singula
1225 5458 1556 5514 tetrachorda
1584 5461 1634 5515 in
1666 5475 1829 5531 gene-

212 5552 371 5601 ‘rum
404 5545 759 5612 proprietates
789 5546 1003 5615 partitio
1032 5545 1169 5601 facta
1200 5557 1303 5615 est,
1332 5558 1388 5603 ut
1412 5552 1590 5605 omnia
1617 5552 1829 5620 quidem

206 5632 505 5707 rdiatonici
548 5635 762 5703 generis
786 5638 1021 5707 quinque
1065 5638 1429 5708 tetrachorda,
1456 5641 1664 5695 duobus
1693 5644 1829 5698 tonis

232 5738 315 5779 ac
360 5726 643 5780 semitonio
687 5728 1026 5796 partiremur.
1071 5729 1381 5801 Diciturque
1419 5733 1471 5787 in
1508 5734 1606 5788 hoc
1632 5749 1829 5804 genere

328 5866 355 5897 ⁸
384 5858 676 5928 Coaptelur.
752 5861 779 5902 ι’
807 5854 984 5920 Hinc.
1046 5875 1069 5905 ε
1100 5862 1344 5929 Diatono.
1420 5864 1447 5907 ά
1479 5866 1545 5924 In
1578 5868 1804 5927 diatono.
1887 5879 1911 5910 ⁸
1954 5868 2124 5929 Enim.
