4022 6366
551 351 686 407 tm
1780 326 1893 388 an.
1934 320 2146 384 usus.
2184 292 2338 377 ssv.
2374 312 2597 373 nomn

554 462 741 537 pellari
792 454 1204 517 tribemitonium
1235 452 1291 509 in
1319 450 1536 507 diatono
1564 440 2133 537 generesemitonium
2163 436 2216 496 Α

557 533 619 614 ac
659 569 841 619 tonus;
890 551 986 609 sed
1022 565 1126 605 non
1172 556 1255 603 est
1283 541 1729 613 incompositum,
1758 535 1963 591 duobus
1991 533 2138 588 enim

557 651 610 709 id
659 648 934 721 perticitur
976 642 1301 707 intervallis,
1331 648 1385 695 et
1433 638 1489 693 in
1537 629 1891 691 enharmonio
1940 639 2142 721 genere

561 717 703 799 idem
734 748 835 797 est.
859 736 1081 793 Constat
1106 743 1283 789 autem
1310 746 1374 785 ex
1396 728 1552 792 diesi,
1574 733 1631 781 et
1653 722 1806 788 diesi,
1823 728 1877 776 et
1906 727 1931 757 α
1959 717 2143 773 ditono

560 834 936 904 incomposito,
967 829 1109 901 quod
1155 826 1362 882 scilicet
1390 829 1609 894 propter
1636 814 1880 874 eamdem
1924 823 2145 867 causam

570 926 981 998 incompositum
1005 932 1394 990 nuncupamus,
1423 912 1672 988 quoniam
1694 910 1750 967 in
1778 922 1889 965 uno
1916 904 2149 963 colloca-

565 1034 675 1081 tum
703 1033 784 1081 est
812 1009 1113 1077 intervallo.

1118 1229 1342 1290 CAPUT
1382 1226 1570 1286 XXIV.

1116 1369 1253 1438 Quid
1282 1370 1346 1423 sit
1371 1364 1621 1437 synaphe.

640 1516 748 1574 Sed
776 1516 831 1571 in
859 1513 942 1568 bis
967 1510 1037 1566 ita
1067 1505 1338 1578 dispositis
1360 1500 1773 1571 constitutisque
1802 1493 2158 1555 tetrachordis

573 1606 809 1682 synaphe
855 1611 957 1659 est.
1019 1599 1189 1667 Quam
1248 1593 1679 1665 coniunctionem
1744 1589 1923 1645 dicere
1970 1586 2160 1682 Latina

575 1676 960 1770 signiﬁcatione
1006 1702 1313 1761 possumus,
1363 1685 1612 1756 quotiens
1656 1681 1761 1736 duo
1817 1676 2160 1734 tetrachorda

577 1792 732 1847 unius
758 1785 970 1844 termini
1001 1782 1259 1838 medietas
1287 1777 1564 1835 continuat
1592 1783 1751 1845 atque
1780 1770 2078 1841 coniungit,
2098 1776 2159 1824 ut
2186 1811 2236 1873 Β

580 1885 631 1941 in
662 1883 763 1938 hoc
794 1873 1172 1936 tetrachordo:

1257 2116 1637 2188 [ΣΞ
1663 2116 1849 2181 Hypate
1872 2117 2080 2183 hypaton

1257 2123 1664 2188 γ

702 2334 789 2496 ag
1263 2364 1630 2435 _

718 2502 811 2710 ’Ξ

730 2715 799 2774 β
927 2786 932 2790 .

680 2863 800 2974 Sig:
979 2834 982 2836 Ὺ

747 3213 821 3327 ἑ

756 3330 818 3479 ξ
1277 3353 1644 3419 -

748 3513 913 3573 θ.

988 3636 989 3639 ~

609 3883 634 3923 δ
668 3883 778 3940 Hoc
804 3883 964 3954 igitur
991 3889 1081 3938 est
1096 3895 1258 3936 unum
1294 3891 1316 3920 ε
1347 3876 1740 3936 tetrachordum
1774 3873 1967 3945 hypate
2014 3869 2186 3941 hypa-

610 3986 721 4042 ton,
767 3974 1058 4044 parhypate
1104 3972 1361 4041 hypaton,
1405 3969 1642 4024 lichanos
1694 3966 1949 4036 hypaton,
1992 3961 2189 4031 hypate

611 4080 817 4122 meson.
850 4064 1005 4119 Aliud
1035 4078 1163 4121 vero
1192 4062 1389 4131 hypate
1420 4074 1626 4123 meson,
1655 4056 1950 4127 parhypate
1979 4067 2186 4118 meson,

613 4156 852 4211 lichanos
878 4168 1085 4219 meson,
1107 4166 1275 4207 mese.
1300 4151 1355 4205 in
1380 4151 1623 4220 utrisque
1644 4149 1804 4220 igitur
1833 4143 2190 4200 tetrachordis

614 4248 808 4320 hypate
835 4229 1017 4301 meson
1048 4252 1391 4299 annumerata
1429 4253 1529 4308 est.
1569 4239 1980 4308 Superiorisque
2030 4246 2193 4293 tetra-

612 4338 799 4394 chordi
824 4354 885 4393 ea
914 4346 997 4411 est
1024 4337 1353 4402 acutissima,
1376 4332 1689 4403 posterioris
1707 4346 1833 4386 vero
1853 4331 2187 4400 gravissima.

614 4430 812 4498 Estque
839 4428 938 4482 ista
958 4427 1263 4496 coniunctio
1302 4440 1405 4478 una
1435 4422 1730 4491 eademque
1767 4420 1967 4476 chorda
1995 4420 2194 4491 hypate

619 4534 827 4584 meson,
848 4517 954 4572 duo
982 4515 1319 4572 tetrachorda
1346 4513 1696 4584 coniungens,
1727 4520 1786 4566 ut
1812 4511 1998 4567 eadem
2031 4510 2196 4581 hypa-
2224 4555 2255 4584 _.

3729 1715 3817 1766 dle-

2582 509 2585 511 ν
2636 510 2651 542 1
2945 487 3326 561 ψ’
3360 486 3549 552 liypate
3567 500 3662 537 me;

2411 595 2474 674 Ν
3174 630 3178 638 Δ

2402 682 2503 828 fg.
2953 700 3321 764 ω
3359 697 3662 761 ῐέιτὴςρειιελ

2430 823 2474 856 ην-

2318 489 2893 1170 ,
2957 888 3622 975 .Lychanos

2417 1100 2423 1107 '
2961 1109 3327 1170 -
3366 1095 3504 1147 “ese

2969 1179 2976 1186 ’
3135 1178 3140 1180 ⁷

2365 1315 2380 1318 “
2411 1316 2414 1317 ⁷
2455 1324 2458 1327 λ
2490 1320 2503 1339 π
3364 1299 3646 1351 Paramcse

2438 1450 2509 1602 ἓ
2965 1505 3330 1561 _
3368 1502 3657 1617 Traiano?

2331 1699 2335 1724 "
2371 1671 2376 1681 Ι
2446 1678 2517 1777 Ξ»
2966 1709 3335 1782 _
3373 1709 3622 1762 Paranete

3436 1788 3662 1836 zeugmei

2497 1910 2505 1916 ’
2566 1916 2591 1995 ⁸4
2623 1932 2635 1937 ο
2672 1942 2678 1948 ~
2753 1967 2757 1970 ,
3374 1912 3662 2026 Νθέὲηᾱίριε

2266 2080 2380 2135 Duo
2424 2079 2585 2150 igitur
2613 2091 2733 2134 esse
2771 2077 3107 2137 tetrachorth
3137 2080 3416 2135 evidenter
3444 2092 3684 2151 apparet,
3711 2098 3821 2153 quo-

2266 2170 2407 2224 niam
2438 2168 2654 2238 quidem
2684 2176 2808 2223 octo
2842 2178 2969 2223 sunt
3014 2168 3249 2225 chordae.
3285 2170 3392 2226 Sed
3436 2173 3709 2230 diezeuxis
3734 2186 3827 2245 est,

2265 2259 2318 2315 id
2348 2270 2429 2315 eSt
2455 2257 2742 2328 disiunctio
2770 2258 2910 2313 inter
2948 2273 3130 2315 mesen
3153 2269 3208 2315 et
3241 2274 3568 2329 paramesen,
3601 2279 3725 2333 qua:
3760 2266 3833 2320 in-

2140 2385 2162 2395 -
2266 2358 2348 2405 ter
2374 2364 2432 2404 se
2471 2349 2630 2418 pleno
2658 2347 2875 2404 dill‘erre
2904 2356 3052 2416 tono,
3085 2349 3153 2405 de
3190 2351 3386 2421 quibus
3415 2353 3709 2411 evidentius
3743 2370 3837 2412 ex-

2267 2441 2575 2512 plicabitur,
2611 2456 2732 2496 cum
2775 2443 3194 2513 unumquodque
3229 2446 3517 2502 studiosius
3553 2450 3836 2517 explanan-

2267 2534 2392 2589 dum
2423 2533 2689 2603 posterior
2718 2540 2974 2589 tractatus
3000 2537 3373 2605 assumpserit.
3405 2536 3513 2593 Sed
3540 2538 3833 2609 diligentius

2270 2628 2496 2683 intuenti
2529 2627 2786 2698 quinque,
2817 2642 2925 2683 non
2946 2628 3177 2697 amplius
3209 2630 3550 2687 tetrachorda
3577 2635 3833 2701 reperiun-

2270 2731 2376 2788 tur,
2412 2721 2678 2793 hypaton,
2712 2735 2917 2786 meson,
2968 2735 3377 2790 synemmenon,
3409 2723 3834 2797 diezeugmenon,

2275 2811 2661 2883 hyperboleon.

2836 2903 3064 2959 CAPUT
3094 2904 3282 2961 XXVI.

2334 3000 2337 3001 ⁷
2401 2994 2600 3059 Quibus
2626 2995 2913 3049 nominibus
2942 3012 3115 3050 nervos
3143 2997 3486 3067 appellaverit
3508 3000 3734 3055 Albinus.

2350 3084 2574 3140 Albinus
2604 3095 2781 3140 autem
2807 3100 2990 3140 earum
3022 3088 3236 3142 nomina
3263 3087 3456 3143 Latina
3507 3092 3743 3147 oratione
3777 3093 3837 3148 ita

2200 3195 2246 3259 ρ
2280 3175 2665 3245 interpretatus
2713 3186 2828 3241 est,
2882 3186 2941 3231 ut
2982 3177 3203 3247 hypatas
3252 3179 3580 3248 principales
3628 3194 3838 3249 vocaret,

2279 3282 2456 3324 mesas
2481 3267 2706 3333 medias,
2753 3283 3133 3338 synemmenas
3161 3271 3499 3339 coniunctas,
3530 3274 3842 3345 diezeugme-

2280 3373 2377 3413 nas
2404 3358 2718 3426 disiunctas,
2748 3357 3102 3428 hyperbolcas
3123 3360 3472 3418 excellentes.
3504 3362 3613 3420 Sed
3640 3366 3782 3421 nobis
3800 3365 3841 3420 in

2283 3449 2457 3504 alieno
2482 3464 2645 3518 opere
2670 3464 2775 3503 non
2800 3454 2903 3504 erit
2934 3451 3344 3506 immorandum.

2832 3562 3061 3619 CAPUT
3093 3562 3309 3618 XXVII.

2502 3653 2603 3720 Qui
2635 3654 2776 3709 nervi
2801 3654 2980 3724 quibus
3010 3656 3261 3710 sideribus
3276 3666 3655 3725 comparentur.

2359 3745 2492 3802 Illud
2547 3755 2722 3802 tamen
2767 3748 2983 3802 interim
3012 3747 3078 3802 de
3124 3749 3480 3816 superioribus
3508 3750 3856 3807 tetrachordi:

2291 3826 2591 3893 addendum
2624 3838 2853 3903 videtur,
2886 3838 3025 3907 quod
3056 3839 3123 3894 ab
3168 3839 3366 3910 hypate
3396 3854 3574 3896 meson
3605 3857 3778 3911 usque
3799 3844 3855 3902 ad

2292 3941 2446 3987 neten
2491 3932 2640 4000 quasi
2684 3930 2953 4001 quoddam
2989 3930 3197 3986 ordinis
3242 3932 3728 4001 disiunctionisque
3764 3950 3859 3990 emo

2294 4026 2443 4080 lesIs
2470 4024 2742 4094 exemplar
2774 4032 2874 4077 est.
2919 4023 3158 4093 Namque
3190 4023 3388 4095 hypate
3424 4040 3602 4080 meson
3638 4026 3861 4082 Saturno

2293 4126 2376 4172 est
2396 4118 2671 4175 attributa.
2702 4116 2996 4186 parhypate
3029 4130 3156 4170 vero
3183 4114 3372 4170 Joviali
3404 4117 3598 4172 circulo
3619 4119 3865 4173 consimi-

2296 4209 2362 4263 lis
2392 4217 2495 4273 est,
2526 4207 2773 4261 lichanon
2815 4220 2998 4260 meson
3030 4206 3183 4260 Marti
3225 4207 3515 4271 tradidere,
3558 4208 3652 4263 Sol
3685 4224 3863 4263 meson

2296 4300 2545 4363 obtinuit,
2595 4300 2716 4353 trite
2754 4312 3138 4368 syncmmenon
3182 4298 3363 4353 Venus
3404 4299 3586 4367 habet,
3629 4313 3867 4370 paranete

2297 4407 2681 4467 synemmenon
2729 4391 3020 4447 Mercurius
3061 4393 3217 4462 regit,
3269 4400 3393 4447 nete
3434 4404 3617 4448 autem
3659 4394 3867 4449 Lunaris

2298 4484 2482 4540 circuli
2515 4491 2663 4538 tenet
2692 4482 3019 4550 exemplum.
3052 4480 3157 4538 Sed
3188 4482 3399 4537 Marcus
3424 4482 3638 4539 Tullius
3675 4495 3870 4542 centri»

620 4620 707 4663 ton
745 4572 1017 4663 ac'meson
1063 4605 1403 4662 tetrachorda
1434 4572 1485 4659 in
1517 4572 1793 4673 superiore
1838 4572 2195 4671 descriptione
2222 4579 2277 4639 D
2301 4576 2437 4673 rium
2456 4574 2724 4673 _°'di“°'“
2754 4573 2898 4673 (³⁸η
2926 4572 3056 4627 Nam
3094 4573 3146 4628 i“
3188 4589 3237 4627 ν¹
3263 4574 3353 4673 Μξο
3385 4575 3452 4629 de
3484 4574 3783 4673 Republic?
3804 4578 3870 4631 ³⁵⁸

619 4702 879 4772 adiunxit.
907 4703 1000 4757 Est
1028 4702 1187 4772 igitur
1214 4701 1475 4772 synaphe,
1498 4715 1617 4769 quae
1645 4699 1948 4767 coniunctio
1975 4696 2191 4761 dicitur,

618 4795 844 4850 duorum
874 4794 1337 4849 tetrachordorum
1360 4809 1461 4849 vox
1489 4793 1661 4849 media
1684 4834 1698 4858 ,
1749 4792 2043 4865 superioris
2072 4792 2193 4861 qui-

620 4886 739 4942 dem
769 4884 1078 4942 acutissima
1099 4925 1113 4951 ,
1141 4885 1479 4962 posterioris
1529 4899 1657 4940 vero
1682 4884 2020 4955 gravissima.

1192 5081 1418 5138 CAPUT
1446 5080 1615 5165 Χξν.

1141 5237 1277 5304 Quid
1309 5238 1375 5292 sit
1394 5238 1679 5293 diezeuxis.

690 5393 966 5450 Diezeuxis
994 5408 1122 5447 vero
1153 5390 1470 5462 appellatur,
1513 5406 1631 5461 qure
1661 5390 1947 5465 disiunctio
1968 5394 2071 5451 dici
2099 5410 2195 5467 po-

622 5496 744 5556 test,
773 5487 1017 5558 quotiens
1060 5485 1167 5540 duo
1196 5482 1534 5563 tetrachorda
1566 5484 1676 5539 toni
1722 5485 2008 5545 medietate
2038 5503 2195 5560 sepa-

619 5589 824 5646 rantur,
852 5587 908 5634 ut
933 5579 984 5632 in
1012 5577 1097 5633 his
1120 5576 1326 5633 duobus
1354 5574 1731 5633 tetrachordis.

693 5810 718 5840 ι
751 5801 989 5856 Diatono.
1065 5798 1092 5840 ιι
1124 5799 1226 5857 Hic
1253 5818 1372 5871 ergo
1435 5813 1456 5844 ε
1482 5801 1963 5859 Tetrachordorum.
2044 5803 2071 5844 ἀ
2104 5806 2221 5873 Qui.

2301 4668 2375 4722 ait
2403 4684 2415 4719 :
2448 4664 2516 4719 Et
2537 4674 2721 4720 natura
2749 4669 2845 4735 fert
2876 4675 2928 4717 ut
2949 4674 3170 4718 extrema
3196 4680 3258 4718 ea:
3279 4664 3443 4719 altera
3465 4677 3615 4736 parte
3644 4670 3871 4739 grauiter,

2301 4775 2363 4813 ex
2394 4759 2554 4812 altera
2584 4768 2756 4811 autem
2782 4766 2927 4811 acute
2950 4766 3144 4811 sonent.
3176 4756 3346 4822 Quam
3386 4757 3457 4813 ob
3485 4773 3709 4814 causam
3743 4775 3874 4815 sum-

2301 4865 2420 4905 mus
2473 4850 2562 4904 ille
2614 4849 2737 4904 cmli
2794 4848 3230 4912 stellifercursus,
3284 4849 3437 4918 cujus
3491 4852 3783 4905 conversio
3808 4858 3879 4905 est

2303 4944 2619 5000 concitatior
2642 4953 2818 5009 acuto,
2850 4953 2904 4999 et
2931 4944 3163 4999 excitato
3190 4956 3434 5000 movetur
3463 4960 3622 5013 sono,
3642 4944 3879 5016 gravissi-

2304 5051 2391 5091 mo
2415 5046 2592 5092 autem
2616 5035 2702 5090 hic
2732 5036 2935 5091 lunaris
2956 5046 3116 5107 atque
3138 5037 3370 5092 intimus.
3401 5037 3533 5092 Nam
3554 5048 3707 5095 terra
3732 5054 3880 5105 nom,

2208 5184 2211 5185 ν
2304 5129 2593 5183 immobilis
2622 5142 2864 5194 manens,
2890 5130 2994 5183 ima
3015 5130 3143 5185 sede
3163 5144 3377 5200 semper
3402 5130 3593 5197 haeret;
3620 5133 3719 5188 hic
3741 5133 3881 5204 igitur

2238 5218 2243 5221 ’
2306 5218 2517 5273 Tullius
2542 5228 2736 5274 terram
2767 5220 2917 5291 quasi
2948 5221 3220 5276 silentium
3250 5222 3420 5288 ponit,
3447 5223 3656 5278 scilicet
3705 5229 3881 5279 imm»

2306 5310 2491 5364 bilem.
2528 5310 2653 5365 Post
2688 5312 2823 5366 hanc
2857 5308 2883 5349 ά
2913 5313 2995 5366 sui
3042 5313 3315 5382 prosimus
3354 5328 3385 5367 a
3414 5313 3629 5368 silentio
3650 5327 3771 5379 est,
3808 5314 3884 5368 dat

2305 5400 2469 5455 Lunae
2498 5403 2868 5472 gravissimum
2898 5417 3114 5471 sonum,
3146 5415 3201 5459 ut
3221 5405 3289 5463 sit
3311 5405 3456 5460 Luna
3484 5406 3885 5474 proslambano-

2306 5508 2514 5560 menos,
2554 5494 2847 5550 Mercurius
2880 5496 3074 5565 hypate
3120 5496 3597 5568 hypaton,\'enus
3627 5501 3887 5569 parhypa-

2308 5594 2361 5641 te
2392 5585 2645 5656 hypaton,
2675 5585 2766 5643 Sol
2799 5585 3039 5657 lichanos
3082 5586 3340 5657 hypaton,
3374 5588 3515 5645 Mars
3548 5590 3754 5661 hypate
3785 5604 3892 5644 mc-
