4022 6366
273 310 408 372 “95

1607 306 1693 370 DE
1731 307 1982 371 MUSICA
2023 311 2148 371 LIB.
2190 315 2229 370 I.

3400 306 3534 376 1194

267 443 388 495 son,
440 425 649 496 Jupiter
704 426 997 498 parhypate
1044 437 1252 492 meson,
1300 419 1563 482 Saturnus
1602 426 1843 482 lichanos
1874 433 1922 492 Α
1949 429 2256 483 revertitur.
2293 426 2400 482 Sed
2419 440 2527 498 jam
2551 422 2784 496 segnior,
2821 437 2919 483 nec
2956 424 3030 482 ita
3053 424 3237 494 celeri,
3271 435 3330 482 ut
3359 430 3527 496 primo

268 536 476 589 meson,
504 520 710 576 Caelum
740 523 985 578 ultimum
1010 537 1174 577 mese.
1209 521 1336 590 Qua:
1363 535 1491 576 vero
1522 520 1628 575 sint
1653 521 1844 576 harum

1951 523 2154 588 impetu
2199 521 2425 574 emissus
2472 519 2729 585 cucurrit,
2765 520 3014 590 quocirca
3062 521 3274 591 gravior
3300 537 3534 590 quoque.

265 613 593 680 immobiles,
625 629 742 684 quae
774 629 902 669 vero
934 615 986 669 in
1035 623 1201 669 totum
1247 613 1490 680 mobiles,
1519 628 1637 683 qute
1667 623 1845 667 autem
1948 611 2082 667 Cum
2120 612 2408 684 igiturjam
2436 613 2651 681 gravior
2681 613 2918 680 rediens,
2950 628 3093 667 nunc
3117 612 3344 682 primum
3385 613 3530 682 gravi

266 705 566 761 immobiles
623 707 952 777 mobilesque
1007 707 1326 772 consistant,
1375 721 1495 763 cum
1543 706 1611 762 de
1660 721 1848 761 mono-

265 798 450 854 chordi
479 800 735 870 regularis
779 800 1044 858 divisione
1089 810 1415 869 tractavero,
1448 800 1548 857 erit
1579 801 1725 858 Iocus
1754 816 1852 872 θρε

265 889 370 948 tior
402 891 727 962 explicandi.

811 985 1036 1043 CAPUT
1061 985 1294 1042 XXVIII.

595 1079 723 1147 Quae
748 1080 812 1134 sit
836 1089 1021 1134 natura
1049 1079 1514 1134 consonantiarum.

338 1177 363 1208 ⁸
395 1168 812 1225 Consonantiam
843 1186 970 1228 vero
996 1171 1122 1225 licet
1158 1171 1365 1225 aurium
1407 1181 1619 1239 quoque
1660 1182 1851 1223 sensus

264 1260 541 1331 dijudicet,
575 1272 750 1319 tamen
780 1265 916 1318 ratio
947 1263 1248 1334 perpendit.
1282 1263 1540 1330 Quotiens
1572 1262 1714 1316 enim
1745 1261 1852 1314 duo

265 1354 435 1418 nervi,
455 1369 562 1409 uno
585 1354 849 1424 graviore,
876 1338 1243 1419 intenduntur,
1273 1354 1538 1422 simulque
1567 1353 1705 1422 pulsi
1732 1351 1854 1405 red-

265 1445 399 1500 dunt
453 1447 774 1514 permixtum
827 1446 1217 1517 quodammodo
1257 1455 1311 1500 et
1363 1460 1580 1500 suavem
1639 1459 1850 1509 sonum,

265 1538 492 1608 duaeque
523 1554 680 1594 voces
710 1539 862 1609 quasi
895 1539 1196 1609 conjuncta:
1227 1540 1280 1593 in
1319 1554 1482 1592 unum
1516 1538 1849 1605 coalescunt,

267 1640 395 1686 tunc
423 1634 479 1686 lit
502 1648 564 1688 ea
595 1649 712 1703 quae
739 1632 937 1688 dicitur
959 1634 1330 1688 consonantia.
1367 1633 1496 1686 Cum
1533 1647 1659 1687 vero
1695 1629 1856 1685 simul

272 1719 300 1758 ι’
335 1724 494 1791 pulsi,
542 1724 644 1778 sibi
675 1725 900 1794 quisque
947 1725 1021 1780 ire
1051 1726 1226 1795 eupit,
1274 1740 1372 1780 nec
1420 1725 1740 1794 permiscent
1788 1723 1856 1777 ad

1949 719 2086 758 sono
2119 701 2358 758 venienti
2384 703 2571 758 similis
2605 704 2855 770 occurrit,
2879 705 3131 760 miscetur
3150 704 3223 773 ei,
3245 720 3532 775 unamque,

1952 804 1978 841 ις
2012 803 2068 850 ut
2095 794 2169 849 ait
2197 794 2368 863 Plato,
2396 798 2799 851 consonantiam
2835 798 3037 853 miscet.

2521 887 2747 943 CAPUT
2769 887 2961 944 XXXI.

2099 977 2237 1045 Quid
2280 988 2454 1033 contra
2494 977 2767 1033 Platonem
2805 979 3155 1036 Nicomachus
3190 983 3391 1036 sentiat.

2027 1069 2131 1125 Sed
2166 1071 2217 1124 id
2241 1071 2595 1127 Nicomachus
2625 1086 2729 1126 non
2753 1074 3042 1128 arbitratur
3087 1076 3285 1130 dictum
3329 1074 3535 1129 veraci-

1954 1170 2055 1216 ter.
2084 1161 2266 1232 Neque
2314 1164 2454 1218 enim
2499 1164 2750 1218 similium
2782 1180 2901 1220 esse
2932 1163 2958 1202 ιλ
2988 1168 3411 1228 censettantiatn,
3444 1165 3539 1226 sed

1953 1255 2292 1309 dissimilium
2327 1258 2500 1325 potius
2529 1257 2579 1310 in
2608 1274 2773 1312 unum
2801 1258 3152 1328 eamdemque
3186 1259 3196 1296 ¹
3235 1275 3540 1315 censonan-

1957 1349 2084 1402 tiam
2111 1349 2476 1414 venientium;
2522 1353 2733 1420 gravius
2766 1354 2778 1401 Ι
2823 1354 3127 1421 verogravi
3159 1352 3202 1406 si
3234 1353 3538 1418 miSCeatur,

1956 1441 2158 1495 nullant
2195 1441 2369 1497 facere
2395 1445 2823 1508 consonantiam,
2859 1445 3108 1512 quoniam
3140 1445 3278 1500 hanc
3316 1444 3541 1504 canendi

1955 1531 2300 1585 concordiam
2335 1532 2624 1587 similitudo
2656 1551 2758 1589 non
2792 1535 2973 1601 efficit,
3019 1536 3112 1591 sed
3141 1536 3542 1593 dissiuilitudo.

1955 1624 2085 1690 Qua:
2114 1640 2233 1678 cum
2282 1625 2447 1680 distet
2478 1625 2528 1679 in
2579 1625 2801 1695 singulis
2851 1629 3103 1694 vocibus,
3155 1629 3436 1699 copulatur
3489 1629 3543 1689 in

1953 1716 2162 1771 mixtis.
2207 1716 2311 1772 Sed
2359 1717 2484 1773 hinc
2525 1719 2698 1785 potius
2744 1719 3097 1776 Nicomachus
3140 1723 3544 1780 consonantiam

266 1828 451 1868 aurem
483 1830 698 1871 suavem
739 1826 896 1887 atque
937 1833 1101 1872 unum
1153 1834 1217 1871 ex
1250 1817 1456 1871 duobus
1493 1817 1848 1887 compositum
1883 1825 1933 1887 Β
1964 1809 2076 1863 fieri
2112 1819 2277 1878 plllal.
2312 1809 2449 1876 Non,
2482 1810 2670 1881 inquit,
2706 1827 2838 1866 unus
2868 1822 3070 1868 tantum
3102 1815 3284 1883 pulsus
3313 1824 3417 1880 est,
3453 1814 3544 1885 qui

267 1920 482 1976 sonum,
511 1917 634 1964 tunc
662 1919 743 1965 est
771 1925 890 1980 qua:
920 1909 1112 1964 dicitur
1141 1910 1488 1965 dissonantia.

830 2003 1056 2059 CAPUT
1085 2004 1276 2058 XXIX.

640 2093 739 2148 Ubi
763 2095 1106 2148 consonantia:
1135 2095 1473 2163 reperiuntur.

338 2183 395 2240 In
423 2184 505 2240 his
532 2194 710 2240 autem
739 2186 1229 2253 comparationibus
1253 2187 1530 2256 gravitatis
1547 2195 1706 2255 atque
1727 2201 1853 2240 aett-

270 2276 432 2332 minis
458 2277 555 2332 has
578 2277 955 2332 consonantias
984 2292 1205 2332 necesse
1235 2288 1316 2333 est
1342 2278 1586 2344 inveniri,
1614 2293 1731 2347 qua:
1753 2277 1852 2332 sibi

267 2378 715 2425 commensurataa
744 2370 872 2438 sint,
906 2369 957 2424 id
986 2379 1067 2424 est
1096 2385 1215 2438 qua:
1247 2379 1424 2424 notam
1455 2379 1679 2438 possunt
1706 2367 1853 2424 coin-

263 2470 486 2517 munem
529 2461 730 2517 habere
777 2476 1105 2523 mensuram,
1139 2471 1197 2514 ut
1241 2463 1293 2515 in
1328 2460 1710 2528 multiplicibus
1755 2461 1854 2514 du-

267 2557 438 2628 plum,
485 2555 627 2626 quod
666 2563 769 2622 est,
804 2553 892 2608 illa
933 2568 1055 2623 pars
1085 2555 1319 2618 metitur,
1378 2569 1496 2621 quae
1544 2553 1679 2606 inter
1719 2553 1853 2606 duos

274 2657 357 2704 est
383 2649 637 2702 terminos
666 2645 990 2713 diﬂ‘erentia,
1023 2655 1079 2701 ut
1107 2647 1246 2701 inter
1270 2647 1404 2700 duos
1434 2654 1488 2698 et
1517 2654 1744 2714 quatuor
1775 2646 1856 2700 bi-

268 2743 453 2797 narius
494 2751 751 2809 utrosque
797 2742 1031 2806 metitur,
1083 2739 1220 2794 inter
1247 2738 1382 2793 duos
1421 2748 1580 2807 atque
1606 2753 1698 2792 sex
1735 2752 1855 2806 qua:

269 2836 429 2905 tripla
455 2842 560 2900 est,
615 2835 851 2890 binarius
893 2842 1149 2903 utrosque
1175 2834 1457 2898 metiatur,
1492 2833 1631 2886 inter
1659 2846 1853 2887 novem

269 2935 430 3000 atque
460 2937 581 2984 octo
611 2927 797 2983 eadem
837 2927 1013 2982 unitas
1039 2936 1142 2996 est,
1187 2943 1306 2996 qua:
1356 2935 1611 2996 utrosque
1660 2927 1855 2981 metia-

270 3028 378 3077 tur.
436 3019 641 3077 Rursus
681 3022 736 3077 in
790 3020 1365 3091 superparticularibus
1413 3020 1459 3074 si
1503 3019 1856 3089 sesquialtera

270 3113 344 3172 sit
385 3114 680 3184 proportio,
737 3122 796 3169 ut
837 3123 1064 3184 quatuor
1089 3113 1155 3168 ad
1203 3127 1318 3178 sex,
1371 3111 1610 3166 binarius
1637 3121 1719 3166 est
1763 3110 1857 3181 qui

1960 1901 2256 1970 simplicem
2288 1901 2502 1955 modum
2528 1903 2673 1957 vocis
2704 1904 2933 1969 emittat,
2957 1904 3053 1960 sed
3076 1907 3240 1960 semel
3263 1919 3546 1977 percussus

1959 2007 2160 2048 nervus
2189 1993 2383 2061 smpius
2405 2008 2584 2048 aerem
2609 1995 2810 2064 pellens
2834 1995 3026 2050 multas
3051 1997 3214 2053 efficit
3239 2011 3416 2054 voces.
3439 1997 3546 2056 Sed

1957 2086 2080 2155 quia
2110 2099 2171 2139 ea
2202 2084 2455 2139 velocitas
2481 2094 2563 2140 est
2591 2086 2969 2154 percussionis,
3007 2085 3030 2124 ¹ι
3065 2097 3123 2142 ut
3151 2103 3313 2143 sonus
3353 2103 3547 2144 sonum

1959 2179 2355 2248 quodammodo
2394 2180 2839 2247 comprehendat,
2885 2179 3132 2235 distantia
3165 2198 3270 2236 non
3297 2184 3546 2250 sentitur,

1958 2283 2013 2326 et
2044 2272 2195 2342 quasi
2230 2287 2331 2326 una
2362 2287 2465 2326 vox
2495 2272 2715 2329 auribus
2746 2274 2909 2328 venit.
2953 2274 3006 2328 Si
3055 2275 3215 2343 igitur
3242 2277 3547 2346 percussio-

1959 2381 2055 2420 nes
2085 2365 2322 2435 gravium
2361 2381 2615 2421 sonorum
2645 2367 3161 2422 commensitrabiles
3186 2369 3295 2423 sint
3326 2383 3550 2438 percusi

1957 2455 2200 2510 sionibus
2242 2465 2518 2512 acutorum
2557 2471 2853 2525 sonorum,
2899 2473 2956 2513 ut
2981 2459 3034 2514 in
3079 2459 3159 2514 his
3191 2462 3550 2530 proportionic

1960 2546 2064 2601 bus
2116 2560 2249 2617 quas
2279 2562 2440 2618 supra
2471 2550 2774 2615 retulimus,
2799 2567 2903 2605 non
2932 2560 3013 2605 est
3040 2551 3259 2607 dubium
3283 2553 3408 2622 quin
3434 2555 3548 2624 ipsa

1961 2641 2420 2696 commensuratio
2466 2641 2680 2697 sibimet
2719 2643 3024 2710 misceatur,
3057 2659 3326 2718 unamque
3363 2661 3548 2705 vocum

1960 2733 2160 2791 efﬁciat
2183 2734 2618 2788 consonantiam.

2361 2905 2389 2921 ,
2529 2843 2757 2902 CAPUT
2786 2845 3004 2902 xxxu.

2166 2939 2292 3007 Qua:
2320 2939 2652 2993 consonantia
2677 2953 2829 3010 quam
2861 2940 3038 2994 merito
3070 2940 3346 3008 pt'wcedat.

2035 3029 2140 3086 Sed
2175 3030 2313 3086 inter
2342 3045 2530 3085 omnes
2558 3046 2692 3100 quas
2722 3030 3000 3086 retulimus
3030 3020 3425 3096 consttnantias,
3459 3033 3549 3087 hac

1962 3118 2196 3177 bendum
2221 3121 2478 3192 judicium
2510 3129 2592 3176 est
2620 3129 2676 3176 ut
2701 3122 2752 3176 in
2781 3135 2929 3188 aure,
2967 3125 3037 3177 ita
3073 3139 3282 3193 queque
3309 3124 3360 3178 in
3387 3125 3549 3180 ration

270 3216 530 3279 utrosque
560 3208 833 3274 metiatur,
867 3210 956 3279 qui
989 3209 1194 3264 scilicet
1226 3216 1572 3277 utrorumque
1593 3217 1674 3262 est
1699 3205 1855 3262 dilIe-
1885 3211 1933 3278 ο
1966 3229 2034 3270 ne
2057 3229 2214 3284 quam
2243 3213 2434 3268 harum
2475 3213 2756 3269 meliorem
2789 3224 3029 3283 oporteat
3053 3215 3325 3270 arbitrati.
3351 3217 3549 3278 Eodem

271 3303 466 3357 rentia.
493 3302 645 3370 Quod
685 3302 730 3356 si
758 3302 1095 3374 s’esquitertia
1127 3303 1196 3358 sit
1249 3302 1542 3373 pr0portio,
1570 3311 1626 3355 ut
1661 3301 1704 3354 si
1735 3309 1859 3354 octo

271 3393 487 3448 senario
516 3404 912 3462 comparentur,
931 3394 1070 3449 idem
1092 3393 1328 3448 binarius
1343 3401 1596 3462 utrosque
1619 3391 1856 3457 metitur,

272 3484 329 3540 id
377 3499 504 3540 vero
549 3500 652 3540 non
689 3486 867 3541 evenit
897 3487 950 3540 in
977 3486 1188 3542 caeteris
1217 3486 1500 3557 generibus
1528 3483 1860 3555 inaequalita-

273 3583 415 3642 tum,
437 3591 555 3646 qua:
577 3591 737 3646 supra
763 3576 1060 3644 retulimus,
1088 3586 1145 3632 ut
1172 3578 1223 3632 itt
1247 3579 1695 3648 superpartiente.
1727 3575 1859 3630 Nam

275 3666 323 3721 si
353 3667 655 3736 quinarium
685 3668 748 3724 ad
773 3669 1067 3724 ternarium
1096 3684 1486 3740 comparemus,
1515 3667 1748 3723 binarius
1769 3666 1860 3736 qui

269 3772 463 3814 eorum
489 3760 786 3816 ditl'erentia
810 3771 1173 3826 est,ueutrum
1201 3763 1440 3817 metitur.
1473 3761 1606 3816 Nam
1625 3763 1668 3814 si
1690 3759 1861 3815 semel

270 3855 512 3909 ternario
535 3866 898 3924 comparatus,
941 3854 1118 3908 minor
1151 3864 1253 3920 est,
1296 3855 1596 3923 duplicatus
1627 3851 1860 3908 excedit.

271 3943 409 4001 Item
442 3946 522 4000 bis
551 3947 797 4016 quittario
824 3956 1182 4016 comparatus,
1215 3948 1392 4003 minor
1420 3957 1524 4014 est,
1550 3948 1708 4002 tertio
1736 3961 1864 4002 vero

271 4038 698 4108 supergreditur.
731 4039 904 4109 Atque
927 4039 1122 4094 idcirco
1150 4038 1252 4095 hoc
1275 4040 1504 4110 primum
1531 4039 1864 4110 inatqualita-

274 4131 345 4185 tis
368 4146 536 4200 genus
563 4147 592 4184 a
619 4133 982 4188 consonantia:
1012 4141 1196 4188 natura
1228 4133 1261 4188 d
1285 4134 1548 4203 sjungitur
1580 4143 1601 4172 ε
1637 4134 1864 4199 amplius

283 4227 428 4295 quod
461 4225 513 4280 in
545 4227 626 4280 his
657 4243 774 4296 qua:
801 4230 1179 4283 consonantias
1224 4227 1476 4293 formant,
1513 4229 1676 4282 multa
1714 4227 1863 4282 simi-

274 4319 350 4374 Iia
381 4328 523 4385 sunt,
556 4319 609 4373 in
640 4315 667 4356 ά
697 4321 778 4374 his
809 4337 932 4375 vero
964 4322 1214 4385 minime;
1245 4322 1294 4375 id
1329 4323 1584 4390 probatur
1610 4321 1708 4377 hoc
1749 4337 1866 4377 mo-

273 4411 348 4467 do
381 4429 394 4464 :
428 4427 656 4482 namque
691 4413 911 4482 duplum
943 4414 1074 4469 nihil
1104 4423 1186 4470 est
1207 4415 1347 4469 aliud
1368 4414 1468 4469 nisi
1494 4415 1862 4480 ltissimplum.

275 4503 524 4570 Tripluttt
557 4504 686 4558 nihil
718 4505 858 4559 aliud
889 4507 1173 4576 nisi_tertio
1201 4507 1473 4575 simplum.
1499 4507 1863 4578 Quadruplum

275 4607 414 4647 vero
445 4593 582 4646 idem
610 4603 692 4649 est
717 4595 857 4661 quod
886 4607 1078 4666 quarto
1108 4597 1384 4667 simplum.
1418 4599 1862 4669 Sesquialterum,
1895 4596 1951 4658 D

275 4683 370 4738 bis
426 4686 704 4741 medietas.
754 4686 1166 4757 Sesquiterlium
1211 4704 1343 4744 vero
1394 4699 1476 4746 ter
1521 4707 1641 4760 pars
1685 4693 1862 4761 tertia,

276 4775 428 4848 quod
481 4777 621 4834 haud
652 4779 804 4836 facile
849 4781 905 4836 in
948 4784 1157 4838 caeteris
1187 4782 1606 4854 inzequalitatum
1654 4787 1867 4856 generis

279 4869 570 4926 invenitur.

853 4966 1081 5023 CAPUT
1121 4967 1290 5024 XXX.

398 5053 833 5119 Quemadmodum
871 5057 1024 5113 Plato
1067 5061 1202 5114 dicat
1241 5061 1352 5128 ﬁeri
1381 5061 1758 5116 consonantias.

357 5147 511 5204 Plato
543 5159 566 5188 ε
600 5167 724 5206 vero
753 5151 852 5207 hoc
879 5153 1038 5207 modo
1072 5155 1184 5209 fieri
1213 5155 1265 5209 in
1304 5170 1436 5211 aure
1463 5154 1866 5210 consonantiam

278 5240 437 5298 dicit.
487 5243 717 5301 Necesse
756 5256 858 5313 est,
908 5247 1098 5316 inquit,
1151 5248 1469 5304 velociorem
1502 5249 1717 5321 quidem
1748 5263 1869 5306 esse

282 5336 582 5393 acutiorem
607 5353 820 5394 sonum.
856 5340 950 5395 Hic
976 5341 1137 5411 igitur
1169 5357 1288 5398 cum
1329 5360 1546 5413 gravem
1577 5358 1870 5415 praecesse-

281 5431 382 5496 rit,
413 5428 464 5485 in
490 5447 673 5488 aurem
707 5434 848 5489 celer
876 5435 1191 5504 ingreditur,
1227 5435 1244 5474 ί
1277 5448 1600 5507 05tensaque
1627 5449 1869 5493 extrema

283 5522 533 5592 ejusdem
578 5527 822 5598 corporis
866 5537 1015 5598 parte
1047 5529 1198 5598 quasi
1248 5529 1430 5596 pulsus
1482 5532 1674 5586 iterato
1725 5541 1870 5588 motu

351 5689 390 5721 ιι
420 5680 810 5755 consonantias.
835 5753 841 5755 Α
884 5681 912 5721 ι)
944 5681 1136 5755 Pulsis.
1217 5695 1238 5723 ο
1264 5684 1497 5755 Amplius
1526 5686 1711 5755 dicam.

271 5760 399 5809 tur.
477 5751 920 5810 ΙΙ(Συηκοηαηιὶας.
1007 5751 1404 5810 iConcordiam.
1487 5753 1710 5811 iEnint.

269 5834 542 5894 (orasque.
618 5831 646 5858 ιι
681 5824 881 5888 Quoad.
915 5865 922 5873 .
960 5833 983 5860 ο
1019 5823 1347 5881 Earunttletn.

534 5936 805 6000 Panos.
854 5933 1077 5999 LXIII.

1788 5684 1813 5725 δ
1835 5685 1975 5742 Illis.
2054 5698 2077 5725 θ
2110 5690 2309 5742 Autem.
2392 5685 2411 5725 ἲ
2447 5687 2769 5755 O/fenanue.
2795 5677 2880 5755 βξ
2902 5682 2968 5738 Ut
2994 5683 3062 5735 ait
3087 5681 3246 5755 Plato
3269 5695 3379 5755 non
3405 5677 3562 5755 habe-

1792 5684 1813 5725 δ
1835 5685 1975 5742 Illis.
2054 5698 2077 5725 θ
2110 5690 2309 5742 Autem.
2392 5685 2411 5725 ἲ
2447 5687 2769 5755 O/fenanue.
2902 5683 2968 5738 Ut
2994 5683 3062 5735 ait
3096 5683 3246 5736 Plato
3277 5695 3379 5736 non
3405 5683 3562 5731 habe-

1792 5757 1812 5794 ⁸
1847 5757 1914 5814 Ut
1945 5775 2098 5816 sonus
2120 5777 2300 5815 sonum
2329 5758 2719 5830 comprehendat
2799 5757 3004 5812 stantia.
3087 5753 3101 5791 ι
3130 5753 3316 5820 Trt’pli.
3393 5759 3430 5784 ω
3455 5747 3568 5807 σωκ

2652 5683 2872 6028 /
3123 5937 3202 6000 .
3311 5994 3318 6002 .

1965 3321 2198 3377 namque
2226 3305 2547 3361 modoauris
2563 3305 2793 3361 afficitur
2812 3307 2978 3372 sonis,
3007 3307 3086 3362 vel
3105 3308 3289 3363 oculus
3307 3319 3551 3378 aspectu,
3631 3358 3645 3375 ,

1962 3416 2070 3470 quo
2091 3398 2254 3455 animi
2274 3398 2531 3479 judicium
2558 3397 2798 3452 numeris
2821 3397 2903 3452 vel
2927 3398 3179 3453 continua
3225 3401 3551 3468 quantitate.

1963 3490 2250 3563 Proposito
2288 3494 2430 3549 enim
2480 3505 2705 3546 numero
2735 3490 2822 3545 vel
2859 3490 3019 3555 linea,
3057 3487 3186 3540 ntltil
3221 3501 3304 3548 est
3342 3490 3553 3549 facilius

1966 3601 2125 3657 quam
2156 3587 2271 3656 ejus
2312 3587 2533 3656 duplum
2579 3584 2738 3640 oculo
2775 3584 2861 3639 vel
2909 3586 3086 3640 animo
3126 3585 3388 3641 contueri.
3427 3586 3556 3648 Item

1966 3690 2089 3751 post
2125 3679 2271 3749 dupli
2301 3679 2559 3746 judicium
2590 3678 2831 3748 se‘quitur
2862 3677 3087 3745 dimidii,
3123 3689 3240 3745 post
3274 3676 3553 3733 dimidium

1969 3773 2136 3840 tripli,
2169 3781 2288 3840 post
2318 3770 2335 3810 ι
2371 3770 2584 3842 ιῆριιιιη
2637 3771 2804 3841 partis
2860 3770 3056 3825 tertire.
3098 3771 3228 3836 Quae
3259 3770 3382 3824 ideo
3419 3785 3555 3840 quo-

1967 3864 2109 3918 niam
2142 3863 2346 3920 facilior
2378 3860 2624 3931 es\dupli
2658 3862 2971 3930 descriptio,
3013 3861 3269 3930 optimam
3309 3860 3555 3916 Nicomav

1965 3957 2100 4013 chus
2125 3965 2279 4025 putat
2297 3952 2554 4025 diapason
2582 3957 3009 4017 consonant'am,
3035 3963 3154 4022 post
3173 3952 3309 4008 hanc
3332 3953 3555 4022 diapen-

1968 4059 2042 4115 te,
2075 4065 2195 4119 qua:
2247 4049 2480 4104 medium
2527 4046 2695 4119 temet,
2747 4047 2871 4102 hinc
2900 4047 3146 4116 diapente
3183 4061 3247 4102 ac
3272 4046 3556 4116 diapason,

1965 4157 2083 4212 qua-
2104 4142 2334 4211 triplum.
2365 4153 2403 4180 ω
2424 4138 2732 4211 Cmteraque
2755 4141 3045 4194 secundum
3069 4138 3314 4194 eumdem
3339 4139 3557 4195 modum

1969 4233 2301 4302 formamque
2331 4232 2606 4301 dijuilicat.
2635 4231 2748 4286 Non
2795 4248 2923 4287 vero
2967 4230 3068 4286 hoc
3097 4231 3417 4285 Ptolemaeus
3460 4247 3555 4286 eo-

1969 4325 2089 4381 dem
2110 4333 2290 4394 modo,
2309 4325 2462 4396 cujus
2488 4339 2704 4380 omnem
2735 4325 3058 4380 sententiam
3087 4323 3353 4394 posterius
3385 4323 3558 4394 expli-

1968 4418 2124 4473 cabo.

2512 4505 2739 4564 CAPUT
2768 4507 3010 4562 XXXIII.

2155 4599 2266 4667 Quo
2294 4601 2394 4656 sint
2433 4603 2582 4655 modo
2611 4600 2910 4662 accipienda
2936 4615 3049 4670 qua:
3078 4595 3372 4655 dicta'sunt.

2047 4695 2235 4750 Omnia
2265 4703 2444 4749 tamen
2502 4711 2619 4765 qua:
2659 4692 2856 4750 dehinc
2885 4693 3192 4764 diligentius
3221 4694 3556 4764 expedienda

1977 4797 2123 4854 sunt,
2151 4789 2457 4843 sitmmatim
2491 4802 2631 4842 nunc
2662 4801 2723 4842 ac
2755 4786 2988 4842 breviter
3016 4795 3360 4853 attentemus,
3392 4797 3448 4842 ut
3474 4786 3560 4841 ine

1977 4881 2134 4935 terim
2165 4882 2215 4934 in
2245 4879 2525 4950 superﬁcie
2555 4879 2780 4950 quadam
2811 4881 3044 4934 animum
3080 4879 3194 4934 haec
3222 4879 3437 4935 lectoris
3467 4893 3558 4933 as-

1977 4973 2293 5040 suefaciant,
2336 4973 2426 5041 qui
2476 4971 2541 5027 ad
2584 4971 2892 5027 interiorem
2938 4972 3214 5028 scientiam
3263 4969 3559 5040 posteriore

1975 5066 2290 5120 tractatione
2310 5064 2620 5120 descendet.
2655 5064 2805 5118 Nunc
2831 5079 2959 5118 vero
2982 5064 3122 5136 quod
3147 5070 3265 5117 erat
3292 5061 3562 5132 Pythago-

1973 5157 2097 5212 ricis
2128 5157 2180 5211 in
2213 5172 2440 5223 morem,
2473 5165 2532 5211 ut
2575 5171 2697 5212 cum
2739 5155 2866 5227 quid
2895 5172 2924 5210 a
2965 5156 3221 5225 magistro
3263 5153 3560 5224 Pythagora

1975 5249 2261 5316 diceretur,
2308 5249 2430 5304 hinc
2476 5248 2651 5303 nullus
2692 5250 2928 5302 rationes
2970 5256 3149 5315 petere
3177 5244 3426 5308 audebat,
3465 5234 3634 5310 sed"

1976 5350 2092 5398 erat
2122 5341 2170 5395 ei
2192 5341 2328 5396 ratio
2356 5340 2599 5396 docentis
2626 5338 2937 5400 auctoritas,
2969 5337 3126 5405 idque
3160 5335 3320 5389 fiebat
3340 5342 3368 5369 ο
3396 5346 3562 5401 quan.

1979 5437 2070 5491 diu
2125 5434 2379 5490 discentis
2433 5434 2641 5490 animus
2685 5432 2923 5487 firmiore
2959 5418 3204 5516 dodtrina
3256 5428 3560 5491 roboratus,

1978 5532 2093 5601 ipse
2124 5537 2148 5566 °
2180 5529 2424 5586 eamdem
2453 5543 2631 5584 rerum
2665 5527 2928 5581 rationem
2959 5517 3105 5604 nullo
3133 5523 3291 5578 etiam
3335 5520 3563 5577 docento

2915 5639 2923 5647 ι

2808 5659 2823 5671 ο
2877 5651 2908 5678 μί’

2054 5698 2077 5725 θ
2110 5690 2309 5742 Autem.

3123 5937 3202 6000 38
