4022 6366
485 292 639 365 ms

1737 277 1849 353 An.
1892 272 2100 349 nam.
2144 268 2299 345 sev.
2344 267 2566 349 socru

3668 265 3810 323 H96

497 405 802 477 reperiret;
846 397 928 473 ita~
965 401 1126 458 etiam
1166 413 1306 473 nunc
1339 396 1555 469 lectoris
1583 392 1707 463 ﬁdei
1735 406 1854 471 qua;
1894 403 2095 481 propo-

2209 385 2332 461 sint,
2367 388 2468 459 nisi
2498 383 2704 461 ratione
2733 381 3019 451 ducantur.
3051 378 3169 437 iam
3194 393 3323 453 vero
3351 388 3548 452 quanta
3579 380 3661 436 sit
3682 381 3804 453 glo-

498 502 696 561 nimus.
731 496 1190 559 commendamus,
1222 503 1278 546 ut
1300 492 1590 561 arbitretur
1619 488 1878 557 diapason
1916 486 1968 539 in
1993 484 2090 537 du-

496 593 606 667 pla.
643 592 891 660 diapente
921 591 971 642 in
1018 587 1391 658 sesquialtcra,
1424 584 1758 651 diatessaron
1796 580 1847 637 in
1879 577 2088 649 sesqui-

499 683 683 748 tertia,
723 682 973 752 diapente
1002 698 1061 735 ac
1091 679 1349 749 diapason
1383 676 1434 747 in
1464 676 1680 755 triplici,
1715 674 1794 743 bis
1831 674 2089 743 diapason

498 776 553 847 in
592 775 888 845 quadrupla
924 774 1287 847 propositione
1318 772 1639 845 consistere.
1669 778 1695 806 α
1729 767 1854 825 Post
1874 782 2001 831 vero
2036 777 2092 822 et

499 869 607 923 hoc
646 870 780 921 ratio
811 866 1116 936 diligentius
1146 865 1453 947 explicabit,
1487 872 1540 925 et
1568 862 1762 933 quibus
1793 860 1967 914 modis
1995 874 2093 913 au-

499 961 641 1018 rium
668 978 880 1036 quoque
898 962 1095 1032 judicio
1127 960 1492 1031 consonantia;
1512 957 1728 1031 musicae
1750 956 2089 1028 colligantur,

502 1066 805 1128 caeteraque
853 1059 1028 1111 omnia
1070 1070 1188 1128 quae
1238 1055 1485 1123 superius
1519 1052 1667 1119 dicta
1696 1059 1821 1117 sunt
1864 1049 2093 1123 amplior

494 1158 763 1206 tractatus
800 1150 1085 1216 edisseret,
1137 1161 1190 1204 et
1238 1159 1423 1204 tonum
1461 1146 1888 1218 sesquioctavam
1916 1145 2094 1203 facere

502 1243 931 1316 proportionem,
954 1256 1184 1311 eumque
1214 1243 1266 1297 in
1288 1242 1392 1295 duo
1414 1254 1565 1311 requa
1591 1237 1756 1293 dividi
1783 1252 1888 1292 non
1913 1249 2089 1305 posse,

505 1336 644 1390 sicut
672 1335 873 1391 nullam
918 1335 1157 1404 ejusdem
1192 1333 1404 1404 generis
1436 1331 1461 1370 δ
1494 1332 1888 1405 υτονοτιὶοηεε,
1929 1329 1980 1387 id
2011 1338 2097 1384 est

502 1426 1011 1499 tuperparticularis
1048 1443 1062 1489 ;
1093 1426 1425 1482 diatessaron
1473 1425 1631 1479 etiam
1687 1422 2094 1481 consonantiam

507 1518 715 1575 duobus
737 1518 880 1574 tonis
902 1520 1289 1587 semitonioqne
1318 1520 1634 1585 consistere,
1660 1514 1941 1572 semitonia
1966 1529 2095 1570 vero

506 1624 626 1673 esse
668 1610 797 1677 duo,
844 1609 1015 1679 majus
1064 1625 1125 1663 ac
1157 1611 1351 1668 minus.
1405 1610 1657 1680 diapente
1701 1619 1878 1665 autem
1926 1608 2095 1661 tribus

507 1704 650 1758 tonis
678 1719 741 1758 ac
770 1703 1053 1759 seinitonio
1093 1704 1299 1759 minore
1324 1704 1610 1760 contineri.
1663 1703 1928 1773 Diapason
1967 1717 2095 1757 vero

2196 480 2274 554 ria
2317 468 2677 553 meritumque
2736 475 2957 537 rationis
2990 475 3075 529 hic
3124 474 3347 545 inti-lligi
3396 484 3598 549 pateat,
3658 478 3807 547 quod

2196 577 2379 649 caeteri
2413 576 2493 645 (ut
2523 575 2594 635 ita
2616 571 2817 643 dicam)
2845 571 3159 643 corporales
3186 570 3421 637 artifices
3444 585 3552 629 non
3586 583 3665 635 ex
3695 570 3809 628 dis-

2196 669 2418 755 ciplina,
2451 652 2545 739 sed
2578 684 2642 724 ex
2676 667 2805 741 ipsis
2832 665 3011 743 potius
3036 665 3408 737 instrumentis
3441 679 3651 755 cepere
3715 681 3807 735 vo-

2197 754 2408 837 cabula.
2436 762 2566 827 Nam
2597 759 2929 831 citharoedus
2955 773 3022 823 ex
3049 757 3278 831 cithara,
3312 758 3395 832 vel
3426 754 3454 797 ά
3487 758 3700 829 tibicen
3741 774 3805 814 ex

2206 857 2357 920 tibia,
2406 854 2695 922 caaterique
2746 867 2962 907 suorum
3013 853 3490 923 instrumentorum
3517 851 3806 917 vocabulis

2198 956 2598 1019 nuncupantur.
2644 947 2694 1001 ls
2721 960 2848 1001 vero
2878 953 2963 1005 est
3002 942 3238 1019 mpsicus
3264 944 3379 1013 qui,
3419 944 3641 999 ratione
3688 959 3806 1013 per-

2200 1058 2390 1113 pensa,
2442 1038 2667 1095 canendi
2717 1037 3022 1109 scientiam,
3068 1050 3179 1111 npn
3212 1035 3434 1107 servitia
3463 1037 3680 1105 operis,
3712 1034 3805 1090 sed

2199 1135 2428 1203 imperio
2480 1129 2870 1204 speculationis
2914 1139 2938 1167 ο
2985 1127 3233 1191 assumit.
3284 1125 3435 1201 Quod
3489 1125 3708 1191 scilicet
3752 1128 3804 1184 in

2198 1230 2548 1303 aadificiorum
2596 1226 2967 1296 bellorumque
3001 1237 3162 1294 opera
3191 1221 3458 1289 videmus,
3488 1230 3546 1295 et
3578 1222 3639 1278 in
3674 1236 3800 1285 con-

2202 1323 2365 1379 traria
2391 1319 2601 1377 scilicet
2632 1316 3034 1389 nuncupatione
3072 1313 3341 1383 vocabuli.
3406 1313 3618 1381 Eorum
3659 1329 3799 1371 nam-

2202 1414 2631 1490 quenominibus
2652 1413 2731 1467 vel
2758 1404 2985 1467 aedificia
3015 1407 3399 1481 inscribuntur,
3416 1408 3507 1467 vel
3529 1407 3798 1463 ducuntur

2201 1507 2479 1580 triumphi,
2521 1520 2750 1576 quorum
2778 1502 3005 1574 imperio
3037 1516 3101 1557 ac
3142 1501 3352 1558 ratione
3381 1500 3639 1569 instituta
3664 1510 3793 1565 sunt,

2202 1620 2310 1667 non
2355 1616 2585 1675 quorum
2630 1613 2795 1670 opere
2840 1596 3169 1665 servitioque
3209 1594 3467 1666 perfecta.
3523 1592 3657 1650 Tria
3686 1602 3798 1649 sunt

2202 1696 2364 1767 igitur
2395 1710 2593 1767 genera
2625 1708 2743 1763 qua:
2783 1690 2929 1747 circa
2958 1699 3130 1745 artem
3162 1690 3423 1744 musicam
3464 1697 3755 1745 versantur
3781 1707 3792 1739 :

505 1795 743 1867 quinque
775 1796 912 1851 tonis
937 1810 1001 1851 ac
1028 1795 1237 1851 duobus
1262 1798 1558 1853 minoribus
1590 1797 1890 1861 semitoniis
1911 1798 2095 1865 exple-
2127 1795 2179 1881 β
2204 1806 2368 1846 unum
2393 1803 2561 1860 genus
2582 1795 2663 1841 est
2688 1785 2831 1856 quod
2857 1782 3226 1849 instrumentis
3249 1782 3446 1853 agitur,
3477 1780 3627 1838 aliud
3658 1780 3797 1852 ﬁngit

509 1904 575 1951 τι,
619 1902 795 1959 neque
842 1888 908 1942 ad
948 1903 1041 1944 sex
1095 1899 1250 1945 tonos
1295 1891 1405 1945 ullo
1434 1892 1593 1949 modo
1625 1891 1930 1960 pervenire.
1980 1891 2101 1947 litec

2209 1883 2464 1943 carmina,
2498 1880 2713 1951 tertium
2738 1877 2880 1949 quod
2903 1878 3382 1931 instrumentorum
3400 1888 3539 1944 opus
3558 1887 3796 1931 carmen—

504 1981 683 2035 omnia
714 1980 982 2048 posterius
1003 1990 1057 2035 et
1082 1998 1429 2053 numerorum
1462 1984 1672 2041 ratione
1697 1992 1753 2041 et
1780 1984 1990 2041 aurium
2017 1986 2104 2054 ju-

507 2071 646 2128 dicio
674 2072 1058 2145 comprobabo,
1083 2082 1242 2146 atque
1272 2075 1386 2143 hate
1409 2076 1687 2137 hactenus.

1057 2166 1285 2233 CAPUT
1314 2167 1554 2223 XXXIV.

1046 2262 1185 2331 Quid
1220 2262 1285 2317 sit
1320 2264 1565 2321 musicus.

581 2352 734 2411 Nunc
760 2354 887 2425 illud
914 2363 999 2412 est
1022 2356 1335 2413 intuendum
1372 2356 1514 2428 quod
1548 2356 1724 2415 omnis
1750 2372 1859 2423 ars,
1902 2357 2105 2413 omnis-

509 2460 615 2518 que
644 2447 805 2503 etiam
838 2449 1121 2522 disciplina
1165 2448 1623 2513 honorabiliorem
1665 2450 1980 2513 naturaliter
2012 2450 2105 2504 ha-

508 2538 634 2597 beat
669 2541 957 2609 rationem,
999 2556 1157 2611 quam
1210 2541 1520 2610 artificium,
1552 2542 1692 2614 quod
1746 2558 1904 2599 manu
1943 2552 2105 2613 atque

508 2646 673 2702 opere
700 2632 923 2689 artificis
951 2642 1255 2691 exercetur.
1286 2634 1453 2691 Multo
1478 2636 1622 2693 enim
1645 2645 1727 2699 est
1750 2635 1923 2705 majus
1943 2645 2105 2705 atque

518 2735 541 2762 ο
572 2725 734 2780 altius
763 2726 904 2781 scire
937 2727 1080 2798 quod
1110 2730 1338 2799 quisque
1363 2728 1540 2797 faciat,
1576 2743 1737 2800 quam
1766 2731 1940 2798 ipsum
1974 2728 2103 2785 illud

510 2816 730 2873 efficere
793 2820 934 2890 quod
984 2821 1158 2887 sciat;
1200 2821 1400 2893 etenim
1455 2822 1741 2895 artificium
1800 2811 2143 2892 corporalej

509 2913 661 2977 quasi
706 2912 946 2973 serviens
992 2913 1301 2970 famulatur.
1350 2914 1507 2987 Ratio
1548 2931 1676 2985 vero
1703 2916 1855 2995 quasi
1887 2914 2105 2970 domina

508 3003 756 3072 imperat,
803 3014 855 3059 et
876 3004 975 3060 nisi
1004 3022 1197 3061 manus
1226 3006 1522 3063 secundum
1556 3007 1605 3061 id
1649 3007 1793 3080 quod
1822 3008 1957 3065 ratio
1979 3022 2105 3069 san-

510 3093 583 3147 cit
621 3094 836 3159 efficiat,
888 3096 1083 3153 frustra
1130 3099 1207 3153 tit.
1244 3098 1456 3166 Quanto
1497 3100 1654 3171 igitur
1686 3101 1997 3171 praeclarior
2021 3109 2108 3155 est

2206 1962 2313 2046 que
2340 1973 2618 2043 diiudicat.
2642 1970 2749 2026 Sed
2780 1968 2906 2039 illud
2935 1968 3148 2039 quidem
3167 1966 3310 2041 quod
3340 1968 3396 2020 in
3430 1966 3797 2021 instrumentis

2210 2066 2440 2137 positum
2467 2074 2571 2129 est,
2592 2064 2772 2135 ibique
2798 2072 2965 2129 totam
2988 2075 3208 2131 operarii
3231 2058 3522 2123 consumit,
3550 2069 3611 2113 ut
3634 2057 3655 2096 ί
3679 2065 3799 2113 sunt

2207 2158 2519 2223 citharredi,
2553 2156 2751 2229 quique
2781 2168 2983 2225 organo
3010 2150 3334 2223 ceterisque
3357 2150 3572 2221 musicas
3600 2151 3801 2223 instru-

2208 2253 2405 2319 mentis
2442 2250 2723 2317 artificium
2761 2248 3009 2319 probant,
3048 2260 3079 2299 a
3120 2243 3341 2315 musica:
3362 2244 3594 2313 scientias
3633 2243 3803 2307 intel—

2208 2355 2348 2409 lectu
2389 2347 2613 2416 sejuncti
2641 2356 2787 2411 sunt,
2824 2342 3078 2415 quoniam
3125 2340 3436 2411 famulantur
3463 2340 3540 2411 (ut
3582 2337 3798 2403 dictum

2210 2444 2336 2511 est),
2373 2457 2470 2509 nec
2491 2439 2779 2511 quidquam
2808 2437 3037 2507 afferunt
3067 2433 3318 2502 rationis,
3350 2431 3596 2491 sedsunt
3627 2432 3806 2495 totius

2210 2533 2590 2608 speculationis
2653 2542 2924 2605 expertes.
2988 2526 3297 2603 Secundum
3364 2536 3493 2589 vero
3538 2528 3804 2599 musicam

2211 2633 2484 2703 agentium
2511 2640 2592 2687 est
2620 2644 2792 2700 genus
2820 2635 3122 2699 poetarum,
3160 2625 3305 2697 quod
3337 2638 3444 2683 non
3483 2621 3662 2693 potius
3689 2636 3802 2689 spe-

2210 2726 2482 2797 culatione
2509 2740 2572 2781 ac
2602 2725 2810 2781 ratione
2839 2736 2999 2792 quam
3032 2716 3269 2783 naturali
3298 2716 3534 2786 quodam
3555 2714 3801 2773 instinctu

2212 2822 2383 2885 iertur
2411 2822 2478 2877 ad
2508 2833 2747 2885 carmen,
2782 2826 2942 2887 atque
2973 2815 3177 2875 idcirco
3208 2813 3308 2869 hoc
3331 2826 3551 2882 quoque
3586 2825 3749 2880 genus
3773 2824 3801 2864 a

2196 2913 2415 2977 musica
2445 2909 2837 2984 segregandum
2868 2918 2972 2973 est.
2995 2905 3233 2971 Tertium
3256 2911 3339 2967 est.
3364 2903 3512 2973 quod
3539 2898 3800 2972 iudicandi

2211 3004 2457 3078 peritiam
2483 3005 2739 3070 sumit,ut
2761 3001 3041 3073 rhythmos
3091 2998 3501 3067 cantilenasque
3519 3008 3804 3062 eorumque

2215 3113 2435 3157 carmen
2466 3096 2637 3168 possit
2665 3093 3019 3166 perpendere.
3052 3090 3207 3160 Quod
3234 3089 3446 3149 scilicet
3491 3087 3702 3159 quando
3726 3094 3797 3147 t0-

510 3189 737 3245 scientia
762 3192 981 3247 musicae
1004 3194 1055 3247 in
1086 3194 1393 3262 c0gnitione
1416 3195 1660 3263 rationis,
1685 3211 1846 3269 quam
1868 3198 1920 3265 in
1941 3210 2106 3265 opere
2131 3192 2181 3278 ς
2216 3202 2330 3248 tum
2377 3191 2430 3247 in
2482 3188 2691 3247 ratione
2736 3204 2800 3243 ac
2850 3185 3219 3257 speculatione
3257 3182 3503 3254 positum
3548 3191 3663 3248 est,
3706 3181 3797 3237 hoc

510 3280 775 3334 efficiendi
808 3291 966 3353 atque
1005 3296 1123 3337 aetu
1175 3293 1407 3351 tantum,
1438 3285 1646 3357 scilicet
1698 3296 1952 3357 quantum
1984 3303 2106 3347 cor-

512 3388 610 3446 pus
642 3384 820 3430 mente
850 3387 1135 3446 superatur
1169 3378 1182 3432 l
1212 3379 1363 3443 Quod
1413 3379 1620 3443 scilicet
1650 3381 1871 3453 rationis
1910 3395 2105 3450 expers

514 3468 729 3522 servitio
780 3469 947 3538 degit,
996 3471 1084 3525 illa
1118 3486 1245 3526 vero
1291 3472 1541 3542 imperat,
1596 3480 1756 3544 atque
1802 3472 1867 3527 ad
1898 3486 2102 3533 rectum

512 3559 745 3626 deducit,
785 3563 923 3635 quod
957 3562 1055 3615 nisi
1087 3572 1269 3639 pareat
1294 3564 1411 3632 ejus
1437 3564 1681 3638 imperio,
1713 3573 1763 3621 et
1801 3579 1994 3637 expers
2019 3582 2104 3621 ra-

511 3651 672 3713 tionis
702 3668 836 3725 opus
876 3642 1141 3725 titubabit.
1182 3654 1333 3713 Unde
1373 3657 1430 3711 (lt
1458 3666 1514 3711 ut
1541 3657 1837 3729 speculatio
1876 3658 2101 3725 rationis

510 3730 766 3815 operandi
796 3756 915 3799 actu
948 3763 1054 3802 non
1095 3759 1264 3820 egeat.
1315 3748 1565 3813 Mannum
1596 3766 1725 3821 vero
1757 3766 1919 3823 opera
1950 3751 2097 3821 nulla

2214 3284 2434 3357 proprie
2480 3283 2698 3340 musicae
2729 3279 3091 3352 deputabitur.
3128 3276 3281 3348 Isque
3328 3276 3576 3353 musicus
3614 3282 3695 3329 est
3722 3272 3803 3333 cui

2215 3377 2373 3434 adest
2415 3375 2639 3437 facultas
2669 3372 2967 3439 secundum
3006 3370 3431 3441 speculationem
3486 3368 3805 3427 rationemre

2210 3472 2542 3542 propositam
2581 3482 2646 3525 ac
2690 3466 2909 3535 musica:
2944 3464 3379 3526 convenientem,
3427 3458 3499 3515 de
3544 3458 3717 3513 modis
3751 3471 3806 3521 ac

2212 3564 2505 3635 rhythmis,
2538 3563 2714 3632 deque
2736 3558 3024 3632 generibus
3053 3556 3466 3618 cantilenarum,
3497 3567 3561 3615 ac
3591 3553 3658 3606 de
3692 3568 3807 3623 per-

2216 3656 2594 3725 mixtionibus,
2621 3669 2686 3713 ac
2714 3654 2784 3711 de
2812 3651 3063 3717 omnibus
3091 3650 3159 3707 de
3188 3649 3383 3720 quibus
3418 3647 3689 3713 posterius
3723 3664 3810 3703 ex-

2209 3751 2515 3823 plicandum
2541 3762 2724 3818 eat,ac
2750 3748 2820 3809 de
2852 3751 3132 3819 poetarum
3159 3744 3811 3815 carminibus,judicandi.

588 3928 883 3984 ‘Postvero
905 3937 953 3983 et
980 3930 1113 3984 ratio
1137 3928 1802 4011 ditigentiusexpiicabitur.
1882 3930 1908 3970 δ
1933 3930 2345 4005 Proportionem.
2430 3942 2453 3973 ο
2485 3932 2721 3999 Auctius.
2798 3927 2825 3968 ἀ
2858 3928 3104 3986 Auledus.
3187 3939 3209 3965 ε
3234 3929 3548 3999 Assuinpsit.
3627 3927 3644 3967 ί
3673 3927 3808 3987 Sint.

1603 4152 1979 4271 LIBER
2046 4150 2761 4275 SECUNDUS.

2002 4323 2309 4336 ψ

1024 4406 1249 4465 CAPUT
1290 4406 1578 4465 PRIMUM.

1143 4501 1481 4571 Praemium.
1542 4548 1545 4555 .

587 4593 849 4663 Superius
875 4595 1123 4661 volumen
1160 4604 1349 4665 cuncta
1393 4594 1641 4664 digessit.
1676 4609 1796 4665 qua:
1822 4610 1964 4669 nupc
1994 4594 2114 4651 dili-

517 4687 731 4761 gentias
760 4698 783 4724 λ
811 4689 1121 4758 explicanda
1151 4704 1269 4744 esse
1292 4687 1573 4761 propo~ui;
1593 4689 1771 4758 itaque
1797 4691 2107 4760 priusquam

515 4781 582 4849 ad
615 4796 676 4835 ea
731 4780 939 4835 veniam
988 4796 1108 4851 quae
1152 4781 1383 4851 propriis
1428 4779 1726 4845 rationibus
1768 4780 2108 4850 perdocenda

514 4882 663 4940 sunt,
700 4886 863 4939 pauca
893 4872 1232 4941 praemittam,
1264 4870 1464 4943 quibus
1495 4870 1860 4945 elucubralior
1894 4872 2107 4935 animus

517 4966 777 5029 auditoris
805 4965 871 5022 ad
901 4980 963 5023 ea
993 4981 1111 5037 qua:
1149 4966 1375 5025 dicenda
1401 4975 1529 5037 sunt
1557 4967 1868 5038 accipienda
1912 4981 2106 5037 perve-

513 5060 645 5116 niat.

1142 5151 1367 5210 CAPUT
1410 5152 1472 5217 ll.

608 5248 748 5315 Quid
777 5246 1106 5321 Pythagoras
1136 5264 1242 5305 esse
1268 5246 1646 5319 philosophiam
1671 5247 2013 5319 constituerit.

580 5344 793 5399 Primus
852 5346 1091 5401 omnium
1149 5344 1481 5415 Pythagoras
1531 5345 1813 5413 sapientiae
1870 5344 2108 5405 studium

507 5436 903 5508 philosophiam
934 5438 1282 5508 nuncupavit,
1324 5452 1482 5506 quam
1515 5434 1729 5497 scilicet
1758 5438 1876 5505 ejus
1905 5438 1981 5493 rei
2012 5455 2108 5493 no-

507 5529 676 5584 titiam
706 5546 769 5586 ac
802 5531 1137 5601 disciplinam
1164 5528 1416 5600 ponebat,
1462 5544 1582 5599 quae
1628 5529 1843 5599 proprie
1872 5543 2107 5599 vereque

504 5630 631 5673 esse
659 5621 953 5679 diceretur.
996 5622 1128 5679 Esse
1164 5634 1340 5679 autem
1372 5622 1458 5677 illa
1492 5622 1712 5691 putabat
1742 5636 1862 5691 quze
1891 5636 1989 5675 nec
2026 5622 2106 5675 in-

510 5714 749 5769 tentione
790 5729 1119 5783 crescerent,
1171 5733 1269 5773 nec
1299 5717 1657 5773 diminutione
1700 5715 2100 5782 decrescerent,

508 5815 534 5842 "
556 5804 985 5866 Demonstranda.

2133 4412 2193 4475 Ι)
2216 4425 2317 4469 nec
2342 4410 2468 4468 ullis
2507 4408 2876 4482 accidentibus
2923 4402 3282 4465 mutarentur.
3312 4408 3441 4465 Haec
3487 4420 3667 4467 autem
3698 4426 3811 4472 esse

2224 4504 2442 4568 formas,
2484 4502 2898 4575 magnitudines,
2929 4504 3233 4573 qualitates,
3260 4502 3630 4565 habitudines,
3658 4516 3811 4558 αριθ-

2220 4612 2386 4668 raque
2412 4613 2531 4667 qua:
2560 4613 2657 4666 per
2680 4612 2740 4652 se
2769 4597 3041 4666 speculata
3074 4596 3427 4652 immutabilia
3460 4609 3607 4668 sunt,
3628 4597 3814 4668 juncta

2219 4706 2347 4747 vero
2376 4690 2696 4759 corporibus
2722 4698 3114 4759 permutantur,
3134 4698 3189 4744 et
3215 4690 3550 4745 multimodis
3577 4692 3818 4746 variatio-

2215 4782 2375 4841 uibus
2404 4783 2678 4851 mutabilis
2702 4783 2781 4839 rei
2804 4783 3126 4853 cognatione
3156 4791 3459 4838 vertuntur.

2836 4876 3062 4931 CAPUT
3106 4876 3192 4933 Ill.

2218 4968 2293 5021 De
2333 4968 2641 5035 di/ferentiis
2685 4969 3021 5039 quantitatis,
3061 4980 3109 5023 et
3138 4985 3251 5039 quia
3297 4969 3382 5023 cui
3427 4971 3730 5042 discipline
3759 4975 3818 5025 sit

2873 5062 3137 5131 deputata.

2286 5154 2475 5210 Omnis
2517 5170 2649 5211 vero
2694 5154 2964 5226 quantitas
2996 5155 3288 5225 secundum
3336 5155 3704 5226 Pythagoram
3738 5171 3821 5214 vet

2214 5249 2492 5314 continua,
2521 5247 2604 5317 vel
2634 5247 2868 5305 discreta
2899 5258 3005 5305 est.
3032 5249 3137 5303 Sed
3162 5264 3279 5318 qua:
3309 5252 3559 5305 continua
3595 5264 3684 5305 est
3710 5271 3824 5306 ma-

2213 5341 2437 5415 gnitudo
2464 5342 2791 5413 appellatur,
2818 5354 2936 5410 qua:
2966 5339 3194 5394 discreta
3218 5350 3301 5396 est
3331 5340 3641 5396 multitudo.
3666 5343 3820 5412 Qun-

2214 5456 2332 5497 rum
2374 5440 2488 5497 haec
2529 5446 2610 5496 cst
2652 5437 2865 5493 diversa
2911 5446 2963 5490 et
2990 5436 3257 5490 contraria
3304 5450 3442 5501 pene
3484 5441 3819 5505 proprietas.

2216 5531 2494 5587 Multitudo
2516 5535 2657 5588 enim
2682 5548 2710 5587 a
2743 5530 2890 5587 [inita
2927 5528 3186 5584 inchoans
3206 5530 3524 5599 quantitate,
3557 5546 3824 5588 cresmns

2213 5623 2265 5678 in
2292 5622 2497 5692 infinita
2542 5625 2899 5694 progreditur,
2944 5632 3003 5677 ut
3028 5621 3203 5678 nullus
3234 5623 3513 5678 cre-cendi
3548 5623 3683 5691 ﬁnis
3729 5640 3823 5681 oe-

2212 5722 2413 5771 currat.
2448 5712 2649 5783 Estque
2671 5714 2736 5769 ad
2759 5716 3036 5771 minimutn
3062 5714 3364 5783 terminata,
3389 5714 3823 5775 interminabilis
