4022 6366
237 374 365 433 1201

1547 364 1635 421 DE
1673 362 1934 425 MUSlCA
1972 365 2104 422 LIB.
2144 366 2211 423 ιι.

3390 372 3528 431 1202

234 489 419 546 bitudo
460 486 716 561 producta
748 490 865 550 est;
895 480 1041 555 quod
1074 480 1122 537 si
1148 480 1270 554 quis
1308 479 1374 536 ad
1406 479 1544 536 hanc
1572 481 1822 549 specula-
1853 483 1907 545 Α
1934 496 2261 552 semperque
2307 495 2433 551 pars
2482 482 2641 538 tertia
2690 482 2743 538 in
2790 484 2979 541 ultimo
3028 501 3250 543 numero
3295 491 3525 545 naturali

237 583 430 638 tionem
472 579 698 647 diligens
740 584 1009 631 scrutator
1052 576 1305 636 accedat,
1351 586 1414 627 ex
1457 573 1821 641 scsquitertiis

238 672 511 731 conversis
552 667 1113 739 supertripartientem
1170 665 1444 733 producit,
1501 667 1820 732 cmterisque

238 764 499 819 similibus
543 760 814 815 vocabulis
852 757 1149 826 adaequatis
1185 764 1404 809 cunctas
1435 769 1499 808 ex
1532 768 1820 823 superpar—

239 855 555 911 ticularitate
578 850 1025 922 superpartientis
1054 845 1265 915 species
1296 846 1564 914 procreari
1602 842 1822 899 mirabi-

239 954 342 1003 tur.
389 946 463 1001 Ex
507 960 612 1000 non
660 940 940 997 conversis
984 946 1162 992 autem
1207 935 1819 1007 superparticularibus,

240 1038 335 1094 sed
365 1039 436 1092 ita
465 1044 524 1092 ut
550 1051 615 1092 ex
648 1030 931 1102 multiplici
961 1029 1222 1099 procreati
1252 1036 1408 1093 sunt,
1440 1026 1782 1081 manentibus
1801 1068 1819 1092 ,

241 1142 460 1184 necesse
497 1136 582 1181 est
611 1124 933 1191 multiplices
973 1119 1487 1189 superparticulares
1514 1116 1708 1172 creari.
1744 1116 1821 1171 Ex

242 1218 579 1273 manentibus
613 1204 739 1270 vero
770 1211 1314 1284 superpartientibus,
1348 1210 1419 1265 ita
1452 1219 1508 1264 ut
1534 1225 1602 1265 ex
1629 1225 1819 1278 super-

243 1307 656 1379 particularibus
701 1306 1051 1383 prodierunt,
1087 1319 1193 1359 non
1229 1304 1319 1356 alii
1361 1302 1461 1356 nisi
1502 1302 1825 1371 multiplices

243 1398 694 1469 superpartientes
718 1395 1138 1466 procreabuntur
1174 1392 1253 1448 Ac
1269 1392 1337 1447 de
1360 1393 1441 1446 liis
1462 1394 1673 1462 quidem
1699 1390 1826 1445 hac-

244 1496 428 1555 tenus,
463 1488 769 1557 diligentius
794 1487 935 1541 enim
965 1486 1016 1539 in
1045 1482 1409 1539 Arithmetica:
1440 1481 1590 1538 libris
1622 1482 1690 1536 de
1726 1480 1828 1535 hac

245 1580 644 1650 comparatione
672 1588 757 1635 est
793 1578 1141 1645 diSputatum.

830 1667 1054 1723 CAPUT
1094 1665 1227 1719 Vlll.

318 1761 519 1833 Regula
546 1760 788 1840 quotlibet
812 1760 1081 1840 continuas
1113 1756 1466 1840 proportiones
1491 1769 1759 1825 superpar-

744 1832 983 1884 ticulares
1023 1830 1329 1882 inveniendi.

317 1922 475 1991 Saepe
503 1930 681 1977 autem
711 1920 906 1978 accidit
928 1928 985 1975 ut
1009 1928 1140 1987 tres,
1173 1919 1256 1974 vel
1284 1927 1533 1989 quatuor,
1561 1920 1642 1973 vel
1668 1927 1830 1989 quot-

247 2015 384 2074 libet
410 2029 591 2085 iequas
617 2014 1187 2085 superparticularium
1214 2011 1590 2083 pr0portiones
1620 2010 1687 2067 de
1716 2026 1836 2066 mu-

249 2108 358 2165 sica
380 2106 682 2176 disputator
703 2105 958 2176 inquirat.
983 2104 1087 2161 Sed
1117 2118 1183 2158 ne
1211 2104 1265 2157 id
1292 2117 1418 2158 casu
1440 2112 1599 2172 atque
1626 2102 1837 2159 inscitia

250 2200 507 2255 facientes
528 2239 544 2264 ,
573 2212 728 2253 error
765 2196 901 2251 ullus
929 2194 1257 2251 difﬁcultatis
1297 2193 1584 2264 impediat,
1620 2192 1719 2249 hac
1744 2208 1836 2250 re-

250 2292 377 2364 gula
408 2289 669 2362 quotlibet
706 2302 887 2360 aequas
928 2288 1301 2358 proportiones
1343 2300 1407 2341 ex
1449 2285 1839 2356 multiplicitate

256 2386 536 2444 ducemus.
573 2381 948 2453 Unusquisque
974 2380 1251 2449 multiplex
1288 2380 1356 2436 ab
1396 2380 1597 2435 unitate
1633 2379 1840 2437 scilicet

255 2483 626 2548 computatus,
658 2482 738 2529 tot
776 2472 1292 2544 superparticulares
1327 2471 1668 2528 habitudines
1697 2489 1838 2543 prae-

251 2571 427 2640 cedit,
458 2584 570 2624 suae
598 2568 804 2624 scilicet
841 2567 895 2622 in
935 2566 1258 2625 contrariam
1289 2573 1494 2636 partem
1526 2565 1842 2621 denomina-

252 2665 449 2728 tionis,
495 2671 687 2733 quatus
736 2662 851 2731 ipse
899 2660 966 2715 ab
1014 2660 1221 2714 unitate
1268 2667 1294 2695 α
1348 2658 1676 2714 discesserit.
1730 2658 1844 2714 Hoc

254 2758 419 2815 modo
444 2764 502 2811 ut
530 2754 727 2824 duplex
759 2752 1141 2825 sesquialteras
1170 2752 1470 2817 antecedat,
1505 2752 1694 2823 triplex
1723 2768 1843 2809 ses-

254 2848 569 2923 quitertias,
615 2847 945 2919 quadruplex
990 2846 1424 2918 sesquiquartas,
1478 2861 1542 2902 ac
1588 2846 1844 2918 deinceps

198 2982 203 2987 -
257 2943 312 3001 in
351 2942 492 2998 hunc
524 2939 764 2997 modum.
804 2940 889 2996 Sit
932 2939 1092 3011 igitur
1131 2939 1416 3010 duplorum
1462 2937 1701 3009 subjecta
1745 2940 1843 2997 de-

258 3034 516 3106 scriptio.

1436 3224 1840 3235 .—————_

380 3145 1737 3223 Ι¹ΙΞΙ⁴Ι⁸Ι¹ϐΙδ²Ι

600 3240 1733 3318 L5L6'12[2(..l48|

444 3335 520 3401 .'
828 3322 1734 3413 |9|t8|sst7al

1049 3430 1739 3508 (27lmlttlsl

1275 3523 1737 3602 |st|toal

1500 3616 1739 3693 ΙὲιδΙ

264 3682 1843 3709 -———__________________

262 3721 323 3776 In
355 3722 633 3791 superiore
656 3724 815 3794 igitur
839 3725 1201 3794 descriptione
1227 3730 1466 3785 hinarius
1488 3735 1691 3797 primus
1714 3735 1853 3789 mul-

260 3810 461 3882 tiplex,
493 3828 658 3867 unum
696 3813 761 3867 ad
791 3828 850 3867 se
878 3816 1166 3870 ternarium
1201 3818 1389 3883 habet,
1422 3820 1515 3889 qui
1554 3822 1724 3890 possit
1772 3822 1851 3877 fa-

260 3922 387 3965 cere
409 3908 812 3978 sesquialterani
838 3912 1258 3977 proportionem.
1283 3913 1573 3969 Ternarius
1592 3931 1721 3970 vero
1742 3932 1851 3972 non

260 3996 428 4055 habet
447 3999 608 4053 alium
634 3999 723 4068 qui
747 4000 863 4070 ejus
895 4001 1059 4068 possit
1088 4017 1209 4059 esse
1231 4007 1567 4076 sesquialter,
1601 4009 1849 4075 quoniam

260 4090 555 4146 medietate
589 4090 789 4147 deﬁcit.
838 4091 1043 4148 Rursus
1071 4097 1445 4165 quaternarius
1474 4099 1742 4154 secundus
1769 4108 1854 4157 est

262 4190 489 4258 duplex,
526 4190 615 4246 hic
654 4190 790 4246 duos
832 4194 1214 4264 sesquialteros
1261 4198 1531 4254 antecedit
1578 4201 1849 4257 senarium

261 4291 315 4337 et
355 4281 734 4343 novenarinm.
763 4282 851 4353 qui
897 4284 1188 4343 medietate
1225 4298 1393 4345 caret.
1438 4290 1612 4361 Atque
1654 4292 1853 4349 idcirco

262 4374 441 4430 nullus
490 4373 538 4428 ei
587 4373 895 4430 habitudine
927 4378 1277 4447 sesquialtera
1322 4395 1682 4450 comparatur,
1714 4392 1769 4439 et
1798 4384 1853 4441 itt

262 4464 475 4521 cmteris
504 4461 643 4519 idem
674 4473 775 4519 est.
810 4466 976 4533 Tripli
1003 4483 1129 4525 vero
1156 4471 1343 4525 eodem
1376 4473 1536 4527 modo
1557 4474 1853 4543 sesquiter-

261 4558 369 4615 tios
397 4559 608 4621 creant;
646 4556 714 4611 sit
745 4558 886 4612 enim
919 4561 1107 4614 similis
1139 4561 1188 4615 in
1222 4563 1382 4631 triplo
1411 4564 1758 4646 descriptio.”
1800 4633 1820 4643 ν

949 4671 1185 4725 Latitudo.

307 4757 638 4854 {Elaﬁilfli’jéé
668 4757 1405 4854 L_T_———lil
1047 4790 1076 4854 9
1135 4775 1250 4852 :27
1296 4779 1305 4854 l
1351 4792 1405 4839 εί

264 4839 642 4958 ἓὲὣὲἓαῧῗῶῗῗ

1550 4788 1754 4854 superi“
1776 4788 1849 4858 tati

1520 4857 1727 4893 Γοχηηυς
1775 4861 1849 4896 ΙΠ-

1504 4910 1614 4969 eros
1653 4910 1847 4969 sesqui-

811 4944 1456 5036 Wt
1482 4944 1633 5015 iam.

974 4977 1413 5036 |l6|£8|iu

1129 5052 1413 5130 lstltsi

630 5098 766 5169 (lead
1122 5052 1436 5145 ————|
1180 5048 1441 5130 δῇ

474 5323 481 5330 θ
1126 5270 1129 5271 ν
1186 5260 1237 5303 et
1261 5255 1833 5398 tum

300 5578 314 5591 .
341 5533 618 5604 superiore
644 5533 804 5605 igitur
830 5534 1192 5606 descriptione
1220 5512 1590 5608 sesqnitertias
1622 5560 1846 5615 propor-

253 5629 431 5684 tiones
471 5630 543 5684 ita
574 5639 721 5684 natas
756 5629 1029 5696 videmus,
1073 5638 1132 5685 ut
1168 5631 1372 5701 primus
1400 5632 1427 5672 δ
1460 5636 1651 5705 triplex
1682 5654 1847 5695 unum

250 5720 665 5792 sesquitertium
690 5720 1003 5789 antecedat,
1028 5722 1296 5780 secundus
1315 5724 1471 5793 duos,
1498 5729 1686 5785 tertius
1714 5739 1848 5799 tres,

1928 575 2159 645 quodam
2192 574 2295 628 ﬁne
2325 577 2628 629 claulatur.
2655 576 2808 643 Quod
2831 582 2875 631 si
2898 578 3247 649 quadruplum
3271 584 3523 665 statueris

1930 666 2120 720 eodem
2154 664 2335 731 modo,
2371 672 2772 735 sesquiquartos
2804 670 3078 737 invenies,
3107 674 3151 727 si
3180 664 3524 743 quincuplum

1932 760 2352 829 sesqniquintos.
2388 765 2467 815 Ac
2492 762 2745 832 deinceps
2782 763 2982 833 singuli
3021 775 3043 803 ⁸
3076 766 3527 823 denominationis

1932 853 2241 922 multiplicis
2294 862 2373 907 tot
2422 855 2939 921 superparticulares
2981 859 3313 925 pra-cedunt,
3364 870 3527 929 quote

1935 946 2055 1001 loco
2083 945 2181 1015 ipsi
2209 960 2237 999 a
2266 961 2324 1000 se
2346 945 2547 1000 unitate
2570 945 2939 1006 discesserint.
2966 949 3133 1005 Unam
3165 967 3292 1005 vero
3320 962 3525 1007 tantum

1933 1036 2215 1109 quadrupli
2245 1036 2649 1104 dispositionem
2680 1053 2934 1106 ponemus
2956 1081 2970 1106 ,
3006 1052 3057 1095 ut
3092 1041 3143 1095 in
3184 1057 3247 1097 ea
3292 1043 3429 1099 sicut
3472 1044 3530 1099 in

1933 1142 2145 1187 caeteris
2169 1133 2337 1186 lector
2361 1131 2587 1202 diligens
2608 1147 2833 1188 acumen
2864 1136 3055 1189 mentis
3079 1147 3347 1192 exerceat.

2616 1265 2837 1316 Latitudo

1970 1368 2235 1447 93319.59?"
2258 1369 2347 1444 "‘l
2406 1383 2422 1429 ¹
2492 1370 2502 1446 Ι
2563 1383 2593 1430 ι
2652 1368 2662 1447 Ι
2714 1382 2769 1428 ¹6
2813 1369 2823 1446 Ι
2867 1384 2929 1432 64

1941 1430 2213 1481 latitudine.

2265 1526 2274 1538 .
2487 1506 2497 1537 ι
2562 1506 2591 1523 υ
2650 1506 2659 1538 l
2709 1506 2762 1516 -ν
2810 1506 2819 1540 l
2865 1506 2927 1525 υυ
2970 1506 3103 1541 ιυεη
3162 1506 3294 1549 feros
3371 1506 3533 1563 proxi~

2654 1555 2663 1632 |
2711 1568 2771 1619 25
2813 1555 2824 1632 Ι
2858 1571 2943 1619 tuo
2974 1557 2983 1634 Ι
3017 1570 3106 1620 tuo
3166 1573 3269 1609 mos

2816 1650 2827 1724 ι
2858 1662 2942 1709 tas
2975 1650 2985 1728 Ι
3018 1665 3107 1713 suo

1861 1883 1915 1946 Β
2783 1835 2855 1927 te:
2874 1850 3087 1941 σίδθοηη

2265 1526 2274 1538 .
2339 1439 2347 1444 ’
2487 1439 2501 1537 Ι
2562 1476 2591 1523 5
2650 1439 2766 1563 Ιεά
2810 1439 2824 1563 Ι
2865 1476 2927 1525 8"
2970 1439 2983 1563 Ι
3012 1439 3533 1563 δευΙῖἓΡοιωίιῗᾶξέἒῐ

2654 1555 2663 1632 |
2711 1568 2771 1619 25
2813 1555 2824 1632 Ι
2858 1571 2943 1619 tuo
2974 1557 2983 1634 Ι
3017 1555 3137 1634 tool
3166 1573 3269 1609 mos

1942 2137 2072 2194 liae
2108 2138 2269 2209 igitur
2296 2142 2590 2212 speculatio
2632 2145 2698 2201 ad
2738 2148 2878 2204 hanc
2915 2151 3197 2209 utilitatem
3223 2154 3434 2212 videtur
3465 2157 3538 2213 in.

1946 2241 2104 2288 venta
2124 2278 2138 2302 ,
2173 2243 2231 2289 ut
2264 2238 2727 2311 quotienscunque
2751 2241 2786 2296 4
2814 2243 2900 2299 vel
2925 2244 2993 2311 5,
3021 2246 3105 2302 vel
3132 2249 3399 2317 quotlibet
3425 2266 3539 2308 ses-

1945 2326 2267 2395 quialteros,
2297 2328 2382 2383 vel
2411 2331 2807 2402 sesquitertios,
2841 2336 2930 2391 vel
2962 2339 3363 2407 sesquioctavos
3386 2386 3402 2411 ,
3455 2343 3543 2406 vei

1945 2420 2211 2488 quotlibet
2237 2420 2373 2477 alias
2398 2427 2773 2493 proportiones
2799 2429 2921 2507 quis
2942 2431 3270 2505 investigare
3291 2436 3541 2507 voluerit,

1948 2512 2099 2567 nullo
2141 2527 2327 2570 errore
2370 2514 2598 2582 labatur,
2650 2528 2812 2591 utque
2852 2506 2964 2578 non
3009 2524 3058 2580 ei
3099 2541 3327 2583 numero
3369 2506 3540 2599 primo

1949 2609 2084 2665 tales
2122 2611 2497 2680 proportiones
2537 2626 2745 2685 quaerat
2787 2629 3003 2688 aptare,
3035 2623 3124 2693 qui
3154 2626 3334 2695 quanti
3376 2621 3403 2663 ά
3432 2626 3542 2686 sint

1949 2702 2245 2770 propositi,
2276 2712 2357 2759 tot
2379 2707 2711 2777 praecedere,
2744 2723 2795 2765 et
2826 2721 2950 2781 post
2972 2717 3032 2769 se
3058 2714 3255 2772 habere
3283 2731 3390 2773 non
3421 2732 3542 2789 pos-

1950 2796 2042 2849 sit.
2075 2794 2181 2851 Swd
2210 2795 2458 2866 disponat
2484 2801 2660 2869 potius
2689 2802 3034 2875 multiplices,
3062 2807 3345 2878 videatque
3373 2825 3541 2881 quan-

1953 2894 2037 2941 tos
2075 2891 2591 2959 superparticnlares
2630 2895 2886 2965 requirit,
2930 2912 3158 2970 eumque
3187 2902 3539 2971 multiplicem

1952 2981 2235 3050 respiciat,
2267 2984 2359 3053 qui
2390 3000 2456 3040 eo
2486 2986 2607 3042 loco
2630 2988 2699 3042 ab
2728 2990 2929 3046 unitate
2954 2992 3275 3059 recesserit,
3300 3002 3357 3049 ut
3377 3002 3461 3051 est
3488 2996 3542 3053 in

1953 3073 2320 3143 superioribus
2366 3075 2844 3149 descriptionibus,
2882 3082 2926 3139 si
2967 3093 3075 3138 tres
3106 3093 3131 3122 ο
3161 3085 3542 3156 sesquialteras

1955 3162 2183 3221 fortasse
2234 3167 2541 3237 quaesierit,
2592 3185 2698 3227 non
2746 3188 2776 3227 a
2826 3175 3171 3243 quaternario
3214 3177 3544 3247 ingrediatur

1878 3277 1926 3343 ο
1959 3256 2448 3328 invesﬁgationem.
2496 3260 2594 3317 Hic
2641 3264 2817 3328 enim,
2859 3264 3109 3335 quoniam
3153 3269 3419 3325 secundus
3462 3260 3544 3330 es}

1957 3349 2150 3419 duplus
2172 3392 2187 3415 ,
2221 3351 2358 3407 duos
2388 3361 2591 3409 tantum
2620 3356 2906 3425 praecedit,
2938 3360 3261 3431 tertiumque
3283 3363 3333 3418 ei
3358 3371 3543 3434 aptare

1954 3458 2061 3498 non
2097 3443 2328 3514 poterit,
2362 3444 2457 3502 sed
2501 3455 2561 3502 ut
2602 3447 2671 3503 ab
2714 3452 2990 3507 octonario
3026 3454 3340 3510 medietates
3373 3464 3544 3516 tentet
3593 3528 3597 3532 ,

1956 3550 2249 3605 apponere.
2280 3537 2377 3593 Hic
2406 3540 2548 3594 enim
2594 3542 2845 3610 quoniam
2893 3544 3080 3600 tertius
3108 3556 3214 3614 est,
3265 3556 3375 3605 tres
3413 3563 3544 3618 quas

1953 3629 2146 3700 quierit
2170 3628 2551 3698 sesquialteras
2581 3635 2959 3703 proportiones
2974 3637 3187 3706 efﬁciet,
3213 3650 3266 3695 et
3299 3641 3353 3695 in
3381 3650 3545 3697 caete-

1953 3719 2031 3774 ris
2054 3720 2243 3774 eodem
2270 3720 2447 3775 modo.
2478 3722 2577 3777 Est
2600 3724 2759 3779 etiam
2784 3726 2888 3780 alia
2911 3729 3138 3797 augendi
3170 3733 3544 3799 proportiones

1954 3810 2036 3864 via
2085 3809 2185 3863 hoc
2216 3811 2377 3866 modo
2430 3830 2443 3865 :
2489 3812 2718 3870 Radices
2757 3818 3157 3886 proportionum
3199 3820 3450 3876 dicuntur
3491 3824 3543 3878 in

1953 3898 2159 3953 eisdem
2180 3902 2671 3967 comparationibus
2696 3904 2931 3960 minima:
2956 3909 3332 3977 proportionis.
3360 3909 3543 3981 Dispo-

1957 4001 2115 4046 natur
2171 3992 2314 4047 enim
2374 4009 2633 4051 numerus
2690 4000 2976 4067 naturalis,
3034 4002 3237 4057 unitate
3290 4005 3545 4075 multipli-

1955 4092 2125 4138 catus.

1956 4308 2188 4365 niuium:
2219 4312 2383 4382 igitur
2414 4318 2788 4385 proportiones
2816 4329 2941 4374 sunt
2963 4360 2978 4385 ,
3009 4328 3067 4374 ut
3096 4320 3148 4374 in
3190 4322 3544 4389 sesquialtera

1957 4400 1995 4456 δ
2018 4400 2083 4455 ad
2111 4402 2179 4467 2,
2209 4403 2261 4459 in
2291 4407 2633 4476 sesquitertia
2660 4409 2693 4463 4
2724 4410 2789 4465 ad
2821 4411 2855 4465 ὅ
2876 4452 2891 4477 ,
2926 4411 3379 4483 ἰηεθεᾳυίᾳιιειιιιξι
3412 4413 3446 4468 5
3476 4414 3544 4468 ad

1956 4492 2021 4558 4,
2044 4502 2098 4549 et
2118 4494 2371 4567 deinceps
2391 4498 2442 4551 in
2466 4498 2732 4557 inﬁnitum
2751 4543 2766 4569 ,
2792 4512 2847 4558 et
2870 4519 3203 4575 quaecunque
3233 4521 3292 4561 se
3321 4521 3545 4578 propor-

1958 4585 2132 4643 tiones
2178 4589 2385 4645 unitate
2434 4593 2833 4661 praecesserint.
2881 4594 3218 4663 Pr0positum
3267 4598 3429 4669 igitur
3476 4601 3545 4658 sit

1880 4675 2093 4740 Dduas
2131 4680 2508 4750 sesquialteras
2554 4687 2929 4755 proportiones
2974 4690 3222 4744 continua
3267 4705 3545 4759 compara-

1960 4768 2104 4824 tione
2130 4772 2451 4839 producere.
2474 4774 2643 4830 Sumo
2669 4777 2902 4834 radicem
2933 4780 3362 4850 sesquialterum,
3391 4798 3545 4838 eam-

1956 4874 2059 4927 que
2098 4860 2359 4931 dispono,
2387 4865 2423 4919 2
2464 4877 2514 4920 et
2558 4869 2610 4922 3.
2645 4868 2934 4940 Mnltiplico
2964 4872 3125 4943 igitur
3152 4874 3414 4930 binarium
3450 4890 3544 4944 per

1957 4948 2217 5005 binarium
2240 4993 2254 5011 .
2288 4952 2420 5008 ﬁunt
2453 4956 2507 5009 4.
2538 4956 2669 5012 item
2713 4962 2979 5018 ternarius
3006 4978 3101 5033 per
3131 4965 3393 5019 binarium
3422 4980 3543 5021 cre-

1954 5050 2102 5106 scat,
2135 5055 2289 5097 erunt
2326 5046 2380 5099 6.
2413 5046 2619 5103 Rursus
2650 5053 2940 5107 ternaiiuui
2976 5057 3027 5109 in
3059 5057 3402 5125 semetipsum
3443 5056 3544 5111 du-

1952 5146 2170 5197 cemus,
2206 5136 2337 5192 ﬁunt
2368 5138 2421 5205 9,
2452 5142 2540 5208 qui
2572 5141 2931 5210 disponuntur
2959 5149 3059 5203 hoc
3089 5148 3249 5203 modo
3278 5166 3293 5203 :

2101 5246 3519 5338 tetTtTt—s—TT—
3375 5261 3519 5351 t.

1952 5360 2255 5417 Invenimus
2289 5365 2447 5435 igitur
2480 5368 2614 5425 duas
2657 5376 2958 5441 propositas
2994 5378 3381 5445 sesquialteras
3419 5393 3541 5446 pro-

1952 5466 2069 5524 port
2092 5471 2223 5512 ones
2272 5457 2306 5512 6
2349 5459 2414 5513 ad
2456 5460 2489 5515 4
2516 5502 2532 5528 ,
2578 5472 2633 5517 et
2661 5466 2694 5519 9
2732 5467 2797 5519 ad
2837 5468 2892 5521 6.
2925 5467 3005 5522 Sit
3035 5484 3175 5524 nunc
3206 5470 3538 5538 propositum

1954 5556 2066 5605 tres
2108 5551 2368 5608 invenire.
2407 5553 2641 5625 Dispono
2680 5559 2894 5614 eosdem
2936 5576 3189 5618 numeros
3216 5580 3348 5629 quos
3377 5577 3536 5633 supra

1958 5641 2012 5698 in
2043 5639 2063 5681 ί
2094 5645 2437 5716 exquirendis
2478 5648 2683 5705 duabus
2724 5655 3093 5723 sesquialteris
3142 5656 3537 5714 habituilinibns

1956 5746 2380 5809 proposueram,
2425 5740 2675 5814 ipsasque
2719 5744 3097 5816 sesquialteras
3139 5751 3531 5821 proportiones.

333 5898 357 5931 μ
392 5880 722 5943 Desecmrit.
799 5880 829 5925 ι’
862 5882 1159 5943 Tcrnaritu.
1238 5893 1263 5928 ε
1298 5884 1720 5953 Denominatione
1760 5894 2085 5966 multiplices.
2171 5896 2200 5941 ⁸
2250 5898 2407 5961 Sunt.
2498 5912 2524 5946 ο
2573 5904 2959 5974 Sesquialtertu.
3054 5909 3076 5955 τ
3126 5912 3478 5982 Inquirendit.
3557 5958 3565 5975 .
