4022 6366
2052 254 2080 271 τ’

1683 347 1792 406 AN.
1836 343 2050 404 MANL.
2094 343 2251 403 SEY.
2296 345 2523 405 BOETII

436 348 597 411 19.05

3624 354 3775 413 1204

454 466 747 533 Multiplico
775 464 984 521 binario
1013 462 1417 534 quaternarium
1445 498 1460 525 ,
1489 460 1627 514 iiunt
1666 468 1811 513 octo.
1844 456 2053 513 Rursus
2082 454 2139 518 Α
2159 456 2302 526 quod
2332 458 2492 527 paulo
2517 461 2787 530 posterius
2817 456 3329 519 demonstrabimus.
3369 464 3465 522 Sin
3491 476 3637 523 vero
3680 468 3777 526 illa

453 562 722 614 senarium
750 559 989 623 binario,
1024 559 1158 610 liunt
1186 555 1273 610 12.
1322 554 1531 609 Rursus
1573 551 1929 607 novenarium
1968 551 2054 605 bi-

453 656 636 719 nario,
673 654 804 708 ﬁunt
846 653 930 707 18.
980 650 1187 706 Rursus
1229 650 1580 705 novenarium
1621 647 1891 717 ternario,
1921 646 2058 704 ﬁunt

452 748 543 804 27.
572 748 932 814 Disponantur
960 746 1118 814 igitur
1149 744 1250 798 hoc
1277 743 1438 798 modo
1468 760 1481 795 :

604 856 617 931 ς
754 860 785 909 2
921 854 930 933 ι
1070 864 1100 910 δ

460 1031 1757 1119 —T—s—T‘iziisizs

460 1031 1757 1126 —‘[——s‘T—i§———
1247 1041 1757 1132 Μ

454 1167 629 1235 Atque
661 1165 745 1218 hic
772 1163 961 1217 modus
987 1162 1092 1216 erit
1122 1160 1172 1214 in
1200 1156 1441 1224 caeteris,
1472 1170 1529 1213 ut
1556 1168 1581 1196 ³
1610 1159 1654 1214 si
1686 1159 2054 1230 sesquitertias

453 1260 831 1329 proportiones
863 1257 995 1311 vctis
1024 1253 1323 1309 extendere
1344 1294 1360 1319 ,
1388 1258 1554 1321 ponas
1586 1253 2052 1323 sesquitertiorum

455 1352 695 1415 radices,
727 1368 844 1421 quae
872 1363 994 1404 sunt
1020 1348 1397 1418 quaternarius
1424 1357 1585 1418 atque
1611 1348 1877 1402 ternarias
1902 1347 1968 1401 ad
1996 1360 2054 1401 se

455 1445 684 1501 invicem
713 1443 1025 1513 comparati.

529 1551 1131 1642 LLtIhT
1390 1557 1400 1637 t
1461 1551 2041 1642 s;l__|__

532 1642 1406 1732 191121161
1681 1646 1977 1732 ιίᾼ

532 1734 1974 1825 ria—r—i—m—i—Tg—r—m—i

458 1866 631 1931 Atquc
661 1863 726 1916 ad
758 1862 896 1917 hunc
937 1863 1152 1918 modum
1186 1863 1536 1933 multiplices,
1581 1862 1719 1931 quod
1763 1860 1808 1913 si
1840 1860 2049 1928 sesqui-
2085 1861 2137 1923 B

458 1962 675 2026 quartas
701 1955 1195 2025 sesquiquartorum
1221 1958 1476 2025 disnones
1497 1957 1729 2021 radices,
1754 1952 2053 2022 eademque

458 2044 903 2114 multiplicatione
941 2046 1347 2116 seSquiquartos
1398 2046 1661 2115 quotlibet
1700 2042 1726 2082 ι’
1772 2043 2052 2099 extendes.

459 2137 729 2205 Quantum
772 2145 954 2192 autem
1002 2138 1155 2193 nobis
1202 2138 1284 2192 itte
1324 2132 1784 2191 considerationes
1813 2132 2053 2204 prosint,

461 2243 694 2300 sequens
713 2230 847 2284 ordo
872 2229 1210 2285 monstrabit.

1082 2322 1311 2379 CAPUT
1352 2322 1437 2377 IX.

538 2414 615 2469 De
634 2417 965 2486 proportione
989 2431 1321 2470 numerorum
1342 2414 1428 2485 qui
1454 2414 1519 2467 ab
1544 2412 1664 2468 aliis
1684 2413 1984 2468 metiuntur.

533 2506 591 2564 Si
623 2508 759 2563 duos
794 2523 1049 2562 numeros
1080 2520 1266 2562 eorum
1309 2505 1611 2561 differentia
1640 2505 1852 2574 integre
1896 2502 2059 2559 fuerit

462 2616 779 2674 permensa,
811 2602 865 2656 in
904 2601 1093 2657 eadem
1130 2609 1256 2655 sunt
1286 2601 1631 2669 preportione
1663 2597 1894 2662 numeri,
1925 2610 2060 2667 quos

462 2711 561 2753 sua
590 2695 893 2751 dilferentia
929 2708 1117 2751 mensa
1156 2704 1268 2758 est,
1303 2697 1356 2749 in
1387 2708 1491 2764 qua
1521 2700 1682 2749 erunt
1711 2692 2061 2762 proportione

464 2788 626 2844 etiam
656 2788 706 2841 lii
740 2788 949 2842 numeri
994 2786 1288 2841 secundum
1340 2790 1479 2855 quos
1515 2798 1611 2841 eos
1638 2796 1735 2855 sua
1761 2796 1945 2838 mensa
1977 2789 2061 2836 est

464 2881 786 2938 dili'erentia.
818 2882 938 2939 Sint
964 2883 1109 2935 enim
1153 2882 1361 2936 numeri
1400 2879 1499 2944 50,
1531 2880 1636 2943 65;
1672 2878 1725 2932 itl
1771 2887 1793 2918 ο
1832 2891 1963 2945 ergo
1993 2875 2061 2931 ad

463 2989 527 3031 se
554 2976 781 3029 invicem
811 2973 1203 3043 sesquidecima
1230 2972 1546 3027 habitudine
1574 2979 1979 3039 comparantur,
2009 2975 2063 3023 et

464 3079 545 3121 est
576 3082 762 3121 eorum
795 3067 1096 3122 diﬂerentia
1126 3066 1409 3132 quinarius
1430 3107 1443 3131 ,
1475 3065 1566 3135 qui
1592 3064 1799 3119 scilicet
1823 3072 1907 3119 esst
1936 3074 2062 3130 pars

464 3158 673 3213 decima
724 3159 933 3212 numeri
978 3159 1069 3216 50.
1120 3158 1219 3213 Hic
1265 3158 1426 3227 igitur
1466 3159 1719 3213 metietur
1746 3156 1962 3226 quidem
1993 3154 2063 3209 50

465 3242 750 3307 numerum
789 3251 974 3307 decies
995 3290 1011 3318 ,
1043 3253 1113 3307 55
1146 3264 1279 3304 vero
1310 3250 1600 3315 undecies;
1634 3249 1930 3305 secundum
1962 3249 2063 3303 de—

465 3360 583 3400 cem
614 3346 773 3413 igitur
804 3353 964 3414 atque
991 3346 1052 3399 11
1082 3356 1342 3398 numeros
1372 3343 1441 3400 55
1470 3351 1527 3397 et
1554 3342 1624 3397 50
1652 3343 1869 3411 propria
1908 3338 2064 3396 dili‘e-

466 3437 671 3501 rentia,
702 3438 754 3491 id
794 3446 875 3491 est
904 3434 1209 3505 quinarius,
1247 3435 1621 3503 permetietur,
1653 3442 1709 3488 et
1748 3441 1875 3489 sunt
1902 3433 1959 3486 11
1995 3433 2063 3488 ad

467 3529 537 3587 10
563 3530 954 3599 sesquidecima
1000 3528 1406 3597 comparatione
1446 3528 1752 3597 compositi.
1788 3528 1842 3580 In
1873 3525 2061 3582 eadem

466 3622 631 3693 igitur
653 3631 777 3677 sunt
802 3621 1149 3692 proportione
1176 3621 1387 3676 numeri
1414 3632 1548 3690 quos
1574 3620 1787 3690 propria
1811 3620 2064 3675 ditiorem-

469 3718 542 3774 tia
573 3712 601 3752 ἀ
634 3718 836 3787 integra
868 3730 1149 3786 permensa
1178 3726 1281 3783 est,
1315 3718 1365 3770 in
1397 3714 1500 3785 qua
1531 3724 1655 3769 sunt
1685 3716 1736 3768 hi
1767 3714 2061 3770 secundum

466 3824 603 3881 quos
633 3824 725 3864 eos
755 3811 972 3879 prepria
1018 3809 1318 3864 diii'erentia
1347 3820 1431 3864 est
1474 3812 1788 3879 permensa;
1835 3810 1977 3880 quod
2019 3812 2061 3865 si

465 3918 569 3973 qua
601 3900 902 3956 differentia
942 3917 1286 3957 numerorum
1320 3902 1390 3955 ita
1420 3917 1515 3957 eos
1546 3917 1800 3958 numeros
1836 3916 2063 3973 quorum

465 4006 548 4053 est
574 3995 871 4051 diﬂ‘erentia
904 3999 1177 4062 metiatur,
1220 4007 1277 4050 ut
1320 3996 1567 4051 eamdem
1616 4008 1923 4052 mensuram
1966 4012 2066 4051 nu-

464 4104 736 4147 merorum
789 4090 1067 4159 pluralitas
1118 4092 1379 4157 excedat,
1428 4090 1680 4161 idemque
1720 4091 1774 4145 itt
1820 4092 2060 4161 utrisque

464 4183 536 4239 sit
574 4196 827 4238 excessus
847 4224 860 4248 ,
892 4192 944 4237 et
975 4185 1043 4236 sit
1072 4178 1386 4237 diminutior
1415 4181 1733 4239 dtﬂ‘erentiac
1773 4190 2021 4238 mensura
2045 4226 2060 4252 ,

465 4293 624 4349 quam
675 4289 757 4332 est
804 4276 1081 4345 pluralitas
1132 4292 1514 4341 numerorum,
1557 4277 1814 4348 majorem
1848 4279 2061 4334 obtine-

463 4373 596 4428 bunt
649 4371 1053 4441 proportionem
1106 4370 1174 4425 ad
1218 4385 1280 4426 se
1330 4372 1559 4426 invicem
1606 4372 1848 4439 numeri,
1899 4372 1944 4427 si
1986 4373 2065 4427 eis

463 4467 593 4522 illud
641 4467 782 4535 quud
831 4467 1153 4535 relinquitur
1202 4475 1324 4536 pst
1372 4464 1735 4535 mensionem,
1768 4476 2063 4523 retractum

464 4560 564 4624 sit,
596 4576 752 4625 quam
782 4557 994 4612 fuerunt
1029 4556 1256 4627 integri,
1290 4571 1411 4612 cum
1442 4572 1536 4613 eos
1562 4559 1778 4627 propria
1808 4558 2065 4614 diii‘eren-

466 4654 538 4707 tia
570 4654 908 4706 metiebatur.
946 4652 1066 4707 Sint
1104 4656 1245 4707 enim
1293 4654 1498 4707 numeri
1543 4652 1651 4707 duo
1680 4653 1787 4719 55,
1819 4652 1923 4719 58;
1961 4654 2061 4710 hos
2088 4663 2146 4725 Β

466 4743 627 4814 igitur
654 4744 929 4813 quinarius
951 4786 965 4807 ,
998 4746 1084 4813 qui
1113 4754 1198 4799 est
1232 4759 1418 4798 eorum
1445 4743 1747 4801 diﬂ‘erentia
1770 4786 1785 4811 ,
1820 4755 1844 4783 ε
1873 4748 2061 4803 metia-

466 4845 570 4895 tur.
606 4838 820 4892 Metitur
851 4838 1010 4907 igitur
1040 4837 1109 4891 55
1138 4840 1415 4906 quinarius
1445 4838 1628 4894 decies
1655 4855 1824 4910 usque
1851 4841 1918 4895 ad
1958 4844 2057 4908 5.0,

466 4934 716 5001 relinquit
746 4948 876 4987 vero
907 4934 1219 4987 ternarium.
1257 4934 1463 4989 Rursus
1485 4934 1555 4991 58
1584 4951 1867 4992 numerum
1899 4938 2061 4993 meti-

466 5036 551 5079 tur
580 5026 717 5079 itlem
750 5024 1005 5079 undecies
1036 5040 1205 5094 usque
1230 5026 1296 5081 ad
1341 5026 1445 5095 55,
1486 5034 1645 5099 atque
1676 5030 1728 5084 in
1767 5045 1833 5086 eo
1865 5032 2058 5088 iterum

466 5118 762 5171 ternarium
808 5116 1154 5186 derelinquit.
1200 5116 1489 5175 Auferatur
1532 5120 1693 5190 igitur
1718 5134 1785 5177 ex
1818 5123 2060 5192 utrisque

466 5210 766 5274 lcrnarius,
830 5210 963 5263 iiuut
1026 5209 1095 5264 50
1146 5218 1201 5263 et
1261 5210 1364 5276 55,
1423 5212 1514 5281 qui
1573 5213 1890 5282 disponatur
1956 5213 2060 5269 hoc

465 5300 625 5356 modo
654 5316 668 5354 :

562 5413 923 5495 [ﬂigi
1062 5422 1123 5472 58
1258 5415 1468 5495 ιπὶδυ
1604 5417 1614 5495 ι
1753 5413 1960 5471 sS‘t

464 5524 522 5582 ltt
552 5528 654 5582 hoc
686 5529 846 5600 igitur
873 5533 1214 5587 manifestum
1242 5542 1326 5589 est
1352 5534 1574 5603 majoris
1602 5548 1724 5589 esse
1757 5539 2061 5604 praportio-

465 5620 550 5672 nis
576 5618 716 5674 inter
742 5635 803 5677 se
831 5622 902 5679 50
926 5630 981 5679 et
1011 5622 1083 5681 55
1108 5640 1267 5695 quam
1312 5626 1383 5682 55
1425 5636 1481 5680 et
1523 5626 1615 5683 58.
1659 5626 1714 5682 in
1762 5628 2061 5685 minoribus

466 5719 610 5767 enim
667 5719 905 5781 numeris
951 5719 1120 5790 major
1173 5735 1391 5792 semper
1439 5723 1717 5792 proportio
1769 5726 2057 5795 reperitur,

541 5863 562 5887 "
611 5856 730 5919 Qui.
803 5856 828 5895 δ
876 5859 1151 5915 Extmdas.

574 5925 585 5933 ν
611 5861 759 5935 Qui}.
804 5861 1151 5935 {Extendat
1244 5875 1264 5902 ο
1306 5861 1493 5935 Igitur.

464 5924 495 5969 δ
546 5924 659 5981 νει.
748 5924 762 5963 ί
816 5928 927 5983 Vri.

1572 5864 1596 5901 ἀ
1644 5866 1864 5935 integre.

1958 5875 1980 5903 ο
2023 5863 2344 5922 Medebatur.

2166 550 2483 606 diﬂ'erelltiaa
2526 554 2832 618 pet'tltensiti
2863 556 3211 609 numerorum
3246 557 3654 613 multitudinem
3686 573 3779 613 stt-

2164 644 2456 714 pervadat,
2507 646 2801 716 eademque
2859 652 3117 718 utrosque
3168 650 3379 707 numeri
3452 655 3778 722 pluralitate

2150 746 2488 807 praetereat,
2515 741 2750 795 minores
2780 744 2939 796 erunt
2965 743 3337 811 proportiOnes
3364 744 3576 801 numeri
3609 763 3776 817 supe-

2160 829 2274 886 rius
2320 831 2493 888 mensi
2543 848 2663 888 cum
2695 832 2969 890 atlditiorle
3000 835 3115 904 ejus
3168 834 3393 893 summa
3436 854 3543 910 qua
3592 852 3775 896 utros-

2162 938 2267 992 que
2314 924 2546 981 meticns
2590 924 2894 981 dili'erentia
2944 928 3285 997 supervadit,
3338 934 3496 999 quam
3549 932 3774 986 luerunt

2160 1025 2318 1082 ante,
2350 1016 2471 1072 cum
2520 1035 2614 1072 eos
2647 1020 2860 1089 propria
2907 1019 3211 1077 diifereittla
3243 1019 3594 1078 metiebatur.
3649 1020 3771 1079 Sint

2160 1110 2305 1163 enim
2337 1110 2545 1164 numeri
2574 1107 2645 1165 48
2686 1121 2736 1166 et
2772 1110 2873 1176 5'5,
2907 1110 3095 1167 lto'rum
3128 1112 3407 1183 qitiiiarius
3453 1114 3771 1171 differentia

2159 1208 2261 1255 est.
2313 1201 2562 1257 Metiatur
2608 1204 2765 1273 igitur
2812 1203 2883 1259 48
2913 1206 3225 1272 nttmerutil,
3261 1207 3545 1275 qtlinaritts
3586 1204 3769 1263 decies

2159 1292 2295 1347 ﬁunt
2325 1294 2415 1349 50.
2447 1294 2769 1364 Supervadit
2799 1296 2960 1368 igitur
2988 1298 3058 1354 50
3089 1304 3344 1355 numerus
3371 1298 3442 1357 48
3472 1318 3768 1357 numerum

2158 1383 2407 1453 binario,
2452 1385 2594 1441 idem
2627 1390 2902 1458 quinarius
2943 1391 3012 1445 55
3049 1390 3305 1447 Undecies
3332 1396 3598 1449 metiatur
3642 1396 3769 1450 iiunt

2159 1473 2260 1543 55,
2290 1477 2379 1547 qui
2428 1478 2630 1533 eisdem
2677 1488 2862 1535 rursus
2906 1481 3114 1538 llithUS
3155 1484 3224 1539 55
3252 1488 3539 1541 tiUmerum
3576 1494 3768 1557 Super-

2160 1569 2337 1633 vadit;
2371 1571 2603 1626 addatur
2635 1574 2875 1643 utrisque
2922 1570 3161 1629 binatius
3191 1587 3243 1632 et
3274 1578 3640 1647 disponantur
3673 1570 3768 1634 hoc

2158 1663 2320 1717 modo
2353 1682 2363 1716 :

2262 1798 3524 1879 Ιιειδδιδι1ῙἻδ

2165 1934 2397 1990 Minores
2446 1936 2605 2006 igitur
2651 1946 2775 1992 sunt
2819 1942 3197 2023 proportiones
3242 1940 3309 1996 50
3335 1940 3401 1996 ad
3434 1926 3506 1998 55
3534 1960 3764 2015 ςοηιρει-

2164 2026 2299 2097 rati,
2346 2028 2466 2082 cum
2515 2026 2789 2084 additione
2823 2026 3030 2085 scilicet
3092 2030 3283 2086 binarii
3322 2030 3429 2100 quo
3461 2028 3764 2093 differentia

2150 2134 2259 2183 eos
2309 2116 2538 2175 metiens
2586 2123 2934 2191 supervadit,
2992 2140 3149 2193 quam
3210 2122 3279 2180 48
3328 2135 3383 2181 et
3431 2126 3501 2182 53
3549 2130 3763 2184 numeri

2165 2214 2303 2297 quos
2326 2215 2515 2271 eadem
2541 2257 2553 2277 ,
2584 2216 2704 2285 qum
2734 2224 2910 2272 tamen
2950 2210 2999 2272 itt
3029 2220 3108 2274 eis
3138 2221 3492 2291 supercrevit,
3524 2218 3763 2292 quinarii

2062 2312 2065 2317 '
2165 2300 2464 2361 differentia
2511 2306 2796 2378 permensa
2848 2318 2955 2366 est.
3002 2298 3233 2380 hiajores
3278 2328 3391 2366 vero
3420 2308 3473 2367 et
3511 2313 3755 2367 minores

2165 2401 2549 2471 proportiones
2583 2396 2683 2455 ltoc
2721 2402 2880 2457 modo
2922 2390 3314 2473 intelliguntur.
3365 2390 3582 2459 Dimidia
3624 2420 3753 2472 pars

2166 2495 2342 2563 major
2369 2505 2453 2549 est
2482 2510 2640 2565 quam
2676 2490 2853 2551 tertia.
2890 2494 3072 2551 Tertia
3105 2496 3226 2568 pais
3259 2508 3341 2554 est
3386 2495 3554 2568 tnajur
3600 2498 3762 2566 quam

2166 2598 2376 2658 quarta.
2411 2589 2608 2657 Quarta
2644 2602 2765 2659 pars
2793 2588 2962 2661 major
2986 2599 3070 2646 est
3094 2607 3250 2661 quam
3281 2592 3467 2661 quinta
3488 2633 3503 2657 ,
3532 2607 3595 2645 ac
3617 2592 3765 2645 dein-

2167 2698 2293 2754 ceps
2319 2684 2508 2739 eodem
2541 2683 2717 2739 modo.
2754 2672 2906 2740 Unde
2930 2672 2987 2739 iit
3019 2697 3075 2740 ttt
3102 2670 3463 2755 sesquialtera
3490 2686 3764 2755 proportio

2167 2775 2339 2844 majrir
2369 2768 2438 2830 sit
2464 2777 2835 2845 sesquitertia,
2866 2785 2922 2832 et
2948 2778 3287 2846 sesquitertia
3328 2777 3763 2846 sesquiquartam

2166 2868 2365 2922 vincat.
2396 2858 2569 2935 Atque
2596 2869 2733 2922 idem
2769 2872 2817 2923 in
2849 2871 3081 2924 caeteris.
3119 2869 3255 2924 Hinc
3284 2872 3469 2924 evenit
3500 2881 3557 2923 ut
3590 2870 3639 2923 in
3672 2886 3761 2923 nu-

2167 2963 2333 3015 meris
2362 2958 2658 3029 majoribus
2686 2962 2882 3023 minor,
2912 2970 2967 3016 et
3006 2948 3300 3016 mihoribus
3341 2957 3525 3031 major
3559 2976 3764 3029 semper

2168 3053 2414 3108 videatur
2464 3055 2743 3122 proportio
2789 3054 3355 3121 superparticuiarium
3388 3068 3761 3109 numerorum.

2167 3132 2318 3214 Quod
2356 3156 2576 3216 apparet
2623 3148 2672 3198 in
2717 3160 2943 3201 numero
2974 3147 3235 3201 naturali:
3268 3146 3601 3215 disponatur
3628 3150 3754 3202 enim

2092 3260 2140 3327 ρ
2169 3254 2427 3296 numerus
2473 3240 2730 3295 naturalis
2781 3224 2844 3307 i,
2875 3238 2911 3293 2
2933 3280 2947 3304 ,
2992 3242 3026 3296 ὃ
3048 3282 3062 3305 ,
3097 3240 3149 3294 4.
3202 3240 3455 3294 Binarius
3505 3240 3667 3310 igitur
3698 3239 3759 3294 ad

2171 3335 2432 3389 unitatem
2468 3333 2663 3401 duplus
2693 3328 2795 3387 esi.
2831 3328 3121 3386 'i‘ernarius
3161 3331 3226 3385 ad
3258 3333 3531 3387 binarium
3565 3331 3764 3403 sesqui-

2168 3429 2305 3481 alter
2335 3435 2429 3481 est.
2468 3424 2854 3492 Quaternarius
2883 3438 3013 3479 vero
3042 3427 3108 3478 ad
3143 3425 3438 3479 ternarium
3470 3426 3765 3493 sesquiter-

2170 3520 2297 3575 tius.
2339 3517 2566 3587 Majures
2606 3533 2733 3571 vero
2764 3527 2885 3571 sunt
2923 3518 3127 3572 numeri
3167 3513 3185 3553 ί
3218 3525 3326 3572 tres
3354 3527 3409 3571 et
3439 3515 3497 3569 4.
3536 3517 3765 3571 Minores

2167 3623 2296 3662 vero
2324 3608 2562 3661 biuarius
2594 3619 2645 3662 et
2692 3608 2899 3674 unitas,
2952 3609 3004 3660 in
3035 3606 3328 3676 majoribus
3374 3608 3534 3675 igitur
3565 3608 3765 3671 minor,

2168 3707 2222 3754 et
2251 3700 2301 3752 in
2330 3698 2627 3753 minoribus
2656 3700 2829 3769 major
2853 3700 3129 3769 proportio
3157 3700 3487 3763 continetur;
3514 3698 3643 3752 hinc
3663 3714 3769 3767 ap-

2168 3803 2317 3862 paret
2346 3792 2487 3862 quod
2517 3794 2560 3845 si
2584 3792 2853 3861 aliquibus
2883 3791 3123 3845 numeris
3150 3791 3545 3861 propbrtiouem
3578 3791 3768 3843 conti-

2169 3886 2420 3941 nentibus
2441 3886 3011 3957 superpartICularem,
3037 3900 3187 3955 aqua
3214 3885 3494 3952 pluralitas
3509 3882 3762 3947 addatur,

2167 3980 2427 4049 majorum
2472 3995 2589 4033 esse
2629 3981 3026 4049 proportionem
3069 3991 3196 4035 ante
3240 3980 3394 4049 a‘que
3444 3979 3765 4049 pluralitate:

2167 4086 2540 4144 augmentum,
2575 4090 2734 4145 quam
2778 4082 3128 4146 posteaquam
3160 4072 3243 4129 eis
3270 4074 3430 4144 requa
3460 4075 3526 4128 sit
3570 4070 3745 4127 addi...

2166 4168 2467 4239 pluralitas.

2348 4378 2359 4396 ‘
2791 4284 3018 4359 CAPUT
3062 4302 3127 4357 x.

2298 4394 2425 4461 Qad:
2456 4412 2517 4449 ex
2545 4394 2915 4461 multiplicibus
2944 4406 2988 4449 et
3018 4397 3574 4468 superparticularibus

2614 4497 2638 4535 Β
2671 4488 3074 4559 multiplicitates
3113 4488 3261 4557 ﬁant.

2240 4601 2368 4657 illud
2410 4605 2570 4659 etiam
2613 4604 3131 4673 praetermittendum
3182 4619 3288 4659 non
3334 4604 3567 4670 videtur,
3618 4604 3766 4674 quod

2171 4698 2326 4766 paul:
2361 4706 2479 4765 post
2514 4694 2971 4751 demonstrabitur
2993 4739 3007 4761 ,
3044 4695 3086 4751 si
3116 4697 3390 4765 multiplex
3419 4698 3769 4752 intervallum

2168 4789 2379 4844 binario
2421 4788 2582 4844 fuerit
2626 4786 3073 4857 multiplicatum,
3110 4787 3161 4843 id
3188 4786 3349 4843 etiam
3389 4788 3535 4859 quod
3574 4806 3639 4843 ex
3675 4789 3768 4844 illa

2168 4882 2611 4953 multiplicatione
2642 4891 2896 4937 nascetur
2929 4882 3210 4952 multiplex
3256 4896 3397 4937 esse.
3446 4882 3602 4948 Quod
3634 4883 3684 4936 si
3713 4883 3767 4936 id

2166 4976 2310 5046 quod
2339 4992 2403 5030 ex
2437 4975 2526 5029 tali
2562 4972 3011 5043 multiplicatione
3040 4984 3375 5044 procreatum
3408 4976 3479 5029 sit
3507 4991 3614 5029 non
3647 4975 3769 5029 Γηρ-

2164 5074 2235 5127 rit
2269 5071 2587 5138 multiplex,
2625 5078 2749 5122 tunc
2780 5068 2909 5123 illud
2953 5084 3058 5124 non
3093 5085 3213 5124 esse
3258 5069 3536 5139 multiplex
3560 5110 3574 5135 ,
3615 5070 3768 5136 quod

2162 5165 2375 5221 binario
2406 5163 2567 5217 fuerit
2599 5161 3031 5229 multiplicatum.
3074 5161 3200 5215 item
3229 5160 3273 5214 si
3306 5158 3767 5229 sttperparlicula.

2162 5259 2241 5313 ris
2274 5254 2549 5325 proportio
2578 5253 2784 5308 binario
2817 5253 3225 5322 multiplicetur,
3270 5252 3319 5307 id
3349 5252 3488 5323 quod
3517 5253 3578 5305 iit
3606 5248 3630 5287 δ
3670 5270 3769 5307 ise-

2171 5360 2277 5421 que
2307 5348 2796 5419 superparticulare
2820 5362 2943 5403 esse
2965 5389 2978 5411 ,
3020 5344 3036 5383 ί
3068 5360 3243 5416 neque
3273 5345 3574 5414 multiplex.
3604 5345 3770 5411 Quod

2168 5442 2216 5499 si
2268 5436 2319 5495 id
2369 5440 2513 5510 quod
2555 5457 2620 5495 ex
2667 5441 2755 5494 tali
2799 5439 3242 5509 multiplicatione
3283 5448 3551 5501 nascetur,
3585 5452 3772 5507 neque

2168 5533 2469 5603 multiplex,
2491 5546 2665 5602 neque
2686 5532 3172 5601 superparticulare
3193 5540 3298 5595 est,
3324 5539 3447 5584 tunc
3469 5528 3596 5583 illud
3615 5530 3771 5598 quad

2168 5627 2379 5684 binario
2414 5626 2821 5696 multiplicatum
2863 5632 2979 5694 est,
3017 5625 3103 5680 vel
3142 5622 3646 5695 superparticularis
3682 5625 3772 5684 vel

2169 5721 2397 5778 alterius
2427 5721 2643 5791 generis
2670 5729 2747 5774 est
2769 5760 2782 5782 ,
2817 5735 2919 5772 non
2951 5733 3078 5773 vero
3106 5717 3432 5787 multiplicis.

2427 5861 2446 5900 τ
2492 5863 2766 5917 ΤΡνηιιν-ἱιη
2792 5872 2837 5916 et
2858 5862 3229 5930 qttoterttari‘us.
3309 5868 3334 5905 Β
3379 5856 3767 5925 Multiplices”).
