4022 6366
237 404 257 455 I
270 404 373 459 205

841 508 1072 570 CAPUT
1120 511 1213 569 XI.

314 610 414 676 Qui
452 609 949 680 superparticulares
988 625 1115 677 quos
1153 604 1461 679 multiplices
1503 608 1755 679 efﬁciant.

313 701 406 757 llis
432 701 561 756 illud
604 709 686 756 est
727 701 1031 757 addendum
1069 702 1205 758 duos
1250 702 1453 773 primos
1496 703 1831 773 super-parti-

241 796 452 852 culares
497 794 722 865 primum
751 792 969 851 eiiicere
1007 793 1360 865 multiplicem
1394 795 1827 867 proportionem,

242 896 302 945 ut
322 889 645 959 sesquialter
669 895 723 944 et
748 887 1124 959 scs‘qbitertitIS
1144 889 1541 959 coniungantur
1566 887 1833 958 duplicem

240 986 449 1036 creant.
493 974 605 1038 Sitti
640 980 781 1035 enim
824 980 1033 1036 numeri
1062 976 1130 1049 2,
1159 980 1223 1048 3,
1257 979 1290 1034 4
1311 1022 1326 1045 ,
1360 972 1385 1017 δ
1416 984 1450 1037 5
1475 978 1541 1035 ad
1568 980 1604 1035 2
1630 981 1837 1052 sesqui-

240 1074 379 1128 alter
408 1082 523 1139 est,
567 1076 600 1129 4
629 1074 693 1127 ad
736 1072 771 1129 5
810 1073 1217 1143 'sesquitertins,
1248 1080 1480 1143 quatuor
1510 1071 1576 1128 ad
1603 1072 1709 1129 duo
1736 1072 1837 1127 du-

240 1172 385 1239 plus.
421 1166 625 1222 Rursus
658 1164 863 1238 primus
893 1168 1170 1238 multiplex
1206 1168 1377 1238 primo
1404 1164 1618 1222 additus
1648 1180 1839 1237 super-

244 1257 555 1327 particulari
593 1260 885 1317 secundum
928 1260 1279 1330 multiplicem
1320 1258 1488 1315 ereat.
1531 1256 1650 1317 Sint
1693 1259 1839 1315 enim

242 1350 452 1405 numeri
476 1350 541 1417 2,
564 1354 597 1406 4
617 1376 630 1415 ,
654 1348 721 1418 6;
760 1355 788 1407 4
821 1366 1051 1424 namque
1089 1350 1153 1407 ad
1183 1351 1219 1407 2
1244 1352 1444 1422 duplex
1474 1360 1590 1419 est,
1635 1353 1841 1423 primus

242 1444 451 1499 scilicet
483 1445 783 1513 multiplex.
819 1438 887 1500 At
913 1449 944 1501 6
973 1447 1038 1501 ad
1065 1444 1099 1501 4
1126 1446 1471 1517 Sesquialter,
1503 1436 1593 1517 qui
1623 1452 1707 1501 est
1739 1446 1844 1516 pri-

244 1550 363 1589 mus
394 1537 928 1605 superparticnlaris;
959 1532 992 1593 Β
1019 1536 1085 1593 ad
1111 1537 1247 1595 duos
1274 1539 1465 1609 triplus
1487 1580 1502 1605 ,
1533 1539 1623 1608 qui
1652 1552 1844 1594 secun-

246 1629 351 1682 dus
375 1632 455 1683 est
480 1629 786 1699 multiplex:
813 1629 953 1702 quod
973 1635 1017 1687 si
1042 1632 1256 1703 triplum
1278 1635 1622 1705 seSquitertio
1646 1632 1841 1703 addas,

244 1720 575 1789 quadruplus
627 1720 886 1787 efﬁcitur;
946 1723 989 1777 si
1050 1724 1407 1795 quadruplum
1442 1726 1843 1799 sesquiquarto,

242 1810 583 1880 quincuplus.
631 1811 806 1882 Atque
852 1813 905 1868 in
951 1811 1093 1869 hunc
1133 1815 1347 1871 modum
1384 1819 1588 1887 junctis
1616 1834 1845 1891 propor-

244 1903 481 1958 tionibus
508 1904 884 1974 multiplicium
916 1920 978 1961 ac
1003 1886 1569 1978 snperparticularinm
1591 1886 1689 1979 ,‘i'n
1718 1886 1845 1967 inii-
1874 1886 1925 1968 ἓ

242 1996 417 2052 nitum
440 1997 759 2068 multiplices
783 2011 1156 2070 procreantur.

859 2098 1087 2171 CAPUT
1131 2113 1245 2169 xu.

234 2260 255 2271 δ
322 2200 398 2257 De
423 2203 744 2259 arithmetica
761 2246 776 2272 ,
799 2207 1129 2281 geometrica,
1159 2206 1462 2263 harmonica
1483 2208 1770 2265 medietate.

318 2294 581 2362 Quoniam
624 2310 756 2351 vero
783 2292 851 2352 de
880 2298 1317 2368 pr0portionibus
1345 2315 1467 2370 quae
1505 2312 1659 2357 erant
1706 2303 1846 2359 intc-

244 2385 349 2441 rim
373 2386 647 2442 traCtanda
675 2389 1050 2459 praediximus,
1082 2406 1224 2445 nunc
1251 2391 1320 2446 de
1357 2392 1737 2452 medietatibus
1763 2408 1850 2454 est

243 2477 551 2534 dicendum.
598 2470 882 2549 Proportio
918 2480 1064 2537 enim
1093 2492 1175 2537 est
1204 2482 1433 2538 duorum
1461 2483 1529 2540 ad
1570 2500 1630 2543 se
1662 2489 1849 2543 termi-

243 2584 438 2626 norum
480 2572 724 2642 quaedam
764 2576 1127 2644 comparatio,
1179 2575 1438 2632 terminos
1482 2587 1667 2634 autem
1715 2594 1846 2635 voco

244 2682 592 2723 numerorum
634 2683 892 2724 summas.
939 2670 1417 2740 Proportionalitas
1447 2680 1530 2727 est
1568 2689 1847 2744 requarum

243 2760 656 2830 praportionum
698 2760 967 2818 collectio.
998 2760 1475 2832 Proportionalitas
1504 2778 1632 2819 vero
1661 2764 1717 2820 in
1750 2764 1849 2820 tri-

243 2849 349 2905 bus
398 2851 640 2907 terminis
686 2851 922 2908 minimis
965 2862 1198 2908 constat.
1243 2851 1469 2913 Constat
1503 2863 1684 2911 autem
1732 2858 1849 2927 ple-

243 2957 475 3013 rumque
506 2944 556 2999 in
590 2944 831 3015 pluribus
852 2990 867 3013 ,
899 2957 955 3002 ut
984 2946 1034 3000 in
1067 2954 1297 3016 quatuor
1323 2946 1407 3001 vel
1440 2946 1493 3001 in
1523 2962 1617 3002 sex
1659 2949 1847 3004 termi-

244 3035 353 3090 nis.
386 3036 518 3089 Cum
544 3037 689 3093 enim
721 3038 923 3107 primus
947 3036 1013 3093 ad
1046 3037 1339 3095 secundum
1373 3038 1660 3093 terminum
1691 3054 1844 3095 eam-

241 3125 369 3181 dem
386 3127 582 3183 retinet
606 3130 1002 3199 proportionem
1031 3145 1190 3199 quam
1217 3128 1486 3185 secundus
1509 3130 1577 3185 ad
1602 3131 1842 3201 tertium,

242 3217 444 3275 dicitur
489 3220 603 3276 hac
647 3221 1138 3291 pr0portionalitas.
1187 3222 1386 3292 Estque
1424 3224 1562 3278 inter
1594 3231 1704 3280 tres
1736 3233 1845 3280 ter-

1556 390 1647 455 ns
1686 376 1934 455 MUSICA
1974 374 2104 449 LII}.
2147 393 2209 450 ιι.
3001 400 3019 426 ο

1857 508 1911 569 Α
1938 503 2149 561 tertiam
2176 507 2560 578 descripsimus
2582 554 2595 580 ,
2633 511 2965 570 harmonica.
3001 504 3236 581 Quarum
3270 512 3383 569 lure
3413 514 3538 570 sub-

3402 400 3537 455 I206

1931 603 2185 677 jiciamus
2210 606 2455 675 exempla
2490 626 2500 659 :

2022 716 2347 767 Arithmetica
2584 724 2889 772 tieoun-triea
3136 708 3423 774 Harnmuica

1942 950 2100 1001 aqua:
2123 937 2418 988 diderentia
2476 940 2631 1001 aqua:
2650 944 2995 1003 proportiones
3056 942 3263 992 diversa:
3306 942 3540 993 (ilﬂ'ercn‘

3094 1006 3175 1053 tim
3201 1010 3253 1055 et
3277 1012 3487 1067 prOport.

1946 1084 2064 1141 Non
2092 1098 2221 1140 vero
2241 1085 2552 1154 ignoramus
2574 1085 2708 1141 alias
2743 1102 2959 1158 quoque
2989 1101 3108 1143 esse
3136 1092 3542 1158 proportionum

1947 1176 2290 1243 medietates,
2320 1190 2453 1247 quas
2476 1178 2690 1247 quidem
2719 1178 2771 1233 in
2794 1178 3129 1235 arithmetica
3154 1180 3418 1254 diximus;
3446 1180 3544 1236 sed

1947 1272 2015 1326 ad
2040 1281 2360 1342 praesentem
2384 1281 2671 1327 tractatum
2694 1269 2780 1327 lue
2802 1276 2929 1326 sunt
2950 1272 3167 1327 interim
3198 1274 3573 1329 necessaria.

1948 1362 2057 1419 Sed
2086 1363 2225 1417 inter
2246 1362 2345 1417 has
2368 1366 2476 1417 tr‘es
2500 1362 2813 1418 medietate's
2837 1363 3304 1433 proportionalitas
3328 1365 3543 1433 quidem

1951 1454 2200 1523 proprie,
2232 1460 2288 1507 et
2328 1452 2558 1507 maxime
2598 1454 2925 1523 geometrica
2955 1456 3309 1524 nuncupatur,
3345 1454 3544 1510 idcirco

1949 1548 2203 1617 quoniam
2245 1547 2413 1616 requis
2457 1547 2897 1615 proportionibus
2940 1553 3050 1601 tota
3080 1549 3404 1603 ‘c‘o‘nt‘e'xitu'r.
3435 1547 3545 1604 Sed

1952 1648 2131 1693 tamen
2170 1637 2360 1693 eodem
2410 1649 2621 1694 utemur
2654 1639 2953 1710 promiscue
2984 1628 3282 1710 vocabulo,
3318 1657 3545 1713 propor-

1954 1733 2278 1789 tionalitates
2305 1734 2467 1790 etiam
2496 1744 2720 1789 caeteras
2748 1746 3140 1803 nuncupantes.

2543 1822 2770 1883 CAPUT
2818 1828 2950 1883 XIII.

2177 1906 2254 1977 De
2282 1921 2536 1977 continuis
2563 1923 2916 1977 ntedietutibus
2957 1932 3001 1977 et
3038 1924 3311 1996 disjunctis

2025 2013 2129 2070 Sed
2157 2013 2206 2069 in
2240 2011 2323 2068 his
2349 2014 2451 2067 alia
2477 2014 2729 2069 continua
2770 2022 2854 2069 est
2893 2013 3401 2085 proportionalitas,
3445 2012 3545 2073 alia

1954 2109 2243 2178 disjuncta.
2288 2107 2550 2163 Continna
2599 2107 2845 2177 quidem,
2893 2121 2943 2160 nt
2994 2108 3241 2177 superius
3283 2106 3547 2178 disposui-

1955 2216 2077 2255 mus
2103 2200 2151 2254 δ.
2186 2184 2333 2255 Unus
2375 2199 2517 2255 enim
2563 2200 2812 2271 idemque
2854 2216 3110 2256 numerus
3139 2200 3379 2267 medius,
3409 2215 3549 2259 nunc

1952 2292 2171 2363 quidem
2195 2294 2381 2362 majori
2405 2294 2743 2362 supponitur,
2769 2310 2913 2348 nunc
2941 2292 3152 2362 quidem
3186 2293 3377 2349 minori
3415 2308 3547 2362 prte-

1955 2388 2193 2457 ponitur.
2222 2387 2483 2455 Quotiens
2510 2403 2640 2442 vero
2666 2386 2775 2442 duo
2802 2397 2929 2442 sunt
2957 2374 3156 2453 medii,
3196 2398 3321 2442 tunc
3348 2387 3548 2457 disjun~

1953 2490 2041 2532 cia
2088 2479 2562 2548 proportionalitas
2610 2490 2969 2551 nuncupatur,
3021 2491 3078 2536 nt
3124 2481 3177 2536 in
3225 2484 3550 2552 geometrica

1955 2572 2061 2627 hoc
2084 2574 2246 2627 modo
2267 2613 2284 2640 ,
2318 2576 2379 2637 1,
2413 2576 2475 2642 2,
2513 2577 2581 2641 5,
2612 2576 2663 2629 6.
2698 2576 2828 2631 Nam
2862 2588 2918 2630 ut
2946 2589 3031 2632 est
3058 2576 3299 2633 binarins
3330 2577 3397 2632 ad
3431 2580 3551 2631 uni-

1956 2678 2150 2737 tatem,
2182 2671 2253 2725 ita
2301 2671 2546 2726 senarius
2592 2671 2659 2726 ad
2698 2674 3024 2742 ternarium,
3070 2668 3124 2728 et
3170 2681 3390 2727 vocatur
3437 2673 3550 2729 inec

1953 2762 2217 2831 disiuncta
2250 2763 2754 2832 proportionulitas;
2790 2765 2931 2818 unde
2962 2762 3184 2833 intelligi
3221 2770 3395 2832 potest
3422 2778 3550 2817 con-

1954 2852 2162 2907 tinuam
2194 2852 2410 2921 quidem
2441 2852 2992 2923 proportiOnalitatem
3019 2851 3073 2908 in
3105 2851 3275 2907 tribus
3302 2862 3354 2909 et
3392 2856 3415 2891 α
3448 2852 3550 2908 iui-

1954 2945 2118 2999 nimis
2146 2946 2388 3000 terminis
2416 2946 2680 3014 inveniri,
2704 2945 3024 3015 disjunctatn
3048 2958 3177 3001 vero
3202 2947 3251 3000 in
3280 2946 3334 3002 ι.
3368 2944 3549 3007 Potest

1952 3042 2130 3088 alitem
2161 3038 2212 3089 in
2240 3034 2273 3087 4
2298 3044 2354 3090 et
2376 3035 2430 3089 in
2459 3037 2702 3105 pluribus
2731 3040 2983 3091 continua
3012 3051 3133 3093 esse
3162 3040 3549 3107 proportiona-

1954 3127 2108 3194 litas,
2155 3128 2420 3197 siquidem
2468 3129 2569 3183 hoc
2611 3130 2772 3184 modo
2798 3130 2894 3193 sit,
2930 3131 2953 3183 1
2980 3170 2996 3194 ,
3021 3128 3057 3183 2
3081 3170 3096 3195 ,
3124 3127 3193 3195 4,
3223 3130 3254 3183 8
3274 3169 3290 3196 ,
3326 3129 3411 3186 16.
3440 3128 3549 3190 Sed

1954 3223 2041 3280 hic
2070 3234 2175 3281 non
2202 3235 2361 3280 erunt
2396 3225 2519 3280 diue
2548 3227 2958 3295 proportiones,
3002 3224 3096 3283 sed
3142 3225 3323 3297 plures
3348 3266 3365 3293 ,
3408 3238 3549 3281 sem-

241 3313 421 3370 minos
451 3286 693 3381 medius,
724 3286 818 3386 qui
850 3316 1119 3373 secundus
1149 3324 1250 3372 est.
1286 3286 1392 3372 llas
1419 3316 1581 3387 igitur
1612 3332 1838 3388 propor—
1868 3286 1919 3370 d
1951 3329 2158 3387 perque
2186 3330 2291 3371 una
2320 3317 2498 3371 minus
2528 3286 2687 3386 quam
2716 3318 2827 3374 sint
2856 3286 3074 3373 termini
3101 3286 3403 3374 constituti.

241 3405 422 3462 tiones
451 3406 615 3464 medii
640 3409 854 3462 termini
883 3407 1286 3477 conjungentis,
1320 3408 1456 3462 trina
1490 3408 1709 3477 partitio
1736 3418 1841 3466 est.

241 3504 355 3558 Aut
398 3502 540 3557 enim
570 3516 726 3573 aequa
789 3512 874 3557 est
925 3500 1225 3557 diti‘erentia
1272 3502 1498 3556 minoris
1531 3502 1745 3558 termini
1778 3502 1847 3557 ad

242 3593 521 3662 medium,
568 3605 625 3651 et
672 3595 837 3650 medii
884 3595 951 3649 ad
1007 3595 1331 3661 maximum,
1380 3595 1473 3650 sed
1528 3612 1633 3649 non
1688 3611 1843 3666 tequa

243 3687 557 3757 proportio,
603 3696 659 3741 ut
704 3686 758 3742 in
804 3688 888 3742 his
930 3690 1169 3743 numeris
1206 3689 1265 3753 1,
1307 3688 1377 3752 2,
1410 3689 1478 3753 3;
1512 3690 1653 3742 inter
1681 3704 1851 3743 unum
1890 3690 1891 3693 “

243 3780 444 3849 quippe
472 3793 537 3834 ac
566 3780 673 3833 duo
704 3788 757 3834 et
782 3779 924 3834 inter
950 3780 1057 3833 duo
1083 3790 1137 3833 et
1165 3789 1275 3833 tres
1303 3788 1508 3833 tantum
1541 3782 1720 3834 unitas
1742 3779 1847 3834 dii-

242 3871 532 3925 l'erentiam
563 3878 728 3923 tenet.
752 3868 868 3923 Non
900 3879 981 3923 est
1005 3879 1183 3924 autem
1216 3886 1366 3939 aequa
1399 3872 1693 3941 proportio.
1727 3872 1845 3927 Duo

243 3963 446 4033 quippe
473 3961 541 4016 ad
566 3976 728 4015 unum
755 3960 901 4031 dupli
929 3970 1082 4026 sunt,
1114 3964 1378 4017 ternarias
1402 3964 1467 4017 ad
1499 3964 1606 4018 duo
1635 3966 1847 4035 sesqui-

242 4054 403 4108 alter.
435 4055 541 4108 Aut
565 4063 649 4108 est
674 4068 826 4124 aequa
865 4055 1141 4124 proportio
1176 4054 1229 4110 in
1274 4057 1547 4126 utrisque,
1580 4072 1688 4111 non
1716 4071 1846 4113 vero

244 4143 547 4213 aequalibus
577 4142 900 4200 differentiis
928 4147 1217 4201 constituta
1239 4187 1255 4212 ,
1288 4155 1343 4202 ut
1386 4147 1437 4202 in
1479 4146 1563 4202 his
1607 4149 1845 4203 numeris

244 4234 269 4288 1
299 4275 315 4299 ,
341 4232 405 4299 2,
434 4233 488 4288 4.
520 4234 650 4289 Nam
693 4234 800 4289 duo
829 4236 894 4291 ad
927 4252 1090 4292 unum
1122 4238 1190 4292 ita
1222 4248 1347 4293 sunt
1373 4238 1553 4308 dupli,
1583 4240 1848 4309 quemad-

243 4330 465 4385 modum
482 4330 857 4401 quaternarius
879 4329 944 4385 ad
969 4330 1256 4386 binarium.
1278 4331 1385 4388 Sed
1406 4333 1545 4388 inter
1560 4341 1847 4402 quaterna-

243 4423 385 4477 rium
402 4420 770 4493 binariumque
787 4421 1043 4492 binarius,
1062 4423 1199 4478 inter
1216 4424 1478 4479 binarium
1494 4435 1652 4495 atque
1670 4426 1846 4480 unita-

244 4525 356 4572 tem
379 4517 551 4571 unitas
574 4515 930 4573 dill‘erentiam
954 4516 1098 4572 facit.
1132 4518 1227 4574 Est
1249 4534 1378 4575 vero
1404 4520 1616 4575 tertium
1642 4520 1847 4577 medie-

244 4610 373 4665 tatis
397 4624 585 4679 genus,
612 4610 755 4680 quod
779 4625 953 4682 neque
976 4612 1181 4667 eisdem
1210 4615 1646 4684 proportionibus
1671 4630 1846 4687 neque

2545 3403 2775 3461 CAPUT
2813 3406 2953 3461 XIV.

2023 3496 2129 3553 Cur
2154 3497 2227 3553 ita
2248 3497 2521 3569 appellata:
2542 3500 2640 3554 sint
2669 3500 2881 3573 digesta:
2903 3506 3137 3573 superius
3160 3503 3471 3556 medietates.

2025 3588 2227 3646 Idcirco
2256 3599 2434 3647 autem
2475 3604 2581 3645 una
2630 3584 2658 3628 δ
2700 3607 2886 3648 eorum
2921 3592 3180 3649 medietas
3211 3592 3550 3650 arithmetica

1951 3694 2309 3753 nuncupatur,
2337 3684 2479 3753 quod
2524 3686 2663 3741 inter
2706 3686 2995 3752 terminos,
3025 3686 3319 3742 secundum
3362 3701 3549 3740 nume-

1951 3792 2069 3830 rum
2100 3792 2250 3845 aequa
2281 3786 2364 3831 est
2390 3776 2713 3832 dill'erentia.
2760 3777 3099 3833 Geometrica
3140 3792 3269 3831 vero
3310 3774 3547 3831 secunda

1951 3868 2167 3935 dicitur,
2198 3868 2339 3937 quod
2372 3868 2567 3923 similis
2595 3877 2679 3923 est
2720 3868 2949 3937 qualitas
2988 3867 3369 3937 proportionis.
3404 3866 3545 3920 Har-

1952 3961 2165 4016 monica
2196 3967 2374 4013 autem
2406 3968 2649 4023 meatur,
2681 3960 2932 4029 quoniam
2962 3960 3032 4013 ita
3060 3968 3144 4013 est
3178 3964 3455 4026 coaptata,
3490 3965 3549 4010 ut

1952 4050 2005 4109 in
2048 4050 2366 4105 diil‘erentiis
2409 4064 2473 4106 ac
2524 4051 2769 4106 terminis
2814 4052 3093 4121 aequalitas
3140 4050 3548 4121 proportionum

1950 4142 2347 4200 consideretur.
2384 4143 2448 4197 Et
2478 4142 2545 4198 de
2579 4143 2661 4198 his
2699 4144 2913 4215 quidem
2958 4145 3269 4215 diligentius
3298 4142 3350 4198 in
3381 4143 3548 4199 arith-

1952 4236 2162 4290 meticis
2202 4234 2533 4305 disputatum
2574 4244 2692 4301 est,
2736 4252 2878 4293 nunc
2910 4251 3039 4294 vero
3069 4245 3125 4293 ut
3152 4228 3549 4291 commemore-

1952 4342 2107 4394 mus,
2141 4336 2344 4382 tantum
2376 4330 2476 4385 ista
2509 4330 2899 4399 percurrimus.

2550 4418 2778 4475 CAPUT
2822 4418 2937 4475 XV.

2040 4510 2489 4579 Quemadmodum
2516 4512 2578 4566 ab
2605 4513 2898 4584 tequalitate
2924 4511 3240 4583 supradicta
3263 4527 3463 4580 proces-

2489 4614 2660 4661 serant
2697 4607 3008 4661 medietates.

244 4704 451 4759 eisdem
492 4703 813 4759 dill‘erentiis
859 4714 1090 4760 constat.
1149 4706 1253 4762 Sed
1294 4708 1744 4776 quemadmodum
1785 4722 1842 4765 se

2029 4696 2134 4755 Sed
2166 4696 2436 4768 paulisper
2474 4696 2927 4768 quemadmodum
2971 4696 3087 4751 ista
3133 4688 3553 4767 proportionaliJ

244 4796 409 4852 habet
432 4797 697 4852 maximus
718 4798 980 4854 terminus
1005 4797 1072 4853 ad
1106 4799 1405 4866 minimum,
1434 4800 1507 4854 ita
1533 4816 1653 4856 sese
1683 4802 1843 4858 habet

245 4887 514 4957 majorum
553 4889 904 4945 terminorum
936 4889 1238 4946 dill‘erentia
1268 4891 1335 4947 ad
1376 4893 1642 4948 minorum
1684 4894 1839 4951 (litie-

244 4986 476 5040 reutiam
502 4984 880 5051 terminorum,
907 4984 1041 5040 utin
1066 4983 1149 5039 his
1174 4985 1411 5041 numeris
1431 4986 1495 5048 5,
1524 4986 1559 5039 4
1578 5025 1592 5051 ,
1622 4986 1676 5042 6.
1708 4986 1839 5042 Nam

243 5090 339 5129 sex
366 5074 431 5128 ad
464 5075 498 5129 5
526 5074 723 5145 duplus
750 5086 867 5141 est,
902 5078 1041 5132 inter
1074 5092 1171 5132 sex
1197 5093 1326 5132 vero
1351 5087 1406 5132 et
1430 5079 1465 5133 4
1494 5078 1732 5135 binarius
1760 5080 1840 5133 in-

242 5175 435 5220 terest.
472 5166 613 5221 Inter
640 5168 1041 5238 quaternarium
1070 5184 1199 5224 vero
1225 5183 1288 5224 ac
1315 5171 1608 5226 ternarium
1641 5171 1836 5226 unitas.

241 5259 347 5312 Sed
381 5254 622 5312 binarius
656 5268 999 5329 comparatus
1027 5260 1094 5315 ad
1125 5261 1384 5316 unitatem
1425 5276 1613 5318 rursus
1643 5262 1841 5333 duplus

241 5361 358 5412 est;
385 5364 511 5419 ergo
535 5360 593 5404 ut
615 5358 697 5405 est
721 5350 993 5405 maximus
1016 5351 1277 5407 terminus
1302 5352 1356 5408 in
1380 5354 1620 5409 numeris
1642 5353 1708 5409 ad
1739 5354 1841 5409 mi-

241 5459 448 5499 n-mnnt
473 5482 488 5508 ,
521 5444 594 5498 ita
626 5442 891 5515 majorum
925 5444 1226 5501 diilerentia
1270 5447 1336 5501 ad
1378 5449 1649 5517 minorum
1688 5448 1843 5505 diﬂe—

241 5536 473 5590 tentiam
506 5532 881 5592 terminorum.
933 5536 1166 5593 Vocatur
1209 5539 1369 5609 igitur
1411 5540 1501 5595 illa
1545 5540 1837 5608 medietas,

240 5631 291 5683 in
330 5644 432 5697 qua
461 5643 631 5699 aqua:
656 5628 1131 5699 suntdiﬁ'erentite,
1152 5632 1514 5687 arithmetica.
1535 5634 1623 5686 Illa
1637 5648 1768 5690 vero
1789 5635 1843 5691 in

240 5736 530 5792 quamquae
562 5724 1324 5793 proportiones,geometrica.
1355 5726 1447 5779 Illa
1474 5734 1650 5781 autem
1682 5741 1844 5797 quam

313 5938 338 5967 ι
380 5927 655 5983 Ternarius
688 5930 755 5982 ad
796 5908 1069 5985 binurium.
1150 5929 1173 5965 δ
1216 5928 1279 5982 In
1314 5928 1472 5980 tribus
1512 5936 1711 5981 constat
1774 5926 2025 5985 terminis.

1953 4800 2087 4847 tates
2111 4790 2181 4845 ab
2201 4791 2506 4861 equalitate
2539 4799 2565 4828 ο
2592 4798 2946 4860 procreantur
2972 4788 3259 4845 dicendum
3284 4799 3386 4845 est.
3412 4789 3549 4845 Prte-

1951 4884 2151 4941 dictum
2180 4894 2265 4939 est
2303 4883 2448 4939 enim
2476 4882 2619 4955 quod
2652 4882 2707 4937 in
2740 4897 2964 4937 numero
2995 4882 3138 4937 valet
3173 4884 3373 4946 unitas,
3407 4882 3549 4937 idem

1952 4982 2004 5036 in
2036 4979 2477 5051 proportionibus
2520 4978 2880 5050 aequalitatem
2927 4978 3129 5045 valere,
3183 4987 3239 5031 et
3268 4977 3404 5031 sicut
3446 4992 3548 5030 nu—

1954 5070 2086 5129 meri
2119 5083 2279 5142 caput
2302 5081 2385 5127 est
2412 5070 2584 5127 unitas
2604 5114 2618 5138 ,
2649 5072 2719 5126 ita
2753 5071 3161 5143 proportionum
3188 5067 3548 5139 aequalitatem

1953 5180 2074 5222 esse
2104 5166 2446 5237 principium.
2470 5164 2732 5233 Quocirca
2756 5163 2858 5219 hoc
2883 5161 3044 5219 modo
3070 5160 3407 5217 arithmetica
3437 5176 3549 5214 me-

1945 5259 2121 5315 dietas
2170 5256 2237 5312 ab
2280 5256 2585 5329 aequalitate
2629 5266 2920 5311 nascetur:
2956 5254 3145 5326 positis
3185 5252 3330 5308 enim
3378 5252 3554 5305 tribus

1946 5353 2115 5423 sequis
2145 5350 2426 5418 terminis,
2469 5347 2519 5405 hi
2567 5349 2672 5406 duo
2700 5350 2843 5406 modi
2886 5354 3013 5404 sunt
3052 5345 3248 5416 quibus
3280 5347 3394 5400 haec
3426 5360 3553 5413 pro-

1946 5444 2325 5520 portionalitas
2371 5444 2715 5515 producatur.
2762 5440 2998 5498 Ponatur
3026 5441 3170 5498 enim
3203 5440 3410 5512 primus
3444 5443 3550 5510 pri-

1948 5558 2038 5597 mo
2069 5552 2274 5611 equus.
2307 5536 2587 5594 Secundus
2621 5537 2791 5606 primo
2822 5544 2876 5591 et
2905 5534 3161 5591 secundo.
3194 5534 3408 5590 Tertius
3442 5533 3547 5601 pri-

1954 5650 2043 5689 mo
2066 5632 2300 5688 secundo
2321 5645 2384 5686 ac
2407 5629 2588 5695 tertio,
2613 5627 2754 5697 quod
2784 5628 2883 5681 hoc
2910 5636 3241 5682 monstratur
3259 5626 3543 5694 exetnplo:

1960 5727 2082 5785 Sint
2104 5727 2335 5781 unitates
2355 5734 2486 5779 tres.
2509 5722 2745 5777 Ponatur
2765 5720 2924 5790 igitur
2943 5721 3148 5791 primus
3167 5721 3339 5791 primo
3356 5731 3545 5776 eoqu

2115 5937 2141 5967 ο
2183 5926 2478 5983 Minimum.
2562 5922 2589 5961 ⁴
2630 5922 2845 5983 Earum.
2939 5926 2964 5962 ⁸
3008 5921 3353 5979 Procrcentur
