2011 3183
236 166 309 206 tsor

858 168 913 198 ΔΝ·
935 167 1042 198 MANL.
1061 168 1140 199 δεῖν.
1160 171 1273 202 BOE‘I‘II

1817 182 1889 210 ίξοε

236 226 265 266 ξύ
280 230 321 254 cst
335 233 413 254 unus.
428 223 569 256 Secundus
581 224 669 260 primo
683 231 715 253 ac
729 224 864 258 secundo,
879 225 904 253 id
918 231 959 254 est
971 226 1035 254 duo.
1051 226 1080 258 A
1091 235 1138 263 per
1153 230 1273 259 numeris
1288 220 1463 264 intermissis.
1480 237 1560 269 atque
1575 233 1645 263 idem
1658 239 1686 263 et
1697 235 1724 264 in
1740 242 1888 272 quaterna-

238 272 346 312 Iertius
362 279 448 306 primo
463 271 582 299 secundo
593 278 624 299 ac
637 271 717 299 tertio
727 292 734 305 ,
748 271 773 299 id
787 277 829 300 est
844 277 913 306 tres,
929 272 1035 307 eritque

237 318 379 352 dispositio
395 322 408 336 Α
423 316 483 344 talis
500 326 506 343 :

306 376 312 413 l
413 380 424 405 1
526 374 531 413 l
632 374 885 414 1ἫΙῨΓ
965 376 969 414 |

236 483 343 510 Rursus
356 481 409 509 sint
422 486 476 509 tres
490 482 585 509 liinarii
597 482 778 517 inaequalitate
788 483 925 510 constituti
937 503 944 514 ,
954 483 972 509 ‘2
981 503 988 515 ,
1001 483 1034 516 2,

237 527 255 555 2
276 536 283 554 :
299 532 413 562 ponatur
426 527 528 561 primus
541 527 627 562 primo
640 536 742 563 aequus,
759 528 786 556 id
798 533 839 556 est
852 528 878 555 2.
895 528 1036 556 Secundus

235 574 325 610 primo
349 578 377 601 et
396 573 532 607 secundo,
547 573 573 601 id
590 579 632 602 est
650 574 677 601 4.
695 575 803 603 Tertius
816 576 903 610 primo
917 576 1036 604 secando

203 643 205 645 μ
236 627 268 648 ac
283 620 381 652 tertio,
398 620 424 647 id
440 624 482 647 est
496 620 530 653 6,
546 624 574 647 et
588 620 640 648 erit
654 620 794 655 dispositio
810 621 867 649 haec
884 631 890 648 :

412 678 685 716 3_L_9L
746 678 751 716 Ι
851 684 866 707 Ξ
967 679 971 716 Ι

307 721 427 761 |.a
526 721 531 760 ί
630 727 645 751 4
744 721 970 762 Γθῆ

237 779 251 802 ι’
264 782 317 810 Sed
329 782 356 810 in
369 782 410 809 his
423 781 475 810 hoc
483 783 676 818 speculandum
688 788 742 815 est.
752 784 823 819 quod
832 785 947 811 siunitas
958 784 1037 811 fuerit

237 828 273 856 ad
288 828 450 864 :equalitatis
466 829 627 864 principium
651 830 796 857 constituta
811 851 819 862 ,
843 830 931 857 unitas
955 831 1035 858 etiam

238 876 289 904 erit
304 875 332 903 in
347 875 505 904 differentiis
519 884 710 910 numerorum,
727 877 777 912 ipsi
793 884 858 904 vero
874 877 977 905 numeri
993 877 1036 904 in-

1091 273 1143 310 rio',
1155 277 1333 314 quinarioque
1345 281 1518 315 perspicitur,
1529 287 1556 310 et
1571 290 1631 316 quae
1643 291 1690 310 nos
1704 291 1819 320 propter
1829 285 1890 314 ιπεο

1089 323 1200 352 vitalem
1221 329 1352 358 tacemus,
1360 326 1453 354 iisdem
1465 327 1564 362 regulis
1571 335 1602 357 ex
1611 330 1756 365 semetipso
1769 330 1888 365 diligens

1089 370 1174 398 lector
1190 371 1316 399 inveniet.
1325 371 1490 400 Geomelrlca
1498 381 1563 401 vero
1574 375 1820 410 proportionalitas
1827 381 1889 404 tunc

1089 418 1314 452 quemadmodum
1329 419 1445 448 inveniri
1453 420 1487 448 ab
1501 420 1655 456 aequalitate
1665 422 1750 457 possit
1764 423 1889 451 ostendi-

1089 472 1149 493 mus
1162 465 1289 500 ,quando
1315 466 1541 500 quemadmodum
1566 467 1601 494 ab
1625 468 1780 503 aequalitate
1801 470 1889 497 omnia

1089 511 1258 547 inaequalitas
1284 517 1297 537 ι
1323 513 1432 548 profluit
1458 514 1693 549 monstrabamus,
1719 515 1772 543 nisi
1800 521 1887 545 tamen

1089 558 1224 586 fastidium
1239 562 1290 592 est,
1303 566 1374 587 nunc
1388 567 1495 595 quoque
1508 560 1625 588 breviter
1637 561 1822 596 repetendum
1838 566 1886 590 est.

1088 605 1249 633 Constitutis
1263 605 1334 633 enim
1351 605 1438 633 tribus
1451 607 1534 641 mquis
1549 606 1684 640 terminis,
1699 611 1823 643 ponatur
1837 608 1887 643 pri-

1089 658 1148 678 mus
1181 651 1269 686 primo
1290 658 1393 687 aequus.
1419 651 1560 680 Secundus
1583 653 1670 688 primo
1690 661 1723 682 ac
1753 654 1886 682 secundo.

1089 694 1102 713 ι·
1110 696 1201 723 Tertio
1212 697 1298 732 primo
1310 696 1415 725 duobus
1425 698 1589 726 secundisac
1603 699 1691 727 tertio.
1701 700 1835 736 Idemque
1845 700 1886 729 ﬁat

1088 743 1215 770 continue
1229 748 1308 777 atque
1322 743 1358 771 ita
1368 751 1401 772 ex
1416 744 1568 779 aequalitate
1579 746 1745 780 geometrica
1765 751 1883 782 propor-

1089 788 1226 816 tionalitas
1239 790 1400 825 principiutn
1415 795 1515 818 sumat.
1532 791 1585 818 Sed
1599 791 1634 819 de
1648 791 1746 821 harum
1771 800 1885 829 propor-

1089 836 1191 863 tionum
1206 836 1414 871 proprietatibus
1424 844 1503 872 quam
1519 836 1727 872 diligentissime
1749 839 1780 867 in
1796 840 1882 867 arith-

1090 882 1193 910 meticis
1206 882 1328 910 diximus
1343 891 1350 915 ;
1369 882 1439 918 quod
1454 883 1476 910 si
1491 883 1524 910 ad
1541 883 1599 911 haec
1615 883 1670 912 illis
1688 884 1840 914 instructus
1850 887 1884 914 to

237 926 279 951 ter
292 930 322 950 se
337 922 438 950 nullum
453 923 642 951 intermittunt.
662 929 674 943 ο
691 924 717 950 Si
735 931 800 952 vero
815 924 934 951 binarius
946 928 1035 952 teneat
1052 929 1077 961 Β
1089 934 1147 956 οιοτ
1157 930 1267 957 accedat
1278 949 1285 962 ,
1311 929 1386 957 nutio
1411 929 1584 958 dubitationis
1604 938 1700 960 eri-om
1722 932 1882 960 ιιπιιαιιίιηιι,

238 969 434 1005 aequalitatem,
457 969 576 997 binarius
591 974 633 997 est
647 969 814 1004 differentia,
834 975 862 998 et
881 978 950 997 unus
966 970 1035 998 inter

238 1016 368 1045 terminos
393 1024 501 1051 semper
527 1024 655 1044 numerus
677 1016 872 1056 intermittitur.
899 1017 944 1045 Sin
971 1025 1034 1045 vero

238 1064 373 1091 ternarius
384 1063 454 1091 idem
470 1062 621 1091 dilferentia
639 1068 680 1090 est
691 1083 699 1097 ,
715 1063 786 1091 inter
799 1061 813 1082 ά
830 1063 957 1090 terminos
969 1070 1034 1091 vero

238 1108 291 1135 duo
307 1108 464 1136 naturaliter
475 1108 613 1136 constituti
627 1109 847 1142 intermittentur,
860 1116 891 1136 ac
902 1109 1031 1144 deinceps

239 1152 266 1180 in
281 1152 352 1180 hunc
367 1153 495 1181 modum:
625 1157 637 1162 "
709 1160 713 1162 ί

306 1207 312 1246 |
412 1213 427 1237 5
523 1207 534 1237 'l
632 1214 647 1238 3
746 1208 751 1246 Ι
824 1207 970 1252 ⁷ἝῙῨΙ
1012 1207 1029 1208 7

305 1253 552 1294 Ικᾼκιν
611 1259 650 1294 νδ
749 1255 753 1280 ¹
852 1258 867 1282 9
967 1256 972 1294 Ι

238 1311 288 1340 Est
302 1313 384 1341 etiam
399 1312 450 1340 alia
467 1313 745 1346 proportionalitatcm
761 1309 956 1342 arithmeticam
974 1322 1035 1350 pro-

238 1358 346 1387 creandi
360 1358 410 1387 via.
430 1357 568 1387 Ponuntur
585 1359 656 1387 enim
673 1364 729 1388 tres
742 1361 811 1395 aequi
828 1362 954 1395 termini,
970 1369 1035 1389 con-

238 1405 416 1440 ttituaturque
430 1404 533 1440 primus
553 1405 639 1440 primo
664 1413 696 1434 ac
720 1407 839 1435 secundo
858 1415 969 1443 :cquus,
992 1416 1036 1436 se-

238 1451 341 1480 eundus
363 1451 450 1486 primo
465 1458 496 1478 ac
510 1451 616 1479 duobus
635 1453 776 1486 secundis,
798 1453 893 1482 tertius
908 1455 995 1489 primo
1008 1460 1036 1484 et

239 1497 342 1527 duobus
357 1498 484 1526 secundis
498 1505 531 1526 ac
545 1499 641 1532 tertio,
659 1504 687 1527 ut
707 1500 730 1528 si
752 1500 806 1528 sint
829 1506 884 1529 tres
906 1502 1033 1530 nnitates.

240 1544 280 1573 Sit
295 1548 307 1563 θ
323 1544 410 1579 primo
421 1544 509 1580 primo
519 1552 550 1571 ac
561 1545 680 1573 secundo
691 1554 784 1582 aequus
795 1568 801 1578 ,
815 1547 839 1575 id
851 1552 893 1575 est
905 1549 1033 1577 secundo.

240 1588 377 1620 Secundus
390 1598 455 1619 vero
477 1591 581 1626 primo,
598 1599 630 1619 ac
653 1591 759 1620 duobus
780 1594 922 1627 secundis,
945 1594 972 1622 id
995 1600 1035 1623 cst

208 1635 212 1639 '
240 1636 328 1664 lertin.
344 1636 452 1664 Tertius
465 1640 555 1664 autem
570 1637 669 1671 primo,
680 1638 787 1667 duobus
800 1640 927 1668 secundis
941 1649 972 1669 ac
984 1646 1036 1669 ter-
1048 1632 1072 1665 ο

239 1683 290 1713 lio.
307 1681 332 1709 id
346 1685 387 1709 est
399 1686 524 1716 quatuor.

414 1729 753 1780 :ﬂd
856 1748 864 1771 ι
967 1743 971 1780 l

309 1782 315 1821 l
414 1789 430 1813 2
494 1782 1037 1833 '|"7ﬁ4—:

243 1837 293 1866 Hic
303 1839 383 1874 igitur
399 1841 574 1869 terminorum
582 1841 761 1879 differentiam
770 1843 859 1871 unitas
874 1846 1039 1877 tenet;inter

243 1882 374 1912 binarium
387 1885 458 1913 enim
473 1891 499 1914 et
515 1887 750 1923 unitatem,:atque
764 1888 834 1916 inter
850 1891 995 1918 ternarittm
1008 1898 1040 1918 ac

243 1929 375 1958 binarium
387 1952 394 1964 ,
410 1932 501 1960 unltas
516 1933 638 1961 interest.
655 1933 749 1961 Nullus
760 1942 826 1962 vero
840 1936 970 1963 naturalis
988 1945 1038 1964 nn-

243 1983 333 2004 merus
348 1977 543 2006 intermittitur.
566 1979 630 2006 Post
645 1980 776 2008 unitatem
791 1981 862 2008 enim
888 1989 949 2009 mox
964 1982 1041 2009 bina-

243 2023 299 2050 rius
310 2027 362 2056 est,
379 2031 410 2052 ac
425 2029 487 2059 post
501 2025 633 2053 binarium
656 2030 790 2054 ternarius
806 2028 966 2055 naturaliter
976 2036 1042 2056 con-

242 2069 363 2102 stitutus;
380 2069 450 2097 idem
466 2071 559 2098 r’ursus
575 2072 600 2098 in
612 2071 718 2099 binario
732 2072 788 2100 ﬁat.
800 2073 914 2109 Simque
930 2079 984 2103 tres
998 2075 1041 2102 bi-

244 2114 329 2147 narii,
345 2119 372 2143 et
393 2115 429 2143 sit
443 2116 546 2151 primus
564 2116 650 2152 primo
661 2125 692 2145 ac
705 2119 824 2146 secundo
839 2127 943 2155 :cquus,
960 2120 986 2148 id
1002 2126 1043 2148 est

246 2161 452 2195 quaternarius;
463 2162 598 2191 secundus
609 2171 674 2191 vero
686 2164 773 2199 primo
787 2170 813 2193 et
829 2165 934 2194 duobus
947 2174 1043 2194 secun-

245 2207 297 2241 dis,
314 2208 339 2235 id
356 2213 396 2236 est
410 2209 542 2242 senarius;
561 2211 655 2238 tertius
670 2215 759 2238 autem
777 2211 875 2246 primo,
886 2212 990 2239 duobus
1001 2219 1044 2241 se-

245 2253 342 2280 cundis
355 2261 387 2280 ac
405 2255 495 2285 tertio.
512 2255 537 2282 id
552 2259 595 2283 est
609 2256 774 2284 octonarius.

249 2409 298 2437 liic
312 2417 419 2445 quoque
432 2411 551 2440 liinarins
566 2417 640 2441 tenet
657 2414 836 2442 differentiam
852 2418 1042 2452 terminorum,

249 2463 302 2482 uno
317 2456 442 2484 intereos
453 2457 610 2486 naturaliter
625 2459 790 2487 intermisso.
806 2461 871 2489 Nam
898 2463 969 2491 inter
987 2464 1004 2492 4
1017 2468 1045 2492 et

248 2501 265 2529 6
278 2502 415 2536 quinarius
429 2503 584 2531 naturaliter
597 2505 794 2542 intermittitur,
812 2508 883 2536 inter
897 2509 912 2537 6
933 2515 1011 2544 atque
1026 2511 1043 2539 8

249 2548 417 2581 septenarius
431 2549 587 2577 collocatur.
602 2550 678 2584 Quod
690 2552 712 2578 si
727 2554 862 2581 ternarins
880 2556 1042 2590 mqnalitatis

249 2594 408 2628 principeum
422 2597 467 2629 sit,
480 2596 524 2624 fiet
540 2598 673 2626 ternarins
681 2598 844 2633 dilierentia;
859 2602 931 2629 verbi
943 2602 1041 2638 gratia:

248 2641 307 2666 Sint
327 2639 335 2659 τ
356 2642 461 2668 termini
476 2647 530 2670 tres
540 2644 572 2669 ad
588 2643 693 2677 regulas
709 2645 877 2677 superiorum
886 2647 989 2674 subtus.

317 2695 437 2735 Ιδ
536 2695 981 2740 ι⁷δηι·δι

422 2750 501 2786 LW
536 2745 541 2783 Ι
642 2752 657 2775 9
757 2747 762 2785 |
858 2753 884 2776 12
975 2749 979 2786 |

249 2800 276 2826 lu
293 2803 334 2828 his
357 2810 421 2836 ergo
445 2805 579 2830 tertiarius
594 2809 635 2831 est
650 2804 800 2832 differentia
811 2826 818 2838 ,
833 2810 859 2832 et
872 2806 925 2833 duo
941 2807 1042 2834 numeri

248 2844 401 2880 intermi=si,
418 2848 444 2875 id
454 2853 495 2876 est
506 2857 560 2876 uno
572 2850 660 2877 minus
672 2858 751 2885 quam
769 2851 960 2879 sitdili‘erentia
972 2860 1041 2880 sem-

243 2893 250 2935 ξ
289 2906 303 2923 ι
323 2903 394 2932 Hac.
437 2904 451 2926 δ
472 2905 572 2934 Rumu
595 2907 662 2935 idem
683 2909 715 2935 de
726 2909 847 2936 ternario.

250 2938 393 2968 Itrabinttu.
439 2939 452 2961 ¹²
476 2941 588 2971 Τιταίαν.
627 2941 638 2979 ,ἱ
664 2943 848 2974 Conuituatur.

252 2687 1041 2700 '—.——_.—_———-

1088 975 1248 1003 Harmonice
1270 983 1335 1003 vero
1349 976 1491 1009 medietas,
1507 976 1540 1004 dc
1550 984 1601 1012 qua
1625 985 1697 1006 nunc
1711 979 1792 1013 paulo
1805 979 1882 1008 latius

1088 1023 1254 1049 tractandum
1264 1027 1314 1057 cst,
1333 1024 1381 1050 hac
1391 1023 1497 1051 ratione
1510 1028 1678 1058 procreatur.
1698 1023 1881 1055 Gonstituatur

1086 1068 1175 1100 enim,
1192 1067 1322 1103 siquidem
1341 1068 1462 1103 duplices
1476 1075 1601 1097 curamus
1630 1068 1776 1106 efﬁngere,
1794 1071 1881 1100 tribus

1086 1114 1171 1148 :equis
1192 1114 1313 1141 terminis
1329 1113 1433 1149 positis,
1450 1114 1552 1149 primus
1568 1114 1657 1150 primo
1668 1121 1698 1143 ac
1710 1115 1813 1144 duobus
1827 1123 1876 1145 se-

1085 1161 1182 1188 cundis
1194 1160 1317 1195 mqualis.
1334 1160 1475 1188 Secundus
1495 1160 1601 1189 duobus
1621 1161 1754 1198 primisset
1769 1162 1874 1192 duobus

1086 1207 1224 1235 secundis.
1241 1207 1348 1235 Tertius
1361 1207 1445 1235 semel
1467 1208 1571 1243 primo,
1588 1207 1631 1235 his
1650 1207 1765 1237 secundo
1765 1213 1875 1247 letter

1087 1256 1176 1282 tertio.
1190 1256 1275 1292 Ague
1287 1254 1338 1282 hoc
1352 1253 1431 1281 modo
1440 1255 1494 1281 sint
1507 1254 1633 1282 unitates.

1087 1378 1361 1413 Constituaturigitur
1376 1378 1477 1413 primus
1490 1378 1576 1413 primo
1589 1386 1621 1406 ac
1633 1378 1741 1407 duobus
1753 1380 1878 1408 seen-die

1088 1424 1210 1460 aequalis,
1223 1424 1247 1451 id
1256 1428 1297 1451 est
1309 1424 1448 1451 ternarias.
1457 1424 1596 1452 Secundus
1602 1432 1667 1452 vero
1674 1424 1780 1454 duobus
1788 1425 1879 1462 primis

1088 1474 1116 1498 et
1128 1469 1233 1497 duobus
1244 1469 1369 1497 secundis
1381 1491 1389 1505 ,
1400 1469 1426 1497 id
1439 1474 1480 1497 est
1488 1470 1688 1505 quaternarius.
1698 1469 1809 1499 Tertius
1817 1474 1895 1500 ναι.

1088 1516 1176 1552 primo
1199 1523 1230 1544 ac
1251 1515 1357 1544 duobus
1381 1516 1509 1544 secundis
1527 1520 1556 1544 et
1576 1516 1664 1544 tribus
1678 1517 1784 1550 eertiis,
1799 1517 1827 1545 id
1839 1522 1879 1546 est

1088 1569 1146 1590 sex.
1166 1563 1199 1590 Et
1213 1562 1235 1590 si
1251 1563 1276 1589 in
1293 1562 1405 1590 binariis
1419 1562 1560 1598 aequalitas
1578 1563 1584 1581 ί
1602 1567 1786 1597 construatur,
1798 1563 1878 1592 veliti

1090 1610 1217 1638 ternariis
1227 1609 1320 1638 eadem
1334 1609 1403 1637 ratio
1424 1609 1574 1637 medietatis
1587 1615 1711 1645 apparet,
1726 1609 1812 1645 duplo
1823 1617 1840 1638 a
1851 1618 1880 1639 se

1089 1656 1212 1684 terminis
1230 1655 1442 1690 dificrentiisque
1456 1655 1633 1690 distantibus,
1647 1660 1679 1685 ut
1691 1656 1822 1692 subjecta
1834 1656 1882 1685 de-

1087 1702 1248 1736 scripti0ties
1259 1706 1378 1729 monent.

1151 1770 1161 1807 fl
1261 1771 1271 1795 ¹
1374 1770 1378 1807 Ι
1480 1773 1491 1797 ¹
1593 1770 1598 1807 Ι
1688 1770 1708 1799 Ἰ

1159 1817 1822 1856 ιδιιιδι

1265 1867 1279 1890 2
1379 1866 1383 1902 ι
1483 1870 1496 1891 2
1595 1864 1600 1903 |
1696 1871 1711 1895 ε
1808 1864 1816 1908 ί

1160 1931 1164 1946 ,
1264 1917 1278 1936 ti
1378 1909 1383 1950 Ι
1482 1918 1496 1937 s
1590 1910 1600 1947 τι
1652 1909 1655 1910 ⁷
1693 1912 1720 1937 i2
1813 1911 1819 1953 1

1161 1956 1165 1982 l
1264 1960 1277 1982 δ
1377 1954 1382 1991 i
1482 1963 1496 1983 δ
1597 1961 1601 1992 ι
1698 1962 1714 1986 5
1818 1956 1829 1993 ι

1160 2002 1824 2039 ικ·ιιειιδι

1099 2083 1102 2087 -
1130 2071 1206 2104 Quod
1226 2071 1248 2097 si
1267 2070 1388 2097 facienda
1404 2074 1446 2097 cst
1462 2071 1487 2097 in
1504 2071 1723 2098 extremitatibus
1734 2070 1810 2105 tripla
1820 2077 1883 2105 pro—

1094 2118 1198 2152 portio,
1225 2117 1310 2144 tribus
1329 2117 1412 2151 :cqnis
1438 2117 1560 2144 terminis
1587 2117 1758 2150 constitutis,
1786 2117 1887 2152 primus

1095 2163 1200 2198 quidem
1216 2163 1352 2190 faciendus
1363 2168 1404 2190 est
1414 2170 1446 2190 ex
1460 2163 1547 2197 primo
1558 2170 1589 2190 ac
1602 2164 1733 2196 secundo,
1755 2162 1891 2190 secundos

1094 2217 1159 2237 vero
1173 2218 1205 2237 ex
1217 2209 1305 2244 primo
1324 2217 1355 2236 ac
1366 2209 1471 2236 duobus
1487 2210 1622 2242 secundis,
1638 2210 1734 2237 tertius
1748 2215 1844 2238 autem
1858 2217 1891 2237 ex

1096 2256 1194 2290 primo,
1211 2255 1313 2282 tluobus
1325 2255 1450 2282 secundis
1462 2262 1494 2282 ac
1506 2256 1590 2283 tribus
1606 2256 1704 2288 tertiis,
1725 2260 1754 2283 ut
1776 2255 1893 2284 estsub.

1095 2301 1166 2337 jecta
1180 2301 1335 2337 descriptio.

1168 2606 1171 2641 ι
1271 2608 1286 2628 σ
1385 2605 1390 2642 ι
1490 2610 1505 2630 :i
1605 2603 1610 2642 ι
1705 2605 1731 2629 18
1826 2604 1834 2641 ι

1097 2673 1150 2700 Sed
1160 2675 1270 2708 ingressi
1279 2675 1458 2701 harmonicam
1467 2673 1676 2707 disputationem
1685 2679 1745 2708 qua
1751 2672 1829 2700 deea
1837 2673 1899 2700 diii<

1097 2718 1204 2752 gentius
1225 2718 1276 2745 dici
1305 2723 1417 2753 possunt
1440 2719 1521 2746 tacite
1546 2717 1733 2753 praetereunda
1754 2724 1819 2745 esse
1844 2725 1902 2747 non

1098 2763 1224 2790 arbitror.
1239 2764 1391 2791 Collocctur
1407 2764 1487 2799 igitur
1509 2765 1663 2794 harmonica
1685 2763 1901 2799 proportiouati-

1095 2812 1146 2839 tas,
1164 2809 1243 2843 inqnc
1259 2817 1289 2836 ca
1305 2809 1486 2845 descriptione
1500 2810 1640 2845 superiore
1653 2809 1750 2838 ordine
1763 2811 1889 2838 termino

1095 2861 1154 2881 rum
1170 2854 1238 2882 inter
1252 2862 1281 2883 sc
1294 2855 1452 2884 differentiae
1467 2856 1654 2891 disponantur.

893 2915 903 2928 ε
925 2909 983 2938 Sin.
1022 2909 1034 2930 ἀ
1049 2910 1187 2940 Numeros.
1227 2912 1236 2925 ‘
1252 2912 1382 2956 Primum.
1405 2913 1414 2934 ί
1433 2914 1495 2944 Tm
1516 2916 1626 2943 numeri.
1665 2919 1678 2939 ε
1693 2913 1903 2945 Proteum-

1540 2979 1544 2985 Ι
1579 2970 1603 2983 ιι,
1639 2957 1699 2983 ξε..
