4022 6366
445 352 581 425 mi

445 670 790 739 prehenditur
832 684 1016 726 sensu.
1068 670 1124 725 Si
1174 671 1331 740 igitur
1375 672 1581 726 cunctis
1627 670 1807 725 notior
1849 675 1936 724 est
1977 683 2041 723 ea

444 763 791 817 consonantia
864 778 983 830 quae
1027 763 1079 816 in
1128 762 1441 833 duplicitate
1488 762 1770 825 consistit,
1808 775 1912 814 non
1957 766 2043 815 est

443 854 548 909 dub
571 870 658 908 llm
677 854 899 922 primam
926 868 1048 910 esse
1062 857 1301 910 omnium
1330 855 1585 925 diapason
1608 852 2037 917 consonantiam,

442 948 745 1013 meritoque
784 946 1074 1011 excellere,
1123 949 1375 1017 quoniam
1407 948 1721 1016 cognitione
1748 944 2033 1017 praecedat.

442 1039 683 1110 Reliquae
708 1055 836 1095 vero
859 1040 998 1095 hunc
1014 1044 1321 1097 necessario
1338 1041 1635 1097 secundum
1655 1040 2039 1113 Pythagoricos

441 1132 690 1185 ordinem
724 1141 929 1199 tenent,
962 1148 1121 1202 quem
1170 1134 1417 1189 dederint
1462 1133 1871 1203 multiplicitatis
1910 1146 2037 1199 aug-

441 1233 619 1279 menta
669 1235 723 1279 et
775 1228 1282 1296 superparticularis
1332 1227 1659 1282 habitudiuis
1684 1226 2035 1281 detrimenta.

442 1314 793 1373 Monstratum
836 1322 1031 1390 quippe
1070 1332 1151 1374 cst
1203 1322 1343 1388 quod
1379 1323 1651 1390 multiplex
1707 1319 2038 1390 inaequalitas

442 1410 960 1477 superparticulares
1034 1412 1409 1481 proportiones
1472 1412 1650 1465 meriti
1718 1410 2036 1480 antiquitate

443 1503 809 1556 transcendat.
841 1502 1109 1569 Quocirca
1162 1504 1421 1558 naturalis
1454 1518 1713 1559 numerus
1743 1503 1811 1557 ab
1833 1505 2037 1558 unitate

442 1604 611 1661 usque
633 1596 697 1648 ad
729 1596 1128 1664 quaternarium
1158 1595 1493 1664 disponatur,
1529 1603 1580 1661 1,
1613 1595 1669 1659 2,
1701 1596 1754 1661 5,
1777 1596 1832 1649 ι.
1869 1595 2036 1666 Igitur

442 1684 1133 1756 unibinariuscomparatus
1154 1686 1561 1756 preportionem
1585 1685 1860 1754 duplicem
1886 1686 2034 1752 facit,

441 1786 493 1832 et
523 1776 701 1832 reddit
728 1777 987 1847 diapa~on
1029 1778 1440 1833 consonantiam
1475 1794 1592 1833 eam
1612 1819 1627 1841 ,
1659 1792 1781 1847 quae
1805 1786 1891 1832 est
1918 1793 2035 1831 ma-

441 1868 603 1935 xima,
632 1877 659 1905 ι
690 1870 735 1923 ei
762 1869 1100 1938 simplicitate
1129 1871 1428 1925 notissima.
1461 1870 1516 1926 Si
1544 1885 1674 1926 vero
1697 1870 1888 1924 unitati
1921 1879 2033 1926 ter-
2068 1887 2116 1948 Β

441 1959 622 2015 narius
649 1972 1013 2030 comparetur,
1044 1962 1300 2032 diapason
1324 1977 1386 2018 ac
1423 1962 1677 2032 diapente
1693 1962 2039 2018 concordiam

442 2050 776 2121 personabit.
821 2051 1212 2120 Quaternarius
1262 2069 1391 2110 vero
1447 2055 1644 2109 unitati
1691 2066 2041 2124 comparatus

441 2142 794 2214 quadruplam
820 2146 985 2217 tenet,
1008 2146 1212 2202 scilicet
1240 2146 1321 2201 bis
1342 2148 1599 2217 diapason
1622 2146 1864 2202 efﬁciens
1885 2156 2031 2219 synt-

354 2240 370 2250 ’
442 2236 722 2306 phoniam;
752 2237 893 2306 quod
914 2238 959 2291 si
994 2237 1261 2293 ternarius
1280 2238 1488 2293 binario
1526 2245 1891 2308 comparetur,
1924 2236 2042 2293 dia-

442 2337 625 2398 pente.
639 2326 698 2384 Si
709 2343 842 2384 vero
856 2330 1230 2399 quaternarius
1244 2330 1482 2386 ternario
1498 2331 1832 2386 diatessaron
1857 2333 1882 2367 δ
1911 2344 2042 2386 con-

442 2423 741 2476 sonantiam
774 2423 1016 2491 supplet,
1047 2422 1201 2493 lsque
1237 2433 1322 2479 est
1351 2423 1540 2478 horum
1572 2422 1709 2478 ordo
1737 2422 1946 2479 cunctis
1972 2422 2040 2477 ad

442 2525 503 2568 se
527 2511 755 2568 invicem
785 2513 1132 2583 comparatis?
1164 2513 1297 2568 Nam
1320 2513 1654 2585 comparatio
1682 2529 1802 2583 quae
1838 2520 2038 2579 restat,

442 2603 488 2659 si
516 2606 919 2674 quaternarium
945 2605 1154 2661 binario
1180 2621 1579 2676 comparemus,
1611 2605 1768 2663 cadet
1790 2607 1841 2660 in
1864 2604 2044 2674 dupli-

443 2710 558 2752 cem
575 2698 997 2768 proportionem,
1013 2714 1173 2769 quam
1196 2701 1416 2755 tenebat
1431 2700 1496 2754 ad
1520 2702 1778 2755 unitatem
1799 2696 2043 2754 binarius

443 2802 812 2860 comparatus;
823 2796 1000 2862 itaque
1013 2791 1242 2848 maxime
1257 2792 1456 2847 distant
1469 2791 1589 2846 soni
1602 2793 1654 2847 in
1668 2790 1750 2847 bis
1761 2791 2041 2860 diapason,

444 2895 566 2938 cum
599 2901 629 2937 a
664 2899 725 2939 se
751 2886 1048 2955 quadrupla
1081 2885 1346 2940 intervalli
1380 2885 1715 2941 dimensione
1741 2882 2041 2938 discedunt.

443 2974 720 3032 Minimum
737 2992 862 3032 vero
883 3018 895 3039 ,
915 2992 1037 3033 cum
1055 2980 1260 3035 acutior
1274 2981 1576 3048 graviorem
1608 2979 1761 3032 tertia
1782 2976 2044 3047 gravioris

442 3079 592 3141 parte
604 3070 934 3126 transcendit
948 3114 963 3140 ,
980 3086 1041 3126 ac
1054 3080 1159 3127 stat
1176 3071 1434 3141 deinceps
1452 3069 1910 3126 concinentiarum
1928 3084 2045 3123 nio-

443 3164 577 3228 dus,
618 3163 709 3232 qui
741 3177 913 3232 neque
939 3164 1075 3218 ultra
1110 3164 1463 3234 quadruplam
1488 3165 1656 3233 possit
1686 3162 1923 3229 extendi,
1950 3178 2045 3215 ue-

443 3264 544 3325 que
572 3259 709 3310 intra
738 3265 941 3325 partem
972 3257 1185 3311 tertiam
1219 3260 1479 3311 eoarctari
1505 3272 1521 3321 ;
1554 3266 1608 3312 et
1631 3254 1927 3310 secundum
1950 3252 2043 3307 Νί-

442 3348 757 3404 eomachum
776 3348 992 3417 quidem
1022 3347 1111 3403 hlc
1134 3350 1603 3404 consonantiarum
1631 3355 1713 3403 est
1728 3346 1883 3411 ordo,
1897 3346 2037 3400 utsit

442 3438 614 3509 prima
634 3437 914 3507 diapason,
937 3438 1174 3493 secunda
1214 3439 1473 3508 diapason
1496 3447 1550 3494 et
1574 3437 1823 3507 diapente
1840 3475 1853 3497 ,
1884 3436 2041 3490 tertia

442 3530 527 3588 bis
551 3530 831 3601 diapason,
858 3540 1044 3602 quarta
1063 3532 1332 3602 diapente,
1361 3533 1545 3601 quinta
1573 3531 1933 3587 diatessaron.

1010 3611 1235 3669 CAPUT
1277 3612 1465 3668 XVIII.

512 3720 521 3729 ο
553 3680 631 3738 De
670 3682 853 3739 ordine
884 3685 1335 3767 conservandorum
1365 3683 1615 3767 sententia
1660 3681 1932 3737 Eubulidt‘s

518 3826 624 3883 Sed
658 3824 948 3882 Eubulides
980 3765 1141 3897 διαιῖέ
1467 3826 1632 3880 alium
1662 3827 2043 3883 consonantia-

440 3933 556 3977 t'nrn
584 3920 829 3977 ordinem
853 3928 1087 3990 ponunt:
1123 3919 1268 3974 aiunt
1300 3919 1443 3975 enim
1471 3918 1885 3989 multiplicitatis
1914 3934 2043 3989 aug-

439 4022 619 4071 menta
660 4010 1260 4083 superparticularitatis
1315 4010 1653 4067 diminutioni
1696 4023 1814 4066 rato
1854 4011 2043 4066 ordine

439 4103 786 4175 respondere.
821 4112 847 4142 ⁸
871 4104 1054 4174 Itaque
1079 4118 1186 4159 non
1229 4118 1388 4173 posse
1417 4118 1538 4160 esse
1577 4104 1797 4175 duplum
1832 4104 1930 4159 nisi
1958 4103 2040 4158 di-

440 4198 684 4261 midium,
706 4212 807 4252 nec
830 4196 1045 4267 triplum
1076 4206 1269 4268 pneter
1291 4200 1503 4253 tertiam
1526 4209 1754 4269 partem.
1777 4199 2038 4263 Quoniam

440 4291 602 4362 igitur
622 4290 1022 4361 sitduplum,ex
1052 4304 1120 4346 eo
1149 4290 1402 4362 diapason
1432 4291 1837 4346 consonantiam
1863 4290 2037 4346 reddi.

439 4378 704 4452 Qudniam
733 4399 860 4440 vero
876 4385 945 4440 sit
971 4384 1283 4453 dimidium,
1318 4402 1385 4441 ex
1405 4400 1471 4442 eo
1494 4388 1643 4455 quasl
1665 4386 1935 4441 contraria
1959 4385 2043 4439 di-

442 4478 652 4532 visione
676 4478 1112 4547 sesquialteram,
1142 4478 1194 4533 id
1221 4488 1305 4534 eSt
1327 4479 1608 4548 diapente,
1638 4479 1775 4533 eilici
1808 4492 2038 4547 propor-

441 4569 665 4625 tionem.
691 4562 893 4637 Quibus
912 4570 1112 4637 mixtis,
1143 4570 1353 4625 scilicet
1371 4568 1629 4640 diapason
1654 4585 1717 4624 ac
1738 4570 1992 4639 diapente
2019 4608 2037 4635 ,

440 4658 708 4731 triplicem
738 4661 1045 4730 procreari,
1091 4676 1210 4732 qua:
1252 4671 1537 4733 utramque
1577 4665 1854 4717 contineat
1882 4676 2035 4733 sym-

440 4752 729 4825 phoniam,
781 4751 877 4807 sed
920 4767 1105 4809 rursus
1140 4754 1366 4824 triplicis
1408 4763 1612 4824 partem
1661 4755 1873 4810 tertiam
1904 4770 2035 4809 con-

440 4845 606 4903 traria
652 4843 920 4900 divisione
961 4844 1163 4914 partiri.
1202 4845 1279 4901 Ex
1311 4861 1416 4917 qua
1457 4862 1645 4901 rursus
1697 4846 2035 4902 diatessaron

438 4938 759 5010 symphonia
800 4948 1069 4993 nascetur.
1103 4932 1390 5007 Tripliceni
1443 4954 1572 4994 vero
1614 4948 1777 5009 atque
1818 4939 2032 5008 sesqui-

439 5027 657 5085 tertium
680 5029 897 5100 junctos
936 5030 1291 5101 quadruplum
1323 5033 1783 5102 comparationem
1809 5044 2035 5102 propor-

439 5125 605 5183 tionis
629 5124 882 5193 efﬁcere;
929 5126 1073 5183 unde
1113 5127 1171 5181 lit
1201 5136 1257 5182 ut
1294 5143 1361 5182 ex
1393 5128 1653 5198 diapason
1683 5136 1737 5184 et
1783 5127 2034 5198 diapente

437 5236 560 5295 qua
590 5232 676 5281 est
696 5238 801 5278 una
821 5223 1201 5291 consonantia,
1232 5231 1287 5279 et
1309 5223 1641 5279 diatessaron
1673 5239 1779 5279 una
1812 5219 1839 5261 ά
1866 5223 2035 5278 conti-

436 5318 624 5374 nentia
645 5315 1025 5389 conjungatur,
1057 5332 1177 5387 quae
1208 5316 1262 5372 in
1294 5316 1593 5389 quadruplo
1623 5317 1928 5374 consistens
1954 5316 2036 5372 bis

438 5408 700 5482 diapason
740 5424 940 5466 nomen
973 5408 1203 5481 accepit.
1236 5408 1542 5466 Secundum
1575 5409 1675 5466 hos
1705 5424 1916 5480 quoque
1949 5408 2035 5465 hic

437 5509 571 5564 ordo
596 5514 681 5564 est
711 5522 728 5563 :
755 5504 1047 5577 Diapason,
1076 5503 1351 5578 diapente,
1378 5504 1640 5577 diapason
1668 5518 1731 5561 ac
1759 5503 2031 5575 diapente,

435 5600 794 5670 diatessaron,
824 5600 909 5658 bis
929 5599 1210 5672 diapason.

1672 370 1782 426 AN.
1823 352 2034 423 MANL.
2075 344 2227 423 sev.
2268 342 2496 420 sum
2572 444 2587 452 -

446 482 822 554 preprietatem
854 496 1043 539 sensus
1092 482 1332 555 apertior
1388 483 1819 553 comprehendit.
1872 480 2039 549 Quale
2066 485 2122 548 Α

445 580 592 632 enim
622 587 707 633 est
743 578 1161 647 unumquodque
1190 593 1285 647 per
1324 578 1700 648 semetipsum,
1734 576 1840 631 tale
1867 583 1921 631 et
1948 574 2043 629 de-
2094 574 2095 577 “

3585 371 3734 428 1212

2684 494 2687 495 ⁷
2729 516 2960 576 CAPUT
3000 518 3146 577 XIX.

2289 629 2561 689 Sententia
2582 630 2891 687 Nicomachi
2911 648 3026 703 quin
3044 632 3231 704 quibus
3249 632 3604 690 commutas

2743 737 3091 797 apponuntur.

2215 860 2323 917 Sed
2353 860 2711 917 Nicomachus
2739 875 2845 915 non
2892 860 3137 917 eamdem
3172 874 3295 917 esse
3323 862 3404 917 eis
3447 860 3749 917 arbitratur

2141 955 2467 1010 contrariam
2494 955 2838 1023 positionem.
2863 954 2967 1010 Sed
2994 955 3171 1025 potius
3202 965 3260 1009 ut
3286 954 3461 1009 unitas
3491 954 3542 1009 iu
3574 954 3749 1009 arith-

2142 1048 2352 1103 meticis
2400 1049 2658 1101 crementi
2693 1057 2809 1101 erat
2854 1047 3336 1116 diatinutionisque
3378 1044 3746 1116 principium,

2144 1140 2214 1195 ita
2257 1142 2419 1195 etiam
2478 1139 2738 1209 diapason
2801 1138 3182 1211 symphoniam
3241 1138 3575 1210 reliquarum
3628 1153 3748 1195 esse

2144 1232 2462 1302 principium
2482 1272 2498 1300 ,
2521 1231 2641 1286 illas
2666 1244 2794 1287 vero
2814 1230 2915 1285 sibi
2944 1239 2967 1267 ⁸
2988 1228 3261 1285 contraria
3294 1230 3565 1284 diVISione
3590 1245 3748 1298 posse

2142 1328 2418 1391 constitui;
2454 1326 2503 1380 id
2538 1340 2668 1380 vero
2700 1324 2908 1380 facilius
2937 1325 3041 1379 erit
3059 1324 3275 1395 cognitu
3305 1326 3349 1379 si
3374 1323 3521 1391 prius
3549 1322 3570 1360 ί
3606 1329 3744 1389 ριωο

2142 1420 2386 1474 videntur
2417 1421 2469 1473 in
2497 1418 2756 1473 numeris.
2778 1418 3153 1475 Constituatur
3183 1418 3347 1490 igitur
3368 1418 3574 1482 unitas,
3599 1417 3744 1471 duav
3790 1400 3811 1467 Ξ

2141 1527 2247 1583 que
2279 1522 2455 1581 partes
2485 1513 2553 1565 ab
2580 1525 2642 1566 ea
2666 1510 2856 1577 ﬂuant,
2892 1527 2996 1566 una
3026 1510 3363 1581 multiplicis,
3388 1509 3499 1566 alia
3526 1510 3744 1567 divisio-

2143 1607 2246 1662 nis.
2286 1606 2469 1676 Sitque
2500 1604 2615 1662 haec
2647 1604 2911 1661 formula:

2594 1887 2776 1939 Dimid.
2976 1873 3403 1940 V—TI—

2454 1952 2859 2021 Ἣ
3016 1957 3409 2022 ’Ἵπ-

2540 2037 2658 2104 βενε
2696 2052 2743 2105 ι.
3054 2040 3402 2107 ἽΓ-

2506 2134 2624 2188 Pars
2665 2142 2713 2189 5.
3099 2123 3423 2191 -ιῖ-“

2146 2432 2213 2487 Et
2238 2437 2303 2487 ad
2344 2431 2485 2487 hunc
2514 2430 2732 2488 inodum
2761 2433 2828 2489 ad
2864 2434 3071 2488 iniinlta
3102 2434 3407 2504 progressio
3434 2442 3539 2489 est.
3563 2433 3729 2489 Bina.

2144 2524 2257 2582 rius
2302 2524 2444 2582 enim
2487 2525 2706 2582 unitatis
2733 2532 2758 2573 π
2801 2525 2996 2598 ‘duple‘x
3023 2524 3122 2582 est.
3157 2524 3439 2582 Contraria
3464 2540 3596 2582 vero
3625 2527 3741 2597 ejus

2147 2637 2271 2693 pars
2296 2621 2323 2659 ιι
2354 2620 2557 2677 eisdem
2589 2622 2871 2678 dimidium
2921 2614 3139 2677 unitatis
3187 2620 3443 2677 ostendit.
3475 2620 3615 2677 Tres
3645 2622 3742 2677 tri-

2146 2712 2263 2784 plus
2295 2718 2347 2768 et
2381 2715 2652 2769 ‘contraria
2684 2714 2807 2785 pars
2850 2712 3029 2770 tertia.
3075 2709 3318 2784 Quatuor
3364 2715 3741 2785 Quadru'phis,

2147 2822 2379 2876 parsque
2403 2816 2457 2862 et
2486 2802 2753 2863 contraria
2802 2808 3012 2876 quarta.
3057 2804 3232 2880 Atque
3276 2809 3348 2862 ita
3384 2808 3668 2863 crescendi
3696 2816 3744 2864 et

2146 2899 2491 2954 decrescendi
2535 2898 2589 2954 lii
2629 2899 2856 2970 simplici
2888 2908 2971 2955 est
2994 2900 3197 2956 unitate
3228 2898 3581 2970 principium.
3603 2900 3744 2956 Idem

2148 2991 2311 3060 igitur
2337 2988 2478 3046 hunc
2499 2992 2565 3046 ad
2589 2988 2972 3048 consonantias
2996 2990 3402 3048 moverimus.
3429 2994 3443 3028 ι
3474 2992 3574 3047 Est
3597 2992 3746 3061 igitur

2145 3082 2407 3153 diapason
2439 3096 2558 3153 qua:
2588 3084 2749 3155 dupla
2783 3093 2868 3140 est
2896 3084 3138 3153 θηρί’εωὶ
3172 3080 3288 3139 I‘oco
3319 3083 3601 3154 princhji,
3634 3088 3744 3154 qut‘e

2148 3191 2275 3231 vero
2306 3175 2530 3247 reliqua:
2560 3178 2709 3243 sunt,
2740 3178 2793 3233 in
2819 3174 3086 3233 contraria
3117 3172 3378 3233 divisione
3421 3178 3529 3233 hoc
3568 3179 3738 3233 modo.

2068 3292 2116 3357 ο
2155 3268 2484 3340 Sesquialter
2527 3268 2745 3355 quidem
2798 3271 2980 3339 triplo,
3034 3266 3414 3340 sesquitertius
3463 3272 3597 3327 itero
3625 3283 3748 3340 quac

2146 3359 2371 3433 druplo,
2418 3361 2560 3435 quod
2594 3350 2685 3418 tali
2734 3364 2900 3435 arguti
2926 3363 3201 3420 entatione
3229 3364 3572 3435 probabitur.
3606 3366 3747 3421 Idem

2148 3456 2291 3510 enim
2328 3456 2342 3506 i
2384 3456 2613 3527 primum
2652 3454 2735 3512 est
2762 3456 3079 3527 sesquialter
3104 3499 3119 3523 ,
3171 3456 3260 3528 qui
3307 3458 3516 3527 primus
3548 3459 3739 3529 triplus

2146 3548 2482 3619 principalis,
2508 3550 2716 3607 scilicet
2737 3552 2981 3607 unitatis.
3007 3552 3137 3607 Nam
3171 3552 3441 3609 ternarius
3470 3552 3612 3609 idem
3641 3554 3747 3623 pri;

2146 3654 2264 3695 mus
2295 3642 2486 3712 triplus
2516 3646 2619 3712 est,
2652 3644 2860 3699 scilicet
2887 3644 3099 3699 unitati.
3127 3642 3275 3700 Idem
3302 3646 3502 3715 primus
3526 3645 3746 3716 sesquio

2146 3730 2303 3797 alter,
2335 3733 2378 3788 si
2410 3734 2618 3790 binari‘o
2659 3742 3019 3800 comparetur.
3055 3735 3259 3793 Rursos
3290 3736 3423 3793 idem
3472 3740 3745 3792 ternarius

2147 3824 2389 3894 ejusdem
2421 3826 2741 3883 ditierentia:
2770 3840 2930 3899 quam
2960 3829 3030 3884 ad
3080 3826 3350 3885 binarium
3393 3829 3555 3895 iacit,
3586 3830 3748 3900 cujus

2146 3920 2470 3977 naturaliter
2496 3922 2704 3990 positus
2732 3923 2989 3990 probatur
3010 3938 3131 3978 esse
3162 3924 3517 3994 sesquialter,
3553 3925 3745 3994 triplus

2145 4018 2248 4064 est.
2281 4010 2411 4066 Cum
2436 4011 2595 4082 igitur
2622 4012 2743 4082 jure
2772 4013 3091 4083 sesquialter
3123 4014 3320 4084 triplici
3353 4011 3380 4051 κ
3417 4024 3735 4085 opponatur,

2144 4101 2398 4171 diapente
2423 4105 2806 4171 consonantia,
2860 4100 3112 4173 diapente
3144 4120 3206 4160 ac
3237 4104 3505 4175 diapason
3544 4119 3733 4159 conso-

2145 4195 2343 4250 nantiae
2374 4195 2771 4252 rationabiliter
2822 4205 3041 4265 putatur
3071 4200 3293 4267 opponi.
3350 4196 3560 4253 Rursus
3608 4211 3739 4267 qua-

2143 4285 2369 4355 druplus
2421 4288 2753 4358 sesquitertti
2810 4289 3135 4343 contrariam
3186 4289 3515 4345 divisionem
3578 4298 3737 4345 tenet.

2144 4378 2276 4433 Nam
2307 4379 2394 4447 qui
2422 4390 2505 4435 est
2528 4381 2730 4450 primus
2751 4382 3104 4453 quadruplus,
3142 4383 3283 4437 idem
3326 4396 3519 4439 rursus
3542 4389 3743 4456 primus

2142 4472 2520 4541 sesquitertius
2534 4473 2807 4529 invenitur
2822 4474 2925 4531 hoc
2939 4475 3122 4530 modo.
3135 4475 3529 4542 Quaternarius
3552 4480 3742 4549 quippe

2144 4565 2349 4630 primus
2374 4573 2459 4619 est
2494 4566 2862 4637 quadruplus,
2908 4567 2953 4622 si
2983 4568 3172 4623 unitati
3207 4572 3412 4637 primus
3442 4572 3740 4641 sesquiter-

2143 4656 2274 4721 tius,
2303 4658 2346 4710 si
2379 4659 2617 4713 ternario
2642 4667 3015 4730 comparetur.
3032 4658 3237 4714 Rursus
3257 4675 3375 4728 ejus
3397 4660 3736 4726 diﬂ'erentia‘,

2140 4762 2301 4817 quam
2326 4749 2469 4803 inter
2486 4764 2543 4803 se
2566 4764 2627 4803 ac
2652 4750 2946 4805 ternarium
2973 4759 3140 4819 tenet,
3169 4753 3283 4819 ipse
3306 4752 3365 4807 [it
3384 4754 3737 4825 quadruplus.

2138 4840 2294 4898 Unde
2330 4842 2388 4897 ﬁt
2421 4850 2477 4897 ut
2500 4844 2851 4914 sesquitcrtia
2888 4847 3186 4914 proportio,
3214 4860 3333 4915 qua:
3364 4855 3447 4900 est
3471 4845 3736 4902 diatessa-

2138 4947 2262 4998 ron,
2294 4933 2611 5003 quadruplae
2635 4935 2995 5003 praportioni,
3018 4951 3137 5007 quae
3165 4946 3250 4992 est
3267 4936 3349 4992 bis
3374 4936 3664 5007 diapason,
3688 4939 3737 4993 in

2138 5027 2467 5082 contrarium
2517 5026 2808 5082 dividatur.
2856 5028 3028 5097 Dupla
3058 5044 3187 5086 vero
3231 5031 3486 5100 quoniam
3539 5032 3734 5086 nullam

2141 5117 2305 5173 habet
2326 5119 2627 5189 oppositam
2642 5120 3068 5189 proportionem,
3086 5137 3184 5176 nec
3202 5121 3364 5177 ullius
3391 5121 3507 5191 ipsa
3532 5122 3736 5191 sesqui-

2145 5214 2311 5267 altera
2358 5222 2463 5279 est,
2496 5222 2593 5268 aut
2618 5224 2795 5269 exstat
2826 5230 3085 5268 numerus
3124 5213 3211 5269 cui
3247 5214 3415 5285 possit
3458 5215 3733 5281 binarius,

2142 5308 2234 5379 qui
2264 5308 2468 5378 primus
2499 5317 2583 5363 est
2614 5307 2832 5379 duplus,
2865 5310 3342 5381 superparticulari
3375 5311 3733 5380 proportione

2141 5404 2418 5476 conjungi,
2465 5405 2625 5462 talem
2654 5404 2881 5461 formam
2914 5406 3203 5461 contrariae
3245 5405 3616 5475 proportionis
3642 5420 3731 5459 ex-

2140 5498 2305 5554 cedit.
2356 5500 2532 5569 Atque
2563 5499 2764 5554 idcirco
2793 5498 3090 5554 secundum
3136 5496 3525 5553 Nicomachum
3554 5496 3732 5565 diapa-

2137 5608 2237 5650 son
2286 5595 2763 5649 cousonantiarum
2799 5591 3120 5663 principium
3170 5600 3351 5647 teneat
3397 5589 3499 5647 hoc
3530 5591 3727 5648 modo:

477 5790 596 5846 ιΕε
623 5791 651 5831 δ
679 5790 1087 5861 Concinentiam.
1136 5801 1158 5831 ε
1193 5787 1365 5861 Igitur
1403 5785 1431 5827 ἀ
1455 5786 1806 5844 Coucinentia.
1854 5793 1877 5821 ⁶
1901 5783 1990 5838 In.
2032 5779 2054 5822 ί
2088 5780 2458 5840 Pervideatur.
2500 5788 2527 5829 ι
2558 5779 2781 5851 Duplus.
2861 5777 2888 5815 ιι
2929 5776 3201 5849 Ejusdem.
3285 5771 3303 5813 ¹
3343 5770 3481 5829 Erit.
3561 5775 3579 5824 ι
3613 5769 3660 5827 Ρ

434 5870 571 5922 Inus.
676 5859 704 5900 ι
729 5864 1052 5932 Apponatur.
