4022 6366
273 386 413 457 1143

941 528 1199 605 Diapason.

866 808 911 844 η.
1250 778 1507 856 Dt'apenl'é.

1245 1030 1299 1120 \
1358 1039 1556 1091 Dlatess

316 796 564 861 Dispente
591 788 641 845 εἰ
664 790 911 856 diapason.
970 778 1014 861 Ι
1130 778 1178 861 \
1250 778 1507 856 l)lapehl'e.

471 1042 805 1110 Blsdl'apaou.
871 1030 917 1120 ί
1245 1030 1299 1120 \
1358 1039 1696 1091 Dlatesssrou.
1736 1066 1753 1079 ~

270 1155 378 1210 Set.
413 1138 659 1225 quamvis
693 1149 763 1206 tt‘a
802 1148 923 1205 sese
969 1146 1198 1211 habeat;
1244 1142 1416 1215 inquit
1446 1144 1625 1197 tamen
1672 1142 1865 1195 omnes

272 1247 468 1304 melius
483 1244 810 1314 multlpllees
835 1238 1213 1314 propartiones
1236 1235 1711 1294 cons‘onatttlarum
1731 1246 1867 1304 prae-

268 1341 502 1407 cedere,
558 1332 1069 1409 tupdiiiaiticulares
1110 1332 1293 1405 qudl,
1345 1324 1485 1387 sicut
1539 1327 1701 1401 paulo
1741 1334 1867 1381 ante

268 1433 676 1502 deﬁet-ipsimus.
704 1425 837 1486 Cum
864 1424 1026 1499 igiid’r
1046 1424 1397 1481 eoiISonatttla
1425 1421 1491 1477 sil
1515 1420 1741 1477 duarum
1770 1433 1868 1473 voc

266 1526 390 1585 cti'm
422 1526 535 1582 ms
579 1522 888 1593 pérnllxtlb,
921 1518 1088 1575 §oiills
1118 1517 1247 1574 icio
1277 1514 1567 1573 modulata:
1596 1512 1747 1569 ructs
1777 1510 1867 1566 ca-

267 1622 394 1682 sus,
434 1622 538 1671 una
572 1610 870 1671 intelliidne
898 1610 1212 1683 productus,
1262 1608 1440 1678 sitque
1470 1607 1611 1663 idem
1642 1603 1862 1661 nitntms

266 1708 532 1781 particula
574 1701 983 1771 titod'ulalltihlS,
1022 1700 1200 1758 bibitis
1236 1699 1367 1756 vero
1388 1700 1555 1783 sonos
1593 1702 1621 1736 η
1652 1700 1865 1752 constet

265 1799 521 1870 impulsu.
552 1788 747 1854 Plilsus
774 1795 901 1852 vero
944 1795 1121 1851 omnis
1150 1798 1215 1851 ex
1244 1794 1393 1849 lnottl
1424 1789 1451 1831 ι
1479 1790 1595 1858 llat,
1628 1790 1862 1860 cumque

262 1894 508 1947 mutuum
545 1896 569 1929 ⁸
604 1880 767 1960 alltqu
800 1888 906 1944 Siht
932 1884 1189 1958 thqttalés,
1236 1870 1326 1940 illi
1353 1886 1484 1941 vero
1523 1880 1854 1955 Ihmqmles,
1892 1892 1942 1969 Β

261 1983 612 2054 Ιηθὲιιιηηυω
644 1988 774 2037 vero
804 1980 891 2036 alii
924 1980 1034 2034 Sitti.
1062 1978 1235 2034 nililto
1266 1974 1579 2046 manantes,
1611 1976 1700 2031 alii
1731 1988 1861 2031 vero

262 2075 465 2140 minus,
496 2072 587 2128 alii
602 2087 733 2127 vero
751 2068 1095 2127 medioeriler
1125 2069 1434 2140 inaequales.
1455 2070 1531 2124 Ex
1554 2066 1861 2139 aequalitate

263 2167 480 2239 quidem
508 2164 749 2221 nascitur
773 2179 1031 2220 sonorum
1053 2163 1359 2233 aequalitas.
1384 2163 1467 2217 Ex
1500 2162 1862 2232 inaequalitate

263 2272 393 2317 vero
436 2254 465 2297 δ
509 2273 575 2316 ea
595 2271 720 2330 qua
758 2250 1058 2314 secundum
1103 2254 1534 2312 medicoritatem
1591 2254 1863 2311 distantia:

263 2350 558 2423 Inaequales
582 2357 730 2417 sunt,
774 2348 1113 2415 manifestae,
1142 2351 1443 2422 primasque
1476 2364 1543 2404 ac
1565 2348 1865 2420 simplicio-

262 2457 356 2506 res
378 2446 630 2504 eveniunt
654 2444 1062 2517 proportiones,
1109 2459 1230 2516 quae
1272 2454 1400 2500 sunt
1426 2444 1636 2500 scilicet
1679 2444 1864 2501 multi-

262 2538 431 2611 plices
459 2546 485 2577 ⁸
516 2532 609 2593 adt
635 2536 1187 2609 superparticulares,
1220 2536 1395 2606 dupli,
1429 2535 1598 2607 tripli,
1629 2535 1864 2606 quadru-

262 2632 363 2705 pli,
404 2618 764 2704 sesqdislterl,
790 2639 953 2702 atque
990 2629 1326 2701 sesquitertii
1354 2622 1748 2685 consonantiae.
1783 2628 1863 2684 Ex

162 2732 169 2737 ‘
261 2722 354 2781 his
380 2738 511 2780 vero
548 2720 571 2763 ί
611 2738 733 2795 quae
763 2724 818 2780 in
847 2723 1071 2795 reliquis
1097 2720 1541 2794 proportionibus
1562 2765 1578 2788 ,
1611 2721 1694 2776 vel
1726 2722 1866 2776 mul-

262 2813 522 2881 timodis,
567 2814 655 2870 vel
704 2829 811 2869 non
841 2814 915 2870 ita
953 2815 1145 2879 claris,
1181 2814 1265 2868 vel
1311 2814 1471 2885 longe
1499 2815 1723 2871 omnino
1747 2828 1777 2867 a
1805 2828 1867 2868 se

260 2903 590 2962 distantibus
616 2904 1014 2977 inaequalitates
1042 2904 1196 2971 ﬁunt,
1223 2904 1575 2961 dissonantia:
1602 2905 1862 2961 existunt.

260 2995 421 3055 Nulla
437 3006 619 3055 autem
639 3011 897 3055 sonorum
928 2997 1218 3054 concordia
1237 3006 1579 3067 procreatur.

880 3086 1107 3146 CAPUT
1147 3086 1264 3144 XX.

373 3164 514 3252 Quid
532 3194 765 3257 oporteat
788 3184 1025 3256 praemitti
1048 3193 1102 3237 ut
1127 3184 1379 3252 diapason
1406 3183 1461 3238 in
1491 3180 1763 3254 multiplici

764 3295 946 3352 genere
975 3279 1364 3333 demonstretur.

324 3346 452 3427 hoc
483 3369 644 3442 igitur
676 3371 747 3425 ita
765 3346 1067 3437 distincto,
1104 3369 1575 3426 vdeinonstrabitur
1601 3368 1861 3440 diapason

255 3464 675 3522 consonantiam
699 3506 713 3533 ,
755 3479 873 3534 quae
903 3476 1217 3517 cunctarum
1246 3463 1447 3532 optima
1477 3472 1563 3518 est
1598 3462 1651 3517 in
1682 3462 1864 3517 multi-

254 3559 389 3630 plici
434 3556 812 3628 lnaequalitatis
843 3572 1060 3627 genere,
1097 3566 1150 3613 et
1182 3557 1235 3612 in
1283 3557 1613 3627 duplicitatis
1650 3556 1865 3613 habitu-

255 3649 393 3707 dine
421 3648 666 3721 reperiri.
700 3648 779 3705 Ac
812 3650 1042 3720 primum
1084 3649 1297 3715 quidem
1331 3650 1454 3705 illud
1485 3650 1865 3705 demonstran-

1588 387 1678 444 ua
1720 372 1970 447 unstc‘i
2010 376 2143 444 LIB.
2186 364 2251 443 lt.

1894 502 1949 569 Α
1977 496 2128 573 Quod
2157 503 2200 559 si
2233 518 2295 558 ea
2329 504 2432 557 non
2464 494 2547 559 es't
2577 502 2630 557 in
2665 500 2945 573 multiplici
2991 500 3190 573 genere
3217 494 3572 572 lintequalita-

1896 3306 1945 3375 C

3435 383 3573 439 12H

1972 598 2040 657 tis
2057 642 2069 665 ,
2106 596 2261 653 iadet
2279 598 2330 653 ili
2354 598 2842 670 superparticulare
2870 596 3255 667 inazqualitatis
3276 613 3465 669 genus.
3491 599 3573 654 Sit

1970 694 2132 765 igitur
2159 693 2664 763 superparticularis
2692 695 2968 767 proportio
2985 694 3240 765 diapasor
3265 708 3538 749 consonan
3556 724 3573 733 -

1969 783 2064 841 tia.
2098 784 2383 841 Auferatur
2403 786 2471 841 ab
2496 802 2559 843 ea
2585 788 2838 843 continua
2881 786 3256 854 consonantia,
3283 786 3332 841 id
3360 797 3442 841 est
3460 784 3573 840 dia-

1916 908 1919 911 -
1974 880 2168 949 pente,
2217 879 2539 951 relinquitur
2581 880 2947 936 diatessaron.
2982 881 3068 936 Bis
3115 881 3273 952 igitur
3305 879 3569 934 diatessa-

1975 987 2072 1027 ron
2104 973 2288 1028 minus
2317 980 2400 1028 est
2425 988 2532 1027 uno
2562 971 2842 1043 diapente,
2874 976 2928 1027 et
2969 969 2997 1010 δ
3031 974 3202 1043 ipsum
3236 972 3572 1027 diatessaron

1972 1070 2080 1120 non
2114 1065 2302 1136 implet
2331 1065 2585 1137 diapente
2611 1067 2978 1121 consonantia
3020 1062 3388 1128 medietatem,
3432 1064 3573 1135 quod

1973 1150 2059 1216 est
2111 1158 2470 1231 impossibile.
2525 1156 2906 1215 Monstrabitur
2953 1162 3096 1216 enim
3155 1144 3574 1215 bisdiatcssaron

1974 1260 2106 1309 tono
2135 1270 2195 1308 ac
2228 1256 2519 1311 semitonio
2568 1246 2977 1311 consonantiam
3011 1253 3261 1324 diapente
3292 1263 3575 1308 transcen-

1975 1336 2129 1404 dere.
2157 1340 2421 1417 Quocirca
2456 1366 2552 1405 nec
2596 1349 2856 1420 diapason
2891 1346 3107 1419 quidem
3142 1349 3195 1403 in
3240 1344 3575 1419 superparti-

1975 1440 2146 1497 culari
2172 1443 2546 1513 inaequalitatis
2563 1444 2762 1513 genere
2789 1440 2913 1513 poni
2946 1447 3143 1511 potest.

2389 1729 2457 1840 //

2484 1723 3055 1907 SmdonYl’mu
3263 1834 3496 1910 illoan
3562 1826 3565 1829 λ

2464 2040 2714 2131 Dii!)
2818 2040 3115 2114 D1117
3224 2007 3486 2093 Βηί²4

2460 2178 2575 2294 T_6
2696 2206 2829 2267 24.
2932 2168 2937 2171 ﬁ
3018 2205 3172 2277 zu;
3232 2168 3489 2278 1"752

1976 1817 2307 1946 /smu

2016 2046 2289 2133 Diui}:

1992 2156 2808 2294 :EEZEEEUZE

2534 3036 2761 3093 CAPUT
2804 3037 2966 3092 XXll.

1976 3195 2365 3253 Demonstratio
2395 3213 2486 3269 per
2513 3194 2847 3267 impossibile,
2882 3196 3138 3267 diapente,
3166 3198 3503 3266 diatessaron,
3531 3202 3579 3253 et

2322 3302 2501 3346 tonum
2530 3293 2584 3345 in
2614 3290 3082 3362 superparticulari
3112 3309 3238 3348 esse.

2045 3464 2233 3523 Restat
2263 3466 2422 3537 igitur
2450 3477 2509 3521 ut
2532 3464 2785 3536 diapente
2816 3480 2880 3522 ac
2901 3465 3262 3535 diatessaron,
3286 3477 3341 3524 et
3366 3477 3575 3541 tonum,

1968 3559 2024 3615 in
2070 3556 2659 3631 superparticularitate
2712 3559 2959 3631 ponenda
3016 3576 3138 3616 esse
3189 3572 3577 3625 monstremus.

1970 3652 2103 3708 Nam
2132 3652 2232 3709 etsi
2260 3653 2310 3709 id
2339 3654 2390 3707 in
2440 3654 2609 3723 prima
2642 3668 2856 3723 quoque
2885 3652 3205 3723 probatione
3235 3671 3294 3711 ea
3326 3671 3439 3723 qua
3460 3657 3574 3713 dia-

253 3744 428 3814 dum,
462 3740 914 3813 quemadmodum
944 3744 997 3797 in
1024 3742 1434 3812 multiplicitatis
1464 3756 1663 3810 genere
1681 3742 1864 3811 diapa-
1969 3760 2139 3815 pason
2173 3745 2225 3799 in
2265 3744 2744 3815 superparticulari
2783 3759 2987 3813 genere
3028 3742 3135 3799 non
3179 3761 3302 3801 esse
3331 3748 3578 3815 ponenda

255 3852 364 3892 son
417 3835 769 3890 consonantia
805 3835 976 3903 possit
1017 3832 1258 3903 agnosci.
1298 3831 1740 3888 Prmcurrendum
1783 3841 1864 3887 est
1969 3836 2422 3900 monstravimus,
2475 3834 2525 3888 id
2578 3851 2790 3905 quoque
2848 3834 3081 3905 quodam
3134 3836 3359 3891 rationis
3414 3837 3577 3893 modo

253 3928 429 4001 igitur
462 3927 526 3981 ad
570 3927 734 3983 breve
759 3926 1035 3997 quiddam,
1069 3940 1176 3997 quo
1207 3926 1353 3996 prius
1382 3928 1601 3997 cognito
1648 3926 1863 3981 facilior
1968 3927 2295 3998 perclaruit;
2324 3925 2597 3997 sigillatim
2630 3935 2812 3981 tamen
2841 3926 2910 3982 de
2939 3942 3004 3982 eo
3032 3942 3093 3983 ac
3121 3910 3427 4000 diligentius
3460 3944 3577 3998 per-

256 4021 658 4078 demonstratio
690 4019 812 4088 ﬁat,
845 4020 913 4076 ab
941 4021 1084 4075 omni
1118 4019 1595 4091 superparticulari
1616 4061 1629 4084 ,
1666 4020 1711 4075 si
1734 4034 1867 4075 cou-
1969 4028 2287 4075 tractemus.
2323 4018 2455 4075 Nam
2488 4019 2534 4075 si
2567 4020 2618 4075 in
2650 4021 3129 4091 superparticulari
3155 4023 3275 4093 quis
3301 4018 3397 4077 has
3422 4023 3577 4080 habi-

256 4118 472 4173 tinuam
527 4114 577 4170 ei
630 4114 1176 4185 superpartieularem
1230 4112 1353 4185 quis
1390 4112 1599 4169 auferat
1641 4128 1867 4184 propor-
1970 4113 2184 4170 tudines
2229 4112 2508 4181 ponendas
2538 4129 2656 4169 esse?
2686 4128 2792 4169 non
2835 4113 3053 4184 dixerit,
3088 4114 3138 4169 in
3170 4115 3448 4186 multiplici
3482 4132 3578 4187 ge-

254 4215 468 4270 tionem
495 4255 508 4278 ,
536 4228 655 4285 quac
681 4220 764 4267 est
788 4209 999 4267 scilicet
1024 4211 1218 4275 minor,
1269 4210 1321 4264 id
1368 4192 1509 4279 quod
1543 4210 1866 4280 relinquitur
1969 4220 2099 4261 nere
2130 4204 2383 4261 fatebitur
2408 4204 2778 4261 collocandas.
2805 4198 2935 4261 Nam
2966 4202 3017 4261 iu
3041 4208 3460 4277 supcrpartienti
3490 4208 3577 4266 vel

255 4309 445 4365 minus
474 4318 556 4363 est
584 4307 700 4376 ejus
746 4306 1053 4369 medietate,
1094 4318 1213 4373 quae
1252 4302 1495 4359 detracta
1530 4312 1613 4360 est
1642 4317 1868 4374 propor-
1968 4298 2182 4355 cmleris
2212 4299 2395 4353 mixtis
2425 4315 2522 4354 cur
2548 4298 2676 4369 poni
2711 4314 2815 4354 non
2840 4296 3071 4369 possint,
3098 4300 3350 4369 superius
3382 4302 3460 4369 (ut
3484 4316 3574 4357 ar-

258 4402 466 4465 tiouis,
495 4410 554 4455 ut
586 4400 635 4453 in
677 4398 1033 4469 sesquialte=a
1079 4412 1141 4450 ac
1186 4396 1549 4467 sesquitertia.
1599 4394 1864 4463 Quoniam
1968 4391 3149 4464 bitror)explanatumest.Ponanturigitur,
3178 4394 3221 4447 si
3247 4393 3359 4448 fieri
3376 4402 3572 4464 potest,

258 4492 616 4562 Sesquialtera
650 4489 821 4559 major
848 4484 949 4554 esl,
978 4489 1379 4557 sesquitertiam
1408 4488 1476 4543 de
1498 4487 1859 4558 sesquialtera

259 4583 298 4640 ii
340 4581 633 4646 trabamus,
664 4580 985 4649 relinquitur
1011 4580 1386 4649 sesquloctava
1410 4580 1711 4648 proportio,
1742 4578 1865 4650 qua:

260 4674 536 4745 duplicata
567 4688 671 4727 non
702 4671 869 4727 efﬁcit
901 4672 1162 4742 integram
1193 4671 1594 4741 sesquitertiam
1640 4686 1867 4742 propor-

261 4772 503 4835 tionem;
527 4768 622 4824 sed
641 4782 704 4825 ea
726 4766 983 4822 distantia
1012 4767 1189 4820 minor
1208 4775 1292 4821 est
1322 4781 1439 4834 quae
1480 4764 1533 4819 in
1578 4766 1867 4820 semitonio

262 4864 564 4935 reperitur;
595 4862 733 4932 quod
760 4860 804 4916 si
828 4859 1098 4930 duplicata
1127 4858 1508 4928 sesquioctava
1535 4858 1869 4926 comparatio

262 4970 373 5013 non
405 4963 490 5011 est
516 4956 719 5024 integra
746 4961 771 5000 Β
796 4951 1177 5020 ειεαιιὶιεηίεε,
1220 4948 1450 5019 simplex
1492 4952 1867 5018 sesquioctava

264 5064 376 5107 non
425 5058 508 5117 est
544 5046 904 5117 sesquitertite
948 5041 1311 5113 proportionis
1353 5040 1507 5111 plena
1556 5041 1861 5109 medietas;

264 5145 411 5215 quod
446 5143 491 5199 si
531 5142 968 5212 sesquiquartum
999 5136 1343 5207 sesquitertio
1366 5133 1616 5202 auferas,
1648 5133 1698 5190 id
1722 5136 1866 5204 quod

264 5238 589 5309 relinquitur
616 5235 959 5292 medietatem
985 5230 1345 5304 sesquiquarti
1363 5245 1469 5287 non
1488 5229 1673 5297 efﬁcit,
1697 5228 1867 5285 idem-

267 5346 372 5404 que
396 5331 451 5388 in
479 5328 710 5388 caeteris.

844 5416 1076 5477 CAPUT
1116 5416 1257 5472 XXI.

376 5514 756 5572 Demonstratio
786 5528 875 5585 per
899 5509 1211 5582 impossibile
1236 5509 1489 5577 diapason
1514 5508 1569 5562 in
1587 5508 1761 5562 multi-

838 5606 963 5677 plici
991 5622 1173 5677 genere
1202 5622 1329 5660 esse.

340 5710 459 5782 Age
484 5721 628 5765 nunc
666 5706 733 5763 ad
784 5705 1045 5776 diapason
1086 5704 1496 5761 consonantiam
1553 5701 1860 5759 redeamus.

1969 4486 2022 4541 in
2058 4486 2339 4555 multiplici
2368 4501 2591 4556 genere.
2628 4484 2975 4556 thuoniam
3008 4486 3348 4542 diatessaron
3378 4501 3576 4543 conso-

1968 4580 2148 4634 nantia
2172 4578 2351 4634 minor
2371 4587 2474 4646 est,
2499 4577 2749 4650 diapente
2773 4578 2968 4648 major,
2991 4578 3325 4634 diatessaron
3351 4581 3572 4651 duplici,

1970 4658 2226 4742 diapente
2296 4686 2424 4728 vero
2499 4672 2695 4742 triplici
2762 4672 3098 4742 proportioni
3166 4673 3576 4745 multipliritatis

1975 4774 2207 4834 aptetur.
2255 4765 2557 4821 Verisimile
2588 4775 2670 4821 est
2700 4767 2844 4821 enim
2881 4775 2935 4820 ut
2964 4776 3047 4822 est
3076 4769 3429 4823 consonantia
3461 4770 3576 4823 dia-

1974 4867 2220 4914 tessaron
2252 4858 2644 4923 consonantia,
2673 4858 2927 4926 diapente
2963 4858 3236 4917 continua.
3272 4861 3341 4913 ita
3379 4861 3422 4913 si
3452 4859 3573 4913 dia-

1974 4960 2217 5006 tessaron
2270 4952 2322 5005 in
2369 4950 2565 5019 duplici
2616 4952 2890 5016 statuitur,
2963 4948 3214 5021 diapente
3262 4951 3574 5006 incontinua

1971 5045 2203 5116 dupl'cis
2229 5046 2351 5117 poni
2377 5090 2390 5106 .
2426 5044 2476 5098 id
2508 5053 2589 5099 est
2621 5043 2837 5113 triplici.
2892 5044 3075 5099 Tonus
3105 5053 3282 5098 autem
3319 5044 3572 5114 quoniam

1971 5140 2025 5196 in
2064 5139 2467 5194 babitudinibus
2508 5138 2729 5193 musicis
2769 5146 2890 5209 post
2930 5136 3267 5192 diatessnron
3333 5135 3567 5204 locatur,

1973 5235 2227 5290 nimirum
2271 5236 2322 5286 in
2352 5248 2414 5287 ea
2453 5235 2802 5301 proportione
2842 5238 3093 5302 ponatur,
3132 5246 3252 5302 qum
3280 5239 3363 5286 est
3397 5230 3575 5287 minor

1974 5328 2194 5397 duplici.
2217 5328 2341 5382 Hzrc
2356 5338 2533 5381 autem
2556 5328 2607 5381 in
2627 5326 3039 5395 multiplicitatis
3056 5339 3253 5397 genere
3272 5340 3376 5380 non
3399 5334 3575 5394 potest

1975 5420 2224 5477 inveniri.
2264 5419 2448 5473 llestat
2478 5418 2641 5488 igitur
2666 5427 2729 5472 ut
2756 5418 2809 5472 in
2841 5416 3447 5489 superparticularitaiis
3475 5417 3572 5473 ha-

1976 5514 2274 5571 bitudinem
2302 5512 2476 5567 cadat.
2509 5512 2593 5569 Sit
2619 5512 2781 5582 igitur
2804 5512 2994 5580 prima,
3020 5511 3071 5568 id
3094 5521 3177 5567 est
3194 5513 3571 5583 sesquialtera,

1977 5607 2091 5663 toni
2122 5607 2418 5677 pronortio.
2450 5604 2582 5659 Nam
2615 5603 2663 5659 si
2693 5604 2962 5674 duplicem
2994 5603 3321 5683 anleramus,
3353 5604 3573 5677 triplici,

1976 5700 2118 5774 quod
2146 5699 2485 5770 relinquitur,
2517 5697 2834 5768 scsquialter
2855 5706 2959 5753 est.
2992 5697 3145 5765 Quod
3170 5698 3215 5754 si
3236 5698 3571 5757 diatessaron

336 5946 359 5973 ε
394 5931 628 5991 Constat.
705 5933 730 5973 ι’
762 5934 861 5990 Sit.
943 5944 965 5971 α
1002 5932 1123 5987 Atii.
1151 5927 1177 5968 ά
1208 5929 1358 5987 Ηατ.
1440 5940 1462 5969 α
1493 5930 1585 5984 Ac.
1669 5928 1686 5967 ί
1721 5928 1864 6000 Reliq

1973 5945 2070 5999 γαρ.
2151 5939 2174 5975 6
2207 5929 2559 5997 Sesquitertia.
2637 5924 2893 5995 hIpsam.
