2011 3183
224 153 292 183 1215

822 149 878 179 ΛΝ.
897 148 1002 178 MANL.
1021 147 1097 177 SEV.
1117 148 1228 177 ΒΟΕΤΙΙ

1795 149 1865 178 1216

225 207 329 248 quidem
345 208 443 245 duplex
457 211 509 241 est,
525 207 651 243 diapente
665 212 730 234 vero
745 205 864 240 triplum,
881 210 895 225 -
910 206 1016 234 sublato
1030 207 1059 239 Α
1069 206 1160 234 modo.
1174 206 1240 234 Nam
1249 205 1272 234 si
1288 205 1315 233 in
1329 204 1477 234 minoribus
1489 207 1707 243 proportionibus
1716 215 1796 244 quam
1808 216 1863 238 ses-

227 257 396 286 diatessaron
407 262 421 281 a
433 253 556 288 diapente
570 258 648 280 tonus
661 253 779 288 reliquus
796 252 833 284 (it,
851 252 925 280 nullo
938 253 1018 280 modo

226 299 340 330 dubitari
352 305 439 336 poeSt
450 300 513 335 quitt
527 304 605 326 tontts
619 300 644 325 in
659 298 834 333 sesqttialtera
847 298 942 325 debeat
958 306 1019 333 pro-

226 348 348 385 portione
358 346 493 374 constitui.
504 345 556 373 Setl
567 345 627 372 dua:
638 345 820 379 sesquialtera:
834 344 1020 379 proportiones

228 394 362 428 duplicem
391 393 513 426 vincunt,
539 391 763 427 quemadmodum
788 399 822 418 ex
845 392 1020 419 aritltmeticis

226 442 373 470 instructus
395 440 446 468 sibi
467 444 555 475 potest
573 439 686 474 quisque
705 438 841 473 colligere.
863 438 920 465 Duo
940 437 1021 473 igitur

226 488 280 515 toni
298 486 466 514 diatessaron
481 485 657 520 sttperabunt,
672 484 743 520 quod
758 488 800 512 e~t
815 483 1018 512 inconteniens:

227 534 393 562 diatessama
416 533 488 560 enim
507 532 575 560 duos
599 537 676 559 tonos
696 531 829 558 semitouii
848 531 936 566 spatio
948 534 1021 558 tran-

228 580 343 608 scendit.
371 579 428 607 Non
449 579 528 614 igitur
549 578 605 606 lteri
626 582 714 612 p0test
733 582 761 605 ttt
775 585 827 604 non
847 576 972 612 diapente
990 583 1022 604 ac

228 627 395 655 diatessaron
411 626 437 653 in
452 624 686 660 superparticulari
710 624 900 660 inmqualitatis
922 631 1021 659 genere

229 673 385 701 collocetur.
404 671 480 705 Quod
498 672 520 699 si
535 671 594 706 quis
609 675 700 698 tottum
716 677 822 705 quoque
838 670 864 697 in
881 669 1021 705 multiplici

230 726 328 754 genere
343 725 403 745 esse
414 717 428 737 δ
443 717 604 753 perscribat,
619 717 744 752 quoniam
759 716 867 752 quidem
882 721 960 745 tonus
973 716 1023 743 mi-

230 772 280 793 nor
291 769 331 792 est
343 771 422 799 quam
435 763 612 792 diatessaron.
628 762 797 790 Diatessaron
810 769 873 790 vero
883 762 971 790 minus
981 765 1023 790 est

230 819 311 847 quain
323 810 459 846 diapente,
474 809 597 844 diapente
610 809 717 844 quidem
733 812 849 844 ponatur
864 807 890 835 in
904 808 1021 843 quadru-

231 857 287 893 pla,
302 856 468 884 diatessaron
483 855 510 883 in
528 855 616 890 tripla,
632 859 711 882 tonus
725 855 751 882 in
767 854 878 889 duplici.
900 854 954 883 Sed
967 855 1025 882 dia-

1068 252 1199 288 quialtera
1211 252 1252 280 vel
1264 253 1434 287 sesquitertia
1444 253 1569 288 diapente
1580 261 1612 282 ac
1621 253 1788 282 diatessaron
1800 263 1864 284 con-

1069 299 1200 327 sonantia:
1212 299 1386 331 collocentur,
1399 306 1453 327 non
1467 303 1509 327 est
1521 299 1631 327 dubittm
1645 301 1708 335 quin
1723 300 1794 328 sicut
1806 301 1864 330 alia:

1069 346 1195 381 quaslibet
1203 346 1390 381 proportiones
1398 346 1652 381 superparticulares
1661 352 1758 381 pra-ter
1765 349 1865 381 sesqui-

1070 393 1182 420 alteram
1197 396 1226 420 et
1239 393 1437 428 sesquitertiam
1455 392 1555 428 junctae
1577 400 1629 420 non
1644 392 1766 421 efﬁciunt
1783 402 1865 423 unum

1071 438 1193 474 duplum.
1211 438 1248 466 ita
1263 438 1389 473 diapente
1405 446 1437 466 ac
1454 438 1623 465 diatessaron
1638 446 1719 466 unum
1736 439 1865 474 diapason

1071 484 1145 513 nulla
1160 485 1264 512 ratione
1276 483 1450 511 concludunt.
1466 479 1597 518 Quoniam
1610 484 1683 511 enim
1696 484 1827 520 diapason
1841 487 1865 514 in

1071 530 1171 565 duplici
1183 530 1359 565 proportione
1372 537 1433 558 esse
1445 535 1622 558 monstratum
1632 536 1683 563 est.
1694 532 1794 565 duplex
1804 540 1866 561 vero

1073 576 1210 612 praportio
1219 583 1251 604 ex
1262 583 1322 610 sesq
1327 576 1440 603 uialtero
1450 576 1676 611 sesquitertioque
1685 579 1866 613 componitur;

1073 622 1204 658 diapason
1226 629 1292 650 vero
1305 629 1338 649 ex
1352 621 1520 649 diatessaron
1533 629 1565 650 ac
1578 622 1702 658 diapente
1716 625 1867 659 copulatur,

1074 679 1128 699 non
1142 675 1184 699 est
1198 669 1309 697 dubium
1323 669 1385 705 quin
1401 689 1410 703 ,
1437 669 1461 697 si
1471 673 1561 697 totum
1576 669 1706 705 diapason
1722 671 1748 698 in
1764 671 1862 705 duplici

1076 716 1242 748 'statuatur,
1264 715 1390 750 diapente
1407 714 1612 744 etdiatessaron
1638 716 1666 743 in
1693 718 1867 752 sesquialtera

1074 761 1297 796 sesquilertiaque
1309 762 1483 797 proportione
1492 763 1547 790 sint
1558 762 1689 791 locanda.
1700 764 1788 793 Aliter
1800 766 1868 795 enim

1076 817 1129 837 non
1143 813 1269 844 poterunt
1282 808 1411 844 diapason
1424 808 1525 844 juncta
1540 809 1684 844 perﬁcere,
1699 818 1761 846 qua:
1775 819 1868 841 conso-
1881 830 1883 832 -

1077 857 1167 885 nantia
1189 856 1215 883 in
1236 855 1336 890 duplici
1359 854 1534 890 proportione
1555 856 1688 889 consistit,
1707 857 1759 885 nisi
1781 858 1809 886 in
1830 859 1868 888 his

231 907 310 938 pente
329 905 435 929 constat
452 908 485 929 ex
506 901 673 929 diatessaron
695 905 722 928 et
743 904 818 929 tono.
839 901 1023 936 Qttadruplum
1038 906 1062 936 Β
1074 903 1182 932 duabus
1201 901 1420 938 proportionibus
1437 902 1560 929 steterint
1577 902 1752 938 sesquialtera
1771 904 1867 937 scilicet

231 946 312 983 Igitur
322 947 469 975 secundum
482 947 550 974 lianc
561 947 693 974 rationem
706 946 848 979 constabit,
859 953 892 974 ex
904 946 983 982 triplo
992 954 1024 975 ac

231 994 324 1030 duplo.
333 993 404 1030 quod
415 994 473 1021 lleri
484 996 586 1029 neqult.
599 994 702 1023 Rursus
713 998 845 1021 statuatur
857 993 1025 1022 diatessaron

231 1040 337 1077 quidem
351 1040 378 1068 in
392 1039 500 1074 triplici,
513 1044 540 1067 et
554 1039 680 1075 diapente
695 1040 721 1067 in
732 1039 893 1075 quadruplo.
907 1039 935 1067 Si
948 1040 1028 1075 igitur

232 1087 386 1115 auferamus
406 1085 514 1121 triplum
532 1092 547 1112 a
563 1085 724 1121 quadruplo,
739 1084 927 1120 sesquitertius
947 1085 1028 1113 relin-

234 1139 338 1169 quetur.
364 1132 468 1160 Rursus
482 1132 506 1159 si
521 1131 686 1159 diatessaron
702 1131 827 1166 diapente
846 1131 1028 1158 consonantia:

235 1179 388 1211 subtrahas,
404 1178 433 1205 lit
447 1178 564 1213 reliquus
578 1182 666 1219 to_nus.
682 1177 773 1205 Tonus
788 1177 867 1212 igitur
879 1176 1029 1204 secundum

235 1224 303 1254 hanc
318 1225 448 1253 rationem
468 1224 496 1252 in
510 1224 680 1259 sesquitortia
696 1223 870 1259 proportione
884 1223 1027 1251 constabit.

236 1272 286 1300 Sed
302 1276 356 1299 tres
368 1271 531 1306 sesquitertii
550 1278 605 1298 uno
620 1270 718 1306 triplici
738 1275 801 1298 sunt
815 1271 946 1298 minores.
962 1270 1029 1298 Tres

237 1315 314 1354 Igitur
332 1318 389 1346 toni
410 1325 492 1345 unum
512 1317 681 1345 diatessaron
706 1317 778 1344 nulla
798 1317 902 1344 ratione
922 1316 1030 1351 supple-

237 1360 311 1397 bunt,
325 1363 395 1398 qttod
410 1368 450 1391 est
465 1363 647 1391 falsissimum.
672 1363 730 1390 Duo
744 1362 815 1390 enim
831 1363 887 1390 toni
901 1370 932 1389 ac
946 1362 1029 1390 semi-

238 1411 337 1438 lonium
360 1410 447 1437 minus
470 1409 637 1436 diatessaron
663 1408 866 1437 consonantiam
890 1408 1026 1443 supplent.

238 1454 275 1485 Ex
290 1457 331 1484 his
344 1457 423 1492 igitur
435 1456 635 1483 demonstratur
647 1455 813 1483 diatessaron
826 1455 1029 1483 consonantiam

239 1506 289 1530 lion
302 1509 363 1529 esse
378 1501 565 1537 multiplicem.
581 1501 646 1529 Dico
660 1506 749 1529 autem
763 1503 890 1536 quoniam
906 1508 955 1528 nec
970 1501 1013 1528 dia
1023 1515 1030 1522 -

240 1553 316 1585 pente
336 1547 510 1576 consonantia
530 1547 558 1574 in
573 1547 714 1581 multiplici
729 1555 828 1582 genere
837 1547 938 1582 poterit
950 1547 1031 1575 collo-

1078 958 1109 978 ac
1124 948 1303 985 sesquitertia.
1321 947 1391 975 Alite
1408 947 1481 975 enim
1501 948 1688 983 proportiones
1708 951 1867 987 super-pani.

1079 996 1185 1025 culares
1197 999 1208 1019 s
1222 994 1291 1022 hanc
1302 993 1375 1021 nulla
1390 993 1497 1021 ratione
1505 994 1677 1029 coniungant.

1614 1172 1639 1191 \

1287 1172 1450 1255 ﬁrsquilt'r.
1468 1209 1476 1258 ἶ
1490 1172 1639 1240 ἑξεςυὶοα,

1268 1258 1676 1295 aleis

1362 1339 1475 1368 CAPUT
1496 1340 1578 1367 XXIV

1118 1387 1241 1421 Dtapvnte
1253 1387 1277 1413 in
1289 1387 1463 1421 sesquiullcra,
1476 1388 1629 1414 dia/cssaron
1641 1388 1668 1414 in
1678 1389 1840 1422 sesquilerlia

1278 1441 1341 1467 esse,
1355 1439 1440 1460 tonum
1453 1435 1478 1460 in
1489 1435 1673 1469 sesquioctura.

1370 1075 1649 1131 /—\

1252 1131 1450 1255 /ﬂo<qmn-r.
1465 1203 1477 1258 δ
1490 1131 1706 1257 chsquioct.\)

1168 1249 1205 1302 "|
1268 1263 1300 1291 G
1470 1265 1489 1294 8
1562 1258 1565 1295 ι
1648 1262 1676 1292 9

1490 1183 1639 1240 /Scsquioct.

1562 1258 1565 1295 l
1648 1262 1676 1292 .9
1744 1241 1752 1302 Ι

1117 1492 1181 1519 Dico
1196 1496 1283 1519 autem
1298 1492 1422 1526 quoniam
1439 1492 1545 1526 proprie
1560 1492 1686 1527 diapente
1703 1492 1730 1519 in
1748 1494 1870 1529 sesquiaL

1082 1543 1150 1568 tcra.
1169 1543 1192 1565 el
1211 1537 1376 1564 diatessaron
1394 1537 1420 1563 in
1442 1537 1610 1572 sesquiterlia
1625 1539 1803 1573 proportione
1816 1547 1870 1567 oon.

240 1583 301 1623 tari.
318 1594 383 1622 Nam
400 1595 421 1621 si
438 1600 453 1620 ε.
464 1594 490 1622 in
505 1602 538 1622 eo
552 1599 694 1627 statuatur,
710 1594 835 1629 quohiam
849 1598 890 1622 est
904 1595 928 1622 ei
942 1595 1029 1622 minor

1082 1584 1160 1612 sistit.
1186 1584 1314 1616 Quoniam
1340 1583 1411 1610 enim
1437 1583 1505 1610 inter
1528 1588 1654 1619 utrasque
1675 1586 1873 1620 proportiones,

241 1641 378 1673 continua,
393 1640 420 1667 id
434 1643 475 1667 est
489 1640 672 1672 diatessaron,
689 1647 741 1667 non
757 1640 888 1668 locabitur
900 1639 1027 1675 diapente

241 1683 265 1714 In
280 1687 390 1713 minimo
404 1685 556 1720 multiplici,
572 1685 597 1712 id
612 1689 654 1712 est
664 1685 777 1720 duplici,
788 1685 890 1713 scilicet
902 1689 931 1713 ut
944 1686 980 1713 sit
990 1686 1029 1713 lo-

242 1740 290 1761 cus
308 1740 361 1767 quo
380 1732 545 1759 diatessaron
564 1732 737 1759 consonantia
759 1732 843 1767 possit
860 1732 956 1767 aptari.
977 1732 1030 1760 Sed

244 1778 410 1807 diatessaron
426 1778 600 1806 consonantia
620 1779 775 1812 multiplicis
788 1779 893 1813 generis
909 1787 961 1806 non
978 1784 1029 1807 est.

244 1826 371 1860 Quocirca
387 1833 436 1853 nec
451 1825 592 1859 diapente,
612 1826 639 1852 in
655 1825 755 1860 majore
769 1825 922 1853 habitudine
943 1825 1033 1853 multi-

244 1872 319 1908 plicis
333 1879 412 1905 quam
429 1875 469 1899 est
482 1871 561 1905 dupla
577 1879 637 1906 quas
652 1871 761 1898 minima
775 1875 826 1903 est,
837 1871 922 1905 aptari
934 1877 1030 1905 potest.

244 1917 270 1945 Si
285 1917 365 1952 igitur
376 1916 499 1952 diapente
513 1917 538 1943 in
555 1917 673 1947 minima.
690 1916 788 1944 scilicet
802 1916 891 1950 dupla,
907 1916 1034 1944 diatessa-

245 1969 292 1992 ron
306 1972 380 1996 vero,
391 1971 450 1999 qua:
466 1963 557 1990 minor
564 1967 615 1995 e~t,
632 1964 658 1990 in
671 1970 695 1989 m
709 1962 809 1995 «ltiplici
824 1962 931 1998 quidem
948 1963 1034 1998 aptari

246 2016 298 2037 non
312 2014 409 2043 potest.
431 2008 487 2036 Non
501 2013 543 2036 est
559 2008 629 2035 enim
646 2008 789 2043 quidquam
811 2016 898 2036 minus
913 2016 928 2034 a
943 2016 972 2036 se
986 2009 1035 2037 du-

246 2056 319 2091 plici.
345 2055 381 2082 Sit
398 2055 477 2088 igitur
490 2055 676 2089 st-squialtera,
689 2059 767 2082 tonus
779 2063 841 2082 vero
855 2056 1033 2090 sesquitertia,

247 2098 272 2129 In
286 2102 411 2128 continua
422 2101 493 2128 eniut
506 2100 679 2135 proportione
693 2100 833 2127 localtitur.
848 2101 900 2128 Sed
914 2101 967 2128 duo
980 2108 1035 2129 ses—

249 2146 365 2183 qttitertii
379 2146 498 2181 ampliore
509 2155 521 2173 s
536 2151 598 2173 sunt
613 2154 667 2173 uno
683 2147 870 2181 sesquialtero.
886 2147 943 2174 Duo
957 2147 1039 2183 igitur

248 2194 303 2222 toni
317 2201 396 2221 unam
418 2193 585 2221 diatessaron
605 2193 806 2220 consonantiam
824 2193 946 2226 vincent,
967 2194 1038 2229 quod

251 2240 321 2267 ttulla
335 2239 438 2266 ratione
451 2239 599 2273 continget.
613 2238 651 2265 Ex
664 2238 705 2266 his
719 2239 798 2274 igitur
809 2239 972 2273 approhatttr
983 2239 1040 2266 dia-

251 2292 330 2320 pente
349 2292 380 2312 ac
401 2285 566 2312 diatessaron
588 2285 614 2312 in
635 2284 774 2318 multiplici
795 2292 894 2319 genere
913 2285 1038 2314 collocari

252 2339 304 2358 tton
317 2338 394 2364 posse
408 2339 415 2358 :
428 2331 553 2365 quocirca
568 2330 594 2357 itt
610 2329 844 2364 superparticulati
858 2330 1042 2365 inthualitatis

253 2385 350 2412 genere
363 2376 424 2411 jure
438 2381 577 2411 ponentur.

537 2442 648 2471 CAPUT
666 2442 759 2470 XXIII.

299 2488 488 2516 Demomtratio
502 2487 621 2522 diapente
639 2494 662 2515 et
678 2488 836 2515 diatessaron
851 2487 877 2515 in
891 2488 1009 2515 maximis

435 2533 710 2569 superparlicularibus
726 2535 856 2562 collocari.

290 2592 354 2620 Illud
369 2600 474 2627 quoque
491 2592 643 2620 addendum
658 2591 673 2612 ἀ
688 2592 840 2619 necessario
853 2596 906 2625 est,
920 2592 1044 2626 quoniam

254 2639 276 2666 si
292 2639 415 2673 diapente
427 2646 458 2666 ac
473 2639 640 2666 diatessaron
662 2638 917 2672 superparticulares
932 2646 1046 2673 propor-

254 2686 341 2713 tiones
364 2690 465 2717 tenent,
489 2685 514 2712 in
540 2685 663 2712 maximis
687 2684 972 2717 su,tcrparticularilms
985 2692 1045 2719 pro-

254 2732 421 2767 portionibtts
435 2731 610 2761 collocantur.
628 2732 694 2758 Sunt
709 2735 797 2757 autem
813 2731 928 2759 maxime
942 2732 1046 2766 sesqui-

255 2778 339 2807 altera
357 2783 385 2806 et
401 2777 583 2814 sesquitertia.
613 2778 670 2806 Hoc
681 2785 747 2805 vero
763 2782 775 2797 ε
790 2778 979 2813 approbabitur
993 2779 1043 2806 hoc

292 2855 486 2892 {sublatoque
525 2855 539 2875 ι)
558 2855 720 2884 Privati-ibat.

255 2892 272 2917 1
285 2889 439 2926 υιιριὶωνη.’
466 2891 479 2911 ιι
496 2892 649 2927 Aptandam.
691 2892 698 2911 ¹
717 2889 902 2920 Cousonautiu.

761 2863 770 2877 ε
790 2856 820 2884 In
835 2865 863 2884 eo
876 2865 968 2892 genere
982 2856 1114 2892 statuitur.
1153 2854 1166 2875 δ
1183 2855 1370 2883 Necessarium.

945 2894 952 2917 l
972 2891 1179 2928 Camparaliouc.
1218 2892 1229 2910 λ
1245 2891 1275 2919 Et
1291 2891 1366 2919 illud.

1082 1630 1285 1665 sesquialterum
1306 1629 1410 1656 scilicet
1430 1634 1457 1656 et
1474 1630 1684 1664 sesquitcrtiam,
1701 1632 1875 1666 sesquiaan

1083 1682 1123 1704 cst
1139 1676 1224 1709 major
1237 1680 1263 1703 et
1279 1676 1450 1710 scsquitertia
1465 1676 1563 1707 minor,
1579 1676 1761 1710 quoniamque
1778 1678 1804 1704 in
1819 1685 1876 1705 con.

1084 1722 1213 1749 sonantiis
1226 1721 1349 1755 diaprnle
1366 1722 1461 1755 major,
1475 1721 1640 1748 diatessaron
1658 1722 1757 1756 minor,
1771 1729 1879 1759 apparet

1084 1768 1210 1802 majorem
1236 1767 1436 1801 proportionem
1462 1767 1568 1802 majori.
1589 1772 1615 1793 et
1634 1768 1765 1796 minorem
1784 1769 1880 1796 minori

1085 1822 1144 1842 esse
1167 1813 1350 1840 consonantia:
1366 1811 1379 1830 ιλ
1393 1813 1547 1846 optandum.
1572 1813 1630 1841 Erit
1653 1813 1730 1848 igitur
1752 1814 1882 1849 diapente

1085 1859 1191 1895 quidem
1201 1859 1226 1885 in
1233 1858 1404 1893 sesqttiallera
1411 1879 1418 1890 ,
1426 1858 1592 1886 diatessaron
1600 1865 1666 1886 vero
1675 1859 1697 1885 in
1706 1859 1882 1893 proportione

1086 1904 1253 1938 scsqnitertia
1276 1903 1442 1931 collocanda.
1472 1903 1548 1937 Quod
1568 1903 1590 1930 si
1610 1902 1777 1931 diatessaron
1794 1911 1810 1931 a
1824 1904 1883 1932 dia-

1087 1955 1168 1985 pente
1189 1949 1196 1968 ἱ
1213 1949 1415 1977 consonantiam
1429 1949 1627 1982 subtraltamus,
1646 1950 1809 1984 relinquitur
1826 1958 1883 1985 spa‘

1088 1997 1164 2029 tium,
1180 1996 1255 2031 quod-
1267 1996 1362 2023 dicitur
1374 2000 1465 2024 tonus.
1480 1995 1688 2030 Sesquitertium
1706 2004 1773 2024 vero
1786 1997 1808 2024 si
1823 2004 1881 2031 pro«

1089 2040 1203 2076 portioni
1223 2041 1408 2076 sasquialterte
1426 2041 1588 2074 minuamus,
1606 2041 1769 2073 relinquitur
1785 2041 1880 2076 sesqui-

1088 2093 1180 2115 octava
1200 2087 1345 2123 proportio.
1380 2088 1439 2121 Quo
1454 2087 1482 2115 lit
1503 2092 1532 2115 ut
1546 2092 1626 2116 tonus
1650 2087 1680 2116 in
1702 2090 1884 2124 sesquioctava

1089 2133 1186 2162 debeat
1202 2134 1209 2158 l
1231 2133 1336 2161 ratione
1350 2132 1489 2161 constitui.
1721 2142 1724 2145 ·

1378 2199 1491 2228 CAPUT
1511 2199 1595 2228 XXV.

1139 2258 1271 2294 Diapason
1283 2266 1313 2286 ac
1323 2258 1444 2294 diapente
1467 2258 1495 2285 in
1508 2257 1585 2293 triplo
1596 2258 1765 2293 proportione
1778 2267 1845 2295 esu,

1301 2304 1339 2332 bis
1351 2305 1478 2341 diapason
1492 2305 1519 2331 in
1529 2304 1685 2340 quadrupla.

1095 2367 1099 2370 ”
1129 2361 1181 2390 Sed
1203 2362 1329 2397 quoniam
1345 2361 1554 2390 demonstratum
1578 2367 1620 2390 est
1635 2362 1767 2398 diapason
1786 2364 1890 2399 quidam

1095 2408 1218 2442 duplam,
1241 2407 1366 2443 diapente
1391 2414 1455 2435 vero
1473 2407 1685 2443 sosquialteram,
1703 2411 1814 2442 junctas
1832 2417 1892 2439 vero

1095 2456 1204 2491 duplam
1215 2463 1247 2483 ac
1257 2455 1459 2490 sesquialteram
1471 2455 1602 2490 triplicem
1615 2457 1818 2490 proportionem
1829 2463 1892 2492 pro-

1096 2510 1199 2537 creare,
1209 2509 1241 2530 ex
1254 2501 1295 2528 Itis
1307 2500 1319 2520 ἰ
1331 2501 1410 2528 etiam
1423 2508 1528 2535 appare-
1543 2501 1668 2534 diapente
1679 2508 1710 2528 ac
1721 2502 1854 2537 diapasm
1867 2503 1893 2530 in

1097 2548 1194 2583 triplici
1212 2549 1384 2582 proportione
1397 2547 1534 2574 couSIittti.
1552 2547 1604 2575 Sed
1615 2549 1636 2575 si
1647 2548 1706 2582 quis
1718 2548 1816 2576 trinl'ri
1829 2557 1892 2583 pro-

1097 2594 1211 2628 portioni
1231 2593 1428 2625 sesquitertiam
1448 2593 1632 2621 habitudinem
1646 2594 1753 2629 jungat.
1776 2597 1892 2629 quadru-

1099 2639 1168 2673 plam
1185 2639 1256 2666 iacit.
1279 2638 1359 2669 Igitur
1373 2638 1396 2666 si
1411 2638 1537 2673 diapente
1551 2646 1582 2666 ac
1596 2639 1657 2673 tliap
1675 2647 1725 2666 son
1740 2647 1892 2667 consonan-

1098 2687 1142 2714 tiis
1155 2685 1322 2713 diatessaron
1341 2685 1500 2720 symphonia
1515 2685 1651 2720 jungatur,
1668 2685 1697 2713 lit
1712 2685 1891 2718 quadruplum

1097 2735 1212 2768 spatium
1227 2740 1333 2766 vacum,
1348 2732 1419 2768 quod
1439 2733 1479 2760 bis
1492 2732 1622 2768 diapaSon
1639 2740 1718 2767 supra
1733 2740 1797 2761 esse
1813 2740 1890 2760 mon-

1097 2780 1250 2807 stravimus.

1411 2861 1423 2875 ο
1438 2856 1612 2893 Approbalur.
1653 2855 1664 2877 ¹
1683 2856 1844 2886 Statuam.
