4022 6366
474 250 613 319 1219

472 360 879 425 consonantiam
905 366 1110 413 tenens.
1140 352 1289 407 Nunc
1313 352 1472 420 igitur
1494 348 1627 401 duas
1649 343 2048 414 sesquioctavas
2157 335 2323 425 illi)"

474 456 849 527 prupurtioues
876 450 939 502 ad
974 447 1076 503 192
1124 445 1334 500 duobus
1366 458 1422 497 se
1450 441 1688 495 numeris
1718 434 2054 490 continentes

474 522 592 604 rato
608 544 794 599 ordine
811 542 1171 600 collocemus;
1204 538 1331 589 ftant
1359 534 1516 603 igitur
1540 540 1622 586 ter
1648 530 1737 595 72,
1760 527 1809 581 id
1829 522 2051 581 est2l6.

473 640 679 695 Rursus
713 646 793 690 ter
822 636 910 700 8|,
945 632 1036 704 qui
1076 638 1202 687 sunt
1246 628 1386 693 245,
1419 626 1509 697 qui
1565 626 1704 679 inter
1733 621 1869 677 duos
1895 630 2059 689 supra

472 727 698 796 scriptos
740 721 998 780 terminos
1044 720 1379 777 collocentur
1406 713 1508 769 hoc
1536 710 1698 789 modo
1730 728 1741 764 :
1772 707 1895 774 192,
1925 706 2050 771 216,

472 819 595 889 245,
624 816 752 873 256.

573 1194 1614 1293 ῖ”’“Ῑᾶἷ”’Ῑ’“Ἷὲἦξ“”ῖ“““ἓῐὲ”““1
1735 1212 1826 1260 256
1944 1194 1955 1272 1

475 1276 2051 1307 ___‘__;__'____._—'__————'-—————"

481 1381 862 1395 —-

475 1468 529 1523 In
577 1468 676 1523 hac
712 1463 1064 1530 dispositione
1106 1458 1534 1530 praportionum,
1576 1453 1782 1523 primus
1807 1462 2064 1505 numerus

474 1558 537 1613 ad
576 1566 904 1627 postremum
946 1553 1279 1608 diatessaron
1318 1542 1594 1601 constituit
1631 1540 2060 1597 consonantiam.

476 1653 618 1709 Idem
652 1666 784 1707 vero
803 1651 1007 1721 primus
1036 1646 1101 1700 ad
1133 1642 1449 1705 secundum,
1481 1649 1532 1694 et
1560 1636 1832 1692 secundus
1863 1632 1930 1687 ad
1960 1639 2067 1685 ter-

474 1746 603 1824 tium
629 1743 873 1814 geminos
897 1750 922 1778 ι
944 1738 1273 1794 constituunt
1304 1744 1474 1788 tonos.
1508 1729 1729 1784 Constat
1758 1726 1917 1797 igitur
1942 1738 2064 1793 spa-
2098 1740 2147 1801 Β
2202 1726 2569 1824 Ἐξιῖὲῂῶ

480 1822 602 1895 .ium
631 1836 771 1907 quod
800 1833 1122 1904 relinquitur
1158 1844 1228 1884 ex
1256 1827 1365 1882 245
1394 1826 1457 1880 ad
1497 1823 1626 1891 256,
1661 1823 1714 1877 in
1743 1820 1935 1890 quibus
1965 1818 2070 1873 nti-
2122 1814 2129 1819 ’

474 1931 601 1986 nimi
627 1923 897 1984 semitonii
925 1924 1094 1980 forma
1120 1918 1395 1978 consistit.

1009 2011 1240 2071 CAPUT
1282 2006 1520 2067 XXVIII.

477 2114 937 2172 Demonstrationes
956 2128 1057 2166 non
1078 2123 1187 2164 esse
1208 2124 1227 2162 :
1247 2106 1356 2162 245
1382 2104 1450 2158 ad
1466 2101 1573 2159 256
1595 2099 1704 2169 ιριιὲ
1723 2096 2066 2153 medietatem.

546 2206 801 2279 Approbo
831 2202 992 2274 igitur
1019 2200 1129 2255 245
1152 2199 1221 2255 ad
1246 2197 1353 2254 256
1378 2194 1683 2253 distantiam
1704 2206 1809 2246 non
1838 2202 1961 2245 esse
1986 2187 2069 2243 in-

460 2303 677 2371 'legrum
710 2300 819 2354 tuni
845 2294 1008 2353 medii
1032 2290 1450 2349 dimensionem.
1477 2287 1687 2343 Etenim
1713 2284 2067 2340 ducentorum

477 2392 821 2465 quadraginta
863 2390 1021 2443 trium
1064 2396 1116 2440 et
1158 2384 1513 2439 ducentorum
1552 2378 1641 2445 56,
1674 2374 1974 2433 differentia
1999 2373 2068 2439 15

477 2494 680 2559 tantum
720 2480 1018 2540 unitatibus
1055 2476 1381 2534 continetur.
1455 2472 1557 2542 Qui
1599 2469 1856 2527 tredecim
1886 2468 2066 2523 minus

478 2579 691 2652 quidem
729 2590 889 2648 quam
930 2572 1156 2628 minoris
1193 2577 1439 2625 octavam
1466 2565 1750 2631 decimam,
1786 2562 1905 2630 plus
1936 2574 2066 2615 vero

478 2688 635 2744 qttam
683 2685 881 2745 ponam
932 2667 1194 2724 decimam
1225 2662 1473 2731 obtinent
1526 2668 1755 2730 partem.
1823 2656 1880 2712 Si
1922 2656 2064 2711 enim

480 2769 643 2837 octies
682 2765 860 2835 decies
906 2759 1165 2831 tredecim
1209 2757 1394 2827 ducas,
1439 2753 1645 2811 efﬁcies
1677 2751 1805 2821 254,
1835 2752 1925 2824 qui
1958 2748 2066 2806 245

479 2864 623 2920 nullo
660 2859 823 2927 modo
868 2856 1127 2927 aequabit;
1179 2854 1223 2923 si
1263 2852 1445 2909 decies
1489 2848 1680 2905 novies
1720 2844 2064 2917 multiplices,

480 2952 854 3028 tupervadent,
888 2964 1005 3021 cum
1041 2952 1289 3017 oporteat
1315 2956 1475 3015 omne
1506 2937 1871 3009 semitonium,
1899 2937 1945 2993 si
1982 2943 2064 2992 ta-

480 3054 598 3104 men
630 3047 892 3115 integrum
922 3039 1032 3111 toni
1058 3038 1337 3105 dimidium
1369 3043 1536 3102 tenet,
1568 3032 1708 3087 inter
1733 3037 1938 3087 sextam
1966 3034 2064 3083 dea

481 3142 670 3199 simam
693 3146 899 3210 partem
922 3149 987 3191 ac
1014 3133 1293 3205 septimam
1323 3129 1585 3184 decimam
1617 3124 1888 3182 collocari.
1914 3119 2068 3191 Quod

482 3212 744 3302 posterius
772 3222 1245 3285 demonstrabitur.
1296 3219 1449 3275 Nunc
1476 3216 1605 3273 illud
1636 3216 1861 3289 liquebit
1898 3214 2060 3269 talem

482 3322 747 3382 temitonii
777 3320 1083 3385 distantiam
1123 3315 1337 3371 sibimet
1374 3312 1722 3389 geminatam,
1752 3325 1915 3381 unum
1960 3306 2069 3364 toni

483 3418 707 3491 tpatium
738 3429 844 3473 non
876 3426 1031 3484 posse
1057 3410 1351 3479 complere.
1412 3407 1524 3476 Age
1546 3403 1689 3459 enim
1719 3411 1775 3457 ut
1795 3416 1917 3457 sese
1959 3400 2073 3455 256

485 3509 544 3564 td
568 3508 677 3565 245
705 3506 924 3577 habent,
956 3504 1090 3559 tales
1114 3500 1247 3557 duas
1280 3498 1494 3556 sibimet
1536 3496 1820 3551 continuas
1848 3507 2072 3565 propor-

485 3603 673 3671 tiones,
706 3599 1001 3667 secundum
1027 3595 1276 3665 superius
1302 3592 1631 3664 descriptam
1678 3592 1917 3663 regulam
1962 3590 2074 3647 dis-

486 3709 763 3766 ponamus;
791 3692 896 3753 200
921 3692 1062 3761 enim
1087 3698 1141 3746 et
1163 3688 1233 3759 50
1254 3698 1307 3753 et
1330 3687 1362 3742 6
1385 3687 1437 3757 iu
1470 3687 1787 3755 semctipsos
1816 3683 2073 3755 multipli-

485 3803 685 3853 cuuus,
734 3797 789 3841 et
825 3786 894 3855 sit
939 3782 1203 3845 maximus
1254 3779 1515 3836 terminus
1560 3777 1755 3834 65556.
1806 3777 1936 3833 Item
1964 3775 2075 3831 245

487 3885 695 3957 propria
748 3883 1133 3945 numerositate
1190 3888 1561 3947 concrescant,
1587 3888 1640 3935 et
1698 3876 1767 3931 sit
1820 3873 2075 3930 minimus

487 3981 741 4034 terminus
772 3975 970 4032 59049.
1006 3974 1213 4033 Rursus
1259 3974 1417 4044 igitur
1456 3971 1564 4028 256
1606 3969 1673 4026 ad
1720 3969 2073 4029 ducentorum

488 4075 550 4130 I5
579 4071 605 4110 δ
638 4071 1029 4128 multitudinem
1073 4078 1442 4133 concrescant.
1476 4066 1592 4125 Erit
1638 4065 1793 4137 igitur
1822 4076 2075 4129 numerus

490 4164 688 4227 62.208;
723 4162 807 4216 hic
829 4162 988 4233 igitur
1018 4162 1225 4216 medius
1252 4160 1547 4215 collocetur
1574 4157 1673 4217 hoc
1698 4158 1856 4213 modo
1882 4172 1894 4209 :

620 4274 629 4351 Ι
765 4285 920 4351 65556
1057 4266 1360 4351 Ις“ίί62εοε
1496 4269 1506 4347 ι
1647 4266 1949 4351 seetsgggit

490 4383 539 4444 In
566 4391 753 4446 eadem
797 4389 955 4461 igitur
996 4399 1121 4443 sunt
1148 4388 1499 4458 proportione
1528 4386 1743 4441 ducenti
1770 4385 1839 4439 56
1868 4390 1923 4438 et
1944 4382 2075 4447 245,

492 4482 544 4536 In
586 4496 687 4550 qua
725 4481 898 4537 65556
929 4483 995 4536 ad
1033 4479 1248 4544 62208;
1293 4490 1347 4535 et
1380 4480 1505 4534 item
1552 4478 1725 4534 62208
1767 4476 1833 4530 ad
1877 4474 2075 4530 59049.

491 4570 593 4630 Sed
626 4574 887 4629 maximus
902 4588 1087 4629 eorum
1113 4574 1392 4639 terminus,
1425 4572 1515 4642 qui
1544 4580 1629 4627 est
1654 4569 1849 4636 65556,
1883 4569 1949 4623 ad
1978 4569 2079 4623 mi-
2106 4564 2163 4639 D

493 4670 689 4724 nimum
718 4668 805 4738 qui
836 4678 919 4725 est
946 4667 1146 4737 59049,
1201 4685 1367 4733 unum
1412 4671 1677 4738 integrum
1719 4683 1823 4722 nou
1854 4676 1878 4705 ε
1911 4665 2080 4721 efﬁcit

492 4776 692 4823 tonum.
730 4767 881 4834 Quod
920 4767 967 4821 si
1001 4767 1161 4838 primi
1194 4768 1259 4823 ad
1304 4767 1595 4824 secundum
1641 4766 1938 4838 proportio,
1961 4777 2081 4835 quae

492 4872 567 4915 est
596 4876 743 4929 aequa
776 4860 997 4915 set-undi
1027 4862 1090 4914 ad
1117 4861 1331 4916 tertium
1362 4860 1713 4929 proportioni,
1737 4858 1929 4928 integri
1960 4872 2082 4914 esse

492 4954 758 5017 teiiiitonii
791 4953 1128 5024 probaretur,
1168 4955 1275 5008 duo
1320 4954 1537 5010 dimidia
1575 4954 1759 5025 juncta
1789 4968 1954 5009 unum
1984 4966 2082 5008 ne-

493 5047 724 5099 cessario
756 5044 1038 5100 efficerent
1079 5054 1283 5100 tonum.
1324 5046 1476 5101 Nunc
1511 5056 1688 5102 autem
1718 5060 1840 5102 cum
1873 5060 1976 5101 non
2008 5045 2081 5101 sit

494 5146 855 5192 extremorum
923 5138 1275 5193 Ierminorum
1348 5141 1718 5210 sesquioctava
1782 5138 2079 5211 proportio,

497 5230 833 5286 manifestum
865 5240 947 5287 est
980 5234 1092 5286 tunc
1122 5231 1230 5286 duo
1267 5234 1435 5305 Spatia
1465 5235 1679 5304 pr0prie
1718 5226 1966 5288 tonorum
1996 5233 2082 5286 di-

498 5326 654 5380 tuitlia
705 5342 808 5381 non
852 5327 1041 5383 videri.
1083 5326 1350 5399 Quidquid
1399 5329 1541 5383 enim
1590 5327 1954 5398 cujuscunque
2003 5335 2085 5381 est

497 5421 793 5487 dimidium,
820 5423 869 5477 id
898 5423 944 5478 si
967 5423 1266 5493 duplicetur
1292 5422 1419 5477 illud
1444 5420 1629 5484 efficit,
1655 5416 1684 5458 ἀ
1714 5420 1865 5490 cujus
1889 5418 2087 5474 dicitur

497 5531 612 5570 esse
644 5516 944 5572 dimidium.
987 5518 1042 5573 Si
1071 5532 1197 5573 vero
1238 5516 1366 5571 illttd
1395 5515 1620 5586 implere
1650 5531 1754 5569 non
1791 5515 1958 5585 possit
1989 5528 2084 5584 ge-

497 5610 692 5664 minata
729 5612 1021 5699 particula,
1063 5616 1239 5668 minus
1281 5621 1363 5667 est
1406 5620 1556 5683 parte
1585 5609 1827 5668 dimidia.
1866 5612 1922 5673 Si
1953 5626 2085 5666 vero

1709 204 2528 282 AN.MANL.SEV.BOETH

3629 194 3767 249 1220

2329 320 2453 373 fluat
2494 332 2558 372 ac
2602 314 2945 384 supervadat,
2984 313 3105 383 plus
3147 319 3233 368 est
3269 316 3425 381 parte
3464 307 3688 364 dimidia
3716 318 3762 365 σ.

2156 415 2425 471 Praeterea
2439 410 2808 481 probabuntur
2824 406 3001 463 65556
3015 422 3121 461 non
3135 404 3316 461 facere
3335 404 3763 474 sesquioctavam

2159 507 2585 577 proportionem.
2628 502 2682 556 Si
2726 500 2903 556 59049
2947 498 3244 554 unitatibus
3283 506 3691 566 comparentur,
3720 495 3763 550 si

2158 609 2346 656 octava
2396 614 2519 671 pars
2565 595 2776 661 59049,
2819 594 3025 651 eisdem
3068 591 3364 647 secundum
3403 604 3498 645 eas
3544 603 3668 657 quae
3716 589 3763 644 in

2159 694 2515 751 arithmeticis
2542 693 2701 749 dictae
2729 700 2856 746 sunt
2882 687 3101 759 regulas
3127 697 3439 757 aggeretur.
3470 682 3605 751 Quae
3635 698 3763 751 quo-

2160 791 2302 846 niam
2334 789 2387 844 in
2418 788 2642 857 integris
2671 784 2911 840 numeris
2943 798 3048 837 non
3079 781 3348 845 consistit,
3377 777 3585 833 idcirco
3623 792 3764 831 eam-

2160 884 2285 938 dem
2307 891 2550 938 octavam
2579 888 2785 951 partem
2808 874 3162 948 relinquimus
3184 874 3448 929 lectorum
3475 869 3764 941 diligentia

2162 973 2599 1044 computandum.
2657 972 2848 1041 Liquet
2877 969 3037 1040 igitur
3062 982 3182 1023 eam
3214 964 3623 1035 preportinnem
3650 976 3764 1034 qua

2162 1068 2216 1122 in
2228 1066 2501 1121 256M245
2520 1073 2604 1119 est
2621 1059 3052 1131 constituta,|non
3070 1073 3191 1114 esse
3203 1059 3471 1125 integrum
3486 1055 3764 1121 dimidium

2166 1158 2299 1223 toni;
2326 1158 2579 1227 quocirca
2610 1156 2663 1211 id
2688 1156 2831 1225 quod
2863 1167 2991 1209 vere
3018 1151 3366 1207 semitonium
3397 1159 3764 1218 nuncupatur,

2167 1268 2290 1323 pars
2319 1253 2431 1327 toni
2462 1251 2637 1305 minor
2658 1258 2743 1305 est
2763 1262 2924 1317 quam
2951 1246 3193 1301 dimidia.

2814 1362 3122 1413 Dill‘erentlae

2458 1474 2608 1525 15196

2670 1667 3132 1782 [λέξὲξέῇῳψυψηι
3177 1662 3624 1782 λχξεεὲᾗξρῂωηι
3668 1662 3751 1782 1’-

2232 1692 2598 1752 Senust

2177 2300 2198 2342 ⁸
2224 2300 2544 2373 (Pinxissem
2590 2309 2761 2357 totum
2785 2302 3015 2373 spatium
3048 2303 3176 2359 toni.
3212 2304 3285 2358 At
3315 2303 3544 2373 minimus
3566 2305 3744 2361 termi'

2171 2410 2273 2449 nus
2299 2404 2421 2475 puta
2451 2392 2625 2450 59049
2656 2393 3050 2464 praecedentem
3082 2397 3499 2465 sesquiomavam
3523 2413 3631 2465 non
3659 2396 3753 2452 Ita-

2170 2487 2284 2553 bet,
2316 2504 2437 2545 cum
2471 2489 2583 2558 ipse
2611 2487 2678 2543 Sit
2705 2488 2923 2558 quintus
2953 2490 3384 2561 sesq-uioctavus,
3414 2492 3584 2563 quinti
3616 2502 3760 2549 uctu~

2171 2580 2267 2653 pli.
2300 2581 2369 2637 Ut
2392 2580 2449 2637 id
2477 2581 2530 2637 in
2560 2581 2785 2663 figurula
2813 2591 2938 2639 ante
2959 2583 3102 2666 picta
3122 2568 3472 2656 comperies.)

2744 2734 2971 2801 CAPUT
3011 2743 3203 2801 XXIX.

2170 2833 2253 2889 De
2275 2836 2471 2905 majore
2491 2842 2635 2905 parte
2648 2836 2753 2890 toni
2784 2836 2840 2889 in
2865 2836 3043 2906 quibus
3066 2838 3292 2892 minimis
3310 2840 3543 2894 numeris
3563 2852 3765 2901 constet.

2245 2947 2474 3019 Reliqua
2503 2947 2663 3019 igitur
2692 2962 2835 3018 pars,
2868 2964 2987 3018 quas
3014 2950 3189 3020 major
3211 2961 3316 3015 est,
3351 2962 3613 3023 apotome
3651 2972 3764 3010 nun

2172 3052 2405 3097 cuoatur
2430 3056 2461 3094 a
2485 3039 2712 3107 Graecis,
2743 3055 2771 3094 a
2800 3040 2956 3097 nobis
2984 3057 3112 3097 vero
3137 3052 3314 3113 potest
3338 3047 3526 3101 vocari
3553 3026 3773 3105 decisio.

2176 3134 2235 3190 Id
2275 3135 2417 3191 enim
2460 3142 2646 3189 natura
2682 3133 2805 3199 fert,
2830 3144 2889 3189 ut
2915 3137 3166 3205 quotiens
3190 3137 3389 3209 aliquid
3431 3152 3672 3205 secatur.
3702 3143 3763 3200 ita

2174 3238 2238 3284 ut
2265 3245 2370 3283 non
2396 3227 2565 3298 aequis
2611 3227 2849 3313 partibus
2889 3228 3179 3297 dividatur,
3212 3242 3404 3303 quarto
3444 3235 3631 3292 minor
3660 3251 3770 3305 pars

2175 3321 2400 3378 dimidio
2447 3322 2622 3377 minor
2664 3331 2765 3387 est,
2817 3330 2965 3377 tanto
3011 3322 3184 3395 major
3229 3340 3355 3395 pars
3393 3328 3620 3399 eadem,
3664 3345 3771 3399 qua

2178 3418 2386 3474 auctior
2411 3428 2514 3488 est,
2547 3416 2825 3472 dimidium
2854 3418 3051 3473 vincat.
3076 3420 3343 3486 Quantum
3374 3422 3539 3490 igitur
3562 3427 3772 3479 semito-

2179 3514 2328 3569 nium
2369 3512 2545 3568 minus
2587 3513 2796 3583 integro
2832 3512 3055 3569 dimidio
3096 3516 3207 3572 toni
3255 3518 3434 3574 minus
3479 3531 3583 3584 est,
3635 3534 3776 3578 tante

2178 3614 2433 3676 apotome
2472 3604 2583 3661 toni
2623 3606 2890 3677 integrum
2932 3619 3153 3678 superat
3187 3610 3468 3668 dimidium
3499 3626 3551 3669 et
3586 3618 3777 3673 vincit.

2180 3697 2250 3773 Et
2295 3698 2547 3775 quoniam
2594 3697 2875 3754 docuimus
2936 3702 3281 3759 semitonium
3334 3706 3383 3761 in
3421 3706 3527 3762 256
3571 3717 3629 3763 et
3668 3709 3780 3773 245

2180 3788 2548 3860 principaliter
2574 3798 2739 3856 stare,
2772 3804 2915 3853 nunc
2943 3806 3003 3847 ea
3031 3807 3150 3863 quae
3178 3803 3432 3866 apotome
3456 3772 3699 3855 dicitur.
3725 3800 3779 3857 In

2180 3881 2376 3950 quibus
2398 3880 2569 3951 possit
2592 3878 2827 3935 minimis
2854 3891 3104 3938 constare
3126 3887 3367 3941 numeris
3393 3890 3777 3958 approbemus.

2180 3972 2236 4029 Si
2260 3974 2418 4043 igitur
2435 3971 2542 4028 245
2564 3981 2767 4043 partem
2792 3973 3035 4045 recipere
3054 3984 3295 4033 octavam
3322 3992 3548 4049 possent
3566 3998 3684 4037 cum
3710 3984 3775 4041 ad

2180 4079 2304 4120 eum
2346 4065 2756 4135 sesquioctavus
2805 4081 3058 4139 numerus
3100 4082 3473 4143 comparetur,
3516 4085 3635 4130 tunc
3669 4075 3771 4130 256

2181 4156 2439 4215 habitudo
2465 4158 2532 4212 ad
2556 4157 2983 4229 sesquioctavam
3010 4175 3274 4219 summam
3318 4165 3530 4220 minimi
3576 4166 3779 4225 numeri

2181 4264 2513 4324 comparata,
2554 4262 2836 4333 apotomei
2879 4257 3182 4312 necessaria
3205 4259 3414 4321 ratione
3434 4270 3785 4331 monstraret.

2181 4344 2336 4405 Nunc
2356 4360 2484 4402 vero
2504 4346 2755 4416 quoniam
2783 4346 2833 4402 ei
2858 4362 2981 4418 pars
3005 4357 3194 4406 octava
3216 4348 3409 4421 deesse
3429 4324 3791 4433 monstratur,

2183 4440 2397 4512 utrique
2428 4440 2636 4499 numeri
2664 4441 2832 4513 octies
2862 4442 3007 4499 fiant.
3043 4441 3112 4497 Et
3134 4458 3200 4500 ex
3227 4444 3333 4501 245
3362 4445 3589 4516 quidem
3620 4448 3792 4516 octies

2184 4533 2556 4603 multiplicatis
2611 4533 2667 4587 fit
2710 4549 2962 4591 numerus
3012 4534 3172 4599 1944.
3228 4535 3434 4604 Quibus
3483 4539 3529 4595 si
3575 4539 3793 4611 [impria

2188 4623 2498 4695 conteratur
2527 4631 2713 4687 Octava
2747 4625 2837 4697 qui
2869 4633 2994 4691 sunt
3034 4626 3163 4705 245,
3199 4626 3328 4695 ﬁent
3364 4628 3538 4685 2187.
3588 4630 3794 4707 Rursuq

2188 4715 2298 4772 256
2325 4731 2416 4785 per
2442 4717 2773 4781 octonarium
2796 4727 3062 4789 crescunt,
3089 4718 3221 4779 ﬁent
3243 4720 3404 4791 igitur
3426 4721 3595 4791 2048.
3622 4726 3795 4799 Atque

2192 4808 2280 4879 hic
2330 4808 2820 4881 suprascriptorum
2850 4811 3201 4881 terminorum
3244 4813 3295 4871 in
3323 4815 3505 4885 medio
3563 4819 3794 4885 colloces

2192 4908 2299 4957 ιω.

2343 5043 2353 5122 Ι
2414 5054 2738 5137 Semitonium
2761 5061 2921 5109 minus
2970 5043 3642 5137 ijotoTe—l

2344 5132 3639 5229 Γ’“““““”ῑδῖ-““““““Ἱ“““⁷”²“ῙΞ5’“⁷”“““’Ῑ

2343 5233 2356 5315 ι
2498 5238 2618 5296 iuit
2765 5235 2839 5313 ιΔ
2873 5233 3785 5323 5ξδῑξ--Ῑ-“-ξῑξῑ--ῑ-τ-η

2647 5350 2837 5413 primus
2870 5354 3117 5405 secundus
3158 5360 3332 5408 tertius

573 5763 591 5788 '
622 5752 905 5813 Constituit.
984 5755 1012 5795 δ
1045 5753 1394 5821 Multitudine.
1444 5763 1500 5831 ,ο
1532 5752 1746 5829 Επίοἱει.
1823 5756 1850 5795 (ί
1875 5755 2028 5832 Ejus.
2112 5766 2138 5803 ο
2162 5759 2472 5839 Propterea.
2550 5757 2822 5839 (Βαιήᾴ
2849 5758 3097 5833 ϐίονωηὶ
3127 5763 3348 5829 additio.
