4022 6366
392 342 397 349 ι
478 310 617 385 tam

425 5376 438 5521 i

1106 475 1435 555 CaPUTtL
1532 476 1597 507 ·“

490 718 560 765 Ea;
592 703 907 776 usquitertia
938 702 1259 776 proportione
1296 701 1505 776 sublatis
1532 700 1729 776 duobus
1760 704 1922 767 tonis,
1952 705 2059 757 torti

936 774 1204 826 dimidium
1234 788 1334 825 non
1361 774 1599 842 relinqui.

553 973 670 1028 Jam
720 989 846 1028 vero
900 975 945 1027 si
996 987 1117 1027 eos,
1149 987 1400 1027 numeros
1447 973 1797 1042 disponamus
1846 975 1933 1042 qui
1989 975 2056 1030 de

481 1065 817 1135 sesquitertia
847 1064 1186 1132 pronortione
1215 1064 1422 1119 duobus
1456 1066 1593 1118 tonis
1624 1066 1867 1120 retractis
1900 1068 2056 1122 relin-

480 1165 735 1223 quuntur,
767 1156 817 1209 in
852 1156 931 1209 his
960 1155 1299 1211 considerare
1331 1171 1611 1223 possumus
1643 1170 1817 1212 utrum
1844 1173 1906 1213 ea
1935 1175 2055 1228 pru-

414 1300 417 1303 ,
485 1246 657 1312 portio
692 1261 810 1315 qua:
853 1246 1129 1315 postduos
1162 1256 1314 1300 tonos
1339 1247 1675 1316 relinquitur,
1710 1248 1897 1318 integri
1941 1250 2056 1302 loco

482 1338 745 1392 semitonii
772 1344 1088 1401 censeatur;
1126 1338 1265 1407 quod
1308 1338 1351 1392 si
1378 1339 1445 1391 ita
1478 1348 1745 1407 repertum
1776 1340 1880 1405 sit,
1926 1340 2052 1395 illud

482 1448 693 1501 quoque
723 1441 803 1486 est
846 1433 1249 1500 comprobatum
1290 1431 1623 1486 diatessaron
1653 1435 2052 1488 consonantiam

483 1524 687 1577 duobus
718 1524 855 1577 tonis
885 1532 1043 1589 atque
1072 1521 1277 1591 integro
1314 1523 1596 1576 semitonio
1627 1524 1893 1593 copulari;
1932 1523 2054 1577 Erat

485 1614 641 1685 igitur
670 1616 915 1682 superius
964 1613 1223 1666 terminus
1255 1612 1457 1681 primus
1494 1613 1612 1665 I92.
1646 1613 1724 1666 Ad
1770 1613 1910 1667 hunc
1943 1628 2054 1666 ses-

483 1707 783 1776 quitertiam
826 1706 1220 1773 proportionem
1265 1705 1665 1759 teuebant236.
1699 1706 1802 1761 Sed
1833 1706 1898 1759 ad
1944 1709 2050 1776 pri-

484 1813 628 1850 mum
680 1796 959 1851 terminqu
1000 1795 1104 1848 216
1136 1794 1334 1849 iaciunt
1364 1804 1563 1849 tonum.
1610 1796 1688 1849 Ad
1730 1796 1834 1851 Ql6
1865 1813 2049 1850 rursus
2081 1786 2131 1843 Β

479 1888 586 1942 215
617 1890 724 1941 1οηὶ
756 1887 995 1941 obtinent
1026 1888 1227 1955 locum.
1267 1887 1357 1941 Est
1380 1882 1539 1956 igitur
1568 1888 1705 1955 quod
1740 1888 2057 1957 relinquitur

480 1996 541 2034 ex
573 1980 902 2033 diatessaron
938 1987 1043 2032 tota
1075 1981 1438 2049 proportione,
1471 1995 1531 2033 ea
1566 1981 1775 2035 sc'licet
1803 1980 2056 2033 habitudo

477 2087 595 2141 quae
628 2073 677 2125 in
706 2070 812 2125 215
838 2081 889 2125 et
917 2070 1024 2126 256
1053 2072 1341 2125 unitatibus
1375 2081 1602 2126 constat.
1639 2073 1761 2126 llaac
1808 2075 1966 2142 igitur
2009 2074 2052 2125 si

479 2162 731 2231 probatur
762 2161 949 2231 integri
982 2163 1089 2215 toni
1112 2176 1230 2216 0538
1253 2162 1552 2226 dimidium,
1577 2162 1807 2217 dubitari
1835 2178 1938 2217 non
1959 2177 2054 2231 po-

478 2262 580 2306 test
597 2250 924 2307 diatessaron
956 2267 1016 2303 ex
1047 2250 1253 2306 duobus
1275 2252 1415 2306 tonis
1444 2253 1831 2322 semiiouioque
1864 2262 1888 2291 τι
1918 2268 2041 2307 cun—

476 2350 640 2397 stare.
695 2342 951 2408 Quoniam
1019 2343 1177 2410 igitur
1217 2343 1636 2397 demonstratum
1684 2354 1765 2397 est
1814 2345 1920 2399 toni
1966 2345 2051 2396 di-

477 2418 697 2487 midium
730 2434 866 2487 inter
910 2434 1563 2501 sesquiscxtamdecimam
1609 2444 1664 2490 ct
1702 2438 2049 2506 sesquisepti-

477 2527 883 2581 tuamdeeimam
915 2528 1309 2596 proportionem
1335 2528 1527 2596 locari,
1553 2529 1619 2582 ab
1643 2533 1739 2583 hac
1767 2544 2047 2598 compara-

474 2620 614 2674 tione
666 2619 827 2674 etiam
862 2618 973 2674 [nec
1023 2621 1298 2689 proportio
1338 2620 1601 2676 metienda
1652 2631 1752 2676 est.
1796 2622 1874 2676 Ne
1904 2621 2046 2676 enim

475 2711 679 2781 longius
711 2710 1126 2780 progrediamur,
1176 2727 1331 2765 sumo
1372 2728 1437 2766 ex
1471 2713 1576 2766 ⁴2425
1620 2723 1862 2767 octavam
1903 2713 2047 2770 deci-

474 2820 612 2856 mam
646 2812 847 2873 partcm
870 2845 885 2867 ,
910 2818 973 2858 ea
997 2806 1052 2858 lit
1086 2806 1149 2857 15
1175 2813 1229 2858 et
1252 2805 1435 2859 semis.
1469 2806 1613 2860 llane
1638 2808 1681 2860 si
1708 2807 1912 2862 eisdem
1950 2824 2044 2877 ap-

473 2909 720 2962 posuero,
755 2894 882 2947 ﬁunt
908 2893 1012 2947 9.56
1038 2905 1091 2947 et
1121 2895 1563 2964 semis.,Apparet
1590 2899 1747 2967 igitur
1781 2899 2042 2953 minorem

472 2983 866 3054 pr0portioneni
890 2998 1009 3039 esse
1029 2982 1136 3038 9.56
1154 2984 1215 3038 ad
1234 2984 1339 3038 215
1365 2986 1935 3054 sesquioetavadecima
1953 2988 2044 3041 ha-

473 3072 727 3128 bitudine.
748 3073 906 3139 Quod
937 3074 981 3126 si
1004 3074 1253 3127 dimidius
1282 3083 1437 3129 tonus
1454 3076 1555 3145 maj
1584 3093 1623 3130 ir
1639 3076 1850 3146 quidem
1874 3086 1955 3132 est
1985 3078 2038 3133 in

470 3166 1032 3238 sesquisextadecima,
1061 3169 1235 3221 minor
1265 3182 1391 3221 vero
1420 3169 1469 3221 in
1510 3170 1914 3239 seSquiseptima
1947 3171 2039 3225 de-
2068 3143 2114 3205 C

471 3260 605 3313 cima
633 3261 993 3328 proportione.
1015 3260 1600 3333 Sesquioctayadecima
1623 3276 1750 3318 vero
1767 3262 1942 3317 minor
1960 3272 2043 3317 est

468 3352 1079 3421 sesquiseptimadccima
1133 3350 1479 3417 habitudine,
1532 3352 1880 3408 ducentorum
1912 3368 2042 3407 vero

468 3448 539 3503 56
569 3447 633 3500 ad
664 3446 920 3500 ducentos
949 3445 1016 3498 45
1042 3447 1388 3513 comparatio,
1420 3462 1535 3515 qua:
1562 3446 1764 3501 scilicet
1788 3448 2044 3515 relinqui-

469 3545 555 3590 tur
585 3553 649 3591 ex
675 3537 1004 3591 diatessaron
1034 3536 1240 3591 duobus
1278 3539 1516 3593 retractis
1547 3539 1685 3593 tonis
1705 3580 1719 3604 ,
1764 3542 1938 3598 minor
1954 3556 2042 3601 est

469 3626 1063 3695 sesquioctavadeeim-i.
1090 3628 1203 3681 Non
1234 3638 1317 3684 est
1343 3630 1562 3684 dubium
1590 3631 1717 3701 quin
1751 3633 1864 3689 lucc
1909 3637 2042 3693 duo-

468 3731 588 3770 rum
618 3732 957 3773 numerorum
1004 3722 1274 3791 proportio
1314 3723 1598 3778 scmitonio
1626 3725 1934 3796 longissime
1961 3731 2040 3785 di-

462 3809 721 3864 minutior
750 3811 836 3865 sit.

1068 4117 1296 4178 CAPUT
1333 4112 1421 4179 lll:

464 4303 736 4357 Adversum
790 4306 1149 4382 Aristoxenum
1192 4302 1665 4372 demonstrationes
1718 4324 2039 4382 diatessaron

531 4379 906 4452 consonantiam
937 4395 999 4431 ea:
1026 4379 1221 4433 duobus
1249 4384 1381 4436 tonis
1412 4396 1458 4438 et
1488 4392 1756 4445 semitam'o
1788 4412 1890 4449 non
1920 4379 2040 4452 coit;

531 4457 680 4508 stare,
710 4463 797 4498 nec
827 4449 1072 4515 diapason
1101 4466 1190 4504 sea:
1211 4455 1360 4507 (bnis.

528 4635 677 4701 Quod
701 4638 742 4691 si
771 4640 851 4703 (ut
872 4641 945 4694 ait
971 4644 1342 4720 Aristoxenus)
1370 4652 1705 4716 diatessaron
1731 4678 2032 4724 consonan-

456 4738 526 4791 tia
550 4752 615 4793 ex
655 4738 860 4795 duobus
891 4745 1027 4799 tonis
1056 4750 1445 4823 semitonioque
1491 4761 1863 4837 conjungitur,
1910 4770 2032 4827 dua:

455 4845 788 4903 diatessaron
834 4862 1066 4905 consona
1092 4855 1196 4909 illi!)
1246 4864 1550 4917 necessario
1595 4869 1827 4941 quinque
1878 4885 2033 4933 tonos

454 4948 723 5017 efficient,
777 4960 830 5005 et
856 4951 1103 5033 diapente
1149 4972 1213 5011 ac
1240 4959 1572 5020 diatessaron
1608 4968 1837 5040 junctae,
1885 4977 2026 5033 sicut

455 5064 615 5105 unum
642 5050 891 5121 diapason
927 5052 1182 5123 jungunt,
1221 5058 1291 5114 ita
1322 5075 1412 5116 sex
1437 5065 1576 5120 tonis
1618 5072 1864 5128 continua
1898 5092 2024 5145 pro-

454 5149 702 5212 portione
752 5164 1115 5221 corequantur.
1162 5156 1227 5210 Et
1266 5161 1516 5228 quoniam
1569 5169 1723 5235 paulo
1765 5182 1889 5228 ante
1935 5191 2029 5231 sex

452 5244 814 5314 disposuimus
846 5260 999 5309 tonos
1020 5295 1034 5319 ,
1081 5271 1309 5325 quorum
1341 5262 1592 5321 minimus
1634 5280 1750 5325 erat
1778 5288 2028 5333 numerus

452 5345 683 5411 262144,
713 5349 780 5404 ad
808 5349 950 5407 hunc
979 5368 1110 5409 vero
1135 5356 1352 5414 ultimus
1395 5362 1446 5415 in
1488 5368 1642 5421 sexto
1670 5371 2032 5432 collocabatur

473 5458 581 5499 ouo
610 5462 863 5507 numeras
916 5451 1149 5520 551441,
1183 5456 1424 5525 quintum
1456 5477 1582 5517 vero
1612 5467 1916 5529 retinebant
1946 5484 2031 5529 to-

454 5561 580 5602 num
607 5549 839 5621 472592,
871 5555 1223 5625 disponantur
1255 5560 1354 5617 hoc
1385 5565 1543 5621 modo
1586 5588 1608 5627 λ

530 5738 556 5766 ⁸
586 5729 889 5787 Cousistere.

1702 307 1810 362 AN.
1858 307 2064 362 MAN“
2105 306 2258 365 SEV.
2304 312 2526 367 BOETZI

2093 420 2139 478 Λ

2285 558 2353 607 To
2374 578 2444 609 tus
2470 568 2649 623 primus

2870 698 3689 751 5...-..29l912

2283 805 2445 853 'l'uuth
2469 806 2712 854 secundus

2952 931 3685 983 ._...55,17?6

2282 1048 2444 1098 Touus
2471 1056 2488 1099 l
2524 1052 2647 1099 ﬂius

3182 1163 3682 1216 573248

2284 1294 2445 1342 'l'ouus
2468 1304 2671 1356 quartus

2281 1538 2444 1587 Tenus
2464 1539 2662 1601 quintus

2794 565 3100 751 (κζ’-ῃ

2824 755 2920 1729 ἐξ

2278 1784 2444 1832 Tonus
2464 1796 2550 1830 sex
2578 1796 2634 1830 us

3175 1884 3663 1935 531441

2883 1925 3099 1943 ’νυ-ος-

2829 2094 2941 2159 Ξα
2960 2087 3079 2163 toni

2166 2688 2278 2775 __l
2472 2704 2657 2756 262m
2920 2697 2937 2774 1
3188 2710 3374 2760 472592
3574 2705 3586 2779 ι

2152 2781 2860 2872 ..Α-ἕῗὲὲξ
2921 2792 2933 2868 Ι
3152 2804 3371 2872 ίδδιείί
3572 2798 3588 2872 l

2148 2913 2297 2969 Nunc
2328 2915 2499 2985 igitur
2524 2915 2601 2971 "de
2640 2920 2936 2977 minoribus
2978 2924 3212 2977 numeris
3237 2964 3249 2985 ,
3295 2924 3347 2977 id
3375 2934 3459 2979 est
3495 2926 3723 2998 quinque

2150 3005 2311 3069 tonis,
2345 3005 2646 3072 loquamur.
2673 3008 2726 3062 Si
2760 3026 2887 3080 ergo
2913 3014 3244 3069 d'atessaron
3273 3015 3528 3073 duobust
3567 3022 3645 3074 nis
3664 3024 3722 3075 ac

2150 3095 2437 3149 setnitonio
2457 3136 2471 3160 ,
2519 3096 2599 3150 bis
2626 3114 2756 3154 vero
2783 3102 3115 3159 diatessaron
3148 3108 3380 3177 quinque
3412 3102 3722 3169 consisteret

2149 3184 2317 3249 tonis,
2340 3200 2459 3239 cum
2482 3202 2548 3241 ex
2569 3189 2782 3247 262144
2802 3194 3147 3251 diatessaron
3177 3198 3537 3266 intenderem,
3582 3194 3724 3258 cum-5

2144 3288 2249 3343 que
2271 3275 2340 3330 de
2385 3277 2596 3333 £73392
2626 3280 2767 3336 aliud
2806 3283 3140 3341 diatessaron
3180 3290 3535 3356 remitterem,
3586 3294 3718 3347 idem

2146 3367 2284 3421 inter
2313 3376 2592 3438 utramque
2622 3371 2971 3429 intentionem
3000 3378 3444 3436 remiss'onemve
3474 3392 3725 3438 numerus

2143 3455 2488 3515 inveniretur.
2515 3460 2569 3515 ld
2591 3471 2766 3518 autem
2782 3466 2851 3521 :ﬁt
2876 3466 2976 3522 hoc
2999 3470 3157 3524 modo
3182 3486 3196 3524 :
3226 3486 3253 3523 a
3277 3488 3505 3527 numero
3532 3477 3621 3545 qui
3642 3486 3721 3531 est

2141 3549 2353 3606 262144
2383 3552 2539 3609 besse
2577 3554 2909 3614 diatessaron
2954 3560 3204 3628 intendo,
3236 3564 3285 3617 id
3315 3574 3399 3618 est
3434 3568 3725 3634 sesquiter;

2146 3643 2295 3710 tium,
2329 3646 2416 3714 qui
2448 3646 2505 3701 111
2536 3648 2587 3702 in
2611 3649 2822 3706 5495ἳὸ
2848 3661 2903 3707 et
2933 3654 3148 3710 triente.
3177 3657 3383 3713 Rursus
3410 3660 3474 3713 de
3501 3660 3725 3715 472393

2143 3740 2381 3794 attuleris
2402 3742 2617 3797 remitto
2638 3746 3037 3813 sesquitertiam
3060 3750 3473 3819 proportionem,
3504 3767 3619 3821 qua:
3639 3754 3723 3807 sit'

2142 3830 2195 3884 in
2224 3831 2463 3898 554294,
2515 3835 2609 3889 bas
2631 3834 2797 3906 igitur
2820 3842 3201 3909 proportiones»
3239 3843 3581 3912 disponamus
3609 3845 3709 3899 hoc

2143 3920 2300 3974 modo
2321 3962 2335 3985 .
2382 3933 2435 3978 et
2465 3926 2534 3978 sit
2564 3926 2773 3993 primus
2799 3929 3012 3996 quidem
3052 3946 3307 3986 numerus
3333 3935 3371 3987 Α
3391 3976 3403 3992 ,
3453 3934 3721 3987 seeundns'

2143 4025 2269 4065 vero
2292 4012 2347 4074 Β,
2382 4015 2566 4070 tertius
2590 4014 2650 4079 ϐ,
2676 4028 2894 4086 quartus
2920 4021 2983 4074 D.

2854 4346 3033 4413 integri

2318 4520 2458 4602 ὗίαὴ
2496 4568 2632 4603 arcu.
3200 4551 3340 4609 Diab
3398 4570 3546 4605 areu
3649 4613 3652 4615 λ

2319 4550 2572 4711 innuptam
2802 4638 3085 4786 ὦ
3189 4543 3461 4727 τιωιῷι

2639 4833 2677 4880 Β
2704 4831 2848 4880 besse
2928 4820 2938 4895 Ι

2185 5006 2197 5090 ε
2233 5089 2238 5090 ί
2572 5006 3685 5090 ﬁngTesr—ﬁ

2147 5126 2403 5192 Quoniam
2433 5130 2593 5198 igitur
2640 5135 2678 5185 A
2724 5134 2983 5186 terminus
3022 5134 3089 5187 ab
3124 5134 3163 5186 D
3212 5135 3438 5188 termino
3491 5138 3721 5203 quinque

2145 5227 2379 5273 remotus
2404 5229 2486 5275 est
2509 5222 2683 5289 tonis,
2700 5225 3058 5293 quoniamque
3080 5225 3412 5279 diatessaron
3440 5226 3491 5278 in
3517 5226 3717 5278 duobus

2142 5311 2285 5366 tonis
2325 5326 2387 5367 ac
2422 5308 2709 5370 semitonio
2735 5298 2996 5386 j‘nng'tur,
3027 5327 3081 5371 ut
3112 5316 3459 5371 Aristoxenus
3495 5316 3719 5370 arbitra.

2144 5414 2251 5471 tur,
2298 5422 2571 5477 unumque
2596 5411 2958 5476 diatesSarou,
3007 5408 3146 5464 inter
3192 5410 3234 5463 A
3265 5419 3426 5477 atque
3480 5409 3545 5473 Β,
3574 5402 3719 5460 aliud

2144 5510 2269 5551 vero
2299 5497 2438 5552 ἰιιινν
2480 5501 2527 5553 C
2570 5508 2731 5569 atque
2776 5500 2813 5553 Β
2845 5503 3070 5568 positum
3099 5502 3200 5563 est,
3237 5499 3272 5553 Β
3300 5507 3351 5551 et
3385 5499 3427 5552 C
3470 5498 3721 5552 terminos

2146 5603 2249 5641 non
2289 5600 2497 5659 oportet
2523 5590 2640 5647 esse
2668 5592 2912 5647 diversos
2938 5593 3076 5656 ,‘sed
3106 5574 3251 5646 unos
3270 5601 3429 5658 atque
3469 5589 3735 5677 eosdrtn,’
