4022 6366
437 353 564 408 1251

1663 361 1767 414 AN.
1813 359 2018 416 MANL.
2058 358 2211 416 SEV.
2253 355 2473 416 ΒΟΕῚΊΙ

3555 363 3697 422 1252

431 471 523 534 qui
548 469 612 522 atl
633 470 698 524 ξι
723 485 998 525 numerum
1019 483 1146 529 tono
1162 471 1344 539 distat,
1362 470 1606 527 eamdem
1623 472 1838 528 ternarii
1859 473 2008 527 din‘e-
2039 483 2086 541 Α
2115 488 2276 540 pason
2300 474 2536 543 quinque
2563 470 2704 526 tonis
2726 457 2789 527 ac
2813 471 3022 526 duobus
3051 459 3349 527 minoribus
3389 474 3693 532 semitoniis

433 561 659 615 rentiam
685 576 923 615 servans.
957 561 1242 617 Ternatius
1276 564 1418 618 cnim
1449 561 1520 618 24
1554 579 1777 619 summa:
1817 575 2003 619 octava

436 664 558 715 pars
587 661 689 704 est.
722 651 850 716 Qua:
891 651 1091 706 eisdem
1121 653 1300 708 addita
1331 655 1558 722 primum
1585 669 1616 708 a
1647 656 1883 710 ternario
1907 671 2004 711 cu-

436 744 560 798 l.um
604 745 674 800 20
723 761 786 800 ac
816 747 848 800 7
878 747 1070 802 reddit.
1117 748 1192 802 Ex
1223 748 1324 802 hoc
1372 749 1530 820 igitur
1564 750 1836 805 Philolaus
1875 750 2006 805 duas

431 833 596 886 el'licit
627 843 840 903 partes:
877 852 1034 892 ttnant
1059 853 1175 907 qua:
1203 836 1423 896 dimidio
1452 839 1522 893 sit
1546 837 1736 909 major,
1782 855 2007 909 eamque

429 935 719 990 apotomcn
760 937 942 991 vocat;
987 929 1241 997 reliquam
1290 944 1409 999 qua:
1438 928 1662 984 dimidio
1701 931 1772 986 sit
1806 930 2003 995 minor,

428 1033 656 1086 eamque
697 1033 887 1074 rursus
934 1019 1124 1076 diesim
1160 1022 1324 1088 dicit,
1357 1038 1515 1093 quam
1544 1024 1739 1092 posteri
1787 1026 2007 1078 semito-

431 1126 556 1166 num
598 1111 773 1167 minus
829 1113 1184 1183 appellavere.
1227 1116 1423 1171 llarttm
1482 1132 1610 1172 vero
1653 1118 2005 1174 dill'erentiant

425 1212 638 1255 comma
665 1216 728 1258 ac
769 1205 996 1271 primum
1028 1205 1216 1261 diesim
1244 1206 1298 1260 in
1349 1210 1416 1263 15
1447 1209 1738 1265 unitatibus
1759 1219 2008 1264 constare

427 1292 740 1360 arbitratur,
774 1307 840 1350 eo
865 1295 1006 1365 quod
1031 1307 1054 1332 ιι
1080 1296 1181 1352 hoc
1204 1298 1345 1354 inter
1370 1299 1474 1354 256
1495 1309 1551 1355 et
1573 1299 1679 1356 245
1707 1302 1914 1371 pervisa
1938 1303 2008 1356 sit

430 1381 751 1438 dilletentia.
801 1384 1062 1455 Quodque
1109 1387 1248 1444 idem
1278 1405 1531 1445 numerus
1554 1429 1570 1454 ,
1622 1391 1673 1446 id
1704 1402 1785 1447 est
1813 1395 1899 1458 l5,
1934 1409 1998 1448 ett

429 1475 717 1532 novenario
742 1477 978 1533 ternario
1006 1489 1164 1549 atque
1191 1483 1391 1538 unitate
1420 1484 1710 1549 consistat,
1740 1501 1856 1553 qum
1884 1485 2001 1540 uni-

427 1576 508 1619 tas
531 1567 709 1634 puncti
737 1566 977 1624 obtineat
999 1571 1194 1626 locum.
1222 1573 1508 1634 Ternarius
1530 1589 1660 1630 vero
1686 1577 1869 1645 prima:
1899 1578 1994 1630 imo
2025 1596 2030 1602 ·

430 1654 573 1720 paris
600 1654 775 1711 linem.
806 1655 1134 1715 Novcnarius
1175 1662 1332 1732 primi
1356 1666 1574 1734 imparis
1602 1667 1866 1735 quadrati.
1919 1668 1995 1723 Ex

429 1744 511 1797 his
542 1743 702 1812 igitur
723 1748 898 1802 causis
928 1763 1046 1804 cum
1075 1751 1139 1804 15
1160 1751 1350 1809 diesitn
1384 1767 1572 1825 ponat,
1607 1756 1746 1827 quod
1768 1758 1992 1813 semito-

427 1836 571 1889 nium
614 1848 969 1905 nuncupatur,
1005 1842 1264 1912 reliquam
1293 1844 1363 1899 27
1393 1846 1598 1901 numeri
1633 1856 1833 1919 partem
1880 1864 1999 1918 qua:

341 1983 346 1988 _
420 1941 488 1980 ex
514 1927 579 1981 Η
619 1926 908 1982 unitatibus
931 1933 1256 1998 continetur,
1298 1933 1326 1974 δ
1356 1947 1605 2007 apotome
1645 1956 1765 1996 esse
1806 1939 2000 1996 consti-

423 2017 542 2071 tuit.
570 2016 675 2073 Sed
703 2017 953 2086 quoniam
987 2021 1125 2079 inter
1157 2025 1221 2081 15
1252 2037 1304 2081 et
1336 2009 1402 2083 η
1429 2033 1604 2087 unitas
1643 2032 1994 2088 dilierentiam

425 2112 550 2166 facit
567 2153 581 2176 ,
606 2113 860 2168 unitatem
883 2113 1001 2171 loco
1029 2122 1308 2176 commatis
1328 2134 1514 2180 censet
1533 2140 1651 2182 esse
1673 2126 1993 2195 ponendam.

427 2212 594 2258 totum
614 2217 743 2258 vero
765 2212 946 2260 tonum
968 2206 1022 2260 in
1044 2207 1112 2261 27
1134 2210 1423 2268 unitatibus
1444 2216 1604 2282 locat,
1619 2231 1684 2272 eo
1706 2216 1846 2285 quod
1865 2217 2003 2271 inter

429 2296 535 2349 216
565 2311 627 2349 ac
655 2294 861 2364 2ιὸηυί
887 2295 1026 2352 inter
1055 2312 1114 2354 se
1143 2300 1341 2357 distant
1365 2306 1567 2360 ιοιιο27
1586 2306 1656 2362 sit
1678 2306 1998 2362 differentia.

759 2406 882 2457 Toni
907 2409 1078 2461 divisio
1095 2415 1363 2468 secundum
1386 2418 1674 2484 Philolaum.

1025 3077 1254 3135 CAPUT
1296 3079 1381 3133 Vl.

469 3157 668 3215 Tonttm
688 3179 759 3216 ex
795 3164 991 3219 duobus
1016 3169 1293 3224 semitoniis
1322 3186 1383 3223 ac
1411 3181 1658 3226 commate
1694 3183 1946 3230 constare.

494 3249 570 3304 Ex
594 3253 786 3322 quibus
812 3254 967 3312 facile
993 3269 1213 3328 apparet
1256 3269 1440 3317 tonum
1466 3261 1676 3318 duobus
1700 3264 1998 3322 semitoniis

416 3339 722 3399 minoribus
743 3355 798 3399 et
816 3359 1081 3404 commate
1108 3360 1376 3429 constare.
1428 3353 1561 3408 Nam
1601 3354 1647 3410 si
1677 3364 1822 3412 totus
1842 3366 2000 3413 tonus

425 3448 490 3486 ex
519 3443 767 3503 apotome
794 3449 1006 3496 constat
1049 3456 1111 3496 ac
1137 3445 1445 3513 semitonio,
1475 3448 1821 3506 semitonium
1868 3466 2001 3508 vero

427 3524 496 3624 ab
515 3533 769 3624 apotome
797 3527 829 3581 d
855 3528 975 3585 fiert
1002 3546 1301 3602 commate;
1338 3536 1470 3592 nihil
1496 3548 1579 3595 cst
1599 3540 1740 3596 aliud
1753 3551 2003 3612 apotome

425 3617 529 3668 nisi
560 3617 900 3675 semitonium
936 3622 1110 3679 minus
1139 3634 1193 3680 et
1218 3639 1451 3682 comma.
1480 3628 1536 3686 Si
1573 3630 1730 3701 igitur
1763 3633 1876 3689 duo
1910 3649 1999 3691 se-

425 3705 644 3759 m'tonia
677 3708 880 3766 minora
925 3711 994 3768 de
1024 3723 1149 3770 tono
1173 3718 1290 3788 quis
1310 3720 1545 3789 auferat,
1578 3738 1790 3781 comma
1822 3727 1880 3782 tit
1907 3744 2000 3785 re-

425 3802 651 3872 liquum.

1022 3900 1251 3961 CAPUT
1291 3907 1399 3963 V'll.

427 3981 824 4054 Demonstratio,
839 3999 1012 4046 tonum
1027 3996 1225 4051 duobus
1237 4000 1516 4054 semitoniis
1530 4015 1778 4057 commate
1791 4004 2000 4061 distare.

2112 565 2435 629 continetur,
2461 573 2822 634 superantque
2843 578 2935 619 sex
2964 566 3071 620 toni
3099 565 3358 634 diapason
3381 583 3692 624 consonan-

2070 728 2081 736 .
2113 657 2237 710 tiam
2263 665 2666 723 uttocomntate,
2702 671 2806 710 non
2834 669 2913 710 eat
2942 655 3164 710 dubium
3186 661 3312 728 quin
3343 662 3485 714 tonis
3511 663 3691 730 quinis

2111 746 2178 800 ab
2205 755 2429 816 utroque
2457 745 2628 815 spatio
2666 746 2891 800 sublatis
2921 746 3050 799 [iant
3076 746 3280 816 reliqua
3331 763 3396 803 ex
3427 749 3690 819 diapason

2113 835 2324 904 quidem
2344 836 2449 890 duo
2464 836 2742 890 semitonia
2755 836 2983 904 minora,
3002 836 3070 891 de
3092 852 3190 892 sex
3207 853 3334 892 vero
3351 839 3492 893 tonis
3507 850 3687 894 tonus.

2113 927 2285 998 Atque
2317 927 2404 982 hic
2448 935 2605 982 tonus
2633 926 2748 982 haec
2776 925 2884 982 duo
2909 927 3191 983 semitonia
3230 944 3350 997 quae
3373 930 3692 1001 relinquun-

2111 1029 2195 1073 tur
2230 1030 2250 1056 ο
2275 1020 2435 1075 vincit
2459 1028 2745 1075 commate.
2798 1020 2951 1086 Quod
2979 1019 3023 1074 si
3052 1020 3260 1075 duobus
3285 1023 3491 1076 eisdem
3524 1026 3690 1077 semi-

2114 1115 2278 1168 toniis
2303 1129 2514 1168 comma
2549 1122 2866 1182 reponatur,
2901 1114 3192 1184 aequabunt
3222 1121 3437 1178 tonum;
3477 1126 3689 1170 constat

2114 1204 2270 1274 igitur
2293 1219 2454 1259 unum
2497 1213 2681 1258 tonum
2710 1204 2919 1258 duobus
2966 1203 3266 1258 semitoniis
3294 1205 3592 1260 minoribus
3632 1218 3690 1260 et

2111 1295 2403 1361 commati,
2457 1295 2597 1364 quod
2656 1296 2708 1351 itt
2780 1297 2918 1350 7155
2966 1294 3151 1366 primis
3193 1293 3485 1351 uttitalibus
3534 1296 3688 1351 inve-

2105 1385 2275 1450 nitur,
2302 1385 2522 1455 :equari.

2684 1538 2912 1596 CAPUT
2957 1538 3091 1594 Vill.

2392 1650 2468 1705 De
2496 1651 2773 1706 minoribus
2799 1653 3052 1707 scmitonii
3089 1651 3388 1706 ἔνεισι-στῶ.

2178 1813 2446 1868 Philolaus
2473 1815 2630 1882 ig'tur
2657 1812 2772 1867 hac
2795 1822 2956 1882 atque
2987 1812 3068 1866 his
3121 1813 3330 1866 minora
3365 1811 3535 1880 spatia
3566 1811 3684 1865 tali-

2111 1905 2208 1959 bus
2231 1902 2635 1958 difﬁnitionibus
2679 1902 2920 1957 includit.
2973 1901 3402 1970 Diesis,inquit,
3449 1911 3534 1957 est
3559 1917 3687 1972 spa-

2112 1996 2240 2050 tittm
2277 2011 2384 2066 quo
2407 1996 2579 2066 major
2599 2006 2680 2051 est
2703 1995 3042 2066 scsquitertia
3074 1995 3350 2064 proportio
3376 1993 3588 2048 duobus
3607 2003 3687 2048 to-

2109 2088 2210 2142 nis.
2235 2087 2454 2141 Comma
2471 2102 2597 2141 vero
2617 2087 2949 2154 estSpatium
2979 2101 3083 2156 quo
3113 2083 3285 2154 m-‘jur
3330 2095 3412 2140 est
3444 2083 3687 2154 sesquio-

2109 2188 2260 2233 ctava
2287 2178 2571 2248 proportio
2590 2178 2795 2232 duabus
2825 2177 3080 2237 diesibus.
3113 2179 3161 2231 itl
3183 2187 3268 2231 est
3297 2176 3505 2233 duobus
3527 2179 3686 2232 semi-

2108 2268 2268 2323 toniis
2301 2268 2618 2323 minoribus.
2666 2268 2912 2322 Schisma
2943 2277 3026 2322 est
3053 2267 3335 2322 dimidium
3378 2269 3682 2323 commatis.

2109 2359 2433 2413 Diasehisma
2464 2371 2594 2412 vero
2623 2357 2902 2412 dimidium
2933 2357 3178 2423 dieseos,
3213 2358 3264 2412 id
3307 2366 3391 2413 est
3414 2359 3683 2414 semitonii

2105 2451 2350 2506 minoris.
2395 2449 2472 2505 Ex
2516 2449 2708 2518 quibus
2737 2449 2863 2504 illud
2900 2449 3004 2505 coll
3029 2450 3190 2519 gitur,
3233 2464 3486 2520 quontam
3529 2461 3686 2505 tonus

2100 2540 2316 2611 quidem
2345 2539 2603 2595 dividitur
2632 2539 3002 2610 principaliter
3034 2539 3086 2592 itt
3128 2538 3474 2593 semitonium
3507 2539 3685 2594 minus

2100 2642 2259 2702 atque
2287 2642 2599 2702 apotomen.
2632 2630 2893 2686 Dividitur
2914 2629 3074 2684 etiam
3107 2629 3160 2682 in
3181 2628 3290 2682 duo
3316 2629 3602 2684 semitonia
3630 2638 3684 2683 et

2098 2741 2331 2792 comma,
2362 2740 2468 2796 quo
2498 2724 2556 2779 ﬁt
2583 2734 2638 2780 ut
2665 2723 2934 2779 dividatur
2963 2724 3015 2777 in
3045 2732 3277 2793 quatuor
3301 2722 3683 2779 diaschismata

2098 2826 2153 2871 et
2176 2830 2408 2872 comma.
2439 2816 2711 2886 [ntegrum
2729 2829 2858 2871 vero
2881 2813 3158 2867 dimidium
3184 2814 3290 2866 toni
3321 2813 3465 2881 quod
3490 2823 3574 2869 est
3600 2829 3681 2867 se-

2099 2909 2402 2975 mitonium,
2421 2916 2632 2964 constat
2653 2923 2719 2964 cx
2746 2907 2955 2962 duobus
2983 2902 3521 2973 dia~chismatibus,‘l
3545 2905 3680 2974 quod

2032 3009 2077 3072 ί]
2107 3010 2187 3058 est
2216 3016 2378 3056 unum
2409 3001 2752 3056 semitonium
2785 3001 2981 3068 minus,
3015 3008 3069 3054 et
3094 2999 3406 3068 schismate,
3435 2997 3578 3069 quod
3602 3010 3681 3053 est

2102 3091 2382 3146 dimidium
2407 3095 2711 3147 commatis.
2744 3092 3006 3160 Quoniam
3039 3101 3062 3128 ο
3091 3106 3211 3146 cum
3255 3100 3396 3145 totus
3435 3099 3594 3145 tonus
3617 3106 3678 3145 ex

2104 3183 2312 3238 duobus
2339 3184 2639 3239 semitoniis
2669 3184 2964 3239 minoribus
2994 3195 3040 3238 et
3075 3191 3341 3238 commate
3366 3182 3682 3251 coniunctus

2104 3283 2206 3338 e-t,
2239 3275 2283 3328 si
2315 3275 2434 3345 quis
2463 3274 2516 3329 id
2543 3274 2750 3345 integre
2775 3273 3016 3330 dividere
3044 3273 3190 3338 velit,
3226 3273 3382 3327 faciet
3409 3288 3574 3326 unum
3597 3288 3681 3327 se-

2106 3367 2385 3421 mitonium
2411 3369 2586 3423 minus
2626 3369 3015 3438 commatisque
3043 3366 3346 3422 dimidium.
3384 3365 3495 3422 Sed
3521 3381 3680 3420 unum

2103 3459 2446 3514 semitonium
2489 3461 2667 3515 minus
2714 3460 2966 3515 dividitur
3021 3459 3071 3514 itt
3113 3459 3220 3514 duo
3277 3457 3674 3513 diaschismata.

2108 3547 2392 3604 Dimidium
2433 3564 2563 3605 vero
2601 3550 2881 3605 commatis
2908 3565 3070 3603 unum
3100 3547 3337 3603 schisma
3384 3556 3486 3602 est.
3518 3546 3682 3601 Recte

2107 3637 2267 3709 igitur
2323 3639 2523 3696 dictum
2575 3651 2656 3696 est
2704 3643 2911 3712 integre
2961 3638 3242 3694 dimidium
3271 3646 3454 3692 tonum
3480 3638 3529 3690 in
3572 3636 3678 3688 duo

2109 3732 2484 3789 diaschismata
2513 3743 2672 3805 atque
2703 3750 2866 3788 unum
2899 3734 3128 3789 schisma
3153 3747 3312 3802 posse
3340 3727 3537 3800 partiri.
3559 3729 3676 3796 Quo

2111 3823 2170 3876 lit
2198 3833 2253 3876 ut
2276 3823 2540 3893 integrum
2573 3823 2917 3879 semitonium
2967 3838 2997 3878 a
3029 3824 3235 3877 minore
3264 3820 3545 3877 semitonia
3575 3835 3679 3872 uno

2110 3912 2400 3968 schismate
2421 3914 2636 3970 dill’erre
2659 3914 2922 3979 videatur,
2950 3924 3199 3984 apotome
3218 3922 3398 3967 autem
3422 3928 3452 3965 a
3481 3910 3679 3964 minore

2115 4009 2399 4064 semitonia
2433 4010 2642 4068 duobus
2670 4011 3049 4068 schismatibus
3079 4009 3254 4064 ditl‘ert
3277 4051 3292 4071 .
3339 4009 3518 4063 dill'ert
3546 4006 3678 4059 cnim

497 4073 639 4129 idem
658 4093 783 4132 vero
796 4081 893 4136 hoc
905 4097 1114 4152 quoque
1129 4088 1439 4156 probabitur
1452 4091 1632 4148 modo.
1662 4092 1794 4149 Nam
1819 4095 1861 4150 si
1885 4095 2001 4151 dia-
2028 4109 2082 4168 1)
2111 4108 2408 4164 commate;
2431 4101 2524 4157 sed
2543 4101 2649 4157 duo
2669 4102 2957 4158 schismata
2980 4117 3141 4157 unum
3156 4098 3440 4171 perﬁciunt
3460 4111 3677 4152 comma.

1214 4220 1368 4271 Media
1397 4223 1497 4271 toni
1522 4236 1630 4285 pars

857 4346 1195 4567 /t-x
1222 4465 1344 4515 tliesi
1371 4476 1420 4517 ct
1444 4346 1956 4572 schismak
2161 4405 2376 4572 /
2437 4501 2497 4536 ex
2525 4490 2649 4539 dicsi
2675 4346 3263 4572 et

1008 4349 1172 4425 /

1136 4477 1195 4509 t-x
1222 4465 1344 4515 tliesi
1371 4476 1420 4517 ct
1444 4473 1700 4526 schismate

738 4803 763 4867 Π
798 4803 1006 4829 ηιυσιιιιηι
1030 4803 1226 4833 muscus
1255 4803 1279 4863 γ
1310 4803 1458 4837 [nouli

638 4869 1458 4908 —T‘————"“T‘"‘“

689 4962 700 4966 ‘
729 4973 744 4978 Α
841 4961 848 4969 ¹

1014 4997 1328 5046 Ιιρπιίιοηιηηι
1379 5005 1533 5050 minus

1182 5059 1332 5108 {lienis

1328 5265 1372 5311 ll'
1391 5266 1639 5311 mitontum
1675 5260 1826 5316 majus

1225 5335 1450 5387 apotome
1475 5322 1623 5383 maior
1650 5322 1751 5370 toni
1778 5328 1888 5380 pars

512 5832 535 5857 ι
581 5821 724 5878 ιιι-υ.

864 4582 982 4626 β

864 4582 2118 4878 «ηςιωσΜΜ

864 4782 1006 4829 actium
1030 4787 1226 4833 dieseos
1310 4790 1522 4837 modium
1545 4793 1740 4840 dieseos
1945 4806 2118 4856 schism

798 4782 1006 4829 medium
1030 4787 1226 4833 dieseos
1252 4782 1284 4856 V
1310 4790 1522 4837 modium
1545 4793 1740 4840 dieseos
1766 4782 1811 4856 Χ(
1945 4782 2073 4856 ςοὶιίξ

1907 5232 2183 5307 \/

2007 5324 2059 5348 ν
2075 5324 2644 5474 Ψὶοτ
2667 5334 2763 5381 toni
2791 5347 2900 5395 pan

2564 5420 2900 5474 -Ἀ

801 5824 828 5862 ιι
872 5825 1167 5893 Apotontctt.
1247 5835 1271 5862 ε
1321 5825 1518 5882 Vincet.
1590 5822 1617 5862 ¹¹
1661 5823 1781 5878 lion
1813 5824 2039 5880 habetur.
2119 5835 2142 5862 ⁸
2181 5825 2356 5883 Enim.

2510 4235 2664 4286 Media
2691 4237 2789 4286 toni
2815 4248 2926 4297 pars

2379 4368 2458 4406 /

2467 4349 2552 4370 ί
2857 4349 3081 4425 \

848 4434 1005 4572 /
1136 4477 1195 4509 τι
1222 4465 1344 4515 tliesi
1371 4476 1420 4517 ct
1444 4473 1700 4526 schismate
1807 4434 1956 4572 \
2161 4434 2329 4572 /
2437 4501 2497 4536 ex
2525 4490 2649 4539 dicsi
2675 4501 2726 4541 et
2747 4493 3006 4545 schismate
3083 4434 3142 4474 \

2073 4434 2329 4791 ,4

2437 4501 2497 4536 ex
2525 4490 2649 4539 dicsi
2675 4501 2726 4541 et
2747 4493 3006 4545 schismate

3363 4754 3370 4779 l

2489 4742 2730 4826 .‘T??".‘.‘°?'“3
2777 4742 2925 4826 -\/..
2964 4742 3363 4826 f’.‘-‘.?°"i;‘;".‘3.-,\‘

2370 4803 2579 4849 medium
2603 4803 2801 4851 dieseos
2829 4803 2865 4851 \I
2898 4804 3108 4850 tnetliutn
3131 4803 3324 4849 tliescos

2076 4815 2151 4854 ma
2299 4779 2350 4876 \l
2370 4779 2801 4851 ηιέᾶίῖἦῖιῖίῖὶέὲῖιος
2898 4779 3324 4850 ιιιυῖιῖιὲῐὶἶίἰὲξροέ
3346 4779 3379 4891 κὲ

721 4973 915 5132 Μ
1014 4997 1328 5070 hemitonlurn
1379 5005 1533 5050 minus
1595 4986 1908 5132 Λ
1963 5023 2145 5060 comma
2207 4983 2502 5132 Α
2598 5016 2913 5065 Ιιυηιῖιοιιιιιηι
2964 5020 3123 5065 minus

789 5121 801 5132 Χ
1182 5059 1332 5108 dtests
2787 5080 2938 5128 diesis
3227 5021 3356 5132 ἡ

2353 4903 3348 4991 _____L______

765 5076 1698 5236 \W
1840 5076 2282 5178 ψ

783 5076 1012 5323 \
1328 5265 1639 5323 lt'milonltlm
1675 5076 2007 5323 majtts\\
2045 5076 2303 5323 /
2321 5256 2632 5314 hemitonium
2662 5270 2814 5320 ma'us
3093 5076 3340 5323 /

945 5323 1107 5429 \\

2814 5224 3044 5250 ...ρ-κ
3137 5224 3253 5292 ///

2321 5256 2632 5314 hemitonium
2662 5270 2814 5320 ma'us

1955 5292 2644 5419 y\.,..;.'5;;;:";:.‘;33'.
2662 5292 2900 5395 137.5%...
2902 5292 3195 5419 //

1057 5419 1152 5476 \\
1200 5419 1825 5467 V1,
2967 5419 3059 5476 1/
