2011 3183
205 208 212 213 .
242 186 309 215 ηδε,
847 181 901 208 ΛΝ.
922 178 1023 208 MANL.

1073 178 1119 207 iV.
1140 176 1251 206 BOETII
1800 176 1872 202 {856

241 246 345 277 minus.
359 243 385 271 id
396 241 467 278 quod
480 244 521 269 est
533 241 555 268 A
569 240 591 268 D
600 259 608 274 ,
623 239 731 279 remitto
743 239 778 267 ab
790 238 811 266 D
825 242 915 266 tonum
928 237 1024 272 quiest
1037 238 1063 267 Α
1074 237 1160 272 spatio
1174 236 1341 273 relinquitur.
1359 235 1461 264 Rursus
1475 235 1584 264 remitto
1605 235 1773 263 diatessaron
1789 236 1812 262 Δ
1829 234 1854 262 G

241 292 262 319 Β
274 292 304 318 E.
318 290 375 317 Erit
387 288 467 324 igitur
477 288 498 315 Ε
511 288 534 315 Α
544 294 574 314 ca
588 294 667 322 qttam
681 286 840 322 requirimus
853 290 986 320 apototne.

628 353 711 377 ί-

627 353 857 468 semitam

627 439 680 455 tntts
691 433 810 455 intensum

602 433 680 455 minus
691 433 810 455 intensnm

405 482 478 519 IBI
534 481 607 519 ἔπι-Ι
657 518 660 519 ,
743 478 859 519 ,ILI

241 696 281 726 Sit
292 697 455 733 propositum
470 700 481 715 α
495 695 521 723 in
541 701 645 723 aculam
662 699 762 730 partem
782 701 885 721 comma
900 700 1005 720 sumere
1016 713 1023 726 ,

241 742 269 769 iit
285 749 365 769 sonus
379 742 420 775 A;
442 742 550 769 intendo
564 746 704 775 apotomen
720 741 742 768 A
756 740 786 775 Β,
801 740 906 767 remitto
917 739 1025 767 semila-

241 789 315 817 nium
338 789 425 818 minus
446 789 465 816 Β
480 789 499 816 C
511 809 518 823 ,
534 793 561 816 et
575 788 699 824 quoniam
720 787 888 815 semitonium
903 791 1026 821 apotome

241 837 330 864 minus
343 841 384 865 est
397 840 538 870 commate,
553 842 657 865 comma
670 835 722 863 erit
738 835 758 862 C
773 835 806 862 Α.

434 407 544 438 apotome

451 440 530 464 grai-ts

580 901 740 923 ΡΧ

590 930 632 975 Ala
636 947 651 964 ο
655 941 725 986 tam?
730 954 782 1008 ἀρ

756 994 759 1000 ’
778 995 799 1019 θ)

405 1040 501 1074 εόπια
790 1001 833 1038 Α

385 1107 419 1132 Λ
552 1109 570 1133 ε
845 1113 872 1138 3

637 1165 903 1286 fﬂftiirW/

641 1178 836 1211 Semitantummi
885 1182 899 1211 /

637 1210 814 1235 nnsrcmtfl‘um

240 1344 341 1375 Rursus
353 1344 385 1372 ad
400 1348 509 1378 gravem
525 1343 627 1375 partem
648 1339 698 1366 hoc
713 1338 791 1365 modo
807 1338 916 1366 intendo
930 1347 937 1366 :
955 1339 988 1366 ab
1003 1339 1025 1366 Λ

239 1400 306 1421 sono
320 1390 489 1420 semitonlum
502 1387 604 1419 minus,
622 1385 647 1412 id
659 1385 728 1420 quod
742 1389 783 1422 est
797 1386 816 1411 Α
833 1385 868 1417 D,
882 1384 914 1411 ab
926 1385 946 1411 Β
960 1386 1030 1438 vero:

457 1532 504 1542 κ-
657 1529 712 1537 ,r

400 1529 859 1656 [commitam

450 1611 529 1642 gratis
602 1611 680 1632 minus
691 1610 812 1632 ittteusutn

450 1611 529 1642 gratis
563 1610 583 1642 V
602 1610 812 1632 mittttsiuteusutn

402 1656 475 1696 ΙἿῘΙ
507 1698 513 1699 ,
532 1657 844 1699 Ιςῌᾉᾼ).
855 1656 863 1698 Ι.

403 1707 475 1791 \
516 1738 628 1766 apotome
640 1736 738 1759 remissa

552 1867 664 1895 CAPUT
685 1867 716 1894 Χ.

441 1913 540 1950 Regula
555 1914 671 1941 sumendi
681 1913 816 1940 sentilonii.

270 1961 380 1995 Oportet
404 1967 467 1987 vero
488 1960 535 1986 ltas
558 1966 651 1986 omnes
679 1957 868 1985 consottantias
888 1957 937 1984 rite
962 1964 1022 1984 esse

233 2009 324 2035 animo
345 2012 424 2042 atque
447 2006 557 2033 auribus
578 2011 670 2037 notas;
696 2004 793 2031 frustra
818 2004 888 2031 enim
905 2004 961 2030 haec
981 2011 1023 2030 ra-

235 2053 307 2080 tione
328 2057 356 2080 et
376 2051 487 2079 scientia
503 2050 673 2085 colliguntur,
694 2050 744 2076 nisi
762 2049 859 2076 fuerint
875 2056 923 2075 usu
944 2053 1022 2083 atque

234 2098 424 2126 exercitatione
435 2098 582 2125 notissima.
600 2097 633 2124 Ut
648 2104 709 2123 vero
729 2096 753 2123 id
771 2096 839 2130 quod
856 2096 1023 2122 institutione

217 2143 342 2170 .mnsica:
358 2142 445 2170 adorsi
469 2150 561 2169 sumus
585 2149 639 2169 non
659 2149 720 2169 mox
741 2142 861 2174 auribus,
877 2141 946 2175 quod
969 2141 1023 2175 jam

233 2192 420 2222 pret-ceterum
433 2188 458 2214 in
478 2188 576 2214 musica
592 2192 642 2219 cst,
663 2188 709 2213 scd
725 2187 828 2214 ratione
841 2187 944 2213 interim
961 2195 1024 2214 cen-

233 2234 335 2260 seatur.
349 2230 436 2260 Unum
450 2232 571 2260 dabimus
591 2232 742 2266 exemplum
764 2231 916 2258 inveniendi
929 2232 1023 2265 spatii,

232 2276 304 2311 quod
318 2276 423 2305 videtur
437 2285 498 2306 esse
509 2278 588 2313 paulo
601 2277 752 2311 difﬁcilius,
772 2277 875 2305 'scilieet
890 2277 1022 2304 semitonii

232 2320 357 2354 minoris,
371 2325 400 2349 ut
410 2321 436 2349 in
451 2326 592 2358 utramque
606 2327 709 2357 partem
720 2342 729 2356 ,
749 2326 853 2349 acutam
867 2322 969 2349 scilicet
981 2325 1022 2349 at-

230 2373 287 2402 que
293 2373 417 2402 gravem,
427 2371 485 2394 rato
500 2368 583 2403 possit
598 2369 692 2396 ord'ne
707 2368 831 2403 reperiri.
844 2368 884 2395 Sit
894 2368 1022 2396 diatessa-

230 2420 279 2440 ron
292 2412 315 2440 Δ
329 2412 349 2439 Β
359 2421 365 2439 :
377 2417 484 2448 oportet
497 2414 576 2449 igitur
589 2415 660 2442 circa
678 2417 697 2442 A
714 2415 733 2442 Β
749 2414 762 2434 ι’
774 2422 919 2442 consonam
934 2415 1022 2443 minus

229 2458 405 2486 semitonium
418 2459 621 2494 ad'graviorem
636 2464 738 2495 partem
761 2460 962 2495 acutioremque
976 2460 1023 2488 de-

231 2503 343 2531 ducere.
359 2503 473 2531 lnrendo
485 2503 564 2539 igitur
579 2504 599 2531 B
611 2504 631 2531 (2
645 2504 821 2532 diatessaron.
834 2504 952 2532 Remitto
966 2513 1026 2532 rur-

231 2555 277 2575 sus
293 2548 419 2583 diapente
429 2549 449 2576 C
467 2549 498 2576 Β.
513 2548 570 2576 Erit
583 2548 664 2583 igitur
678 2553 757 2577 tonus
769 2549 789 2576 Β
804 2550 843 2582 D;
858 2549 1024 2577 diatessaron

233 2593 305 2623 enim
318 2595 494 2621 consonantia
507 2601 522 2621 a
541 2587 665 2629 diapente
679 2595 854 2622 consonantia
869 2599 932 2622 tono
947 2603 1026 2630 supe-

233 2643 320 2672 ratur,
334 2643 362 2666 et
374 2639 394 2665 C
408 2639 427 2666 Β
437 2639 553 2673 spatium
566 2639 600 2666 ab
611 2639 631 2666 ε
648 2639 669 2665 ι)
678 2639 764 2673 spatio
775 2639 795 2666 Β
810 2638 833 2666 D
848 2640 934 2674 spatio
949 2645 1023 2667 tran-

233 2683 381 2711 scenditur.
401 2683 504 2712 Rursus
526 2683 635 2711 intendo
654 2684 820 2711 diatessaron
835 2685 899 2717 DE,
916 2685 1025 2712 remitto

232 2731 323 2757 autem
341 2728 467 2763 diapente
481 2729 502 2756 Ε
518 2728 548 2756 F.
563 2728 654 2759 Tonus
668 2733 710 2756 est
725 2729 804 2764 igitur
818 2729 838 2756 D
854 2730 886 2757 F.
901 2730 954 2758 Sed
971 2730 992 2757 D
1003 2730 1023 2757 Β

222 2778 315 2803 .tonus
326 2780 394 2804 erat.
409 2775 586 2811 Semitonittm
599 2775 679 2810 igitur
693 2775 782 2802 minus
793 2781 835 2804 ost
855 2776 878 2803 Α
892 2776 924 2809 F,
940 2775 1021 2810 quod,

234 2820 377 2849 subtractis
389 2821 495 2850 duobus
511 2822 581 2850 tonis
596 2821 616 2849 F
632 2820 663 2855 D,
677 2820 697 2848 Β
711 2821 732 2848 D
743 2821 776 2849 ab
787 2823 809 2849 A
824 2822 843 2849 Β
856 2821 1022 2849 diatessaron

1072 282 1182 310 intendo
1194 282 1319 317 diapente
1332 281 1352 309 Ε
1370 280 1402 309 ll.
1416 282 1472 308 Erit
1482 282 1561 316 igitur
1573 282 1595 308 Δ
1610 281 1632 308 H
1644 286 1732 309 tonus.
1744 280 1799 308 Sed
1811 285 1865 308 erat

1074 328 1094 354 Α
1111 327 1131 354 F
1144 327 1324 355 semitonium.
1340 327 1397 354 Erit
1417 327 1497 361 igitur
1519 326 1538 353 Ρ
1561 327 1582 354 ll
1606 332 1742 362 apntome.
1765 326 1864 353 Bursu!

1073 374 1180 400 remitto
1194 373 1359 400 diatessaron
1372 373 1392 399 ll
1405 371 1436 404 Κ,
1449 372 1559 399 intendo
1574 372 1697 405 diapente
1710 370 1774 397 RL:
1790 375 1869 398 tonus

1073 418 1152 451 igitur
1169 424 1208 445 cst
1224 418 1244 445 ll
1261 419 1290 444 L.
1305 418 1368 444 Erat
1384 422 1472 444 autem
1494 422 1572 444 tonus
1592 417 1614 444 ll
1630 417 1663 444 A.
1687 417 1868 444 Semitonium

1073 463 1153 498 igitur
1167 464 1255 490 minus
1267 468 1307 491 est
1318 463 1339 489 L
1354 463 1384 489 Β.
1403 463 1455 490 Sed
1471 466 1528 490 erat
1544 466 1621 489 tonus
1636 462 1656 488 Β
1671 461 1703 488 D.
1719 461 1777 488 Erit
1790 461 1869 494 igitur

1074 510 1084 537 l
1097 510 1118 537 D
1132 516 1266 545 apotome.
1282 511 1385 537 liursus
1397 509 1505 536 intendo
1516 509 1682 536 diatessaron
1696 507 1716 534 ιε’
1732 508 1768 534 Μ.
1783 507 1870 535 Semi-

1074 556 1176 583 toniutn
1191 557 1271 591 igitur
1285 561 1326 583 est
1341 556 1361 582 Β
1374 556 1407 582 Μ.
1424 555 1542 583 Remitto
1553 555 1720 582 diatessaron
1736 554 1756 581 ι,
1771 554 1793 581 Ν
1805 562 1813 586 ;
1825 561 1868 580 se-

1075 601 1214 628 mitonium
1236 601 1315 636 igitur
1330 605 1372 628 est
1392 600 1414 628 N
1437 601 1469 627 A.
1487 600 1543 639 Per.
1561 599 1765 627 consonantiam
1790 599 1869 633 igitur

1075 652 1180 681 sumpta
1195 652 1256 673 sunt
1270 647 1341 674 circa
1357 648 1375 672 A
1396 646 1415 672 Β
1432 645 1615 678 diatt-ssaron,
1635 644 1688 671 duo
1714 643 1866 674 scmitonia,

1077 692 1096 718 Β
1109 692 1130 718 Μ
1143 692 1249 727 quidem
1263 691 1295 717 ad
1308 695 1431 723 acutum;
1447 689 1467 717 N
1484 690 1506 716 Α
1520 698 1583 717 vero
1594 689 1626 716 ad
1640 696 1748 723 gravem
1765 693 1866 722 partem

1077 743 1231 773 totumque;
1249 738 1272 765 Μ
1288 738 1308 765 Ν
1331 738 1419 765 minus
1439 741 1482 764 est
1502 744 1581 772 quatn
1605 735 1740 770 diapente.
1755 734 1867 761 Consttt

1062 779 1065 781 ’
1077 786 1146 812 enitn
1159 792 1191 811 ex
1205 784 1320 819 quinque
1335 783 1496 814 semiloniis.
1509 787 1535 809 et
1548 787 1671 816 apotome
1684 780 1820 815 geminata
1835 786 1866 805 ex

1077 831 1182 859 duobus
1198 831 1278 865 igitur
1294 830 1363 858 tonis
1379 834 1406 858 et
1429 829 1513 856 tribus
1536 828 1685 855 scmitoniis
1707 826 1864 857 minoribus,

1078 883 1102 906 cl
1118 879 1243 913 quoniam
1257 878 1310 905 duo
1325 878 1466 905 semitonia
1482 884 1563 904 unum
1582 881 1672 902 tonum
1695 874 1809 909 implere
1821 881 1866 900 ne-

1038 927 1061 956 B
1074 929 1186 959 queunt.
1207 924 1259 951 Sed
1274 923 1431 958 relinquitur
1443 930 1546 949 comma
1556 942 1563 954 ,
1579 926 1663 948 totum
1680 921 1703 947 bl
1717 919 1739 947 Ν
1752 919 1865 954 spatium

1077 971 1165 997 minus
1176 975 1215 996 est
1228 970 1313 1003 spatio
1325 969 1448 1003 diapente
1461 966 1642 995 consonantia:
1657 973 1710 993 uno
1725 969 1865 993 commate.

1077 1015 1152 1048 Quod
1165 1015 1289 1042 facillitne
1300 1014 1412 1049 diligens
1427 1012 1511 1041 lector
1526 1018 1536 1032 ε
1552 1012 1689 1047 intelliget.

1458 1222 1481 1245 ἐτι
1500 1197 1585 1232 capit”
1599 1214 1668 1248 ἤδη.

1138 1309 1342 1365 Φθῖεῖέκιεςωίξδ
1358 1305 1398 1365 .
1471 1303 1613 1365 gis.
1684 1343 1742 1365 εκ
1809 1298 1854 1365 Xa

1201 1365 1261 1378 run-us
1284 1365 1338 1377 inme:
1364 1365 1401 1380 uo
1412 1365 1456 1376 τιυιῖ
1479 1365 1526 1381 διε
1554 1365 1612 1369 “““”“““
1689 1365 1750 1381 (ιῐηα
1840 1365 1845 1369 “

1074 1809 1125 1836 Sed
1148 1809 1271 1844 quoniam
1298 1809 1432 1843 paululum
1453 1809 1487 1837 de
1510 1810 1650 1838 commalis
1670 1803 1770 1838 ratione
1788 1818 1854 1845 prte-

1073 1854 1199 1887 diximus,
1211 1862 1261 1881 non
1274 1858 1315 1881 cst
1326 1854 1516 1889 dtlfugiendttm
1529 1859 1556 1882 et.
1571 1855 1596 1882 in
1608 1855 1679 1890 quali
1692 1855 1854 1890 proportione

1074 1899 1142 1926 idem
1166 1900 1250 1932 ipsum
1264 1907 1366 1926 comma
1382 1901 1552 1927 contineatur
1566 1902 1720 1928 OSIenderc.
1734 1901 1779 1928 Est
1788 1901 1856 1928 enim

1074 1952 1176 1971 comma
1193 1945 1263 1979 quod
1275 1945 1396 1972 ultitnum
1411 1946 1638 1979 comrreltendere
1651 1947 1737 1980 possit
1746 1947 1856 1979 auditus.

1074 1991 1269 2026 dicendumque
1284 1998 1324 2019 est
1339 1992 1510 2019 semitottium
1531 1992 1618 2019 minus"
1638 2000 1669 2020 ac
1691 1993 1857 2020 semitonium

1075 2037 1158 2070 majus
1171 2060 1177 2071 ,
1202 2038 1308 2071 quantis
1331 2037 1465 2072 sigillatim
1485 2039 1661 2066 commatibus
1681 2043 1805 2067 constare
1823 2039 1858 2065 vi-

1074 2084 1196 2109 deantur.
1213 2084 1270 2117 ipse
1290 2091 1395 2119 quoque
1411 2089 1490 2111 tontts
1504 2084 1608 2118 quantis
1633 2092 1727 2111 rursus
1747 2092 1859 2112 comma-

1075 2129 1144 2155 tibus
1155 2127 1167 2146 δ
1184 2130 1361 2164 conjungitur.
1378 2130 1416 2156 Ac
1431 2131 1545 2164 pritnum
1557 2130 1618 2158 hinc
1632 2131 1798 2158 conveniens
1818 2138 1859 2157 su-

1076 2179 1161 2201 matur
1174 2174 1286 2201 initium.

1382 2301 1493 2330 CAPUT
1514 2301 1559 2329 XI.
1584 2328 1587 2331 .

1075 2405 1273 2443 Demonstratio,
1289 2406 1398 2433 Arehitw
1409 2407 1664 2443 superperticularem
1685 2408 1713 2434 in
1734 2415 1807 2443 aqua
1825 2408 1861 2434 di-

1211 2441 1261 2468 vidi
1273 2449 1324 2469 non
1335 2449 1419 2477 posse,
1435 2442 1539 2477 ejusque
1551 2442 1727 2477 reprehensio.

1111 2546 1365 2580 Superpartieularis
1380 2546 1518 2581 proportio
1531 2545 1616 2574 scindi
1631 2546 1657 2573 in
1673 2553 1750 2582 aqua
1775 2546 1861 2574 medio

1076 2592 1312 2627 proportionaliter
1333 2592 1490 2626 interposito
1513 2600 1625 2620 numero
1649 2598 1702 2620 non
1724 2597 1818 2627 ιιοῑεει.
1834 2592 1860 2618 ld

1076 2646 1141 2665 vero
1154 2639 1286 2673 posterius
1307 2638 1419 2667 ﬁrmiter
1437 2638 1671 2666 demonstrabitur.
1685 2639 1770 2672 Quam
1790 2638 1860 2665 enim

1077 2684 1330 2712 demonstrationem
1352 2684 1427 2718 ponit
1444 2683 1583 2717 Archias,
1595 2684 1705 2711 nimium
1725 2683 1794 2710 Busa
1809 2687 1859 2710 est.

1076 2730 1139 2758 Hatc
1153 2737 1217 2757 vero
1229 2735 1271 2757 est
1284 2729 1435 2764 hujmodi
1450 2738 1459 2756 τ
1473 2729 1530 2763 Sit,
1543 2729 1647 2764 inquit,
1665 2729 1864 2763 superisa-tien-

1077 2777 1140 2804 laris
1160 2776 1295 2811 proportio
1317 2778 1339 2802 Α
1362 2775 1394 2803 Β.
1418 2775 1502 2803 Sumo
1526 2775 1553 2802 in
1577 2775 1671 2802 eadem
1690 2774 1860 2809 proportione

1077 2821 1200 2849 minimos
1214 2821 1235 2849 ϐ
1249 2820 1280 2848 E.
1295 2820 1424 2854 Quoniam
1440 2819 1520 2853 igitur
1532 2825 1593 2847 sunt
1609 2819 1711 2847 minimi
1725 2819 1751 2846 in
1767 2818 1858 2846 eadem

232 2919 237 2923 -
271 2912 283 2927 ι
298 2909 348 2936 Ad.
370 2909 399 2954 ff
415 2911 623 2949 Consonantium.
654 2915 677 2952 ﬁ
689 2909 823 2945 Iulclligit.
841 2908 874 2952 ,γά
890 2909 1075 2945 Conjnngntur.
