4022 6366
495 338 636 404 ίῖὅῦ

1711 345 1825 400 ΛΝ.
1863 343 2066 402 MANL.
2103 345 2254 404 εει.
2299 348 2516 406 ΒΘΕΤΙΙ

3624 365 3757 425 mo

496 451 667 526 major
689 466 772 514 est
798 457 986 516 eodem
1017 456 1061 513 Ε
1089 472 1312 514 numero
1339 456 1426 530 qui
1453 465 1537 514 est
1555 457 1715 516 5054.
1743 460 1878 532 Ergo
1902 461 1943 515 Β
1969 476 2070 516 nu-
2101 463 2154 522 Α
2176 460 2216 516 C
2243 464 2625 532 multiplicetur
2652 468 2951 539 septuagies
2973 478 3077 539 ter,
3103 471 3299 531 efficiet
3322 490 3608 532 numerum
3621 478 3686 542 Κ,
3707 481 3755 534 id

499 563 681 604 merus
705 565 826 605 eum
849 548 940 620 qui
968 560 1050 604 est
1073 552 1116 604 Δ
1138 550 1466 606 transcendit
1495 551 1534 605 Ε
1565 566 1807 616 numero,
1835 552 1874 605 Β
1899 561 2078 607 autem

497 650 752 694 numerus
786 641 853 695 ab
883 655 948 696 eo
975 642 1065 711 qui
1094 649 1178 696 est
1214 642 1253 697 F
1291 643 1519 698 vincitur
1543 644 1730 699 eodem
1761 644 1801 699 Ε
1830 658 2076 700 numero.

493 730 547 784 Si
569 729 727 798 igitttr
749 731 791 785 Α
824 747 1050 788 numero
1070 732 1319 788 eumdem
1342 734 1382 789 E
1406 749 1767 805 apponamus,
1804 735 1892 790 fiet
1924 736 1983 789 ι).
2021 734 2079 791 Si

493 809 625 874 vero
657 821 697 874 Β
721 822 947 878 numero
978 822 1225 880 eumdem
1257 823 1300 880 Ε
1328 839 1657 895 apponatnus
1683 867 1698 892 ,
1731 828 1820 882 fiet
1863 826 1924 882 Β.
1971 825 2077 882 Sed

495 910 539 963 D
568 925 821 966 numerus
863 913 1166 983 septuagies
1213 915 1499 985 quinquies
1534 923 1722 971 auctus
1757 925 1869 982 est,
1907 931 2002 987 per
2038 917 2082 973 C

493 1001 698 1058 scilicet
747 1003 1177 1077 multiplicatum.
1226 1005 1266 1061 F
1305 1016 1487 1062 autem
1537 1007 1844 1077 septuagies
1892 1018 2082 1078 quater

493 1096 844 1168 multiplicato
864 1100 905 1157 C
928 1100 1123 1163 crevit;
1156 1101 1402 1158 obtinent
1428 1101 1588 1173 igitur
1613 1103 1751 1159 inter
1776 1119 1835 1159 se
1856 1119 2080 1174 propcr-

2139 629 2142 632 ί
2181 561 2266 608 e-t
2306 553 2538 611 522169.
2570 558 2670 624 Qui
2717 571 3057 631 comparatus
3093 563 3134 616 Β
3162 578 3384 621 numero
3411 567 3648 622 vincitur
3671 586 3755 624 eo-

2180 644 2303 701 dem
2333 645 2400 713 G,
2425 647 2626 703 scilicet
2657 649 2815 705 2H9.
2845 651 3065 708 Sublato
3094 655 3254 724 igitur
3279 656 3320 712 G
3347 656 3416 713 de
3447 660 3690 714 numeris
3715 663 3755 716 Α

2180 745 2342 807 atque
2365 739 2425 806 Β,
2458 739 2631 796 eﬂ'ecti
2658 753 2780 798 sunt
2811 745 2851 799 F
2875 755 3036 816 atque
3063 747 3130 802 Κ.
3157 748 3415 806 Minorem
3448 751 3611 821 igitur
3642 771 3755 820 pro-

2181 829 2480 898 portionem
2514 833 2761 888 retinebit
2789 836 2833 889 A
2856 843 3014 905 atque
3041 839 3079 891 Β
3105 855 3263 910 quam
3293 840 3333 894 F
3361 855 3526 911 atque
3560 843 3624 896 Κ.
3659 844 3755 898 Sed

2180 921 2222 976 F
2247 929 2404 992 atque
2428 921 2473 978 Κ
2499 937 2616 979 eam
2640 925 2870 982 retinent
2895 930 3289 998 proportionem
3311 947 3470 1002 quam
3495 933 3564 987 74
3589 934 3655 986 ad
3674 936 3756 999 73,

2181 1012 2231 1068 hi
2253 1015 2395 1070 enim
2427 1017 2780 1087 multiplicato
2807 1017 2849 1073 C
2877 1020 3054 1078 eﬂ‘ccti
3103 1032 3247 1081 sunt.
3289 1025 3465 1081 Minor
3493 1035 3578 1080 est
3608 1028 3756 1095 igitur

2179 1107 2456 1175 proportio
2483 1107 2528 1162 A
2570 1119 2733 1180 atque
2774 1112 2815 1166 Β
2853 1128 3198 1171 numerorum
3228 1131 3438 1174 comma
3482 1122 3755 1175 continen-

494 1187 692 1242 tiouem
725 1188 768 1242 D
795 1199 955 1260 atque
992 1190 1034 1246 F
1056 1207 1214 1263 quam
1248 1192 1445 1249 habent
1468 1195 1537 1251 75
1573 1194 1642 1249 ad
1667 1196 1755 1251 74.
1785 1194 1890 1251 Sed
1919 1195 1963 1250 ι)
1999 1203 2080 1250 at-

493 1291 600 1346 que
629 1277 671 1332 Γ
697 1287 822 1333 ειιηι
847 1279 895 1336 Α
919 1287 1079 1350 atque
1125 1281 1164 1336 Β
1206 1286 1313 1338 uno
1353 1284 1433 1339 eis
1479 1283 1660 1339 addito
1701 1283 1778 1351 E,
1819 1284 2076 1355 majorem
2178 1286 2420 1342 eamdem
2451 1291 2731 1346 commatis
2748 1295 3145 1364 proportionem
3170 1298 3428 1368 majorem
3460 1315 3586 1357 esse
3605 1317 3752 1371 quam

495 1367 656 1437 igitur
684 1377 712 1406 ι
740 1371 1042 1427 necessarie
1077 1381 1161 1428 est
1205 1375 1604 1444 proportionem
1649 1377 1906 1432 contineri
1941 1378 2079 1433 inter
2178 1378 2246 1434 75
2271 1378 2337 1433 ad
2374 1378 2462 1434 74.
2502 1380 2778 1439 Monstrati
2809 1394 2937 1442 sunt
2973 1387 3130 1458 igitur
3167 1367 3378 1446 numeri
3422 1392 3514 1460 qui
3555 1367 3754 1446 eorum:

496 1458 542 1511 Α
570 1467 730 1530 atque
760 1457 799 1514 Β
825 1477 983 1533 quam
1015 1463 1156 1518 inter
1194 1464 1238 1519 D
1273 1473 1430 1534 atque
1467 1465 1531 1520 ιε’.
1569 1466 1806 1536 Namque
1843 1467 1889 1522 A
1917 1477 2106 1538 atque
2174 1470 2475 1540 continent,
2500 1474 2758 1542 majorem
2789 1477 3003 1547 quidem
3037 1479 3176 1535 inter
3200 1495 3264 1536 se
3300 1457 3502 1537 habere
3540 1496 3753 1551 propor-

499 1547 540 1601 Β
565 1565 840 1618 numerus,
867 1568 972 1609 uno
998 1554 1040 1611 E
1068 1555 1268 1621 addito,
1291 1557 1463 1646 effecti
1490 1567 1614 1613 sunt
1641 1559 1681 1613 D
1702 1569 1859 1641 atque
1891 1561 1949 1615 F.
1983 1560 2077 1616 Mi-
2177 1564 2374 1619 tionem
2400 1582 2560 1632 quam
2589 1567 2656 1622 75
2677 1568 2744 1622 ad
2766 1568 2858 1639 74,
2889 1571 3150 1629 minorem
3175 1588 3303 1631 vero
3325 1547 3568 1646 quamﬂ
3589 1547 3657 1630 ad
3672 1573 3752 1641 73,

495 1653 596 1693 nor
626 1641 788 1710 igitur
809 1643 1082 1712 praportio
1104 1655 1183 1701 e-t
1211 1643 1350 1702 inter
1377 1645 1420 1701 D
1442 1657 1600 1719 atque
1632 1649 1671 1702 F
1694 1665 1850 1720 quam
1877 1651 2014 1708 inter
2031 1654 2072 1707 Α
2173 1657 2315 1727 quod
2343 1658 2628 1727 oportebat
2647 1661 2952 1718 ostendere.

495 1741 656 1802 atque
682 1734 741 1788 Β.
773 1735 879 1790 Sed
911 1736 1052 1792 inter
1084 1739 1122 1792 D
1158 1749 1318 1810 atque
1365 1740 1406 1795 F
1437 1741 1623 1796 cadent
1674 1744 1945 1812 proportio
1990 1754 2074 1799 est

471 1831 614 1892 qua:
639 1823 777 1880 inter
801 1826 869 1882 75
893 1835 947 1882 et
976 1828 1064 1882 74.
1089 1829 1231 1884 Ιηιει·
1254 1833 1296 1885 Α
1320 1831 1479 1900 igitur
1513 1842 1672 1903 atque
1703 1835 1742 1888 B
1765 1836 1932 1906 major
1955 1851 2079 1906 pro-
2109 1842 2161 1901 B.

496 1914 669 1982 portio
694 1925 773 1972 est
796 1933 951 1984 quam
980 1917 1118 1974 inter
1134 1920 1201 1975 75
1222 1929 1275 1974 et
1303 1921 1389 1976 74.
1419 1921 1446 1960 δ
1469 1923 1546 1979 Ac
1567 1924 1611 1979 A
1634 1934 1791 1996 atque
1814 1926 1852 1980 Β
1876 1941 2084 1983 comma

2181 1198 2309 1252 tium
2341 1213 2500 1267 quam
2531 1200 2599 1256 74
2625 1201 2693 1257 ad
2717 1202 2804 1260 73.
2833 1204 2937 1260 Sed
2962 1207 3119 1275 paulo
3148 1218 3271 1264 ante
3298 1220 3657 1266 monstratum
3681 1222 3756 1266 est

498 2007 796 2063 continent.
827 2008 996 2079 Major
1020 2011 1178 2082 igizur
1205 2015 1474 2084 proportio
1506 2027 1588 2071 est
1618 2019 1898 2072 commotis
1925 2004 2081 2089 quam

499 2096 569 2151 75
594 2107 752 2171 atque
781 2100 869 2157 74.

516 2571 1970 2786 λη

708 2777 886 2830 -Ωιιιί
1027 2799 1057 2805 --
1111 2780 1125 2805 ’
1179 2778 1383 2820 καιταιδι-
1424 2787 1570 2830 ςιιιισ

948 2843 1610 3142 κδ

666 2955 710 2998 1t
737 2913 800 3121 ἒ
823 2924 938 3033 κέ)
1361 2850 1698 3213 ἓ

659 3023 718 3067 ὁ
781 3007 932 3130 ’,ἐν
1406 3091 1446 3128 1
1583 3087 1599 3102 ·
1646 3050 1705 3101 ς’

650 3204 944 3273 Imm

1083 3278 1266 3329 an!

491 3731 751 3801 Quoniam
789 3731 948 3804 igitur
975 3733 1310 3790 ostendimus
1353 3736 1633 3792 commotis
1669 3741 2064 3810 proportionem

489 3824 748 3895 majorem
788 3840 908 3881 esse
947 3841 1016 3896 qu
1053 3841 1104 3881 tn
1141 3841 1259 3881 eam
1299 3842 1457 3895 quam
1493 3828 1560 3882 75
1588 3830 1863 3902 continent
1905 3833 1969 3887 ad
2000 3834 2068 3887 74

489 3917 811 3986 comparati;
862 3932 1002 3972 nunc
1049 3918 1436 3974 ostendendum
1486 3929 1568 3975 est
1620 3924 2066 3988 quemadmodum

485 4010 752 4066 minorem
789 4010 929 4066 inter
963 4025 1021 4065 se
1069 4012 1465 4080 proportiOnem
1506 4014 1814 4070 contineant
1859 4018 2066 4072 numeri

487 4102 722 4169 spatium
747 4102 1030 4155 commotis
1051 4102 1387 4156 continentes
1406 4143 1421 4166 ,
1453 4118 1610 4173 quam
1637 4102 1705 4158 74
1725 4106 1790 4158 ad
1821 4107 1888 4160 75
1917 4121 2035 4162 com
2053 4139 2067 4148 -

494 4191 685 4258 parati.
726 4189 781 4246 Id
827 4207 958 4246 vero
990 4202 1011 4230 ο
1045 4193 1430 4249 monstrabitur
1459 4193 1559 4249 boc
1587 4196 1745 4249 modo
1793 4214 1808 4252 :
1854 4198 2069 4252 remini-

492 4273 748 4339 scendum
793 4284 938 4353 prius
977 4285 1232 4354 estquod
1276 4286 1513 4340 secundo
1560 4287 1827 4343 volumine
1873 4289 2069 4344 dixeri-

493 4388 652 4439 mus,
692 4387 812 4429 cum
851 4373 920 4429 de
957 4390 1203 4429 mensura
1245 4376 1559 4432 differentia:
1606 4379 1972 4448 loquebamur.
2011 4381 2068 4437 Si

490 4464 634 4518 enim
653 4479 716 4519 ex
747 4466 984 4533 qualibet
1015 4467 1355 4534 proportione
1381 4467 1735 4523 differentiam
1757 4484 1942 4524 eorum
1973 4487 2070 4527 nu-

493 4567 785 4618 merorum,
817 4556 911 4626 qni
929 4572 1044 4611 eam
1089 4557 1392 4622 continent,
1419 4557 1746 4625 auferamus,
1780 4558 1831 4612 ιιὶ
1861 4560 1951 4629 qui
1983 4576 2067 4614 re-

2651 1953 2978 2109 Ᾰτμυ...
3029 1953 3327 2136 ,ΓὴὟ
3495 1995 3502 2001 ι
3579 1965 3582 1968 .

2229 2150 2462 2196 Amm
2548 2148 2562 2160 ’
3360 2143 3739 2215 tamen};

2854 2365 3033 2413 DriC
3747 2371 3753 2380 '

2257 2432 2298 2481 ς
2666 2359 2976 2627 Ἃ
3639 2434 3682 2480 ὕ

2310 2528 2419 2583 ιἏ
3348 2545 3394 2578 σν

2228 2538 2306 2591 ἰ’
2385 2579 2438 2695 ἓ
2511 2610 2563 2713 ."
2733 2503 3424 2706 ἰ
3517 2537 3696 2709 ἔπ’

2393 2627 2608 2867 ’,ἔρξ’
2693 2739 3182 2931 βεβαίως(
3346 2720 3566 2834 εξ

2302 3026 2676 3112 m
2955 3117 3069 3123 _
3273 3077 3280 3112 .'
3332 3041 3574 3112 ⁵³³⁸63
3744 3060 3752 3067 ’

2756 3347 2982 3406 CAPUT
3014 3345 3152 3405 XIII.

2171 3495 2319 3576 Quod
2344 3499 2664 3553 muitoninm
2695 3502 2863 3556 minus
2889 3506 3060 3573 majus
3094 3503 3301 3572 quidem
3332 3507 3398 3560 sit
3423 3524 3570 3577 quam
3599 3507 3748 3562 200d

2299 3573 2301 3576 ’
2525 3580 2609 3645 49,
2646 3582 2813 3656 mitts
2834 3599 2986 3648 quam
3016 3582 3393 3659 ίῡξ-αάιεέε.

2237 3767 2390 3834 Quod
2411 3769 2454 3824 si
2485 3770 2553 3825 ad
2573 3772 2913 3829 semitonium
2940 3777 3116 3831 minus
3137 3777 3268 3832 .talis
3292 3775 3580 3847 speculatio
3614 3790 3747 3829 con-

2171 3867 2440 3923 vertatur,
2483 3859 2601 3928 ejus
2641 3877 2854 3933 quoque
2882 3868 3285 3936 proportionem
3323 3867 3571 3922 faciflime
3601 3881 3747 3934 repc.

2171 3945 2387 4002 riemus.
2429 3949 2560 4014 Qua:
2602 3961 2811 4007 constat
2853 3954 2993 4010 inter
3029 3957 3136 4012 256
3181 3965 3237 4011 ει
3286 3957 3416 4012 ἳ43.
3467 3957 3550 4012 Sit
3595 3957 3749 4025 igitur

2170 4035 2278 4091 256
2301 4039 2364 4100 Α,
2390 4035 2494 4094 243
2521 4039 2581 4106 Β,
2617 4039 2808 4096 borum
2840 4043 3137 4099 diﬂ‘erentia
3172 4048 3239 4102 15
3263 4045 3326 4100 C.
3351 4045 3482 4100 Dico
3502 4045 3747 4115 quoniam

2172 4135 2214 4187 Α
2239 4133 2305 4188 ad
2334 4135 2374 4187 Β
2399 4135 2658 4192 minorem
2688 4140 2885 4196 retinet
2917 4144 3313 4212 proportionem
3343 4157 3504 4214 quam
3543 4139 3664 4212 19%
3686 4143 3748 4195 ad

2173 4235 2237 4288 18
2260 4229 2324 4303 31;
2350 4237 2601 4292 metiatur
2619 4240 2760 4294 enim
2785 4240 2826 4295 Ο
2853 4241 2919 4296 l9
2945 4243 3137 4309 semis,
3170 4242 3221 4297 id
3252 4243 3395 4313 quod
3423 4253 3507 4297 est
3534 4244 3598 4311 Α,
3625 4243 3752 4295 ﬁunt

2170 4329 2492 4405 ﬁlii-quod
2525 4337 2594 4390 sit
2617 4337 2678 4404 D,
2703 4339 2792 4408 qui
2819 4341 3024 4396 scilicet
3071 4353 3412 4411 comparatus
3459 4343 3529 4397 ad
3562 4343 3636 4410 A,
3667 4359 3752 4398 eo-

2172 4427 2290 4481 dem
2318 4431 2363 4482 A
2393 4429 2600 4484 duobus
2641 4434 2910 4502 semisque
2961 4435 3372 4491 transcenditur.
3417 4436 3604 4507 Sitque
3644 4438 3754 4491 tunc

2172 4529 2468 4584 differentia
2496 4529 2558 4598 Ρ,
2583 4530 2787 4586 scilicet
2816 4529 2920 4587 duo
2942 4529 3080 4605 et%,
3110 4552 3296 4591 rursus
3338 4536 3529 4592 eadem
3579 4534 3622 4590 C
3657 4537 3751 4591 dif-

490 4605 803 4711 linquuutu'r
833 4605 1109 4716 'majorem
1159 4605 1475 4703 obtinebunt
1532 4664 1568 4720 ι)
1595 4605 1928 4717 οροιιίἰοιιεζη
1986 4651 2067 4707 his
2098 4605 2148 4662 Β
2174 4622 2395 4677 “rem”
2429 4621 2788 4720 B_numerum
2836 4626 3084 4679 meum"
3131 4627 3298 4681 oc'ies
3341 4627 3526 4706 dimi“
3570 4627 3752 4691 semis'

494 4735 731 4789 numeris
769 4736 859 4804 qui
912 4748 1064 4792 erant
1109 4749 1234 4794 ante
1277 4738 1590 4797 differentia:
1638 4740 2065 4798 diminutionem.

2177 4721 2303 4775 fient
2333 4721 2437 4776 249
2467 4714 2659 4790 ἑᾳυοᾱ
2687 4722 2756 4776 sit
2782 4722 2845 4777 E.
2876 4723 3040 4793 Igitur
3070 4725 3112 4779 Ε
3142 4733 3482 4796 comparatus
3511 4729 3576 4780 ad
3609 4727 3751 4780 Bco-

488 4827 610 4883 Sint
645 4827 788 4882 enim
820 4827 853 4882 8
887 4835 941 4882 et
970 4828 1024 4882 6.
1058 4830 1140 4884 Ab
1171 4830 1254 4884 bis
1296 4831 1560 4899 propriam
1604 4833 1791 4886 aufero
1827 4831 2071 4888 ditiorem

2177 4812 2295 4868 dem
2329 4813 2368 4867 F
2396 4813 2808 4878 transcenditur.
2841 4814 2894 4869 id
2917 4825 2998 4870 est
3023 4816 3233 4871 duobus
3269 4826 3321 4872 et
3364 4819 3553 4872 semis.
3589 4818 3632 4871 Ι)
3659 4819 3751 4887 igi-

492 4917 620 4972 tiam
638 4961 652 4985 ,
681 4917 734 4971 id
758 4927 840 4972 est
869 4917 935 4983 9.,
969 4917 1100 4973 ﬁunt
1125 4919 1158 4973 6
1183 4929 1239 4975 et
1267 4921 1323 4975 4.
1353 4921 1459 4977 Sed
1483 4923 1535 4979 in
1563 4923 1928 4992 superioribus
1956 4938 2071 4979 ses-

2177 4913 2259 4958 tnr
2285 4905 2354 4961 ab
2382 4919 2451 4959 eo
2479 4905 2619 4974 quod
2643 4915 2725 4961 est
2749 4906 2816 4970 A,
2849 4916 2904 4961 ει
2929 4921 3114 4962 rursus
3145 4907 3186 4962 E
3215 4908 3282 4962 ab
3304 4923 3370 4962 eo
3400 4909 3543 4980 quod
3571 4917 3656 4962 est
3687 4909 3752 4974 Β,

489 4995 743 5079 animum
765 5050 780 5073 ν
814 5009 866 5064 in
905 5008 1005 5064 hac
1046 5011 1390 5080 ερεφιίθηεη
1439 5016 1710 5084 proportio
1745 5017 2064 5070 continetur.
2172 4993 2358 5049 eadem
2394 4995 2433 5049 F
2464 4995 2760 5050 differentia
2787 5006 2910 5052 sunt
2938 4999 3194 5054 minores.
3219 4999 3507 5054 Subtracto
3535 4999 3752 5068 igiturF

489 5101 659 5169 Major
707 5116 833 5155 vero
884 5109 968 5154 est
1015 5101 1361 5169 sesquialtera
1414 5105 1684 5174 proportio
1727 5106 2067 5174 sesquitertia

2177 5086 2239 5139 ab
2264 5100 2326 5140 νο
2348 5087 2488 5155 quod
2517 5097 2598 5142 est
2625 5088 2667 5142 A
2697 5097 2854 5157 atque
2883 5088 2952 5152 Β,
2985 5089 3104 5144 facti
3135 5099 3258 5143 sunt
3292 5090 3332 5143 Β
3363 5099 3526 5158 atque
3556 5091 3620 5143 Ε.
3652 5090 3754 5142 Μι-

490 5194 856 5263 proportione.
887 5192 1006 5249 Sint
1035 5193 1196 5262 igitur
1233 5193 1395 5249 iidem
1435 5197 1475 5250 Α
1509 5205 1667 5264 atque
1697 5198 1756 5251 Β.
1804 5196 1905 5264 Qui
1944 5209 2068 5252 sunt

2177 5175 2341 5243 itll't'm
2374 5175 2529 5244 igitur
2558 5178 2955 5244 proportionem
2979 5187 3164 5233 tenent
3186 5179 3322 5233 inter
3345 5193 3405 5232 se
3433 5179 3476 5232 Ι)
3502 5189 3664 5246 atque
3691 5179 3752 5242 Ε,

489 5262 739 5356 superius
775 5286 1057 5356 descripti,
1098 5301 1324 5356 quorum
1357 5296 1440 5340 est
1475 5262 1767 5344 differentia
1893 5287 2066 5343 Multi-

2177 5278 2330 5333 quam
2368 5262 2414 5317 A
2456 5274 2612 5334 atque
2644 5266 2701 5318 Β.
2734 5265 2836 5320 Sed
2863 5265 2905 5318 D
2932 5274 3090 5335 atque
3134 5265 3176 5321 Ε
3225 5267 3466 5321 eamdem
3521 5267 3752 5320 retinent

492 5382 635 5450 piico
670 5380 1025 5437 differentiam
1066 5381 1114 5452 _C
1162 5379 1366 5435 numeri
1408 5382 1706 5450 septuagies
1754 5391 1963 5450 quater,
1996 5381 2066 5436 sit

2177 5365 2571 5432 proportionem
2609 5364 2745 5418 inter
2772 5379 2831 5419 se
2851 5380 3008 5435 quam
3039 5365 3104 5422 l9
3132 5358 3172 5432 εξ-
3195 5367 3260 5421 ad
3293 5359 3444 5434 £84.
3503 5365 3545 5418 Α
3591 5363 3750 5432 igitur

492 5475 626 5532 milii
649 5489 902 5530 numerus
929 5472 987 5538 F,
1013 5474 1216 5528 scilicet
1242 5473 1472 5529 529322.
1492 5473 1588 5539 Qui
1618 5475 1656 5528 Α
1685 5488 1904 5528 numero
1923 5489 2065 5528 com-
2170 5461 2237 5515 ad
2285 5461 2329 5515 Β
2369 5461 2629 5517 minorem
2661 5463 2852 5519 retinet
2893 5467 3287 5534 proportionem
3327 5479 3484 5534 quam
3529 5465 3593 5521 ιθ
3619 5458 3664 5534 -ἓ
3688 5462 3750 5516 τά

491 5575 712 5635 paratus
738 5565 963 5622 vincitur
985 5580 1208 5622 numero
1226 5563 1290 5634 G,
1306 5565 1575 5621 scilicct2l
1596 5564 1672 5619 l9.
1703 5563 1902 5618 Rursus
1924 5562 2064 5620 idem
2173 5564 2239 5620 48
2262 5559 2292 5635 -ὲ
2316 5605 2328 5625 ,
2357 5563 2502 5635 quod
2526 5564 2805 5635 oportebat
2833 5564 3133 5620 ostendere.

571 5819 592 5850 ⁸
628 5809 859 5865 .Vrcate.
936 5817 961 5849 δ
984 5818 1065 5866 ιιι.
1143 5829 1182 5882 τ
1216 5811 1383 5865 Minor
1413 5810 1672 5879 proportio
1698 5809 1762 5863 74
1791 5807 1858 5861 ad
1891 5807 1977 5862 75.
2057 5816 2073 5845 ⁸

2178 5805 2570 5861 monstrabitur.
2645 5811 2677 5841 ’ν
2705 5806 2876 5877 Major
2915 5807 2981 5863 75
3015 5809 3081 5862 ad
3113 5805 3191 5863 74,
