4022 6366
270 401 405 459 ,ιειι

707 713 888 1091 ξιιθῶ
938 682 974 735 ε
1011 676 1062 727 '9
1094 673 1103 693 '
1160 666 1249 1099 ,ἶ
1262 735 1378 1095 ’δῖ

678 731 1156 925 samum

266 920 560 990 «AM-"0'
630 904 702 1029 ξ
1511 922 1804 984 Baman

316 1108 450 1164 256
644 1099 1237 1173 Ρημηωιιιηειηηπιιπαίι
1496 1078 1847 1187 Ἦ

413 1255 473 1313 ε.
1394 1303 1404 1311 .
1622 1187 1684 1380 ί

289 1412 408 1483 .2?
458 1302 754 1726 αξξ
790 1442 837 1486 ι)
1286 1444 1330 1490 ε
1462 1418 1549 1564 ’ξ
1616 1189 1814 1588 EF?

564 1501 649 1642 εί
1102 1604 1107 1607 ι
1523 1562 1557 1651 ς

1511 922 1653 983 Eam
1668 950 1804 984 mnu

1570 398 1658 457 DE
1692 390 1945 456 "USiCA
1983 395 2116 455 LIB.
2157 400 2246 459 iii.

1876 508 1925 569 Δ
1952 513 2152 582 minus,
2182 515 2354 587 majus
2383 516 2598 589 quidem
2620 530 2741 574 esse
2755 513 3113 571 commatibus
3142 514 3335 581 tribus,
3365 514 3544 570 minus

3409 395 3544 454 ιω

1951 618 2084 660 vero
2111 616 2368 675 quatuor,
2400 608 2544 679 quod
2582 607 2707 663 hinc
2734 605 2987 662 facillime
3018 605 3191 675 possis
3227 617 3543 675 agnoscere.

1951 695 2070 751 Sint
2092 704 2204 751 tres
2234 698 2445 753 numeri
2469 699 2540 753 ita
2567 695 2852 765 dispositi,
2882 704 2938 751 ut
2984 695 3124 751 inter
3148 709 3208 751 se
3236 694 3545 766 proportio-

1950 802 2072 843 nem
2116 790 2429 847 contineant
2472 791 2762 864 diapason.
2807 800 2864 847 et
2907 806 3027 847 eam
3057 807 3176 863 qua:
3214 792 3410 849 dicitur
3448 807 3543 849 ses

1949 888 2226 938 tonorum.
2263 882 2385 941 Sint
2428 883 2573 939 enim
2616 885 2659 939 Α
2708 882 2946 940 262i“.
2997 883 3347 941 intendantur
3383 884 3545 953 igitur

1942 973 2014 1028 ad
2044 973 2083 1029 Β
2109 974 2325 1045 quidem
2351 976 2589 1048 quinque
2619 978 2726 1032 toni
2756 977 3020 1044 continui,
3047 985 3102 1033 et
3124 979 3193 1032 sit
3224 977 3263 1032 Β
3290 977 3540 1043 472592ς

1946 1063 2014 1119 ad
2041 1063 2086 1119 C
2113 1074 2294 1120 autem
2326 1066 2587 1136 diapason
2635 1066 2988 1123 consonantia
3042 1067 3326 1132 referatur,
3372 1075 3427 1122 et
3472 1069 3546 1121 sit

1946 1154 1989 1209 C
2015 1155 2253 1212 524288.
2282 1157 2363 1213 Ad
2394 1158 2435 1213 Ι)
2463 1166 2641 1213 autem
2667 1171 2763 1213 sex
2798 1159 2910 1215 toni
2942 1158 3288 1215 intendantur
3309 1199 3325 1225 ,
3366 1158 3544 1227 sitque

1948 1243 1992 1299 D
2021 1243 2258 1301 53M“.
2299 1245 2393 1303 liis
2439 1246 2511 1302 ita
2540 1247 2815 1318 dispositis
2860 1256 2913 1304 et
2942 1249 3271 1317 constitutis,
3315 1248 3543 1303 manife-

1945 1344 2085 1390 stum
2113 1348 2199 1392 est
2226 1337 2367 1393 inter
2391 1338 2435 1395 (Ξ
2452 1347 2615 1409 atque
2636 1339 2680 1395 D
2699 1354 2911 1396 comma
2941 1341 3218 1409 constitui,
3244 1357 3541 1413 eorumque

1946 1427 2307 1485 diiierentiam‘
2340 1444 2461 1487 esse
2490 1431 2662 1498 7155;
2695 1431 2749 1487 id
2777 1442 2957 1487 autem
2990 1433 3059 1487 sit
3094 1430 3172 1499 Κ,
3200 1433 3543 1487 remittantur

1946 1518 2111 1590 igitur
2133 1522 2242 1576 duo
2271 1522 2383 1577 toni
2412 1522 2481 1578 ab
2516 1538 2583 1579 eo
2611 1524 2753 1595 quod
2784 1533 2867 1579 est
2892 1523 2932 1579 Β
2951 1566 2964 1590 ,
2994 1525 3062 1579 ad
3098 1524 3148 1579 id
3176 1524 3319 1595 quod
3345 1535 3428 1579 est
3460 1522 3535 1588 Ε,

1944 1623 2001 1669 et
2026 1615 2099 1669 sit
2129 1614 2171 1670 Ε
2198 1614 2433 1671 575248.
2465 1614 2670 1671 Rursus
2698 1616 2766 1671 ab
2805 1631 2871 1672 eo
2909 1616 3056 1686 quod
3102 1624 3185 1670 est
3236 1615 3276 1669 E
3321 1614 3543 1669 intendo

1629 1704 1843 1764 ,αὶ-Ἴ..-

1629 1758 1762 1799 οιι

1945 1704 2281 1761 diatessaron
2310 1706 2377 1760 ad
2403 1706 2455 1760 id
2478 1722 2586 1774 quo
2611 1714 2695 1764 est
2730 1707 2770 1761 F
2806 1706 3043 1763 497664.
3073 1705 3336 1775 Quoniam
3378 1706 3540 1776 igitur

1946 1795 2088 1853 inter
2110 1797 2152 1853 Ε
2180 1806 2342 1868 atque
2370 1798 2410 1852 Β
2434 1798 2542 1853 duo
2569 1809 2694 1855 sunt
2725 1798 2836 1854 toni
2857 1840 2873 1865 ,
2906 1800 3047 1856 inter
3074 1800 3115 1855 Ε
3150 1810 3314 1871 atque
3341 1800 3380 1854 F
3420 1800 3540 1854 dia-

1802 1900 1809 1903 '
1877 1887 1927 1949 B
1953 1898 2230 1957 tt-ssaron,
2262 1890 2403 1947 inter
2448 1892 2489 1947 B
2518 1891 2677 1963 igitur
2714 1904 2877 1960 atque
2907 1891 2948 1949 ιτ
2988 1892 3165 1948 minus
3194 1893 3539 1948 semitonium

264 1980 486 2039 Videtur
524 1991 703 2041 tamen
734 1984 922 2042 eadem
969 1986 1245 2057 proportio
1272 1986 1382 2043 256
1416 1985 1481 2042 ad
1520 1985 1629 2041 2‘3
1676 1984 1851 2055 major

262 2089 385 2129 e-se
409 2074 480 2129 ab
502 2089 565 2131 ea
592 2090 751 2145 quam
772 2076 1051 2131 continent
1069 2076 1140 2132 20
1166 2086 1220 2132 et
1250 2078 1336 2133 i9.
1359 2077 1474 2131 Sint
1504 2076 1646 2129 enim
1677 2078 1715 2129 Α
1744 2075 1783 2129 Β
1806 2074 1849 2130 C

261 2163 403 2219 idem
431 2165 523 2235 qui
550 2165 799 2235 superius
823 2165 1077 2235 descripti
1122 2176 1270 2221 sunt.
1313 2166 1562 2222 Metiatur
1609 2164 1769 2235 igitur
1804 2164 1850 2220 ϐ

255 2254 553 2312 diﬂerentia
583 2256 626 2311 Δ
653 2258 941 2312 terminum
968 2256 1168 2328 vigies,
1196 2258 1325 2314 (ient
1366 2257 1502 2322 260,
1542 2256 1633 2327 qui
1664 2266 1690 2294 ι
1721 2265 1848 2312 sunt

257 2347 325 2414 D,
352 2346 440 2418 qui
471 2348 765 2417 comparati
791 2348 859 2404 ad
896 2348 949 2404 id
986 2351 1129 2421 quod
1158 2358 1243 2406 cst
1271 2352 1311 2404 A
1342 2349 1589 2405 eumdem
1631 2361 1847 2420 quater-

257 2436 412 2492 nario
437 2438 848 2507 transcendunt,
879 2438 963 2495 hic
992 2441 1061 2495 sit
1091 2439 1152 2496 [ι’.
1182 2441 1387 2497 Rursus
1418 2440 1561 2496 idem
1586 2440 1629 2496 (ἶ
1658 2441 1845 2497 metia-

258 2537 345 2583 tur
374 2528 412 2581 Β
442 2528 623 2584 ἀενίεε
652 2530 861 2601 novies,
896 2529 1023 2585 ﬂent
1051 2528 1178 2595 247,
1204 2530 1291 2585 hic
1311 2531 1382 2585 sit
1411 2529 1476 2597 Ε,
1515 2529 1603 2599 qui
1629 2544 1847 2602 compa-

254 2621 356 2675 rati
382 2621 447 2675 ad
474 2621 513 2675 Β
542 2622 731 2677 eodem
758 2621 799 2677 Ρ
826 2624 1226 2678 transcendunt.
1271 2622 1314 2677 D
1352 2622 1512 2693 igitur
1553 2638 1840 2689 numerus,

252 2712 299 2764 Δ
349 2724 664 2777 numerum,
693 2722 745 2766 et
787 2712 828 2767 E
860 2727 1114 2768 numerus
1160 2727 1439 2769 numerum
1472 2712 1532 2781 Β,
1565 2713 1756 2783 eodem
1803 2713 1844 2770 Ρ

253 2800 663 2857 transcendunt.
686 2801 909 2872 Adjecto
930 2801 1087 2874 igitur
1110 2802 1149 2859 Ρ
1174 2804 1256 2859 itis
1271 2804 1359 2876 qui
1383 2814 1507 2861 sunt
1530 2804 1573 2860 A
1595 2815 1755 2877 atque
1777 2805 1842 2875 Β,

252 2890 379 2947 facti
408 2901 532 2947 sunt
558 2892 603 2946 ἰ)
631 2902 791 2964 atque
822 2893 885 2950 Ε.
918 2892 1086 2963 Major
1114 2894 1273 2964 igitur
1301 2906 1384 2952 est
1432 2895 1709 2966 proportio
1744 2911 1842 2952 eo-

252 2998 373 3039 rum
418 2983 509 3053 qui
544 2994 667 3039 sunt
706 2989 746 3040 Α
787 2993 949 3057 atque
979 2985 1039 3054 ii,
1070 3001 1230 3056 quam
1260 3001 1445 3042 eorum
1493 2988 1584 3058 qui
1629 2995 1755 3043 sunt
1798 2987 1842 3043 ι)

249 3084 417 3146 atque
444 3074 507 3131 E.
539 3073 646 3134 Sed
683 3076 723 3133 D
751 3089 909 3148 atque
941 3078 980 3133 Ε
1028 3079 1194 3149 vigies
1242 3088 1404 3149 atque
1431 3077 1613 3136 decies
1655 3078 1842 3137 novies

252 3169 678 3245 multiplicatus,
719 3170 761 3226 Ο
805 3186 1083 3226 numerum
1130 3169 1314 3227 eiiicit.
1360 3170 1529 3241 Major
1556 3172 1716 3244 igitur
1759 3181 1842 3229 est

1950 1981 2235 2050 reperitur.
2268 1982 2507 2040 Sublatis
2532 1983 2674 2038 enim
2712 1981 2739 2022 ιι
2772 1998 2802 2037 a
2828 1984 3162 2039 diatessaron
3189 1985 3540 2039 consonan'ia

1948 2072 2160 2128 duobus
2189 2073 2355 2139 tonis,
2386 2074 2444 2128 iit
2473 2075 2739 2145 reliquum
2767 2076 3113 2130 semitonium
3146 2076 3342 2145 minus,
3394 2074 3539 2144 quod

1948 2163 2003 2219 in
2031 2165 2217 2233 primis
2248 2166 2485 2221 numeris
2512 2174 2761 2221 constare
2784 2166 3003 2230 prtedisi
3028 2167 3135 2222 256
3160 2177 3214 2223 et
3241 2167 3368 2223 243.
3393 2167 3540 2236 Quos

1946 2254 2166 2310 eosdem
2208 2269 2463 2311 numeros
2494 2256 2538 2309 si
2572 2256 2766 2333 millies
2808 2257 3182 2328 noningeuties
3220 2258 3542 2328 quadragies

1946 2354 2242 2415 quaterque
2271 2344 2594 2415 multiplices
2617 2345 2657 2402 Β
2679 2356 2838 2417 atque
2864 2346 2927 2417 Γ,
2944 2362 3196 2403 numeros
3223 2348 3535 2419 explicabis.

1946 2437 2093 2503 Quos
2126 2448 2148 2476 ε
2183 2441 2486 2494 necessarie
2520 2447 2606 2495 est
2650 2438 2898 2496 eamdem
2951 2442 3350 2511 proportionem
3379 2442 3539 2511 supe-

1947 2526 2060 2582 rius
2088 2528 2247 2582 dictis
2274 2529 2513 2585 numeris
2537 2530 2845 2599 continere,
2878 2532 2970 2601 qui
3008 2546 3116 2586 uno
3145 2542 3306 2604 atque
3343 2532 3535 2589 eodem

1945 2630 2213 2682 numero,
2244 2616 2311 2673 id
2358 2627 2443 2673 est
2492 2617 2632 2673 l9“
2678 2620 2878 2689 pariter
2923 2621 3260 2690 multiplicati
3291 2638 3535 2680 crevere.

1945 2707 2076 2764 Item
2100 2710 2168 2762 ab
2195 2722 2263 2764 eo
2291 2709 2432 2780 quod
2463 2718 2546 2765 est
2579 2708 2650 2769 F.
2681 2710 2901 2766 intendo
2928 2710 3264 2769 diatessaron
3283 2756 3299 2781 ,
3333 2716 3539 2771 scilicet

1944 2800 2011 2855 ad
2042 2799 2108 2865 Ο,
2146 2810 2201 2855 et
2238 2804 2308 2856 sit
2337 2801 2379 2858 G
2410 2800 2640 2859 665552.
2683 2802 2891 2860 Rursus
2928 2804 2998 2874 ab
3025 2804 3295 2861 eodemG
3324 2808 3538 2863 remitto

1944 2891 2011 2947 ad
2038 2892 2075 2947 Ρ
2101 2894 2236 2948 duos
2259 2902 2435 2959 tonos,
2461 2901 2516 2949 et
2541 2893 2596 2949 iit
2624 2892 2664 2948 P
2685 2892 2917 2950 524288.
2944 2894 3095 2961 Quod
3125 2895 3165 2950 P
3184 2896 3211 2932 ά
3233 2896 3539 2953 necessarie

1943 2992 2047 3044 est.
2073 2992 2130 3038 ut
2155 2984 2403 3040 eumdem
2433 2999 2626 3040 sonum
2670 2998 2831 3055 quem
2877 2983 2921 3040 C
2966 2999 3225 3041 numerus
3262 2986 3535 3057 exhibeat.

1944 3075 2025 3129 Ad
2055 3074 2414 3146 aequalitatem
2455 3090 2688 3146 namque
2715 3074 2831 3146 ejus
2859 3076 2952 3131 tali
2981 3076 3201 3134 ratione.
3219 3093 3538 3150 progressus

1944 3176 2050 3223 est.
2084 3164 2295 3222 Etenim
2339 3181 2402 3222 ea
2442 3182 2563 3238 qua:
2591 3177 2671 3225 est
2703 3168 2747 3223 Α
2773 3168 2814 3223 C
2845 3168 3103 3239 diapason
3139 3170 3492 3224 consonantia
3513 3211 3529 3238 ,

250 3264 531 3333 proportio
558 3279 745 3318 conum
776 3264 865 3335 qui
897 3275 1022 3320 sunt
1049 3266 1089 3319 Α
1123 3275 1281 3336 atque
1309 3265 1371 3335 Β,
1400 3266 1489 3336 qui
1519 3264 1724 3321 scilicet
1752 3281 1836 3322 se-
1866 3267 1915 3331 (ζ
1946 3276 2068 3332 qua:
2095 3269 2305 3315 constat
2329 3261 2562 3332 quinque
2591 3262 2733 3316 tonis
2760 3274 2822 3317 ac
2860 3260 3071 3317 duobus
3098 3261 3400 3317 semitoniis
3430 3250 3535 3317 mi-

250 3353 532 3409 mitonium
560 3356 862 3421 continent,
893 3372 1051 3427 quam
1076 3371 1142 3412 ea
1165 3372 1285 3427 qua
1314 3366 1398 3412 est
1423 3356 1495 3412 20
1521 3356 1585 3412 ad
1620 3356 1703 3413 i9.
1737 3357 1838 3414 De-

252 3456 614 3501 monstratum
646 3447 806 3518 igitur
841 3458 926 3503 est
964 3449 1309 3505 semitonium
1359 3447 1535 3506 minus
1586 3448 1844 3521 majorem

249 3537 471 3609 quidem
503 3539 700 3597 habere
730 3543 1129 3613 proportionem
1159 3559 1319 3616 quam
1348 3544 1420 3599 20
1444 3543 1510 3599 ad
1544 3545 1638 3609 i9,
1671 3544 1844 3601 mino-

248 3657 370 3697 rem
400 3656 529 3697 vero
552 3659 713 3712 quam
748 3645 812 3701 l9
839 3639 875 3716 4}
903 3645 970 3701 ad
1006 3645 1067 3703 i8
1090 3640 1147 3715 ἦ.
1178 3646 1330 3703 Nunc
1357 3646 1498 3703 idem
1538 3646 1716 3703 minus
1751 3662 1841 3702 se.

248 3730 537 3788 mitouium
562 3734 813 3790 commati
840 3750 1216 3807 comparemus
1258 3736 1403 3807 quod
1449 3727 1530 3793 est
1571 3738 1839 3803 ultimum.

247 3824 460 3883 auditui
491 3828 774 3897 suitjacens
802 3827 1098 3899 ultimaque
1123 3830 1419 3900 proportio.

716 4032 1357 4207 W39&19

664 4150 721 4251 β’

246 4409 396 4480 ’δῖε
463 4405 1227 4501 ””“-“’“’-“ῖ’
1642 4414 1800 4471 αι’)

328 4618 481 4697 η
542 4501 1625 4751 \‘1—7
1750 4596 1801 4653 .

756 4718 1302 4851 \‘Dirmﬁz’ﬁ
1368 4826 1473 4889 ἤτε

414 5165 511 5213 ιοο
557 5156 564 5199 t
684 5152 803 5231 Ρη
854 5141 1399 5226 "gitti-'13
1634 5158 1755 5207 247
1820 5138 1829 5145 ’

839 5355 1064 5414 CAPUT
1106 5355 1243 5412 XIV.

245 5494 597 5555 Semitonium
628 5492 796 5572 minus
836 5493 1006 5572 majus
1035 5489 1237 5559 quidem
1276 5502 1381 5572 esse
1424 5488 1582 5545 tribus
1620 5504 1843 5544 comma-

671 5564 823 5629 tibns,
855 5564 1022 5614 minus
1050 5576 1162 5614 vero
1190 5569 1429 5630 quatuor.

330 5676 497 5747 igitur
546 5672 1017 5731 demonstrandum
1086 5671 1433 5742 proponimus
1495 5668 1841 5727 semitonium

1947 3355 2199 3422 nuribus,
2224 3356 2293 3413 ab
2319 3357 2352 3413 6
2388 3358 2529 3414 tonis
2557 3366 2826 3412 commate
2861 3365 3165 3427 superatur.
3218 3356 3302 3411 Ab
3344 3357 3535 3412 eodem

1946 3450 2108 3521 igitur
2136 3449 2178 3505 Δ
2206 3450 2440 3506 termino
2460 3463 2717 3505 numerus
2748 3448 2811 3519 P,
2833 3449 3073 3519 quinque
3106 3437 3257 3529 ton’is’
3284 3461 3348 3501 ac
3375 3446 3537 3502 serui»

1945 3543 2107 3599 Ioniis
2132 3538 2344 3599 duobus
2374 3543 2597 3598 recessit
2637 3541 2741 3597 boc
2780 3542 2961 3597 modo.
2993 3543 3075 3598 Ab
3102 3556 3168 3597 eo
3204 3539 3345 3612 quod
3382 3551 3462 3594 est
3492 3542 3536 3596 Δ

1943 3652 2115 3708 usque
2138 3636 2205 3691 ad
2235 3636 2285 3691 id
2314 3636 2453 3707 quod
2476 3645 2558 3691 est
2582 3633 2623 3689 Β
2651 3635 2885 3704 quinque
2922 3632 3174 3690 nimirum
3213 3634 3537 3702 colliguntur

1946 3727 2086 3793 toni;
2116 3722 2279 3783 abeo
2306 3737 2483 3782 autem
2512 3724 2655 3796 quod
2683 3736 2761 3780 est
2789 3724 2829 3777 Β
2853 3739 3019 3793 usque
3048 3725 3113 3779 ad
3146 3723 3199 3778 id
3220 3723 3362 3793 quod
3389 3733 3470 3777 est
3495 3722 3536 3777 ἲ
3654 3734 3662 3743 “

1943 3820 2121 3871 minus
2145 3832 2267 3873 esse
2292 3819 2519 3871 semitun
2546 3832 2632 3869 um
2677 3823 2988 3884 pernotatur
3008 3854 3023 3879 ,
3051 3813 3089 3867 F
3118 3826 3245 3868 vero
3284 3823 3442 3884 atque
3460 3810 3534 3893 'P’,

1944 3910 2086 3965 idem
2130 3922 2316 3963 rursus
2360 3908 2703 3963 semitonium
2755 3905 2930 3960 minus
2970 3904 3269 3961 includunt.
3298 3907 3342 3960 Α
3372 3905 3536 3974 igitur

1945 4014 2115 4069 usque
2143 3998 2209 4055 ad
2240 3999 2278 4054 P
2308 3997 2546 4070 quinque
2584 4007 2741 4052 tonos
2776 4013 2839 4051 ac
2868 3996 2976 4052 duo
3014 3995 3296 4051 semitonia
3324 3996 3533 4050 minora

1944 4090 2212 4162 produxit.
2237 4090 2365 4147 iure
2390 4090 2549 4160 igitur
2582 4089 2621 4144 P
2640 4098 2803 4158 atque
2829 4089 2869 4142 (Σ
2897 4087 3100 4143 eisdem
3130 4086 3374 4141 numeris
3401 4101 3535 4141 eon-

1941 4183 2271 4240 scribuntur.
2301 4182 2407 4239 Sed
2426 4184 2677 4255 quoniam
2702 4180 2839 4237 inter
2868 4179 2906 4235 F
2934 4192 3094 4250 atq-:c
3122 4177 3163 4233 C
3187 4177 3533 4233 semitonium

1832 4314 1833 4317 η
1941 4276 2120 4331 minus
2146 4284 2252 4342 est,
2282 4275 2561 4329 videamus
2595 4271 2708 4327 ltmc
2744 4286 2864 4342 qua:
2894 4269 2962 4325 sit
2993 4285 3177 4347 eorum
3207 4266 3533 4332 diiierentia,

1942 4376 1999 4420 ut
2028 4381 2146 4422 eam
2173 4368 2424 4420 commati
2452 4376 2847 4433 comparemus.
2874 4361 2968 4415 Est
2995 4370 3176 4413 autem
3216 4370 3403 4411 eorum
3428 4356 3532 4411 dii-

1943 4458 2169 4514 l'erentia
2193 4456 2371 4511 2662i
2389 4499 2405 4524 ,
2438 4464 2493 4511 et
2519 4453 2682 4509 sit'ita
2700 4466 2730 4507 c
2758 4452 2825 4507 bi.
2859 4450 3021 4521 igitur
3045 4448 3090 4503 Κ
3120 4447 3400 4502 commatis
3425 4446 3531 4527 dii-

1943 4548 2167 4605 i’erentia
2195 4558 2304 4613 est,
2335 4546 2382 4602 Μ
2412 4555 2587 4601 autem
2625 4542 2894 4601 semitonii
2940 4540 3184 4596 minoris.
3212 4538 3269 4595 Si
3297 4539 3458 4607 igitur
3488 4534 3532 4595 Κ

1863 4649 1916 4712 υ
1946 4655 2223 4711 numerum
2265 4638 2421 4694 tertio
2466 4638 2805 4702 auaerimus,
2851 4633 2939 4689 liet
2963 4645 3220 4687 numerus
3239 4630 3441 4686 2H59.
3469 4632 3534 4687 Et

1942 4736 2017 4791 sit
2042 4733 2127 4789 hic
2147 4731 2211 4787 L.
2238 4731 2294 4788 Si
2320 4744 2448 4787 vero
2476 4736 2668 4800 quater
2686 4726 2934 4781 eumdem
2967 4736 3247 4778 numerum
3276 4720 3321 4777 Κ
3353 4722 3533 4777 multi-

1943 4824 2144 4895 piicare
2172 4822 2496 4879 voluerimus
2516 4861 2531 4888 ,
2565 4820 2693 4875 iicnt
2716 4816 2896 4873 286l2
2916 4858 2932 4883 ,
2958 4826 3014 4872 et
3040 4817 3112 4871 sit
3139 4815 3240 4870 hoc
3261 4814 3327 4870 N.
3368 4813 3533 4884 igitur

1941 4916 1989 4972 Μ
2022 4915 2190 4985 major
2216 4915 2430 4985 quidem
2456 4924 2535 4968 est
2567 4912 2634 4967 ab
2673 4911 2744 4977 L;
2777 4910 2916 4967 idem
2949 4919 3127 4965 autem
3173 4908 3223 4965 Μ
3254 4906 3429 4962 minor
3449 4915 3531 4961 est

1939 5007 2009 5062 ab
2041 5007 2107 5063 Ν.
2138 5006 2245 5063 Sed
2274 5005 2316 5061 Ν
2343 5014 2532 5076 quater
2560 5012 2720 5058 aucto
2746 5010 3011 5058 commate
3040 4998 3336 5060 succrevit;
3363 4995 3403 5049 L
3429 5009 3531 5051 att-

1820 5138 1829 5145 .
1939 5105 2048 5151 tem
2073 5100 2250 5160 tertio,
2274 5095 2320 5150 hi
2347 5111 2475 5151 vero
2503 5093 2772 5150 semitonii
2799 5090 3023 5147 minoris
3048 5089 3253 5143 obtinet
3276 5084 3532 5141 differen-

1944 5187 2099 5242 'iam.
2126 5186 2252 5243 iure
2280 5187 2439 5257 igitur
2467 5186 2668 5241 dictum
2699 5194 2779 5240 est
2820 5184 2998 5237 minus
3041 5175 3386 5234 semitonium
3428 5175 3530 5230 mi-

1946 5295 2045 5336 -us
2067 5277 2283 5352 quidem
2310 5294 2431 5335 esse
2457 5293 2615 5349 quam
2638 5285 2866 5349 quatuor
2884 5277 3172 5336 commata,
3206 5266 3377 5338 majus
3399 5280 3531 5320 vero

1941 5387 2101 5441 quam
2132 5372 2251 5425 tria.

330 5860 372 5931 -ι-
405 5857 578 5930 Major
604 5857 751 5917 alios.
828 5864 852 5894 ³
884 5855 984 5913 Sit.
1062 5852 1101 5925 ’ξ’
1135 5851 1304 5907 Minor
1326 5850 1474 5906 alias.
1550 5848 1578 5889 δ
1606 5848 1703 5909 Ds.
1784 5861 1806 5891 ε
1838 5848 2076 5906 Necesse.
2153 5842 2177 5883 ἀ
2210 5842 2448 5900 Secuta.
