4022 6366
211 400 360 455 ,1⁸245

1450 402 1455 407 '
1524 386 1611 441 DE
1649 381 1898 441 MUSICA
1936 379 2064 435 LIB.
2110 376 2195 431 IY.

3363 366 3499 422 {946

222 528 383 582 supra
404 525 483 581 qu
521 522 624 579 que
659 504 960 573 descriptus
989 509 1073 558 est
1106 499 1337 555 514288.
1379 468 1643 567 Apotome
1673 507 1804 549 vero
1832 498 1884 559 Α
1907 504 2028 559 quae
2067 488 2137 542 sit
2168 485 2473 542 diﬂ‘erentia
2500 484 2641 539 inter
2680 483 2722 538 C
2748 492 2909 553 atque
2940 482 2982 537 D
3012 496 3266 536 numeros
3294 484 3498 537 consti-

218 604 387 658 distat
413 601 481 655 ab
509 614 574 654 eo
609 596 748 667 quod
795 604 876 651 est
925 596 990 648 Α.
1024 594 1070 647 Is
1101 604 1356 647 nume'us
1377 629 1392 656 ,
1424 589 1513 656 qui
1543 586 1811 655 colligitur

218 692 518 749 uuitatibus
568 685 799 747 53H“.
851 694 904 739 et
944 685 1015 739 sit
1054 692 1081 721 ι
1120 684 1218 737 hoc
1253 679 1313 732 C.
1349 679 1608 745 Quoniam
1652 676 1811 743 igitur

1917 591 2050 635 tuta.
2077 578 2174 633 Est
2206 587 2383 632 autem
2418 578 2457 631 E
2478 617 2495 643 ,
2532 577 2736 631 scilicet
2773 576 3037 629 unitatum
3070 574 3231 629 7155.
3266 573 3503 629 Demon-

1914 680 2145 724 stratum
2178 677 2261 722 est
2288 668 2448 737 igitur
2478 677 2661 721 tonum
2692 667 2898 722 duobus
2940 667 3239 723 semitoniis
3279 666 3503 721 minori-

226 788 272 842 A
307 786 345 839 Β
368 784 546 839 minus
568 778 907 835 semitonium
934 815 949 839 ,
990 777 1033 829 Α
1054 773 1096 829 C
1126 771 1298 839 majus
1318 810 1333 834 ,
1365 766 1661 822 diﬂ‘ereutia
1696 765 1814 833 ejus
1916 762 2017 817 bus
2038 769 2301 815 commate
2328 774 2447 813 esse
2472 760 2747 829 majorem.

222 874 370 946 quod
414 882 497 928 cst
521 871 560 924 Β
582 870 648 923 ab
676 882 740 922 co
762 865 903 936 quod
924 874 1005 919 est
1036 864 1076 917 ι)
1106 858 1458 932 perquirenda
1491 867 1593 912 est.
1630 856 1700 909 Ea
1731 864 1815 910 est

228 964 428 1030 70l55,
476 963 529 1017 id
574 962 644 1015 sit
687 959 751 1014 D.
783 957 888 1013 Sed
939 956 1027 1010 bic
1066 968 1321 1009 numerus
1366 950 1563 1005 dudum
1609 963 1817 1004 contine

229 1056 593 1117 monstrabat;
628 1054 766 1107 inter
792 1050 964 1117 majus
993 1048 1150 1117 igitur
1175 1044 1522 1100 semitonium
1550 1056 1614 1095 ac
1642 1043 1820 1096 minus

228 1162 445 1204 comma
470 1144 829 1202 differentiam
861 1142 1006 1196 facit.

910 1741 1134 1799 apotome

239 2021 443 2075 Rursus
468 2018 947 2097 demonstrandum
979 2035 1221 2088 prepuuo
1266 2028 1444 2073 tonum
1487 2020 1697 2072 duobus
1743 2032 1828 2071 sc-
1922 2014 1923 2017 “

242 2109 481 2163 niitoniis
507 2109 803 2163 minoribus
832 2110 950 2163 solo
981 2116 1248 2164 commate
1278 2123 1397 2163 esse
1430 2112 1707 2177 majorem.
1744 2107 1829 2163 Sit
1910 2110 1919 2113 ’

1914 2192 2038 2249 ‘Sed
2070 2192 2322 2263 quoniam
2358 2193 2535 2247 omni.»
2571 2192 2680 2260 jam
2704 2204 2821 2259 qua:
2860 2186 3131 2259 probanda
3170 2182 3515 2255 promisimus

1916 2287 2147 2356 ‘prOpria
2178 2287 2386 2342 ratione
2418 2293 2709 2340 monstrata
2736 2291 2894 2347 sunt,
2926 2295 3068 2335 nunc
3100 2278 3240 2349 quod
3272 2286 3517 2346 superest

239 2205 279 2255 Α
315 2216 566 2256 numerus
594 2201 821 2255 472392.
848 2203 929 2257 Ab
951 2206 1051 2255 hoc
1075 2202 1380 2255 intendatur
1410 2210 1565 2255 tonus
1587 2199 1823 2267 55H”,

233 2298 294 2348 et
325 2293 523 2347 sithoc
553 2292 594 2347 D
619 2292 685 2365 ab
715 2308 780 2347 eo
811 2307 940 2347 vero
973 2290 1115 2360 quod
1147 2300 1228 2344 est
1258 2290 1300 2344 A
1332 2290 1639 2344 intendatur
1665 2290 1825 2343 semi-

237 2384 447 2437 tonium
473 2383 671 2449 minus,
693 2383 831 2448 quod
857 2392 936 2437 cst
959 2382 1018 2447 Β,
1038 2396 1098 2435 ac
1116 2383 1183 2436 sit
1214 2380 1252 2435 Β
1273 2380 1504 2436 497661.
1524 2380 1654 2435 licm
1679 2380 1745 2434 ab
1761 2397 1826 2436 eo

239 2473 383 2543 quod
406 2480 493 2529 est
512 2474 552 2528 Β
574 2474 914 2529 sem'tonium
945 2473 1090 2528 aliud
1116 2473 1422 2527 intendatur
1454 2475 1628 2528 minus
1646 2516 1659 2541 ,
1684 2473 1823 2543 quod

236 2574 324 2619 est
343 2565 407 2631 C,
430 2573 485 2619 et
504 2566 572 2620 sit
590 2563 630 2620 C
653 2564 885 2622 5249.88.
911 2565 1170 2632 Quoniam
1200 2564 1360 2635 igitur
1390 2567 1427 2618 Α
1466 2564 1505 2618 D
1536 2574 1689 2618 tonus
1711 2572 1825 2629 est,

230 2657 283 2711 Ἀ
311 2656 353 2711 C
382 2671 508 2711 vero
537 2656 643 2710 duo
665 2659 941 2710 continent
975 2654 1180 2709 minora
1214 2653 1495 2709 semitonia
1521 2654 1828 2708 :vidcamus

1948 1070 2003 1235 /
2144 1070 2391 1235 “‘“s/
2536 1070 2853 1235 \W/
2978 1070 3483 1235 \Em\

236 1567 1203 1680 WIW
1280 1593 1360 1640 55l
1382 1592 1457 1639 tit
1539 1578 1811 1666 |______
3100 1634 3105 1637 ’
3401 1590 3457 1596 _

2200 1968 2635 2145 Ψ

2455 1996 2659 2053 Tomi:
2761 1977 2905 2048 intm
2920 1967 3008 2067 fit:
3068 1800 3392 2067 //

1934 2382 2152 2437 musica:
2193 2382 2550 2448 institutioni,
2580 2379 2839 2449 regularis
2883 2373 3235 2430 monocliordi
3281 2370 3520 2427 iacienda

1932 2481 2017 2529 est
2060 2473 2296 2543 partitio.
2345 2473 2514 2540 Quam
2562 2486 2675 2525 rem
2720 2467 2968 2540 quoiiiam
3008 2464 3221 2536 longior
3273 2470 3523 2516 tractatus

1934 2562 2213 2629 extendit,
2247 2562 2300 2618 iu
2336 2560 2651 2633 posterioris
2696 2557 3065 2615 commentarii
3110 2553 3521 2625 disputationem

1935 2656 2244 2711 censuimus
2276 2653 2697 2710 transferendam

2183 2757 3468 2786 _____________________.__._________.

1338 2873 1711 2973 LIBER
1790 2826 2438 2994 QUARTUS.

1683 3060 2055 3074 *-

756 3168 983 3226 CAPUT
1024 3165 1307 3223 PRIMUM.

242 3300 265 3325 ,η
426 3262 619 3317 Vocant
647 3260 961 3329 differentias
988 3260 1041 3314 iu
1066 3258 1349 3329 quantitate
1370 3256 1658 3311 consistere.

242 3398 247 3402 ι
320 3358 433 3413 Etsi
472 3355 650 3412 omnia
694 3368 815 3424 qua:
873 3350 1285 3408 demonstranda
1335 3359 1495 3405 erunt
1537 3348 1832 3419 superioris

244 3450 371 3511 libri
395 3448 710 3503 tractatione
739 3445 1086 3515 digessimus,
1122 3459 1229 3498 non
1254 3444 1477 3513 praenitet
1506 3451 1682 3497 tamen
1716 3457 1830 3495 rure

246 3555 347 3594 sus
370 3539 557 3594 eadem
597 3537 829 3592 breviter
866 3535 1141 3589 memoria:
1170 3534 1529 3603 recolligenda
1553 3545 1830 3603 praestare.

246 3629 625 3699 cumquadam
652 3627 961 3682 diversitate
990 3635 1277 3693 tractatus,
1323 3636 1378 3680 ut
1408 3626 1493 3680 bis
1534 3640 1719 3679 rursus
1766 3622 1833 3677 ad

242 3721 571 3775 memoriam
604 3719 952 3773 redeuntibus
976 3717 1042 3771 ad
1084 3718 1281 3786 regula:
1316 3716 1637 3769 divisionem
1664 3754 1681 3779 ,
1730 3727 1834 3782 quo

250 3820 368 3867 tota
396 3810 564 3865 tendit
608 3810 860 3872 intentio,
896 3807 1194 3862 veniamus.
1226 3805 1279 3860 Si
1323 3805 1462 3858 foret
1501 3820 1679 3859 rerum
1721 3818 1833 3856 om-

250 3906 401 3959 nium
432 3904 605 3972 quies,
638 3900 816 3954 nullus
854 3898 1089 3953 auditum
1118 3911 1285 3952 sonus
1317 3898 1521 3951 feriret.
1572 3896 1627 3950 ld
1657 3903 1837 3949 autem

246 3996 444 4063 ﬁeret,
472 3992 723 4063 quoniam
766 3990 1098 4046 cessantibus
1144 3989 1354 4044 cunctis
1401 3989 1630 4051 motibus
1679 3987 1839 4041 nullae

244 4088 400 4143 inter
428 4100 486 4142 se
514 4100 600 4141 res
629 4084 837 4153 pulsum
864 4084 1069 4137 ciercnt
1094 4099 1105 4134 ε
1142 4091 1199 4135 ιιι
1229 4082 1386 4151 igitur
1410 4082 1481 4135 sit
1515 4096 1615 4133 vos
1634 4118 1649 4143 ,
1683 4079 1837 4147 pulsu

257 4187 342 4233 Cal
371 4190 523 4245 opus.
557 4175 660 4232 Sed
694 4175 840 4231 utsit
860 4195 870 4243 ι
892 4174 1248 4239 ulsus,motus
1272 4182 1596 4229 necesseest
1624 4180 1843 4227 antece-

256 4272 374 4324 dat.
406 4269 619 4337 Utergo
664 4268 733 4322 sit
762 4282 894 4331 vox,
921 4278 1121 4321 motum
1153 4280 1273 4321 esse
1321 4282 1539 4320 necesse
1587 4275 1687 4321 est.
1735 4264 1839 4320 Sed

257 4359 438 4415 omnis
464 4368 637 4412 motus
660 4357 819 4413 habet
844 4357 894 4410 iu
922 4371 981 4411 se
1008 4366 1116 4410 tum
1144 4356 1479 4410 velocitatem
1504 4397 1518 4419 ,
1543 4364 1651 4409 tum
1680 4357 1838 4410 etiam

260 4449 589 4505 tarditatem.
625 4450 678 4503 Si
714 4448 872 4517 igitur
896 4447 981 4505 sit
1022 4446 1204 4500 tardus
1249 4446 1301 4499 in
1348 4446 1597 4515 pellendo
1643 4456 1839 4514 motus,

1859 3163 1903 3224 C
1934 3162 2166 3219 dissonae
2207 3181 2367 3223 vices
2409 3167 2788 3224 exaudiuntur.
2839 3168 3104 3223 Consonat
3139 3164 3351 3235 quidem
3394 3172 3522 3218 sunt

1935 3273 2055 3327 qua:
2098 3258 2259 3313 simul
2310 3262 2475 3330 pulste
2514 3272 2748 3316 suavem
2794 3260 3225 3331 permixtumque
3278 3260 3415 3312 inter
3462 3271 3525 3312 se

1935 3350 2266 3420 C0ttjungunt
2310 3370 2533 3419 sonum;
2578 3355 2816 3409 dissona:
2845 3369 2972 3409 vero
3010 3369 3130 3424 qua:
3169 3351 3328 3405 simul
3358 3350 3526 3420 pulsa:

1937 3455 2044 3494 non
2073 3442 2305 3496 reddunt
2336 3458 2555 3499 suavem
2597 3459 2771 3513 neque
2815 3446 3137 3514 permixtum
3183 3456 3396 3495 sonum.
3433 3439 3527 3493 llis

1937 3530 2096 3603 igitur
2127 3534 2194 3587 ita
2214 3534 2592 3619 ‘przcdictis,de
2616 3535 3052 3606 proportionibus
3078 3548 3241 3605 pauca
3263 3532 3527 3587 dicamus.

2563 3710 2791 3765 CAPUT
2830 3710 2894 3763 ll.

2210 3843 2435 3895 Diversa:
2464 3843 2527 3894 de
2554 3841 2829 3894 intervallis
2858 3841 3246 3910 speculationem

2012 3999 2065 4054 Si
2101 3997 2438 4053 intervallum
2480 3995 2759 4064 multiplex
2793 3994 3001 4049 binario
3040 3992 3444 4061 multiplicetur,
3473 3991 3525 4046 id

1942 4090 2080 4161 quod
2140 4089 2197 4142 ﬁt
2236 4103 2301 4143 ex
2347 4087 2445 4141 hac
2489 4084 2929 4154 multiplicatione
2973 4084 3341 4147 intervallum,
3394 4081 3530 4135 mul-

1944 4182 2104 4251 tiplex
2132 4187 2235 4235 est.
2258 4180 2336 4235 Sit
2359 4176 2633 4246 multiplex
2675 4176 3015 4230 intervallum
3047 4174 3087 4228 Β
3122 4176 3194 4241 C,
3227 4183 3281 4227 et
3322 4174 3360 4226 Β
3394 4169 3530 4227 mul-

1932 4276 2111 4345 ‘tiplex
2161 4273 2278 4344 ejus
2319 4270 2462 4342 quod
2491 4280 2574 4325 est
2606 4270 2648 4322 (ἶ
2668 4312 2681 4334 ,
2710 4279 2764 4323 et
2803 4270 2891 4322 [iat
2928 4277 2985 4322 ut
3016 4268 3163 4321 estC
3191 4265 3256 4319 ad
3282 4265 3356 4327 Β,
3389 4265 3459 4317 ita
3490 4264 3531 4316 Β

1944 4364 2007 4419 ad
2033 4366 2094 4419 D.
2127 4361 2390 4431 Quoniam
2414 4360 2572 4430 igitur
2598 4360 2637 4413 Β
2663 4358 2937 4426 multiplex
2958 4367 3062 4421 est,
3086 4355 3201 4424 eius
3223 4352 3364 4424 quod
3386 4352 3530 4406 estC

1944 4456 2161 4511 metitur
2186 4455 2227 4509 C
2256 4453 2537 4516 terminus,
2561 4452 2612 4506 id
2644 4450 2783 4521 quod
2807 4460 2886 4505 est
2911 4450 2968 4516 Β,
3004 4448 3086 4504 vel
3115 4449 3217 4513 bis,
3239 4446 3322 4502 vel
3348 4445 3526 4511 tertio,
3558 4482 3561 4489 ι

257 4542 483 4612 gravior
518 4540 757 4596 redditur
809 4555 994 4595 sonus.
1040 4539 1171 4593 Nam
1228 4548 1283 4593 ut
1341 4538 1559 4593 tarditas
1601 4541 1840 4603 proxima
1871 4549 1926 4608 D
1950 4545 2032 4601 vel
2057 4545 2340 4614 deinceps,
2375 4551 2428 4599 et
2461 4548 2546 4597 est
2588 4550 2648 4596 ut
2687 4541 2728 4595 C
2763 4540 2829 4594 ad
2855 4541 2921 4603 Β,
2951 4541 3021 4595 ita
3050 4540 3088 4592 Β
3116 4537 3181 4593 ad
3214 4538 3275 4592 ῐ).
3306 4535 3531 4591 -Μειίιιιτ

259 4629 479 4684 stationi
506 4640 608 4695 est,
640 4629 713 4682 ita
743 4628 972 4698 gravitas
998 4629 1243 4697 contigua
1271 4629 1637 4683 taciturnitati.
1674 4631 1840 4685 Velox

260 4738 397 4778 vero
435 4733 607 4776 motus
629 4731 838 4776 acutam
868 4722 1108 4776 voculam
1144 4730 1379 4790 praestat.
1412 4719 1696 4788 Praeterea,
1728 4739 1844 4792 qua:

261 4816 445 4887 gravis
491 4825 571 4871 cst
598 4857 611 4880 ,
662 4816 966 4871 intensione
1011 4815 1274 4869 decrescit
1322 4814 1387 4868 ad
1432 4814 1687 4869 medium.
1715 4814 1845 4880 Qum

265 4922 397 4961 vero
422 4914 606 4972 acuta,
652 4908 966 4961 remissione
992 4905 1257 4960 decrescit
1286 4905 1351 4958 ad
1393 4905 1648 4959 medium.
1693 4904 1845 4960 Unde

267 5002 330 5055 tit
360 5010 417 5054 ut
439 5002 609 5055 omnis
633 5015 795 5055 sonus
825 5000 972 5069 quasi
1005 5014 1067 5053 ex
1092 4999 1406 5067 quibusdam
1431 5000 1669 5068 partibus
1696 5014 1845 5052 com-

268 5092 475 5161 positus
507 5106 627 5145 esse
670 5092 930 5147 videatur.
976 5091 1162 5145 Omnis
1205 5101 1381 5145 autem
1440 5091 1668 5157 partium
1728 5105 1850 5144 cnn-

261 5180 472 5250 junctio
502 5180 728 5249 quadam
768 5182 1111 5250 proportione
1162 5181 1533 5235 committitur.
1584 5181 1847 5237 Sonorum

269 5272 434 5342 igitur
462 5272 767 5340 conjunctio
802 5272 1233 5339 proportionibus
1260 5272 1547 5327 constituta
1585 5282 1685 5327 est.
1720 5272 1850 5327 Pro-

1924 4636 2105 4706 .igitur
2134 4640 2171 4690 lt
2199 4635 2457 4691 terminus
2488 4634 2537 4688 id
2592 4634 2733 4705 quod
2784 4641 2868 4687 est
2911 4632 2974 4685 D.
3013 4631 3274 4698 Quocirca
3314 4631 3438 4700 quia
3492 4630 3535 4683 C

1946 4729 2209 4783 terminus
2248 4727 2299 4781 id
2341 4726 2484 4796 quod
2526 4736 2608 4781 est
2655 4726 2693 4778 Β
2722 4725 2960 4787 metitur,
2990 4722 3243 4778 metietur
3272 4724 3434 4777 etiam
3466 4719 3531 4774 Β.

1948 4819 2223 4889 Multiplex
2266 4828 2349 4873 est
2392 4818 2552 4888 igitur
2596 4818 2635 4870 D
2680 4817 2797 4887 ejus
2841 4816 2981 4887 quod
3010 4825 3092 4870 est
3128 4815 3199 4880 C,
3234 4822 3288 4870 et
3316 4823 3401 4869 est
3430 4811 3469 4865 C
3496 4814 3534 4865 D

1950 4910 2319 4975 intervallum,
2353 4909 2603 4963 enectum
2631 4922 2694 4962 ex
2736 4909 3037 4976 composito
3066 4907 3148 4960 bis
3177 4906 3536 4974 copulatoque

1949 5004 2165 5058 sib’mt-t
2189 5012 2241 5056 et
2274 5016 2369 5072 per
2396 5001 2659 5055 binarium
2701 5001 3055 5071 multiplicato
3086 5002 3124 5054 Β
3152 5001 3193 5053 C
3226 4998 3535 5053 intervallo.

1932 5094 2009 5148 -ln
2039 5095 2274 5149 numeris
2298 5108 2511 5163 quoque
2540 5092 2679 5147 idem
2720 5094 2993 5162 probatur.
3022 5092 3117 5146 Sit‘
3140 5091 3279 5144 enim
3318 5090 3359 5143 Β
3397 5088 3463 5142 ad
3496 5088 3538 5141 (Ξ

1949 5185 2168 5254 duplum
2188 5230 2201 5251 ,
2232 5193 2292 5237 ut
2322 5185 2558 5239 binarius
2583 5184 2648 5237 ad
2680 5184 2970 5249 unitatem,
3002 5191 3057 5237 et
3087 5182 3176 5235 ﬁat
3204 5186 3259 5235 ut
3290 5181 3331 5236 (Ζ
3358 5180 3426 5235 ad
3459 5181 3533 5245 Β,

1950 5273 2022 5328 ita
2056 5273 2185 5330 Bad
2216 5274 2278 5327 D.
2307 5274 2421 5329 Erit
2449 5274 2609 5345 igitur
2635 5275 2680 5328 D
2719 5274 3114 5345 quateruarius.
3148 5272 3419 5338 Multiplcx
3449 5282 3536 5327 est

270 5363 547 5434 portiones
568 5375 744 5420 autem
778 5364 1141 5434 principaliter
1169 5365 1220 5417 in
1244 5366 1483 5419 numeris
1508 5364 1851 5420 consideran-
1940 5374 2129 5423 autem
2151 5364 2190 5417 Β
2226 5363 2290 5418 ad
2313 5365 2351 5417 ϐ
2372 5405 2387 5429 ,
2410 5364 2462 5418 id
2487 5374 2571 5419 est
2594 5365 2829 5419 binarius
2854 5364 2919 5418 ad
2948 5364 3229 5417 unitatem.
3256 5362 3532 5430 Multiplex

271 5464 389 5518 tur,
418 5456 692 5523 proportio
730 5471 857 5510 vero
895 5454 1118 5524 simplex
1152 5470 1493 5510 numerorum
1525 5456 1608 5510 vel
1641 5458 1690 5510 iu
1715 5457 1852 5511 mul-

268 5544 580 5612 tiplicibus,
610 5546 690 5599 vel
728 5546 777 5598 in
806 5545 1413 5613 superparticularibus,
1452 5545 1537 5601 vel
1578 5546 1629 5600 in
1663 5562 1849 5615 supcr-

258 5636 630 5706 ,partielntibus
670 5637 961 5692 invenitur.
1008 5636 1311 5695 Secundum
1352 5652 1483 5693 vero
1524 5638 1844 5708 multiplices

267 5727 678 5799 proportiones,
721 5728 805 5785 vel
853 5728 1403 5799 superparticulares,
1458 5743 1709 5786 consona:
1760 5730 1841 5787 vel

268 5842 279 5851 ’
333 5849 371 5877 -ι
412 5835 531 5895 Hic.

1940 5466 2031 5511 αι
2063 5457 2105 5510 1)
2132 5456 2199 5510 ad
2227 5456 2295 5521 B,
2328 5454 2380 5509 id
2412 5463 2494 5510 est
2521 5456 2896 5525 quaternarius
2936 5453 3000 5508 ad
3030 5454 3320 5508 binarium.
3354 5452 3534 5507 Multi-

1950 5548 2072 5617 plex
2100 5557 2182 5603 est
2206 5548 2365 5616 igitur
2393 5548 2433 5601 Β
2459 5547 2839 5617 quaternarius
2858 5548 2923 5601 ad
2951 5547 2991 5601 C
3013 5548 3292 5601 unitatem.
3318 5546 3411 5601 Est
3432 5560 3543 5599 au-.

1948 5647 2056 5694 tem
2109 5638 2438 5708 quadruplus
2485 5639 2860 5707 quater-uarius
2910 5638 3168 5703 unitatis,
3225 5646 3280 5691 et
3324 5637 3537 5694 biuarto

1950 5731 2297 5804 multiplicita
2325 5730 2584 5821 medietas
2610 5730 2750 5801 quod
2782 5739 2865 5787 est
2894 5730 3226 5787 intervallum
3256 5731 3297 5785 B
3323 5730 3388 5787 C.
