4022 6366
574 371 709 428 1247
1795 365 1901 421 ΑΝ.
1946 363 2152 420 MANL.

2232 357 2346 414 Εν.
2389 354 2608 414 ΒΟΕΊΊΙ
3703 359 3829 412 ιειε

2155 472 2201 530 Α
2232 468 2362 523 libet
2390 464 2890 536 superparticttlaris
2922 466 3232 537 proportio,
3258 477 3316 524 ut
3345 467 3747 539 sesquialtera;
3776 470 3826 525 bi

1557 516 1653 558 \

866 485 1653 705 metu;

2241 573 2370 611 vero
2390 568 2515 612 sunt
2540 558 2604 612 l0
2625 567 2680 612 et
2703 559 2789 624 :5,
2815 561 2867 614 in
2889 559 3077 615 eadem
3100 575 3230 616 vero
3253 560 3604 629 proportione
3622 558 3824 613 minimi

2235 648 2272 700 ἓ
2293 657 2348 702 ει
2374 650 2429 713 3,
2459 649 2643 704 aufero
2668 649 2790 720 dch
2816 649 3109 717 binarium;
3140 652 3197 706 lit
3226 651 3429 721 reliqua
3454 651 3661 714 unitas.
3689 650 3714 686 δ
3737 666 3826 705 ea-

2239 740 2361 795 dem
2389 751 2643 811 utrosque
2673 743 2908 798 metitur.
2943 743 3129 799 Nullus
3163 745 3266 799 erit
3304 743 3466 814 igitur
3505 742 3652 797 inter
3681 743 3829 797 bina-

2241 832 2376 885 rium
2409 833 2810 902 ternariumque
2835 848 3116 899 numerus,
3154 835 3242 903 qui
3273 834 3345 887 sit
3371 832 3586 886 binario
3634 833 3822 900 major.

2241 922 2416 977 minor
2443 937 2570 977 vero
2593 924 2847 978 ternario.
2889 924 3140 994 Alioquin
3167 923 3346 978 unitas
3363 922 3665 986 dividetur,
3688 921 3824 991 quot

1044 516 1214 579 ί
1530 516 1552 520 ’
1648 590 1653 598 .

1091 612 1648 697 Ἂάιΰριαιτιῐιπιὶιῐι

1044 835 1135 842 -,--
1331 886 1380 935 ἲ
1723 889 1774 945 4

1044 1102 1068 1108 _
1305 984 1386 1074 Β
1524 966 1968 1111 u

2240 1022 2324 1067 est
2351 1013 2751 1070 inconveniens.
2778 1016 2959 1083 Quare
2981 1031 3048 1072 ne
3077 1018 3215 1071 inter
3237 1015 3304 1070 l0
3330 1015 3558 1086 quidem.
3574 1026 3738 1084 atque
3767 1017 3826 1070 15

2240 1102 2519 1173 quisquam
2551 1105 2853 1161 invenietur
2878 1121 3134 1161 numerus
3167 1105 3260 1177 qui
3290 1107 3454 1161 talem
3483 1106 3554 1160 ad
3597 1107 3665 1161 l0
3693 1107 3803 1163 obti

2242 1191 2367 1249 neat
2395 1195 2792 1265 proportionem
2821 1198 3036 1267 qualem
3064 1197 3130 1252 ad
3162 1213 3284 1254 eum
3315 1206 3500 1254 tenent
3532 1197 3624 1252 15.

2797 1535 2972 1570 οοτιιο.
2994 1537 3041 1570 In
3063 1535 3256 1570 Ιιηηιωιε

3267 1436 3376 1570 λ

2789 1461 3052 1536 sesqulalte
3061 1475 3123 1533 ra.
3156 1475 3267 1534 pro.

2796 1529 2972 1586 portio,
2994 1529 3041 1571 in
3063 1529 3275 1572 minimis

2891 1586 3174 1634 ditl‘erentia

555 1497 616 1554 Si
648 1499 986 1555 intervallum
1009 1499 1216 1556 binario
1239 1500 1670 1571 multiplicatum,
1702 1499 1981 1570 multiplex
2009 1500 2140 1556 elle-

560 1591 725 1656 cerlt,
757 1590 1094 1645 intervallum
1125 1591 1296 1661 ipsum
1339 1605 1553 1662 quoque
1594 1590 1872 1661 multiplex
1911 1590 2032 1646 erit.
2059 1589 2142 1646 Sit

561 1680 896 1736 intervallum
928 1680 968 1735 Β
996 1680 1072 1747 C,
1099 1690 1154 1736 et
1182 1682 1270 1737 ﬁat
1301 1690 1358 1737 ut
1385 1681 1426 1736 C
1454 1680 1523 1736 ad
1553 1681 1615 1748 Β,
1647 1680 1716 1736 ita
1754 1681 1794 1734 Β
1822 1680 1888 1734 ad
1915 1680 1980 1747 D,
2008 1689 2064 1736 et
2097 1679 2140 1734 D
2287 1678 2296 1752 Ι
2383 1678 2433 1737 l0
2507 1679 2516 1754 Ι
2557 1678 2675 1732 _2

558 1772 628 1826 s’t
657 1771 722 1826 ad
745 1771 785 1826 C
813 1770 1113 1843 multiplex.
1144 1771 1273 1827 Dico
1299 1772 1422 1842 quia
1447 1773 1488 1826 Β
1512 1772 1630 1841 ejus
1654 1769 1796 1841 quod
1823 1779 1907 1826 est
1933 1768 1974 1825 C
2005 1770 2140 1824 mul-

2249 1761 3785 1852 _|‘3_|GLL#_D_LElBl

558 1858 723 1929 tiplex
749 1869 848 1915 est.
875 1860 1134 1927 Quoniam
1155 1861 1298 1917 enim
1322 1861 1364 1915 D
1388 1862 1506 1930 ejus
1531 1860 1673 1931 quod
1694 1860 1837 1917 estC
1860 1858 2137 1930 multiplex
2169 1843 2217 1905 Β
2248 1843 3825 1972 έῑῃμ

558 1858 723 1929 tiplex
749 1869 848 1915 est.
875 1860 1134 1927 Quoniam
1155 1861 1298 1917 enim
1322 1861 1364 1915 D
1388 1862 1506 1930 ejus
1531 1860 1673 1931 quod
1694 1860 1837 1917 estC
1860 1858 2137 1930 multiplex

557 1960 660 2021 est,
694 1951 945 2008 metietur
971 1951 1012 2006 C
1041 1951 1092 2007 id
1123 1952 1265 2022 quod
1295 1963 1377 2008 est
1405 1953 1469 2019 ι).
1501 1954 1752 2007 ntetietur
1772 1960 1827 2007 et
1853 1951 1914 2006 Β.
1943 1952 2138 2007 Osten-

557 2059 672 2098 sum
703 2051 790 2100 est
828 2059 956 2099 vero
983 2044 1236 2112 quoniam
1263 2053 1288 2082 κ
1317 2043 1361 2098 si
1390 2046 1497 2099 sint
1524 2042 1740 2100 termini
1767 2042 2142 2113 proportiona-

557 2059 672 2098 sum
703 2051 790 2100 est
828 2059 956 2099 vero
983 2044 1236 2112 quoniam
1263 2053 1288 2082 κ
1317 2043 1361 2098 si
1390 2046 1497 2099 sint
1524 2042 1740 2100 termini
1767 2042 2142 2113 proportiona-

557 2135 679 2190 liter
697 2134 995 2202 constituti,
1018 2150 1138 2190 cum
1164 2135 1368 2206 primus
1388 2135 1550 2190 fuerit
1570 2135 1758 2214 ultimo
1780 2143 2136 2205 comparatus,

556 2225 598 2280 si
621 2226 824 2296 primus
844 2227 1089 2283 ttltimum
1107 2226 1264 2282 fuerit
1286 2242 1526 2292 mensus,
1546 2227 1795 2282 metietur
1809 2234 1866 2284 et
1881 2225 2135 2283 medium.
2240 2225 2294 2283 Si
2325 2225 2661 2285 intervallum
2687 2237 2711 2266 °
2739 2242 2846 2285 non
2866 2227 3144 2299 multiplex
3174 2227 3388 2284 binario
3408 2230 3826 2302 multiplicetur,

556 2313 594 2369 C
621 2315 778 2386 igitur
808 2317 1056 2374 metietur
1085 2317 1136 2372 id
1179 2317 1320 2386 quod
1349 2326 1431 2371 est
1461 2316 1523 2370 Β.
1551 2316 1826 2386 Multiplex
1857 2325 1941 2372 est
1979 2315 2140 2387 igitur
2239 2316 2289 2371 ill
2321 2320 2463 2390 quod
2497 2321 2555 2375 fit
2581 2336 2649 2376 ex
2678 2319 2777 2375 hac
2801 2319 3246 2391 multiplicatione
3274 2335 3374 2377 nec
3415 2323 3704 2392 multiplex
3747 2337 3825 2380 e.-t

557 2405 595 2460 Β
624 2407 739 2477 ejus
761 2411 902 2478 quod
932 2419 1014 2464 est
1037 2409 1096 2464 C.
1129 2409 1182 2463 ld
1206 2423 1392 2464 rursus
1419 2423 1484 2464 ex
1507 2409 1766 2474 numeris,
1789 2410 1860 2464 sit
1879 2407 1918 2464 C
1940 2409 2135 2478 unitas,
2239 2423 2336 2464 nec
2365 2409 2877 2478 superparticulare.
2907 2407 2989 2464 Sit
3014 2409 3159 2466 enim
3189 2410 3532 2467 intervallum
3556 2428 3669 2467 non
3694 2415 3826 2469 mul—

557 2497 600 2552 D
629 2515 756 2554 vi-ro
786 2516 852 2557 ex
882 2501 1147 2571 duplicata
1189 2501 1560 2570 preportione,
1591 2499 1632 2552 Β
1662 2498 1702 2554 C
1731 2499 1802 2554 sit
1837 2508 2137 2570 quaterna-
2239 2499 2399 2567 tiplex
2432 2499 2472 2553 Β
2505 2498 2546 2554 C
2566 2538 2582 2566 ,
2614 2508 2669 2555 et
2694 2500 2785 2554 ﬁat
2814 2508 2870 2554 ut
2895 2498 2938 2554 C
2963 2499 3030 2556 ad
3061 2500 3121 2566 Β,
3152 2499 3232 2556 sic
3261 2500 3303 2556 Β
3331 2500 3398 2556 ad
3429 2501 3493 2556 Β.
3525 2501 3663 2558 Dico
3699 2518 3826 2572 quo-

557 2590 702 2656 rius,
736 2600 792 2647 et
836 2601 920 2646 est
965 2590 1242 2660 multiplex
1288 2591 1405 2660 ejus
1450 2589 1592 2661 quod
1631 2597 1714 2644 est
1756 2588 1820 2645 (Ξ.
1869 2587 1965 2644 Est
1992 2589 2136 2644 enim
2238 2592 2379 2646 niam
2408 2590 2589 2661 Dejns
2612 2592 2752 2662 quod
2781 2591 2957 2657 estC,
2998 2607 3174 2662 neque
3203 2593 3482 2662 multiplex
3505 2603 3623 2660 est,
3659 2611 3826 2665 neque

557 2681 906 2752 quadruplus.
940 2681 1200 2750 Quoniam
1237 2682 1395 2752 igitur
1424 2680 1750 2750 quadruplus
1775 2695 1844 2735 ex
1872 2679 2136 2751 duplicata
2237 2682 2757 2751 superpartieularis.
2799 2681 2884 2738 Sit
2919 2683 3092 2750 enim,
3123 2683 3169 2738 si
3197 2681 3311 2738 ﬁeri
3349 2689 3566 2752 potest,
3595 2685 3824 2752 primum

560 2775 600 2831 Β
625 2777 664 2831 C
693 2777 1036 2847 proportione
1069 2783 1376 2846 generatur,
1409 2775 1448 2828 Β
1475 2775 1515 2829 C
1549 2773 1823 2844 proportio
1863 2773 2135 2828 dimidium
2239 2771 2281 2824 D
2309 2772 2425 2840 ejus
2463 2771 2605 2842 quod
2635 2780 2717 2826 est
2755 2772 2797 2827 C
2833 2771 3141 2842 multiplex,
3173 2780 3227 2828 et
3250 2773 3502 2842 quoniam
3553 2774 3825 2844 cognitum

561 2866 674 2935 ejus
703 2867 822 2933 crit,
854 2868 1014 2940 igitur
1046 2869 1084 2922 Β
1110 2868 1151 2922 C
1181 2867 1452 2937 proportio
1479 2866 1638 2937 dupla
1661 2875 1763 2922 est.
1785 2865 1891 2922 Sed
1916 2866 2135 2936 duplum
2235 2871 2341 2916 est.
2363 2861 2419 2918 Si
2451 2862 2789 2918 intervallum
2816 2861 3025 2918 binario
3049 2861 3458 2932 multiplicatum
3484 2864 3584 2928 sit,
3612 2874 3669 2918 et
3689 2864 3824 2918 mul-

566 2959 834 3030 mtiltiplex
865 2969 948 3015 est
970 2974 987 3015 :
1012 2959 1115 3013 erit
1143 2959 1300 3028 igitur
1330 2959 1370 3012 Β
1391 2957 1432 3012 C
1462 2959 1732 3028 proportio
1760 2957 2058 3028 multiplex.
2239 2956 2401 3025 tiplex
2433 2955 2770 3011 intervallum
2811 2963 3049 3010 creatum
3071 2997 3085 3022 ,
3128 2953 3182 3009 id
3221 2953 3364 3024 quod
3407 2955 3828 3024 multiplicatum

1562 3127 1648 3163 χ

860 3097 1648 3325 milia

2796 1570 3192 1634 "anteeant
3361 1570 3402 1648 \

2248 1678 2433 1760 μί)
2507 1669 3444 1760 ΙίίίειζέΙᾉᾼΑ-Ιλδμ
3544 1684 3555 1756 Ι
3640 1698 3698 1743 ιδ
3769 1677 3784 1760 l

2234 3056 2317 3102 est
2354 3046 2437 3102 bis
2475 3047 2813 3102 intervallum
2851 3060 2972 3102 esse
3010 3045 3310 3115 multiplex.
3356 3045 3475 3100 Erit
3513 3046 3682 3116 igitur
3718 3047 3758 3100 Β
3784 3046 3822 3100 C

2236 3136 2548 3206 multiplex,
2578 3136 2673 3193 sed
2715 3151 2824 3191 non
2860 3145 2944 3192 est
2980 3136 3233 3204 positum.
3273 3133 3390 3190 Non
3439 3134 3608 3206 igitur
3648 3137 3752 3191 erit
3780 3135 3822 3189 D

2153 3221 2196 3281 C
2231 3228 2352 3297 ejus
2374 3227 2516 3298 quod
2539 3228 2685 3285 estC
2706 3227 3008 3298 multiplex,
3032 3242 3132 3284 nec
3153 3241 3282 3284 vero
3305 3229 3821 3298 superparticulare.

2236 3318 2366 3373 Nam
2396 3317 2896 3391 superparticularis
2925 3317 3288 3389 proportionis
3331 3318 3548 3376 medius
3596 3334 3820 3389 propor-

2231 3410 2505 3465 tionaliter
2531 3410 2792 3466 terminus
2821 3409 2997 3464 nullus
3025 3410 3332 3465 intervenit.
3365 3407 3515 3465 Inter
3543 3409 3589 3464 D
3619 3419 3821 3464 veroet

2231 3499 2272 3553 (3
2299 3511 2380 3556 est
2407 3501 2878 3570 proportionaliter
2907 3508 2944 3554 ι(
2962 3501 3171 3554 rminus
3189 3499 3540 3566 constitutus,
3575 3499 3627 3554 id
3652 3508 3736 3554 est
3760 3498 3822 3551 Β.

2231 3591 2364 3646 Nam
2394 3602 2453 3646 ut
2475 3591 2622 3647 estC
2643 3592 2709 3646 ad
2741 3592 2802 3658 Β,
2829 3593 2896 3647 ita
2923 3591 2962 3646 Β
2983 3591 3050 3646 ad
3075 3592 3144 3657 D;
3173 3591 3506 3662 impossibile
3545 3593 3701 3661 igitur
3716 3591 3829 3644 erit

2235 3685 2277 3738 Ι)
2302 3685 2418 3754 ejus
2461 3685 2602 3754 quod
2626 3694 2709 3740 est
2735 3684 2806 3751 C,
2832 3684 2913 3739 vel
2943 3684 3289 3754 multiplicem
3323 3698 3478 3748 esse,
3504 3683 3583 3736 vel
3616 3697 3831 3750 super-

2234 3776 2640 3845 particularem,
2671 3776 2810 3846 quod
2851 3776 3132 3846 oportebat
3168 3775 3478 3830 ostendere.
3517 3775 3583 3830 Et
3624 3775 3680 3829 iu
3713 3790 3822 3828 nu-

2235 3869 2398 3922 meris
2423 3868 2494 3922 sit
2524 3883 2628 3923 non
2653 3868 2929 3937 multiplex
2959 3868 3296 3923 intervallum
3321 3868 3355 3922 6
3376 3867 3444 3921 ad
3471 3870 3524 3930 6,
3551 3867 3744 3933 ﬁatque
3770 3875 3830 3918 ut

2235 3967 2360 4012 sunt
2385 3960 2416 4013 4
2443 3959 2509 4013 ad
2536 3960 2599 4022 6,
2647 3960 2718 4014 ita
2751 3976 2846 4014 sex
2890 3960 2956 4014 ad
2985 3959 3148 4014 alium
3189 3959 3486 4031 quemlibet
3516 3960 3826 4014 numerum.

2238 4050 2337 4104 llic
2379 4050 2484 4105 erit
2529 4050 2688 4120 igitur
2729 4052 3082 4115 novenarius.
3129 4053 3219 4121 qui
3266 4053 3600 4122 quaternarii
3651 4066 3832 4120 neque

561 4145 1068 4219 Superparticularis
1097 4148 1364 4206 intervalli
1411 4148 1620 4205 medius
1650 4163 1938 4217 numerus,
1968 4161 2141 4220 neque
2241 4140 2517 4210 ιηιιιιὶρῐει
2552 4156 2724 4212 neque
2753 4157 2931 4211 super;
2951 4143 3249 4196 articularis
3278 4151 3378 4196 est.

561 4255 720 4305 unus,
759 4253 931 4310 neque
959 4239 1139 4309 plures
1167 4241 1636 4311 proportionaliter
1662 4241 2037 4298 intervenient.
2060 4240 2144 4296 Sit

562 4333 704 4388 enim
742 4331 781 4386 Β
804 4330 847 4387 C
875 4333 1150 4403 proportio
1177 4334 1719 4402 superparticularis,
1767 4343 1823 4389 et
1861 4333 1914 4388 in
1955 4331 2143 4388 eadem

563 4425 907 4493 proportione
929 4424 1134 4480 minimi
1161 4425 1266 4479 sint
1293 4424 1336 4478 Ι)
1363 4424 1403 4479 F
1430 4434 1484 4479 et
1511 4424 1576 4478 G.
1601 4424 1864 4492 Quoniam
1891 4424 1933 4480 D
1956 4423 1996 4478 F
2025 4433 2081 4480 et
2102 4422 2145 4477 G

563 4514 767 4568 minimi
808 4524 934 4569 sunt
975 4516 1028 4570 in
1078 4515 1267 4570 eadem
1316 4515 1689 4585 proportione,
1737 4523 1864 4571 sunt
1904 4514 2145 4584 ejusdem
2479 4515 2541 4586 /
2571 4523 2671 4570 Non
2696 4518 3075 4582 multiplex,nec
3114 4522 3556 4586 superpartieulare

572 4604 933 4671 proportionis
962 4606 1138 4675 primi.
1169 4605 1285 4674 Quo
1311 4605 1339 4644 δ
1364 4607 1452 4660 eir
1475 4621 1505 4660 a
1547 4621 1640 4659 eos
1675 4607 1851 4660 unitas
1879 4606 2148 4660 metietur.
2187 4599 2238 4657 D

566 4692 854 4748 Auleratur
881 4695 1039 4764 igitur
1068 4695 1111 4750 G
1153 4696 1221 4750 ab
1253 4697 1294 4750 D
1323 4696 1362 4751 F
1391 4706 1446 4751 et
1488 4696 1818 4766 relinquatur
1851 4696 1917 4764 D,
1949 4696 2034 4752 hic
2065 4705 2146 4752 est
2279 4676 2462 4766 ____I_
2629 4676 2656 4724 ⁴
2817 4676 2827 4766 Ι
2903 4747 2906 4749 ,
3002 4676 3034 4717 δ
3197 4676 3214 4766 ι
3421 4676 3452 4717 9
3656 4676 3669 4746 ι
3815 4699 3820 4702 ’

563 4783 722 4854 igitur
746 4747 1098 4856 utrorumque
1120 4747 2028 4858 mensuracommunis:haecigitur
2047 4789 2151 4844 erit
2279 4747 2462 4892 ἢ
2818 4747 2827 4892 Ι
2996 4785 3067 4875 Β
3197 4747 3208 4892 Ι
3383 4781 3468 4860 D
3661 4747 3676 4892 ἱ

524 4878 760 4960 ουηίιεε.
802 4877 1063 4945 Quocirca
1108 4881 1284 4935 nullus
1330 4880 1470 4935 inter
1500 4881 1539 4934 F
1570 4881 1612 4934 D
1657 4890 1816 4952 atque
1853 4882 1896 4937 G
1943 4881 2144 4938 incidet

3641 4985 3666 5034 Ι

563 4984 854 5036 numerus,
885 4970 974 5040 qui
1005 4971 1074 5026 sit
1099 4970 1167 5026 ab
1195 4971 1234 5026 F
1259 4972 1299 5025 D
1339 4973 1555 5043 quidem
1587 4974 1784 5038 minor,
1815 4973 1988 5044 major
2015 4988 2145 5030 vero
2433 4965 2466 5046 \
2541 5029 2637 5046 νη
2668 5027 2916 5046 ψηψ-
2956 4965 2991 5046 ’χ
3096 4965 3127 5046 /
3167 5026 3268 5046 κη

563 4937 854 5036 numerus:
885 4970 974 5040 qui
1005 4971 1074 5026 sit
1099 4970 1167 5026 ab
1195 4971 1234 5026 F
1259 4972 1299 5025 D
1339 4973 1555 5043 quidem
1587 4937 1784 5038 minor,
1815 4973 1988 5044 major
2015 4937 2145 5030 vero

558 5058 630 5114 ab
654 5059 719 5116 ϐ.
745 5061 870 5116 Sola
911 5061 1054 5117 enim
1089 5061 1313 5119 interest
1356 5064 1531 5119 unitas
1552 5104 1567 5128 ,
1595 5065 1779 5135 quanti
1811 5080 1940 5121 vero
1965 5064 2018 5121 in
2047 5079 2142 5121 su-

564 5153 1076 5222 perpartieularibus
1104 5153 1538 5224 proportionibus
1569 5155 2034 5226 proportionaliter
2062 5157 2145 5211 in-

2950 4937 2966 4975 \
3466 4965 3476 4974 .

564 5058 630 5114 ab
654 5059 719 5116 (ἰ.
745 5061 870 5116 Sola
911 5061 1054 5117 enim
1089 5061 1313 5119 interest
1356 5064 1531 5119 unitas
1552 5104 1567 5128 ,
1595 5065 1779 5135 quanti
1811 5080 1940 5121 vero
1965 5064 2018 5121 in
2047 5079 2142 5121 su-
2543 5053 2641 5078 nu"
2668 5053 2918 5091 ¹³³¹³¹¹Ψ¹⁹⁸
3052 5053 3101 5118 /
3167 5053 3538 5089 “”““’““¹¹¹³“

564 5153 1076 5222 perpartieularibus
1104 5153 1538 5224 proportionibus
1569 5155 2034 5226 proportionaliter
2062 5157 2145 5211 in-
2459 5053 2716 5245 \
2835 5053 3058 5245 2
3070 5154 3267 5244 \
3285 5053 3632 5245 ,Ἀ

561 5254 643 5300 ter
666 5247 903 5315 ejusdem
936 5250 1295 5319 proportionis
1327 5250 1580 5306 minimos
1613 5262 1635 5291 ο
1670 5252 2016 5318 intercident,
2062 5261 2142 5308 tot

546 5337 721 5391 etiam
759 5337 898 5393 inter
937 5348 1163 5394 cati-ros
1207 5339 1448 5409 ejusdem
1481 5343 1841 5410 pr0portionis
1885 5342 2138 5399 incident.
2241 5338 2296 5393 Si
2329 5336 2666 5391 intervallum
2705 5335 2910 5390 binario
2939 5333 3339 5403 multiplicetur,
3380 5343 3544 5404 atque
3596 5338 3661 5394 id
3705 5345 3861 5412 quod

558 5427 666 5482 Sed
699 5429 875 5485 nullus
911 5431 1050 5485 inter
1080 5431 1117 5484 F
1146 5432 1368 5501 Datque
1400 5433 1441 5487 G
1474 5433 1723 5488 minimos
1750 5434 1989 5502 ejusdem
2016 5450 2141 5503 [ιι-ο-
2241 5446 2304 5486 ex
2352 5446 2416 5484 ea
2453 5430 2894 5500 multiplicatione
2939 5430 3206 5483 creabitur
3249 5429 3526 5498 multiplex
3582 5449 3713 5490 nor.
3766 5439 3822 5491 lit
3846 5479 3858 5498 .

561 5519 825 5585 port‘onis
854 5518 1179 5576 intervenire
1211 5531 1406 5590 petest.
1434 5521 1620 5577 Nullus
1651 5523 1808 5592 igitur
1831 5524 1969 5580 inter
1997 5526 2036 5579 Β
2061 5535 2140 5580 at-
2243 5524 2414 5593 ipsum
2442 5535 2651 5591 quoque
2695 5536 2800 5575 non
2829 5523 2932 5577 erit
2957 5522 3253 5588 multiplex.
3287 5521 3368 5577 Sit
3393 5525 3540 5578 enim
3573 5527 3858 5583 interval-

551 5621 663 5674 gque
689 5607 728 5662 C
758 5610 1228 5680 proportionaliter
1252 5611 1430 5676 cadet,
1460 5620 1515 5667 et
1544 5614 1598 5668 in
1631 5614 1868 5669 numeris
1893 5613 1962 5669 sit
1988 5631 2138 5686 quae-
2241 5615 2349 5670 lum
2378 5615 2415 5670 Β
2443 5613 2505 5680 C,
2540 5613 2734 5684 ﬁatque
2765 5624 2821 5668 ut
2849 5613 2890 5668 C
2921 5614 2986 5669 ad
3018 5614 3080 5683 Β,
3114 5615 3183 5668 ita
3213 5613 3253 5668 Β
3277 5613 3342 5667 ad
3377 5613 3437 5680 Β,
3469 5625 3528 5670 et
3557 5636 3688 5677 non
3725 5624 3787 5677 tit
3818 5622 3855 5676 Ι)

1031 3127 1648 3309 {meum

1063 3127 1988 4078 ᾖ

1311 3598 1392 3690 ,Β
1709 3591 1794 3671 Ῑ)

1031 3861 1269 3977 ἰῖΡΊει
1363 3912 1391 3968 ἢ
1441 3875 1810 3999 ΜΡιιρῒιΧ

1031 4059 1096 4076 _
1396 3970 1580 4056 \
1614 4048 1684 4060 —

2817 4635 2827 4912 ἰ
2903 4747 2906 4749 ἓ
3002 4672 3034 4717 6
3197 4631 3207 4914 l
3421 4672 3452 4717 9
3656 4620 3669 4930 ξ

2711 5027 2918 5091 ηυῐιὶριει
2966 4995 3022 5101 \
3167 5026 3538 5089 Nonmultiplex
3591 4985 3666 5101 λεί

3653 4918 3680 4962 Ὺ

3655 4965 3671 5001 I0

560 5729 758 5860 "ait;
775 5741 873 5794 sint
915 5743 1355 5814 proportionaliter
1394 5747 1626 5817 numeri.
1722 5745 1749 5788 ιι
1788 5748 1936 5804 sum,
2030 5759 2050 5788 ε
2101 5749 2152 5806 ι,

715 5825 737 5861 s
762 5845 778 5861 .

2232 5749 2356 5807 ient.
2434 5750 2458 5788 ἀ
2507 5750 2696 5804 Ea’ent
2756 5767 2868 5821 qua:
2913 5760 3168 5820 utrmque.
3248 5762 3268 5788 ε
3303 5750 3368 5805 In
3415 5761 3629 5808 retuslo
3676 5763 3856 5813 ταινία
