4022 6366
238 333 376 389 194⁸]

227 728 347 796 ejus
377 727 519 798 quod
549 741 630 783 est
659 727 700 783 C
733 727 1034 798 multiplex.

265 1154 271 1162 .
488 927 946 1183 //;l
968 1110 1219 1173 multiplex

605 1299 632 1346 t
983 1293 1012 1340 6
1657 1362 1663 1371 η

454 1385 706 1498 -εα
979 1406 1062 1496 Β
1199 1242 1653 1525 E

420 1575 436 1627 \

1159 1658 1263 1708 Non
1289 1659 1537 1721 multiplex

1054 1723 1068 1738 Ι

1061 1765 1427 1861 \,,

219 1981 425 2052 Duplex
470 1983 812 2037 intervallum
848 1997 912 2039 ex
942 1983 1153 2042 duobus
1189 1985 1439 2042 maximis
1478 1986 1810 2056 superparti-

217 2074 492 2130 culsrihus
513 2115 528 2139 ,
577 2074 930 2146 conjungitur
972 2079 1327 2148 sesquialtero
1355 2085 1412 2132 et
1442 2076 1807 2147 sesquitertio.

217 2166 300 2222 Sit
319 2167 462 2222 enim
486 2167 530 2221 A
549 2167 766 2236 quidem
787 2168 906 2237 ejus
925 2169 1066 2237 quod
1087 2179 1171 2226 est
1193 2171 1232 2224 Β
1252 2168 1592 2238 sesquialter,
1621 2169 1662 2224 Β
1682 2184 1811 2224 vero

216 2259 337 2329 ejus
373 2259 515 2328 quod
546 2258 696 2314 estC
735 2261 1134 2330 sesquitertius.
1169 2261 1302 2317 Dico
1340 2261 1594 2332 quoniam
1619 2263 1664 2317 Α
1693 2262 1812 2330 ejus

216 2350 361 2418 quod
390 2361 470 2404 est
496 2348 538 2403 ϐ
565 2350 760 2420 duplex
783 2357 887 2405 est.
911 2351 1172 2419 Quoniam
1202 2352 1362 2422 igitur
1387 2351 1710 2422 sesquialter
1729 2360 1813 2406 est

219 2444 263 2494 Α
296 2439 413 2509 ejus
443 2439 585 2508 quod
615 2449 695 2495 est
723 2440 782 2505 Β,
809 2441 968 2509 igitur
989 2445 1031 2497 A
1057 2442 1216 2498 habet
1238 2444 1291 2498 in
1319 2457 1377 2497 se
1405 2450 1573 2497 totum
1605 2443 1644 2497 Β
1669 2443 1810 2509 ejus-

217 2546 325 2600 que
349 2529 652 2585 dimidium.
688 2529 807 2586 Duo
831 2531 992 2602 igitur
1016 2535 1058 2588 Δ
1081 2534 1219 2604 ecqui
1246 2542 1368 2589 sunt
1397 2533 1566 2588 tribus
1590 2533 1650 2588 Β.
1682 2533 1812 2588 Rur-

217 2635 312 2676 sus
338 2622 589 2691 quoniam
621 2621 660 2676 Β
690 2622 809 2690 ejus
838 2622 978 2691 quod
1004 2633 1089 2679 est
1115 2625 1155 2680 C
1175 2624 1546 2695 sesquitertius
1577 2635 1680 2693 εει,
1714 2633 1740 2662 α
1771 2625 1812 2679 Β

218 2713 380 2783 igitur
404 2715 567 2770 habet
592 2715 656 2779 Ο,
695 2724 748 2769 ει
773 2714 892 2784 ejus
918 2717 1135 2771 tertiam
1167 2724 1395 2786 partem.
1422 2717 1557 2772 Tres
1585 2718 1744 2787 igitur
1774 2718 1811 2771 Β

217 2805 356 2875 :cqui
387 2818 510 2860 sunt
537 2805 604 2860 sd
649 2817 880 2876 quatuor
909 2808 971 2861 (τ.
1050 2807 1188 2864 Tres
1215 2817 1393 2864 autem
1424 2808 1464 2862 Β
1491 2809 1630 2878 aequi
1659 2818 1814 2863 erant

219 2894 432 2951 duobus
455 2895 522 2950 A.
553 2895 666 2950 Duo
691 2897 853 2966 igitur
873 2895 916 2952 A
943 2899 1079 2968 arqui
1101 2907 1227 2954 sunt
1246 2898 1312 2952 ad
1334 2908 1562 2969 quatuor
1585 2899 1626 2954 C
1643 2915 1658 2964 ;
1676 2913 1814 2954 unus

217 2987 382 3055 igitur
409 2987 450 3040 Α
490 3000 677 3058 aequus
703 2998 786 3043 est
814 2987 1024 3043 duobus
1051 2989 1155 3044 CC.
1205 2989 1410 3060 Duplex
1440 2989 1546 3045 erit
1582 2990 1740 3060 igitur
1769 2991 1813 3045 Α

216 3076 340 3147 ejus
369 3075 459 3146 qui
489 3077 661 3144 estC,
693 3086 751 3132 et
791 3078 844 3133 in
873 3081 1134 3134 numeris.
1184 3080 1268 3135 Sit
1309 3080 1454 3135 enim
1495 3081 1814 3152 sesquialter

217 3171 286 3225 12
316 3171 381 3225 ad
413 3172 466 3238 8,
493 3173 869 3242 sesquitertius
890 3189 1020 3230 vero
1045 3175 1079 3230 8
1103 3173 1170 3229 ad
1198 3174 1232 3230 6
1261 3193 1273 3229 :
1301 3189 1431 3244 ergo
1465 3175 1530 3230 l2
1558 3177 1622 3230 ad
1653 3175 1686 3231 6
1715 3175 1812 3230 du.

213 3265 390 3336 plices
417 3274 562 3321 sunt.

683 1627 1118 1886 Ψ]
1159 1658 1263 1708 Non
1289 1627 1639 1836 multiply

764 3465 874 3510 /

517 3510 758 3710 //
977 3636 1168 3701 Duplex

613 3835 670 3883 ¹²
827 3828 1344 3912 l;'__.l_._

296 3915 1041 4005 “T“TT3

1247 3777 1394 3786 ".—
1420 3813 1450 3858 6

1426 3947 1460 3995 (Σ

1249 4180 1485 4240 esqulter.

617 4191 945 4253 Sesquialter.
985 4150 1059 4270 \\
1076 4150 1142 4270 l/
1211 4180 1485 4240 Sesqulter.

215 4558 304 4612 Ex
338 4558 535 4628 duplici
566 4560 845 4618 intervallo
871 4573 1031 4636 a'que
1081 4569 1434 4638 sesqnialtcro
1474 4573 1668 4641 triplex
1710 4590 1811 4628 na-

228 4647 410 4703 scitur
434 4650 792 4708 intervallum.
820 4654 899 4710 Sit
928 4656 1125 4712 euintA
1148 4659 1266 4729 ejus
1285 4661 1425 4730 quod
1448 4664 1812 4734 esthuplex,

217 4741 264 4793 B
299 4749 480 4796 autem
511 4741 627 4812 ejus
657 4745 799 4816 quod
832 4747 981 4802 estC
1018 4753 1362 4820 sesquialter.
1397 4755 1525 4809 Dico
1562 4760 1815 4826 quoniam

220 4833 267 4885 Α
299 4828 418 4898 ejus
441 4835 580 4902 quod
613 4845 696 4890 est
733 4835 775 4892 C
809 4838 996 4907 triplex
1030 4853 1130 4895 est.
1168 4842 1300 4897 Nam
1347 4847 1598 4914 quoniam
1627 4848 1670 4902 Α
1697 4849 1815 4920 ejus

217 4923 370 4992 quod
401 4934 484 4983 εει
515 4926 555 4979 Β
580 4926 778 4998 duplex
806 4939 908 4994 est.
941 4931 984 4985 Α
1018 4931 1178 5001 igitur
1205 4950 1388 5007 mquus
1415 4947 1498 4992 est
1520 4939 1729 4996 duobus
1753 4941 1811 4998 Β.

221 5017 434 5070 Rursus
463 5020 717 5088 quoniam
765 5021 804 5075 Β
825 5022 970 5094 χιῇιιε
997 5025 1142 5094 quod
1177 5037 1260 5081 est
1297 5026 1338 5083 C
1365 5031 1686 5100 sesquialter
1711 5043 1814 5100 est,

221 5108 265 5160 lt
296 5107 454 5176 igitur
476 5109 637 5166 habet
659 5113 709 5167 in
732 5128 791 5168 se
815 5124 984 5170 totum
1006 5117 1046 5172 (Σ
1071 5130 1121 5172 ει
1140 5119 1262 5188 ejus
1283 5120 1562 5178 dimidiam
1588 5133 1814 5193 partem.

225 5197 354 5251 Duo
386 5199 550 5268 igitur
588 5202 629 5256 Β
667 5204 804 5274 τεᾳυί
846 5216 971 5261 ειιηι
1009 5208 1178 5264 tribus
1224 5212 1288 5267 C.
1317 5212 1423 5268 Sed
1453 5215 1560 5269 duo
1597 5215 1638 5272 Β
1678 5218 1816 5286 :rqui

219 5299 386 5342 erant
407 5291 497 5344 uni
527 5293 593 5358 Α,
627 5303 682 5349 ει
707 5311 842 5350 unus
868 5297 1029 5367 igitur
1048 5299 1092 5354 A
1119 5315 1306 5370 mquzts
1335 5315 1416 5358 est
1441 5304 1691 5372 tribusC;
1722 5308 1817 5378 igi-

221 5393 317 5434 tur
345 5383 385 5436 A
419 5398 525 5438 uno
565 5384 608 5440 C
652 5387 847 5457 triplex
897 5399 997 5444 cst.
1053 5389 1118 5444 Et
1161 5391 1211 5446 in
1245 5396 1482 5450 numeris
1524 5399 1594 5452 sit
1622 5398 1816 5470 duplex

218 5470 448 5538 quidem
471 5477 716 5532 senarius
747 5487 898 5533 terna
932 5479 1006 5546 io,
1038 5484 1358 5552 sesquialter
1380 5502 1507 5540 vero
1530 5491 1812 5558 tcrnarius,

224 5560 462 5617 lninario.
494 5564 752 5622 Senarius
785 5568 946 5638 igitur
974 5569 1164 5641 triplex
1197 5583 1279 5628 est
1307 5575 1534 5633 biuario.

298 5769 324 5794 ⁸
361 5760 760 5848 Βιίςίξυίζίιωὺει
805 5768 857 5820 in
883 5787 936 5823 se
979 5781 1161 5829 totum.
1237 5773 1264 5814 δ
1304 5775 1473 5848 Hujus
1498 5791 1684 5835 autem.

218 5845 327 5882 mm
356 5833 521 5898 placet
543 5832 816 5893 Clareana.

1558 336 1644 392 DE
1685 335 1931 394 MUSICA
1977 338 2102 394 LIlt.‘
2150 339 2232 394 tv;
2267 351 2270 354 '

113 513 118 518 _
231 453 350 522 ejus
383 450 521 529 quod
551 459 634 505 cst
658 448 698 504 C
733 449 1034 524 multiplex.
1067 451 1197 508 Dico
1225 451 1476 523 quoniam
1510 468 1607 509 nec
1640 453 1678 507 Β
1708 453 1822 524 ejus
1857 456 1903 514 Α

230 545 372 616 quod
403 555 484 599 est
513 546 552 599 (3
575 543 675 599 erit
707 545 1007 616 multiplex.
1033 545 1088 602 Si
1115 548 1259 600 enim
1287 555 1368 601 est
1398 557 1449 601 ct
1482 547 1522 600 D
1549 537 1664 616 ejus
1686 545 1834 620 quod~

228 645 314 691 est
355 639 425 703 C,
462 647 540 692 εςι
574 637 876 706 multiplex.
926 639 992 693 At
1030 651 1137 692 non
1175 647 1291 704 est,
1335 654 1441 693 non
1470 639 1572 694 crit
1600 638 1759 708 igitur
1786 635 1826 690 Β

3374 350 3507 406 liii)

2187 823 2197 831 '
2301 869 2331 916 6
2681 873 2710 917 δ
3087 853 3114 898 ἓ

1955 958 2070 972 ’-
2301 849 2715 1090 rh
2888 942 3338 1095 —

2108 1141 2536 1435 \Duplex
2657 1183 2680 1393 ἶ
2913 1193 3212 1256 Scsquialter

1917 1529 1978 1585 Si
2029 1531 2385 1602 scsqnialtero
2437 1535 2720 1590 intervallo
2766 1536 3170 1607 sesquitertium
3234 1535 3508 1608 demptum

1917 1622 2082 1677 fuerit
2123 1624 2493 1694 intervallum,
2527 1621 2631 1682 erit
2661 1628 2802 1696 quod
2833 1628 3150 1698 relinquitur
3179 1630 3510 1699 sesquiccta-

1914 1728 2062 1768 vum.
2094 1715 2176 1770 Sit
2205 1717 2348 1772 enim
2374 1720 2417 1772 A
2447 1717 2662 1788 quidem
2685 1719 2800 1789 ejus
2821 1723 3079 1791 quodest
3105 1721 3147 1775 Β
3169 1722 3510 1792 scsquialter,

1839 1844 1888 1903 Β
1917 1816 1972 1862 at
2007 1823 2137 1903 vero
2257 1810 2375 1879 ejus
2403 1811 2544 1903 quod
2589 1820 2670 1903 est
2714 1812 2754 1866 Β
2784 1812 3155 1884 sesquitertius
3181 1828 3198 1868 :
3228 1814 3350 1870 dico
3379 1830 3512 1885 quo-

1917 1900 2058 1956 uism
2087 1901 2131 1955 Α
2160 1901 2280 1970 ejus
2299 1902 2442 1971 quod
2472 1911 2556 1957 est
2583 1902 2624 1957 C
2673 1904 3078 1973 sesquioctavus
3115 1913 3219 1962 est.
3245 1906 3510 1970 Quoniam

1910 1993 2055 2048 enim
2080 1995 2124 2048 Α
2153 1994 2270 2062 ejus
2289 1993 2434 2064 quod
2459 2003 2542 2050 cst
2565 1995 2607 2050 Β
2627 1995 2944 2064 sesquialter
2968 2005 3072 2063 est,
3099 1999 3141 2052 Δ
3167 1996 3327 2066 igitur
3350 1996 3516 2052 habet

1913 2083 1966 2138 in
1997 2098 2056 2140 se
2085 2084 2125 2138 Β
2153 2094 2206 2139 ει
2235 2085 2354 2154 ejus
2380 2085 2655 2141 dimidiam
2689 2095 2914 2156 partem.
2945 2088 3080 2143 Octo
3111 2087 3272 2158 igitur
3295 2088 3337 2142 Α
3371 2087 3510 2158 :cqui

1911 2186 2039 2230 sunt
2069 2177 2136 2232 ad
2177 2177 2463 2232 duodncim
2511 2179 2570 2233 Β.
2603 2178 2810 2234 Rursus
2855 2181 3108 2249 quoniam
3139 2181 3181 2237 C
3220 2182 3339 2248 ejus
3366 2183 3512 2251 quod

1910 2276 1995 2322 est
2023 2268 2064 2322 Β
2093 2269 2467 2340 scsquitertius
2494 2278 2610 2335 est,
2636 2271 2678 2327 C
2709 2272 2866 2340 igitur
2894 2272 3053 2328 habet
3081 2272 3134 2327 in
3163 2288 3224 2328 se
3251 2273 3292 2328 Β
3319 2286 3370 2329 ει
3397 2283 3524 2328 ter--

1912 2361 2040 2415 tiam
2063 2361 2181 2430 ejus
2216 2372 2444 2430 partem.
2475 2362 2676 2418 Novem
2708 2363 2870 2433 igitur
2895 2364 2935 2418 C
2963 2364 3100 2435 :equi
3135 2371 3260 2420 sunt
3287 2365 3352 2419 ad
3379 2366 3516 2420 duo-

1913 2451 2086 2507 decim
2114 2453 2174 2506 Β.
2211 2453 2500 2509 Duodecim
2525 2455 2571 2524 β
2601 2454 2740 2522 mqni
2767 2463 2921 2510 erant
2950 2455 3015 2510 ad
3045 2465 3171 2512 octo
3194 2458 3269 2522 A;
3309 2464 3364 2511 et
3389 2467 3524 2511 octo-

1914 2542 2074 2612 igitur
2099 2544 2142 2598 A
2171 2543 2312 2614 :equi
2341 2554 2467 2600 sunt
2494 2545 2558 2600 ad
2591 2561 2780 2601 novem
2798 2545 2863 2602 ϐ.
2895 2548 3056 2617 Igitur
3076 2549 3118 2604 Δ
3146 2563 3336 2619 ωςυυε
3358 2558 3438 2603 est
3460 2549 3523 2603 εἰ·

1913 2633 2056 2701 quod
2083 2641 2169 2688 est
2197 2633 2258 2698 Ο,
2289 2643 2344 2690 ει
2373 2645 2576 2691 octava:
2606 2636 2722 2706 ejus
2751 2637 2907 2707 parti.
2937 2639 2981 2695 Δ
3013 2639 3173 2709 igitur
3216 2639 3336 2710 ejus
3366 2642 3509 2710 quod

1913 2735 1998 2781 est
2026 2725 2066 2781 C
2095 2727 2502 2795 sesquioctavus
2528 2737 2632 2784 est.
2666 2730 2730 2784 Et
2757 2732 2808 2785 in
2835 2736 3072 2786 numeris
3096 2733 3508 2802 sesquialterum

1913 2819 2126 2889 quidem
2159 2819 2500 2876 intervallum
2528 2821 2598 2876 sit
2628 2824 2953 2878 novenarius
2982 2825 3050 2879 ad
3074 2825 3368 2890 senarium,
3398 2840 3514 2880 ses-

1912 2911 2225 2980 quitertium
2248 2926 2379 2968 vero
2397 2913 2708 2968 octonarius
2727 2914 2793 2969 ad
2814 2916 3110 2972 senarium.
3128 2915 3331 2973 Novem
3351 2917 3517 2989 igitur

1913 3003 1979 3058 ad
2010 3011 2133 3059 octo
2155 3003 2531 3075 sesquioctsva
2561 3006 2838 3075 proportio
2860 3016 2961 3062 est.

2207 3155 3126 3426 4;?

2654 3903 2794 4020 \/

2875 3929 3148 3990 Sesquiter.

1917 4215 2024 4272 Sex
2055 4220 2427 4288 proportiones
2453 4223 2836 4291 sesquioctavte
2869 4223 3102 4295 majores
3128 4236 3252 4283 sunt
3277 4244 3382 4283 uno
3413 4229 3528 4299 du-f

1917 4309 2041 4379 plici
2071 4310 2372 4367 intervallo.
2403 4312 2485 4369 Sit
2513 4316 2655 4369 enim
2701 4316 2916 4385 quidem
2963 4333 3216 4374 numerus
3247 4319 3314 4385 Α,
3347 4320 3508 4392 hujus

1916 4409 2098 4456 autem
2145 4403 2216 4458 sit
2241 4406 2644 4475 sesquiocmvus
2684 4409 2744 4475 Β,
2775 4407 2802 4448 δ
2836 4409 2995 4479 hujus
3025 4412 3424 4480 sesquioctavus
3449 4414 3515 4480 (1,

1916 4503 1970 4549 et
1999 4495 2160 4565 hujus
2207 4498 2612 4566 sesquioctavus
2643 4501 2707 4568 D,
2736 4511 2789 4558 et
2823 4502 2982 4573 hujus
3017 4505 3422 4578 sesquioctavus
3453 4507 3522 4572 F.‘

2308 3934 2580 3996 Sesqutoct.

1844 4616 1896 4675 D
1919 4586 2147 4657 ejusque
2189 4591 2596 4659 sesquioctavus
2626 4592 2693 4657 Ο,
2735 4605 2896 4665 atque
2927 4595 3086 4666 hujus
3115 4600 3518 4667 sesquioctavus

1926 4679 1989 4733 Κ.
2021 4680 2076 4734 Id
2101 4690 2279 4738 autem
2305 4685 2392 4738 tiat
2413 4685 2704 4740 secundum
2731 4686 3055 4758 descriptum
3087 4688 3136 4742 in
3167 4689 3514 4745 Arithmetira

1924 4770 2174 4838 modum,
2219 4781 2274 4827 et
2323 4774 2432 4829 sint
2480 4778 2686 4830 numeri
2734 4780 2774 4832 A
2809 4777 2849 4832 Β
2878 4779 2917 4832 C
2949 4780 2992 4834 D
3024 4778 3062 4834 F
3092 4778 3135 4834 G
3167 4779 3245 4844 K,
3293 4791 3348 4836 et
3373 4782 3444 4835 sit
3475 4784 3526 4837 Av

1922 4858 2156 4926 262141,
2185 4859 2344 4930 hujus
2363 4872 2540 4916 autem
2566 4865 2972 4934 sesquioctavus
2993 4867 3082 4938 qui
3109 4877 3190 4922 est
3214 4868 3252 4921 Β
3281 4869 3513 4930 996912,

1923 4947 2085 5018 hujus
2123 4961 2300 5006 autem
2346 4954 2751 5023 sesquioctavus
2792 4955 2882 5026 qui
2910 4959 3059 5011 estC
3093 4958 3322 5020 551776,
3357 4956 3516 5026 hujus

1922 5050 2100 5095 autem
2146 5045 2545 5113 se~qnioctavus
2588 5047 2676 5117 qui
2705 5059 2786 5102 est
2814 5049 2854 5102 D
2884 5048 3114 5111 575248.
3153 5049 3307 5119 hujus
3337 5061 3516 5106 autem

1924 5132 2332 5200 scsquimtavus
2361 5136 2451 5205 qui
2483 5147 2566 5191 est
2595 5139 2632 5191 F
2658 5139 2892 5204 M9904,
2925 5140 3079 5210 hujus
3104 5149 3279 5193 autem
3310 5143 3517 5210 sesqui-

1923 5239 1956 5278 ο
1992 5233 2144 5278 tavus
2174 5226 2262 5295 qui
2291 5236 2369 5280 est
2395 5227 2436 5281 G
2463 5227 2694 5294 472592,
2726 5231 2880 5302 hujus
2911 5242 3087 5286 autem
3114 5233 3516 5300 sesquioctavus

1924 5314 2015 5383 qui
2050 5323 2132 5369 est
2159 5315 2203 5368 Κ
2236 5316 2468 5372 531441.
2503 5321 2568 5373 Et
2597 5330 2721 5376 sunt
2759 5320 2960 5377 551441
2998 5322 3136 5392 quod
3166 5333 3249 5376 est
3274 5323 3347 5388 Κ,
3397 5324 3517 5394 plus

1924 5423 2082 5478 quam
2124 5407 2370 5479 duplices
2399 5421 2420 5449 ε
2454 5412 2519 5466 ad
2549 5412 2777 5468 ducenta
2806 5414 2874 5469 60
2903 5415 3010 5468 duo
3046 5414 3210 5468 millia
3241 5415 3342 5470 144
3373 5417 3516 5486 quod

1925 5509 2007 5552 est
2028 5500 2091 5552 A.
2115 5500 2218 5554 Sex
2245 5501 2407 5582 igitur
2423 5505 2809 5571 sesquioctava:
2832 5504 3206 5582 proportiones
3229 5507 3517 5578 ampliores

1926 5600 2050 5643 sunt
2084 5606 2188 5646 uno
2215 5576 2411 5664 duplici
2440 5594 2738 5648 intervallo.

1769 5795 1788 5821 ο
1825 5787 1866 5841 Α
1895 5790 2126 5847 ducentis
2155 5794 2416 5865 sexaginta
2438 5797 2633 5851 duobus
2665 5797 2886 5853 millibus
2913 5797 3030 5854 164.
3077 5800 3182 5857 Sed
3225 5799 3329 5856 ’δατ
3370 5802 3517 5857 lectio
