  <div class='ocr_page' id='page_1' title='image "/cluster/home/n/w/nwhite01/storage/ocr_20150623/63/hvd.32044015469307/632.png"; bbox 0 0 4022 6366; ppageno 0'>
   <div class='ocr_carea' id='block_1_1' title="bbox 306 314 456 370">
    <p class='ocr_par' dir='ltr' id='par_1_1' title="bbox 306 314 456 370">
     <span class='ocr_line' id='line_1_1' title="bbox 306 314 456 370; baseline -0.013 0"><span class='ocrx_word' id='word_1_1' title='bbox 306 314 456 370; x_wconf 53' lang='grc' dir='ltr'>ν1257</span> 
     </span>
    </p>
   </div>
   <div class='ocr_carea' id='block_1_2' title="bbox 1609 304 2283 391">
    <p class='ocr_par' dir='ltr' id='par_1_2' title="bbox 1609 304 2283 391">
     <span class='ocr_line' id='line_1_2' title="bbox 1609 304 2283 391; baseline 0.003 -32"><span class='ocrx_word' id='word_1_2' title='bbox 1609 306 1696 362; x_wconf 86' lang='lat' dir='ltr'><strong>DE</strong></span> <span class='ocrx_word' id='word_1_3' title='bbox 1738 304 1983 391; x_wconf 65' lang='lat' dir='ltr'><strong>Musrcs</strong></span> <span class='ocrx_word' id='word_1_4' title='bbox 2030 304 2154 359; x_wconf 79' lang='lat' dir='ltr'><strong>un.</strong></span> <span class='ocrx_word' id='word_1_5' title='bbox 2197 306 2283 361; x_wconf 71' lang='lat' dir='ltr'><strong>tv.</strong></span> 
     </span>
    </p>
   </div>
   <div class='ocr_carea' id='block_1_3' title="bbox 3376 315 3576 387">
    <p class='ocr_par' dir='ltr' id='par_1_3' title="bbox 3376 315 3576 387">
     <span class='ocr_line' id='line_1_3' title="bbox 3376 315 3576 387; baseline -0.01 -16"><span class='ocrx_word' id='word_1_6' title='bbox 3376 326 3379 327; x_wconf 54' lang='grc' dir='ltr'>ί</span> <span class='ocrx_word' id='word_1_7' title='bbox 3442 315 3576 387; x_wconf 68' lang='lat' dir='ltr'><strong>lese</strong></span> 
     </span>
    </p>
   </div>
   <div class='ocr_carea' id='block_1_4' title="bbox 320 420 3575 502">
    <p class='ocr_par' dir='ltr' id='par_1_4' title="bbox 320 420 3575 502">
     <span class='ocr_line' id='line_1_4' title="bbox 320 420 3575 502; baseline -0.001 -16"><span class='ocrx_word' id='word_1_8' title='bbox 320 448 383 486; x_wconf 87' lang='lat' dir='ltr'><strong>ea</strong></span> <span class='ocrx_word' id='word_1_9' title='bbox 408 448 526 502; x_wconf 80' lang='lat' dir='ltr'><strong>qua:</strong></span> <span class='ocrx_word' id='word_1_10' title='bbox 565 441 644 487; x_wconf 91' lang='lat' dir='ltr'><strong>est</strong></span> <span class='ocrx_word' id='word_1_11' title='bbox 673 432 735 488; x_wconf 93' lang='lat'>0.</span> <span class='ocrx_word' id='word_1_12' title='bbox 777 431 904 486; x_wconf 91' lang='lat' dir='ltr'><strong>Item</strong></span> <span class='ocrx_word' id='word_1_13' title='bbox 927 430 970 485; x_wconf 90' lang='grc' dir='ltr'><strong>Ο</strong></span> <span class='ocrx_word' id='word_1_14' title='bbox 1004 430 1073 484; x_wconf 92' lang='lat' dir='ltr'><strong>sit</strong></span> <span class='ocrx_word' id='word_1_15' title='bbox 1112 427 1270 496; x_wconf 82' lang='lat' dir='ltr'><strong>dupla</strong></span> <span class='ocrx_word' id='word_1_16' title='bbox 1309 423 1377 478; x_wconf 89' lang='lat' dir='ltr'><strong>ab</strong></span> <span class='ocrx_word' id='word_1_17' title='bbox 1404 436 1465 478; x_wconf 82' lang='lat' dir='ltr'><strong>ea</strong></span> <span class='ocrx_word' id='word_1_18' title='bbox 1504 437 1623 492; x_wconf 70' lang='lat' dir='ltr'><strong>qure</strong></span> <span class='ocrx_word' id='word_1_19' title='bbox 1667 430 1747 476; x_wconf 84' lang='lat' dir='ltr'><strong>est</strong></span> <span class='ocrx_word' id='word_1_20' title='bbox 1784 421 1887 476; x_wconf 88' lang='lat' dir='ltr'><strong>LL.</strong></span> <span class='ocrx_word' id='word_1_21' title='bbox 1922 420 1974 479; x_wconf 83' lang='lat' dir='ltr'><strong>A</strong></span> <span class='ocrx_word' id='word_1_22' title='bbox 1998 421 2160 486; x_wconf 92' lang='lat' dir='ltr'><strong>tonis,</strong></span> <span class='ocrx_word' id='word_1_23' title='bbox 2189 422 2235 474; x_wconf 89' lang='lat' dir='ltr'><strong>si</strong></span> <span class='ocrx_word' id='word_1_24' title='bbox 2266 422 2570 475; x_wconf 77' lang='lat' dir='ltr'><strong>distantiam</strong></span> <span class='ocrx_word' id='word_1_25' title='bbox 2615 432 2893 490; x_wconf 82' lang='lat' dir='ltr'><strong>paranetes</strong></span> <span class='ocrx_word' id='word_1_26' title='bbox 2923 424 3285 495; x_wconf 84' lang='lat' dir='ltr'><strong>hyperboleon</strong></span> <span class='ocrx_word' id='word_1_27' title='bbox 3327 438 3381 485; x_wconf 90' lang='lat' dir='ltr'><strong>et</strong></span> <span class='ocrx_word' id='word_1_28' title='bbox 3424 440 3575 486; x_wconf 70' lang='lat' dir='ltr'><strong>neten</strong></span> 
     </span>
    </p>
   </div>
   <div class='ocr_carea' id='block_1_5' title="bbox 326 514 1896 594">
    <p class='ocr_par' dir='ltr' id='par_1_5' title="bbox 326 514 1896 594">
     <span class='ocr_line' id='line_1_5' title="bbox 326 514 1896 594; baseline -0.008 -15"><span class='ocrx_word' id='word_1_29' title='bbox 326 527 441 579; x_wconf 84' lang='lat' dir='ltr'><strong>Erit</strong></span> <span class='ocrx_word' id='word_1_30' title='bbox 480 527 637 594; x_wconf 81' lang='lat' dir='ltr'><strong>igitur</strong></span> <span class='ocrx_word' id='word_1_31' title='bbox 677 528 721 580; x_wconf 80' lang='grc' dir='ltr'><strong>Α</strong></span> <span class='ocrx_word' id='word_1_32' title='bbox 762 525 974 593; x_wconf 85' lang='lat' dir='ltr'><strong>quidem</strong></span> <span class='ocrx_word' id='word_1_33' title='bbox 1022 518 1613 592; x_wconf 80' lang='lat' dir='ltr'><strong>proslambanomenos,</strong></span> <span class='ocrx_word' id='word_1_34' title='bbox 1643 514 1687 568; x_wconf 96' lang='lat'><strong>0</strong></span> <span class='ocrx_word' id='word_1_35' title='bbox 1718 522 1896 593; x_wconf 88' lang='lat' dir='ltr'><strong>autem</strong></span> 
     </span>
    </p>
   </div>
   <div class='ocr_carea' id='block_1_6' title="bbox 324 604 1897 687">
    <p class='ocr_par' dir='ltr' id='par_1_6' title="bbox 324 604 1897 687">
     <span class='ocr_line' id='line_1_6' title="bbox 324 604 1897 687; baseline -0.01 -17"><span class='ocrx_word' id='word_1_36' title='bbox 324 632 493 682; x_wconf 83' lang='lat' dir='ltr'><strong>mese,</strong></span> <span class='ocrx_word' id='word_1_37' title='bbox 522 628 575 671; x_wconf 91' lang='lat' dir='ltr'><strong>et</strong></span> <span class='ocrx_word' id='word_1_38' title='bbox 604 617 687 687; x_wconf 89' lang='lat' dir='ltr'><strong>LL</strong></span> <span class='ocrx_word' id='word_1_39' title='bbox 711 627 831 670; x_wconf 87' lang='lat' dir='ltr'><strong>nete</strong></span> <span class='ocrx_word' id='word_1_40' title='bbox 856 614 1244 686; x_wconf 82' lang='lat' dir='ltr'><strong>hyperboleon;</strong></span> <span class='ocrx_word' id='word_1_41' title='bbox 1278 608 1491 663; x_wconf 83' lang='lat' dir='ltr'><strong>habebit</strong></span> <span class='ocrx_word' id='word_1_42' title='bbox 1521 606 1679 675; x_wconf 81' lang='lat' dir='ltr'><strong>igitur</strong></span> <span class='ocrx_word' id='word_1_43' title='bbox 1706 604 1749 657; x_wconf 83' lang='lat' dir='ltr'><strong>A</strong></span> <span class='ocrx_word' id='word_1_44' title='bbox 1777 605 1897 673; x_wconf 83' lang='lat' dir='ltr'><strong>qui-</strong></span> 
     </span>
    </p>
   </div>
   <div class='ocr_carea' id='block_1_7' title="bbox 304 697 1900 774">
    <p class='ocr_par' dir='ltr' id='par_1_7' title="bbox 304 697 1900 774">
     <span class='ocr_line' id='line_1_7' title="bbox 304 697 1900 774; baseline -0.008 -13"><span class='ocrx_word' id='word_1_45' title='bbox 304 710 447 764; x_wconf 9' lang='lat' dir='ltr'><strong>edem</strong></span> <span class='ocrx_word' id='word_1_46' title='bbox 475 710 634 774; x_wconf 90' lang='grc'>9216,</span> <span class='ocrx_word' id='word_1_47' title='bbox 665 710 708 764; x_wconf 96' lang='lat'><strong>0</strong></span> <span class='ocrx_word' id='word_1_48' title='bbox 734 725 860 763; x_wconf 90' lang='lat' dir='ltr'><strong>vero</strong></span> <span class='ocrx_word' id='word_1_49' title='bbox 892 710 1078 762; x_wconf 85' lang='lat' dir='ltr'><strong>borum</strong></span> <span class='ocrx_word' id='word_1_50' title='bbox 1111 704 1384 760; x_wconf 86' lang='lat' dir='ltr'><strong>dimidium</strong></span> <span class='ocrx_word' id='word_1_51' title='bbox 1407 744 1421 767; x_wconf 98' lang='lat'><strong>,</strong></span> <span class='ocrx_word' id='word_1_52' title='bbox 1458 699 1509 753; x_wconf 88' lang='lat' dir='ltr'><strong>id</strong></span> <span class='ocrx_word' id='word_1_53' title='bbox 1538 707 1620 753; x_wconf 89' lang='lat' dir='ltr'><strong>est</strong></span> <span class='ocrx_word' id='word_1_54' title='bbox 1650 697 1810 761; x_wconf 76' lang='grc'>4608,</span> <span class='ocrx_word' id='word_1_55' title='bbox 1842 704 1900 749; x_wconf 89' lang='lat' dir='ltr'><strong>ut</strong></span> 
     </span>
    </p>
   </div>
   <div class='ocr_carea' id='block_1_8' title="bbox 325 787 1899 869">
    <p class='ocr_par' dir='ltr' id='par_1_8' title="bbox 325 787 1899 869">
     <span class='ocr_line' id='line_1_8' title="bbox 325 787 1899 869; baseline -0.011 -14"><span class='ocrx_word' id='word_1_56' title='bbox 325 817 473 856; x_wconf 87' lang='lat' dir='ltr'><strong>mese</strong></span> <span class='ocrx_word' id='word_1_57' title='bbox 515 804 579 855; x_wconf 90' lang='lat' dir='ltr'><strong>ad</strong></span> <span class='ocrx_word' id='word_1_58' title='bbox 631 801 1198 869; x_wconf 86' lang='lat' dir='ltr'><strong>proslambanomenon</strong></span> <span class='ocrx_word' id='word_1_59' title='bbox 1245 796 1503 862; x_wconf 82' lang='lat' dir='ltr'><strong>diapason</strong></span> <span class='ocrx_word' id='word_1_60' title='bbox 1552 787 1899 844; x_wconf 86' lang='lat' dir='ltr'><strong>consonantia</strong></span> 
     </span>
    </p>
   </div>
   <div class='ocr_carea' id='block_1_9' title="bbox 325 883 1896 957">
    <p class='ocr_par' dir='ltr' id='par_1_9' title="bbox 325 883 1896 957">
     <span class='ocr_line' id='line_1_9' title="bbox 325 883 1896 957; baseline -0.011 -11"><span class='ocrx_word' id='word_1_61' title='bbox 325 892 625 946; x_wconf 89' lang='lat' dir='ltr'><strong>conveniat.</strong></span> <span class='ocrx_word' id='word_1_62' title='bbox 662 893 733 945; x_wconf 85' lang='lat' dir='ltr'><strong>Ea</strong></span> <span class='ocrx_word' id='word_1_63' title='bbox 760 907 886 944; x_wconf 89' lang='lat' dir='ltr'><strong>vero</strong></span> <span class='ocrx_word' id='word_1_64' title='bbox 912 906 1029 957; x_wconf 83' lang='lat' dir='ltr'><strong>quae</strong></span> <span class='ocrx_word' id='word_1_65' title='bbox 1060 899 1141 943; x_wconf 79' lang='lat' dir='ltr'><strong>est</strong></span> <span class='ocrx_word' id='word_1_66' title='bbox 1181 885 1264 940; x_wconf 87' lang='lat' dir='ltr'><strong>LL</strong></span> <span class='ocrx_word' id='word_1_67' title='bbox 1287 883 1564 938; x_wconf 86' lang='lat' dir='ltr'><strong>dimidium</strong></span> <span class='ocrx_word' id='word_1_68' title='bbox 1593 887 1677 934; x_wconf 86' lang='lat' dir='ltr'><strong>est</strong></span> <span class='ocrx_word' id='word_1_69' title='bbox 1701 891 1896 940; x_wconf 87' lang='lat' dir='ltr'><strong>meses,</strong></span> 
     </span>
    </p>
   </div>
   <div class='ocr_carea' id='block_1_10' title="bbox 329 970 1901 1051">
    <p class='ocr_par' dir='ltr' id='par_1_10' title="bbox 329 970 1901 1051">
     <span class='ocr_line' id='line_1_10' title="bbox 329 970 1901 1051; baseline -0.01 -14"><span class='ocrx_word' id='word_1_70' title='bbox 329 993 387 1037; x_wconf 95' lang='lat' dir='ltr'><strong>ut</strong></span> <span class='ocrx_word' id='word_1_71' title='bbox 416 984 483 1037; x_wconf 90' lang='lat' dir='ltr'><strong>sit</strong></span> <span class='ocrx_word' id='word_1_72' title='bbox 514 983 1071 1051; x_wconf 87' lang='lat' dir='ltr'><strong>proslambanomenos</strong></span> <span class='ocrx_word' id='word_1_73' title='bbox 1101 979 1168 1031; x_wconf 92' lang='lat' dir='ltr'><strong>ab</strong></span> <span class='ocrx_word' id='word_1_74' title='bbox 1208 992 1267 1030; x_wconf 88' lang='lat' dir='ltr'><strong>ea</strong></span> <span class='ocrx_word' id='word_1_75' title='bbox 1298 991 1415 1044; x_wconf 77' lang='lat' dir='ltr'><strong>qua:</strong></span> <span class='ocrx_word' id='word_1_76' title='bbox 1445 982 1527 1027; x_wconf 90' lang='lat' dir='ltr'><strong>est</strong></span> <span class='ocrx_word' id='word_1_77' title='bbox 1556 980 1679 1026; x_wconf 85' lang='lat' dir='ltr'><strong>nete</strong></span> <span class='ocrx_word' id='word_1_78' title='bbox 1710 970 1901 1039; x_wconf 84' lang='lat' dir='ltr'><strong>hyper-</strong></span> 
     </span>
    </p>
   </div>
   <div class='ocr_carea' id='block_1_11' title="bbox 325 1063 1903 1142">
    <p class='ocr_par' dir='ltr' id='par_1_11' title="bbox 325 1063 1903 1142">
     <span class='ocr_line' id='line_1_11' title="bbox 325 1063 1903 1142; baseline -0.011 -14"><span class='ocrx_word' id='word_1_79' title='bbox 325 1074 517 1128; x_wconf 87' lang='lat' dir='ltr'><strong>boleon</strong></span> <span class='ocrx_word' id='word_1_80' title='bbox 548 1074 838 1142; x_wconf 88' lang='lat' dir='ltr'><strong>quadrupla</strong></span> <span class='ocrx_word' id='word_1_81' title='bbox 859 1113 874 1137; x_wconf 92' lang='lat'><strong>,</strong></span> <span class='ocrx_word' id='word_1_82' title='bbox 920 1081 974 1125; x_wconf 92' lang='lat' dir='ltr'><strong>et</strong></span> <span class='ocrx_word' id='word_1_83' title='bbox 1001 1070 1081 1123; x_wconf 85' lang='lat' dir='ltr'><strong>bis</strong></span> <span class='ocrx_word' id='word_1_84' title='bbox 1107 1069 1361 1136; x_wconf 85' lang='lat' dir='ltr'><strong>diapason</strong></span> <span class='ocrx_word' id='word_1_85' title='bbox 1391 1063 1456 1117; x_wconf 91' lang='lat' dir='ltr'><strong>ad</strong></span> <span class='ocrx_word' id='word_1_86' title='bbox 1498 1077 1612 1116; x_wconf 89' lang='lat' dir='ltr'><strong>eam</strong></span> <span class='ocrx_word' id='word_1_87' title='bbox 1646 1065 1903 1114; x_wconf 88' lang='lat' dir='ltr'><strong>consonet</strong></span> 
     </span>
    </p>
   </div>
   <div class='ocr_carea' id='block_1_12' title="bbox 326 1150 1903 1233">
    <p class='ocr_par' dir='ltr' id='par_1_12' title="bbox 326 1150 1903 1233">
     <span class='ocr_line' id='line_1_12' title="bbox 326 1150 1903 1233; baseline -0.011 -17"><span class='ocrx_word' id='word_1_88' title='bbox 326 1164 717 1233; x_wconf 81' lang='lat' dir='ltr'><strong>symphoniam,</strong></span> <span class='ocrx_word' id='word_1_89' title='bbox 748 1156 919 1231; x_wconf 79' lang='lat' dir='ltr'><strong>sitque</strong></span> <span class='ocrx_word' id='word_1_90' title='bbox 946 1160 1029 1215; x_wconf 88' lang='lat' dir='ltr'><strong>LL</strong></span> <span class='ocrx_word' id='word_1_91' title='bbox 1049 1159 1211 1213; x_wconf 71' lang='grc'>2504.</span> <span class='ocrx_word' id='word_1_92' title='bbox 1244 1156 1299 1210; x_wconf 88' lang='lat' dir='ltr'><strong>Si</strong></span> <span class='ocrx_word' id='word_1_93' title='bbox 1329 1156 1484 1223; x_wconf 77' lang='lat' dir='ltr'><strong>igitur</strong></span> <span class='ocrx_word' id='word_1_94' title='bbox 1505 1168 1569 1205; x_wconf 80' lang='lat' dir='ltr'><strong>ex</strong></span> <span class='ocrx_word' id='word_1_95' title='bbox 1589 1150 1729 1204; x_wconf 69' lang='grc'>2501</span> <span class='ocrx_word' id='word_1_96' title='bbox 1758 1157 1903 1203; x_wconf 88' lang='lat' dir='ltr'><strong>octa-</strong></span> 
     </span>
    </p>
   </div>
   <div class='ocr_carea' id='block_1_13' title="bbox 326 1239 1904 1323">
    <p class='ocr_par' dir='ltr' id='par_1_13' title="bbox 326 1239 1904 1323">
     <span class='ocr_line' id='line_1_13' title="bbox 326 1239 1904 1323; baseline -0.01 -13"><span class='ocrx_word' id='word_1_97' title='bbox 326 1273 445 1310; x_wconf 90' lang='lat' dir='ltr'><strong>vam</strong></span> <span class='ocrx_word' id='word_1_98' title='bbox 469 1266 494 1293; x_wconf 78' lang='grc' dir='ltr'>ι</span> <span class='ocrx_word' id='word_1_99' title='bbox 521 1257 792 1310; x_wconf 85' lang='lat' dir='ltr'><strong>abstulero</strong></span> <span class='ocrx_word' id='word_1_100' title='bbox 822 1265 1049 1323; x_wconf 89' lang='lat' dir='ltr'><strong>partem,</strong></span> <span class='ocrx_word' id='word_1_101' title='bbox 1086 1251 1138 1304; x_wconf 90' lang='lat' dir='ltr'><strong>id</strong></span> <span class='ocrx_word' id='word_1_102' title='bbox 1164 1258 1245 1303; x_wconf 85' lang='lat' dir='ltr'><strong>est</strong></span> <span class='ocrx_word' id='word_1_103' title='bbox 1268 1246 1395 1312; x_wconf 88' lang='grc'>288,</span> <span class='ocrx_word' id='word_1_104' title='bbox 1420 1244 1728 1312; x_wconf 85' lang='lat' dir='ltr'><strong>eisdemque</strong></span> <span class='ocrx_word' id='word_1_105' title='bbox 1754 1239 1904 1309; x_wconf 81' lang='lat' dir='ltr'><strong>adje-</strong></span> 
     </span>
    </p>
   </div>
   <div class='ocr_carea' id='block_1_14' title="bbox 306 1333 1903 1419">
    <p class='ocr_par' dir='ltr' id='par_1_14' title="bbox 306 1333 1903 1419">
     <span class='ocr_line' id='line_1_14' title="bbox 306 1333 1903 1419; baseline -0.011 -18"><span class='ocrx_word' id='word_1_106' title='bbox 306 1363 478 1419; x_wconf 28' lang='lat' dir='ltr'><strong>‘cero,</strong></span> <span class='ocrx_word' id='word_1_107' title='bbox 515 1349 639 1413; x_wconf 78' lang='lat' dir='ltr'><strong>[ient</strong></span> <span class='ocrx_word' id='word_1_108' title='bbox 668 1345 797 1399; x_wconf 89' lang='lat' dir='ltr'><strong>mihi</strong></span> <span class='ocrx_word' id='word_1_109' title='bbox 833 1343 979 1398; x_wconf 79' lang='grc'>2592</span> <span class='ocrx_word' id='word_1_110' title='bbox 999 1384 1013 1405; x_wconf 93' lang='grc'><strong>,</strong></span> <span class='ocrx_word' id='word_1_111' title='bbox 1045 1343 1251 1408; x_wconf 87' lang='lat' dir='ltr'><strong>eritque</strong></span> <span class='ocrx_word' id='word_1_112' title='bbox 1280 1338 1366 1392; x_wconf 77' lang='lat' dir='ltr'><strong>NN</strong></span> <span class='ocrx_word' id='word_1_113' title='bbox 1397 1336 1539 1391; x_wconf 72' lang='grc'>2592</span> <span class='ocrx_word' id='word_1_114' title='bbox 1568 1350 1687 1403; x_wconf 81' lang='lat' dir='ltr'><strong>quae</strong></span> <span class='ocrx_word' id='word_1_115' title='bbox 1714 1333 1783 1385; x_wconf 86' lang='lat' dir='ltr'><strong>sit</strong></span> <span class='ocrx_word' id='word_1_116' title='bbox 1812 1346 1903 1399; x_wconf 87' lang='lat' dir='ltr'><strong>pa-</strong></span> 
     </span>
    </p>
   </div>
   <div class='ocr_carea' id='block_1_15' title="bbox 325 1423 1902 1507">
    <p class='ocr_par' dir='ltr' id='par_1_15' title="bbox 325 1423 1902 1507">
     <span class='ocr_line' id='line_1_15' title="bbox 325 1423 1902 1507; baseline -0.011 -15"><span class='ocrx_word' id='word_1_117' title='bbox 325 1450 508 1503; x_wconf 89' lang='lat' dir='ltr'><strong>ranete</strong></span> <span class='ocrx_word' id='word_1_118' title='bbox 539 1437 901 1507; x_wconf 82' lang='lat' dir='ltr'><strong>hyperboleon</strong></span> <span class='ocrx_word' id='word_1_119' title='bbox 941 1433 1006 1489; x_wconf 88' lang='lat' dir='ltr'><strong>ad</strong></span> <span class='ocrx_word' id='word_1_120' title='bbox 1055 1442 1212 1486; x_wconf 84' lang='lat' dir='ltr'><strong>neten</strong></span> <span class='ocrx_word' id='word_1_121' title='bbox 1245 1427 1609 1500; x_wconf 83' lang='lat' dir='ltr'><strong>hyperboleon</strong></span> <span class='ocrx_word' id='word_1_122' title='bbox 1656 1423 1902 1477; x_wconf 82' lang='lat' dir='ltr'><strong>obtinens</strong></span> 
     </span>
    </p>
   </div>
   <div class='ocr_carea' id='block_1_16' title="bbox 250 1514 1904 1591">
    <p class='ocr_par' dir='ltr' id='par_1_16' title="bbox 250 1514 1904 1591">
     <span class='ocr_line' id='line_1_16' title="bbox 250 1514 1904 1591; baseline -0.012 -5"><span class='ocrx_word' id='word_1_123' title='bbox 250 1536 271 1553; x_wconf 86' lang='lat'><strong>‘</strong></span> <span class='ocrx_word' id='word_1_124' title='bbox 323 1532 627 1585; x_wconf 78' lang='lat' dir='ltr'><strong>distantiam</strong></span> <span class='ocrx_word' id='word_1_125' title='bbox 660 1540 866 1582; x_wconf 82' lang='lat' dir='ltr'><strong>tonum.</strong></span> <span class='ocrx_word' id='word_1_126' title='bbox 918 1528 1122 1579; x_wconf 74' lang='lat' dir='ltr'><strong>Rursus</strong></span> <span class='ocrx_word' id='word_1_127' title='bbox 1160 1524 1276 1591; x_wconf 85' lang='lat' dir='ltr'><strong>ejus</strong></span> <span class='ocrx_word' id='word_1_128' title='bbox 1316 1537 1434 1589; x_wconf 71' lang='lat' dir='ltr'><strong>qum</strong></span> <span class='ocrx_word' id='word_1_129' title='bbox 1465 1530 1547 1573; x_wconf 89' lang='lat' dir='ltr'><strong>est</strong></span> <span class='ocrx_word' id='word_1_130' title='bbox 1578 1516 1697 1580; x_wconf 84' lang='lat' dir='ltr'><strong>NN,</strong></span> <span class='ocrx_word' id='word_1_131' title='bbox 1740 1514 1791 1569; x_wconf 89' lang='lat' dir='ltr'><strong>id</strong></span> <span class='ocrx_word' id='word_1_132' title='bbox 1822 1522 1904 1568; x_wconf 90' lang='lat' dir='ltr'><strong>est</strong></span> 
     </span>
    </p>
   </div>
   <div class='ocr_carea' id='block_1_17' title="bbox 321 1607 1902 1685">
    <p class='ocr_par' dir='ltr' id='par_1_17' title="bbox 321 1607 1902 1685">
     <span class='ocr_line' id='line_1_17' title="bbox 321 1607 1902 1685; baseline -0.011 -9"><span class='ocrx_word' id='word_1_133' title='bbox 321 1622 485 1685; x_wconf 77' lang='grc'>2592,</span> <span class='ocrx_word' id='word_1_134' title='bbox 516 1620 700 1674; x_wconf 79' lang='lat' dir='ltr'><strong>aufero</strong></span> <span class='ocrx_word' id='word_1_135' title='bbox 729 1629 968 1673; x_wconf 82' lang='lat' dir='ltr'><strong>octavam</strong></span> <span class='ocrx_word' id='word_1_136' title='bbox 1001 1632 1118 1685; x_wconf 68' lang='lat' dir='ltr'><strong>qua:</strong></span> <span class='ocrx_word' id='word_1_137' title='bbox 1149 1624 1230 1668; x_wconf 89' lang='lat' dir='ltr'><strong>est</strong></span> <span class='ocrx_word' id='word_1_138' title='bbox 1258 1613 1383 1676; x_wconf 63' lang='grc'>524,</span> <span class='ocrx_word' id='word_1_139' title='bbox 1418 1624 1643 1677; x_wconf 83' lang='lat' dir='ltr'><strong>eamque</strong></span> <span class='ocrx_word' id='word_1_140' title='bbox 1666 1607 1743 1662; x_wconf 88' lang='lat' dir='ltr'><strong>eis</strong></span> <span class='ocrx_word' id='word_1_141' title='bbox 1772 1619 1902 1675; x_wconf 87' lang='lat' dir='ltr'><strong>quo-</strong></span> 
     </span>
    </p>
   </div>
   <div class='ocr_carea' id='block_1_18' title="bbox 324 1696 1925 1777">
    <p class='ocr_par' dir='ltr' id='par_1_18' title="bbox 324 1696 1925 1777">
     <span class='ocr_line' id='line_1_18' title="bbox 324 1696 1925 1777; baseline -0.009 -14"><span class='ocrx_word' id='word_1_142' title='bbox 324 1727 442 1776; x_wconf 85' lang='lat' dir='ltr'><strong>rum</strong></span> <span class='ocrx_word' id='word_1_143' title='bbox 488 1719 573 1764; x_wconf 89' lang='lat' dir='ltr'><strong>est</strong></span> <span class='ocrx_word' id='word_1_144' title='bbox 608 1718 794 1764; x_wconf 86' lang='lat' dir='ltr'><strong>octava</strong></span> <span class='ocrx_word' id='word_1_145' title='bbox 834 1708 1127 1776; x_wconf 87' lang='lat' dir='ltr'><strong>subjungo,</strong></span> <span class='ocrx_word' id='word_1_146' title='bbox 1161 1714 1320 1757; x_wconf 84' lang='lat' dir='ltr'><strong>erunt</strong></span> <span class='ocrx_word' id='word_1_147' title='bbox 1346 1702 1508 1767; x_wconf 88' lang='grc'>2916,</span> <span class='ocrx_word' id='word_1_148' title='bbox 1545 1702 1739 1767; x_wconf 89' lang='lat' dir='ltr'><strong>lietque</strong></span> <span class='ocrx_word' id='word_1_149' title='bbox 1776 1696 1885 1749; x_wconf 89' lang='lat' dir='ltr'><strong>mih</strong></span> <span class='ocrx_word' id='word_1_150' title='bbox 1920 1774 1925 1777; x_wconf 20' lang='grc'><strong>⁷</strong></span> 
     </span>
    </p>
   </div>
   <div class='ocr_carea' id='block_1_19' title="bbox 2001 512 3580 588">
    <p class='ocr_par' dir='ltr' id='par_1_19' title="bbox 2001 512 3580 588">
     <span class='ocr_line' id='line_1_19' title="bbox 2001 512 3580 588; baseline 0.006 -24"><span class='ocrx_word' id='word_1_151' title='bbox 2001 512 2367 581; x_wconf 87' lang='lat' dir='ltr'><strong>hyperboleon</strong></span> <span class='ocrx_word' id='word_1_152' title='bbox 2394 513 2647 570; x_wconf 89' lang='lat' dir='ltr'><strong>diatonici</strong></span> <span class='ocrx_word' id='word_1_153' title='bbox 2674 516 2887 584; x_wconf 83' lang='lat' dir='ltr'><strong>generis</strong></span> <span class='ocrx_word' id='word_1_154' title='bbox 2910 518 3316 586; x_wconf 87' lang='lat' dir='ltr'><strong>sumpserimus,</strong></span> <span class='ocrx_word' id='word_1_155' title='bbox 3356 519 3580 588; x_wconf 86' lang='lat' dir='ltr'><strong>ejusque</strong></span> 
     </span>
    </p>
   </div>
   <div class='ocr_carea' id='block_1_20' title="bbox 2002 603 3577 679">
    <p class='ocr_par' dir='ltr' id='par_1_20' title="bbox 2002 603 3577 679">
     <span class='ocr_line' id='line_1_20' title="bbox 2002 603 3577 679; baseline 0.005 -23"><span class='ocrx_word' id='word_1_156' title='bbox 2002 603 2278 657; x_wconf 88' lang='lat' dir='ltr'><strong>dimidium</strong></span> <span class='ocrx_word' id='word_1_157' title='bbox 2322 617 2572 672; x_wconf 87' lang='lat' dir='ltr'><strong>paranete</strong></span> <span class='ocrx_word' id='word_1_158' title='bbox 2622 608 3002 675; x_wconf 83' lang='lat' dir='ltr'><strong>hyperboleon,</strong></span> <span class='ocrx_word' id='word_1_159' title='bbox 3045 624 3163 679; x_wconf 63' lang='lat' dir='ltr'><strong>quae</strong></span> <span class='ocrx_word' id='word_1_160' title='bbox 3206 620 3286 665; x_wconf 91' lang='lat' dir='ltr'><strong>est</strong></span> <span class='ocrx_word' id='word_1_161' title='bbox 3325 611 3577 666; x_wconf 79' lang='lat' dir='ltr'><strong>diatonici</strong></span> 
     </span>
    </p>
   </div>
   <div class='ocr_carea' id='block_1_21' title="bbox 2001 695 3583 763">
    <p class='ocr_par' dir='ltr' id='par_1_21' title="bbox 2001 695 3583 763">
     <span class='ocr_line' id='line_1_21' title="bbox 2001 695 3583 763; baseline 0.004 -15"><span class='ocrx_word' id='word_1_162' title='bbox 2001 695 2233 763; x_wconf 81' lang='lat' dir='ltr'><strong>generis,</strong></span> <span class='ocrx_word' id='word_1_163' title='bbox 2262 711 2613 763; x_wconf 84' lang='lat' dir='ltr'><strong>apponatnns,</strong></span> <span class='ocrx_word' id='word_1_164' title='bbox 2652 698 2963 752; x_wconf 83' lang='lat' dir='ltr'><strong>habebimus</strong></span> <span class='ocrx_word' id='word_1_165' title='bbox 2993 715 3272 754; x_wconf 88' lang='lat' dir='ltr'><strong>numerum</strong></span> <span class='ocrx_word' id='word_1_166' title='bbox 3302 701 3473 755; x_wconf 88' lang='lat' dir='ltr'><strong>tribus</strong></span> <span class='ocrx_word' id='word_1_167' title='bbox 3500 716 3583 755; x_wconf 83' lang='lat' dir='ltr'><strong>se-</strong></span> 
     </span>
    </p>
   </div>
   <div class='ocr_carea' id='block_1_22' title="bbox 2004 787 3585 857">
    <p class='ocr_par' dir='ltr' id='par_1_22' title="bbox 2004 787 3585 857">
     <span class='ocr_line' id='line_1_22' title="bbox 2004 787 3585 857; baseline 0.004 -17"><span class='ocrx_word' id='word_1_168' title='bbox 2004 787 2238 855; x_wconf 81' lang='lat' dir='ltr'><strong>mitoniis</strong></span> <span class='ocrx_word' id='word_1_169' title='bbox 2276 787 2343 840; x_wconf 85' lang='lat' dir='ltr'><strong>ab</strong></span> <span class='ocrx_word' id='word_1_170' title='bbox 2373 787 2732 857; x_wconf 88' lang='lat' dir='ltr'><strong>hyperboleon</strong></span> <span class='ocrx_word' id='word_1_171' title='bbox 2763 800 2883 845; x_wconf 90' lang='lat' dir='ltr'><strong>nete</strong></span> <span class='ocrx_word' id='word_1_172' title='bbox 2911 791 3216 857; x_wconf 87' lang='lat' dir='ltr'><strong>distantem,</strong></span> <span class='ocrx_word' id='word_1_173' title='bbox 3251 802 3305 847; x_wconf 87' lang='lat' dir='ltr'><strong>et</strong></span> <span class='ocrx_word' id='word_1_174' title='bbox 3339 794 3441 848; x_wconf 89' lang='lat' dir='ltr'><strong>erit</strong></span> <span class='ocrx_word' id='word_1_175' title='bbox 3467 794 3585 846; x_wconf 62' lang='lat' dir='ltr'><strong>haec</strong></span> 
     </span>
    </p>
   </div>
   <div class='ocr_carea' id='block_1_23' title="bbox 2005 872 3584 952">
    <p class='ocr_par' dir='ltr' id='par_1_23' title="bbox 2005 872 3584 952">
     <span class='ocr_line' id='line_1_23' title="bbox 2005 872 3584 952; baseline 0.001 -20"><span class='ocrx_word' id='word_1_176' title='bbox 2005 879 2056 932; x_wconf 89' lang='lat' dir='ltr'><strong>in</strong></span> <span class='ocrx_word' id='word_1_177' title='bbox 2088 872 2417 932; x_wconf 76' lang='lat' dir='ltr'><strong>chromatico</strong></span> <span class='ocrx_word' id='word_1_178' title='bbox 2444 895 2639 948; x_wconf 88' lang='lat' dir='ltr'><strong>genere</strong></span> <span class='ocrx_word' id='word_1_179' title='bbox 2679 892 2930 948; x_wconf 83' lang='lat' dir='ltr'><strong>paranete</strong></span> <span class='ocrx_word' id='word_1_180' title='bbox 2957 884 3342 952; x_wconf 88' lang='lat' dir='ltr'><strong>hyperboleon.</strong></span> <span class='ocrx_word' id='word_1_181' title='bbox 3384 884 3584 938; x_wconf 81' lang='lat' dir='ltr'><strong>Aufero</strong></span> 
     </span>
    </p>
   </div>
   <div class='ocr_carea' id='block_1_24' title="bbox 2006 967 3584 1043">
    <p class='ocr_par' dir='ltr' id='par_1_24' title="bbox 2006 967 3584 1043">
     <span class='ocr_line' id='line_1_24' title="bbox 2006 967 3584 1043; baseline 0.004 -23"><span class='ocrx_word' id='word_1_182' title='bbox 2006 967 2168 1035; x_wconf 86' lang='lat' dir='ltr'><strong>igitur</strong></span> <span class='ocrx_word' id='word_1_183' title='bbox 2197 967 2264 1023; x_wconf 90' lang='lat' dir='ltr'><strong>de</strong></span> <span class='ocrx_word' id='word_1_184' title='bbox 2290 968 2452 1031; x_wconf 77' lang='grc'>2592,</span> <span class='ocrx_word' id='word_1_185' title='bbox 2498 968 2550 1021; x_wconf 90' lang='lat' dir='ltr'><strong>id</strong></span> <span class='ocrx_word' id='word_1_186' title='bbox 2597 978 2679 1022; x_wconf 90' lang='lat' dir='ltr'><strong>est</strong></span> <span class='ocrx_word' id='word_1_187' title='bbox 2708 970 2771 1023; x_wconf 88' lang='lat' dir='ltr'><strong>de</strong></span> <span class='ocrx_word' id='word_1_188' title='bbox 2800 983 3054 1040; x_wconf 87' lang='lat' dir='ltr'><strong>paranete</strong></span> <span class='ocrx_word' id='word_1_189' title='bbox 3086 973 3446 1043; x_wconf 83' lang='lat' dir='ltr'><strong>hyperboleon</strong></span> <span class='ocrx_word' id='word_1_190' title='bbox 3479 974 3584 1027; x_wconf 88' lang='lat' dir='ltr'><strong>dia-</strong></span> 
     </span>
    </p>
   </div>
   <div class='ocr_carea' id='block_1_25' title="bbox 2008 1060 3586 1135">
    <p class='ocr_par' dir='ltr' id='par_1_25' title="bbox 2008 1060 3586 1135">
     <span class='ocr_line' id='line_1_25' title="bbox 2008 1060 3586 1135; baseline 0.003 -23"><span class='ocrx_word' id='word_1_191' title='bbox 2008 1060 2169 1113; x_wconf 87' lang='lat' dir='ltr'><strong>tonici</strong></span> <span class='ocrx_word' id='word_1_192' title='bbox 2202 1061 2414 1129; x_wconf 82' lang='lat' dir='ltr'><strong>generis</strong></span> <span class='ocrx_word' id='word_1_193' title='bbox 2451 1061 2611 1123; x_wconf 69' lang='grc'>2504,</span> <span class='ocrx_word' id='word_1_194' title='bbox 2646 1062 2696 1115; x_wconf 90' lang='lat' dir='ltr'><strong>id</strong></span> <span class='ocrx_word' id='word_1_195' title='bbox 2742 1074 2826 1116; x_wconf 85' lang='lat' dir='ltr'><strong>est</strong></span> <span class='ocrx_word' id='word_1_196' title='bbox 2850 1075 2969 1120; x_wconf 89' lang='lat' dir='ltr'><strong>nete</strong></span> <span class='ocrx_word' id='word_1_197' title='bbox 3008 1066 3394 1135; x_wconf 78' lang='lat' dir='ltr'><strong>hyperboleon,</strong></span> <span class='ocrx_word' id='word_1_198' title='bbox 3427 1068 3586 1121; x_wconf 90' lang='lat' dir='ltr'><strong>relin-</strong></span> 
     </span>
    </p>
   </div>
   <div class='ocr_carea' id='block_1_26' title="bbox 2005 1150 3585 1221">
    <p class='ocr_par' dir='ltr' id='par_1_26' title="bbox 2005 1150 3585 1221">
     <span class='ocr_line' id='line_1_26' title="bbox 2005 1150 3585 1221; baseline 0.003 -18"><span class='ocrx_word' id='word_1_199' title='bbox 2005 1162 2238 1219; x_wconf 89' lang='lat' dir='ltr'><strong>quuntur</strong></span> <span class='ocrx_word' id='word_1_200' title='bbox 2270 1150 2399 1213; x_wconf 85' lang='lat' dir='ltr'><strong>mihi</strong></span> <span class='ocrx_word' id='word_1_201' title='bbox 2422 1150 2546 1214; x_wconf 86' lang='grc'>288,</span> <span class='ocrx_word' id='word_1_202' title='bbox 2583 1151 2679 1203; x_wconf 90' lang='lat' dir='ltr'><strong>hos</strong></span> <span class='ocrx_word' id='word_1_203' title='bbox 2718 1151 2923 1219; x_wconf 74' lang='lat' dir='ltr'><strong>divido,</strong></span> <span class='ocrx_word' id='word_1_204' title='bbox 2966 1162 3124 1207; x_wconf 87' lang='lat' dir='ltr'><strong>erunt</strong></span> <span class='ocrx_word' id='word_1_205' title='bbox 3150 1154 3279 1207; x_wconf 88' lang='lat' dir='ltr'><strong>mihi</strong></span> <span class='ocrx_word' id='word_1_206' title='bbox 3310 1154 3431 1221; x_wconf 70' lang='grc'>144,</span> <span class='ocrx_word' id='word_1_207' title='bbox 3461 1169 3585 1209; x_wconf 84' lang='lat' dir='ltr'><strong>eos-</strong></span> 
     </span>
    </p>
   </div>
   <div class='ocr_carea' id='block_1_27' title="bbox 2006 1239 3587 1313">
    <p class='ocr_par' dir='ltr' id='par_1_27' title="bbox 2006 1239 3587 1313">
     <span class='ocr_line' id='line_1_27' title="bbox 2006 1239 3587 1313; baseline 0.002 -19"><span class='ocrx_word' id='word_1_208' title='bbox 2006 1240 2125 1294; x_wconf 88' lang='lat' dir='ltr'><strong>dem</strong></span> <span class='ocrx_word' id='word_1_209' title='bbox 2155 1239 2399 1309; x_wconf 87' lang='lat' dir='ltr'><strong>adjiciam</strong></span> <span class='ocrx_word' id='word_1_210' title='bbox 2426 1239 2589 1302; x_wconf 76' lang='grc'>2592,</span> <span class='ocrx_word' id='word_1_211' title='bbox 2624 1240 2672 1293; x_wconf 91' lang='lat' dir='ltr'><strong>id</strong></span> <span class='ocrx_word' id='word_1_212' title='bbox 2700 1250 2781 1295; x_wconf 91' lang='lat' dir='ltr'><strong>est</strong></span> <span class='ocrx_word' id='word_1_213' title='bbox 2812 1253 3062 1309; x_wconf 89' lang='lat' dir='ltr'><strong>paranete</strong></span> <span class='ocrx_word' id='word_1_214' title='bbox 3084 1244 3445 1313; x_wconf 86' lang='lat' dir='ltr'><strong>hyperboleon</strong></span> <span class='ocrx_word' id='word_1_215' title='bbox 3469 1246 3587 1299; x_wconf 90' lang='lat' dir='ltr'><strong>dia-</strong></span> 
     </span>
    </p>
   </div>
   <div class='ocr_carea' id='block_1_28' title="bbox 2008 1333 3587 1405">
    <p class='ocr_par' dir='ltr' id='par_1_28' title="bbox 2008 1333 3587 1405">
     <span class='ocr_line' id='line_1_28' title="bbox 2008 1333 3587 1405; baseline 0.002 -18"><span class='ocrx_word' id='word_1_216' title='bbox 2008 1333 2168 1387; x_wconf 91' lang='lat' dir='ltr'><strong>tonici</strong></span> <span class='ocrx_word' id='word_1_217' title='bbox 2195 1333 2430 1401; x_wconf 84' lang='lat' dir='ltr'><strong>generis,</strong></span> <span class='ocrx_word' id='word_1_218' title='bbox 2479 1343 2535 1387; x_wconf 89' lang='lat' dir='ltr'><strong>et</strong></span> <span class='ocrx_word' id='word_1_219' title='bbox 2562 1341 2720 1387; x_wconf 87' lang='lat' dir='ltr'><strong>erunt</strong></span> <span class='ocrx_word' id='word_1_220' title='bbox 2769 1334 2896 1387; x_wconf 81' lang='lat' dir='ltr'><strong>milii</strong></span> <span class='ocrx_word' id='word_1_221' title='bbox 2927 1334 3067 1389; x_wconf 81' lang='grc'>2756</span> <span class='ocrx_word' id='word_1_222' title='bbox 3104 1353 3114 1385; x_wconf 94' lang='lat'>:</span> <span class='ocrx_word' id='word_1_223' title='bbox 3147 1334 3262 1390; x_wconf 63' lang='lat' dir='ltr'><strong>hazc</strong></span> <span class='ocrx_word' id='word_1_224' title='bbox 3299 1337 3401 1390; x_wconf 89' lang='lat' dir='ltr'><strong>erit</strong></span> <span class='ocrx_word' id='word_1_225' title='bbox 3440 1351 3587 1405; x_wconf 88' lang='lat' dir='ltr'><strong>para-</strong></span> 
     </span>
    </p>
   </div>
   <div class='ocr_carea' id='block_1_29' title="bbox 2007 1424 3586 1496">
    <p class='ocr_par' dir='ltr' id='par_1_29' title="bbox 2007 1424 3586 1496">
     <span class='ocr_line' id='line_1_29' title="bbox 2007 1424 3586 1496; baseline 0.003 -17"><span class='ocrx_word' id='word_1_226' title='bbox 2007 1435 2131 1480; x_wconf 91' lang='lat' dir='ltr'><strong>nete</strong></span> <span class='ocrx_word' id='word_1_227' title='bbox 2158 1425 2523 1496; x_wconf 83' lang='lat' dir='ltr'><strong>hyperboleon</strong></span> <span class='ocrx_word' id='word_1_228' title='bbox 2564 1424 2912 1479; x_wconf 87' lang='lat' dir='ltr'><strong>chromatica.</strong></span> <span class='ocrx_word' id='word_1_229' title='bbox 2945 1426 3147 1479; x_wconf 79' lang='lat' dir='ltr'><strong>Rursus</strong></span> <span class='ocrx_word' id='word_1_230' title='bbox 3172 1428 3423 1495; x_wconf 88' lang='lat' dir='ltr'><strong>quoniam</strong></span> <span class='ocrx_word' id='word_1_231' title='bbox 3463 1429 3586 1483; x_wconf 89' lang='lat' dir='ltr'><strong>trite</strong></span> 
     </span>
    </p>
   </div>
   <div class='ocr_carea' id='block_1_30' title="bbox 2010 1517 3587 1588">
    <p class='ocr_par' dir='ltr' id='par_1_30' title="bbox 2010 1517 3587 1588">
     <span class='ocr_line' id='line_1_30' title="bbox 2010 1517 3587 1588; baseline 0.001 -16"><span class='ocrx_word' id='word_1_232' title='bbox 2010 1518 2393 1588; x_wconf 87' lang='lat' dir='ltr'><strong>hyperboleon,</strong></span> <span class='ocrx_word' id='word_1_233' title='bbox 2422 1518 2503 1571; x_wconf 87' lang='lat' dir='ltr'><strong>vel</strong></span> <span class='ocrx_word' id='word_1_234' title='bbox 2532 1517 2821 1584; x_wconf 86' lang='lat' dir='ltr'><strong>diatonica,</strong></span> <span class='ocrx_word' id='word_1_235' title='bbox 2854 1518 2936 1572; x_wconf 90' lang='lat' dir='ltr'><strong>vel</strong></span> <span class='ocrx_word' id='word_1_236' title='bbox 2967 1517 3317 1584; x_wconf 85' lang='lat' dir='ltr'><strong>chromatica,</strong></span> <span class='ocrx_word' id='word_1_237' title='bbox 3350 1518 3485 1573; x_wconf 91' lang='lat' dir='ltr'><strong>duos</strong></span> <span class='ocrx_word' id='word_1_238' title='bbox 3514 1531 3587 1573; x_wconf 81' lang='lat' dir='ltr'><strong>to-</strong></span> 
     </span>
    </p>
   </div>
   <div class='ocr_carea' id='block_1_31' title="bbox 2008 1608 3589 1677">
    <p class='ocr_par' dir='ltr' id='par_1_31' title="bbox 2008 1608 3589 1677">
     <span class='ocr_line' id='line_1_31' title="bbox 2008 1608 3589 1677; baseline 0.001 -14"><span class='ocrx_word' id='word_1_239' title='bbox 2008 1625 2107 1663; x_wconf 87' lang='lat' dir='ltr'><strong>nos</strong></span> <span class='ocrx_word' id='word_1_240' title='bbox 2144 1609 2307 1663; x_wconf 86' lang='lat' dir='ltr'><strong>distat</strong></span> <span class='ocrx_word' id='word_1_241' title='bbox 2347 1623 2377 1661; x_wconf 89' lang='lat' dir='ltr'><strong>a</strong></span> <span class='ocrx_word' id='word_1_242' title='bbox 2425 1618 2550 1662; x_wconf 86' lang='lat' dir='ltr'><strong>nete</strong></span> <span class='ocrx_word' id='word_1_243' title='bbox 2591 1608 2986 1677; x_wconf 86' lang='lat' dir='ltr'><strong>hyperboleon,</strong></span> <span class='ocrx_word' id='word_1_244' title='bbox 3041 1620 3096 1664; x_wconf 88' lang='lat' dir='ltr'><strong>et</strong></span> <span class='ocrx_word' id='word_1_245' title='bbox 3138 1610 3190 1664; x_wconf 92' lang='lat' dir='ltr'><strong>in</strong></span> <span class='ocrx_word' id='word_1_246' title='bbox 3237 1611 3589 1665; x_wconf 83' lang='lat' dir='ltr'><strong>enharmonio</strong></span> 
     </span>
    </p>
   </div>
   <div class='ocr_carea' id='block_1_32' title="bbox 2008 1701 3589 1773">
    <p class='ocr_par' dir='ltr' id='par_1_32' title="bbox 2008 1701 3589 1773">
     <span class='ocr_line' id='line_1_32' title="bbox 2008 1701 3589 1773; baseline -0.001 -14"><span class='ocrx_word' id='word_1_247' title='bbox 2008 1719 2202 1773; x_wconf 85' lang='lat' dir='ltr'><strong>genere</strong></span> <span class='ocrx_word' id='word_1_248' title='bbox 2233 1710 2483 1772; x_wconf 90' lang='lat' dir='ltr'><strong>paranete</strong></span> <span class='ocrx_word' id='word_1_249' title='bbox 2524 1702 2888 1772; x_wconf 86' lang='lat' dir='ltr'><strong>hyperboleon</strong></span> <span class='ocrx_word' id='word_1_250' title='bbox 2917 1701 3123 1756; x_wconf 89' lang='lat' dir='ltr'><strong>duobus</strong></span> <span class='ocrx_word' id='word_1_251' title='bbox 3156 1702 3297 1756; x_wconf 91' lang='lat' dir='ltr'><strong>tonis</strong></span> <span class='ocrx_word' id='word_1_252' title='bbox 3329 1702 3492 1755; x_wconf 84' lang='lat' dir='ltr'><strong>distat</strong></span> <span class='ocrx_word' id='word_1_253' title='bbox 3522 1703 3589 1757; x_wconf 89' lang='lat' dir='ltr'><strong>ab</strong></span> 
     </span>
    </p>
   </div>
   <div class='ocr_carea' id='block_1_33' title="bbox 321 1787 3590 1869">
    <p class='ocr_par' dir='ltr' id='par_1_33' title="bbox 321 1787 3590 1869">
     <span class='ocr_line' id='line_1_33' title="bbox 321 1787 3590 1869; baseline -0.007 -14"><span class='ocrx_word' id='word_1_254' title='bbox 321 1800 409 1855; x_wconf 84' lang='lat' dir='ltr'><strong>FF</strong></span> <span class='ocrx_word' id='word_1_255' title='bbox 437 1802 558 1855; x_wconf 89' lang='lat' dir='ltr'><strong>trite</strong></span> <span class='ocrx_word' id='word_1_256' title='bbox 598 1800 957 1869; x_wconf 84' lang='lat' dir='ltr'><strong>hyperboleon</strong></span> <span class='ocrx_word' id='word_1_257' title='bbox 1005 1798 1247 1850; x_wconf 89' lang='lat' dir='ltr'><strong>diatonos</strong></span> <span class='ocrx_word' id='word_1_258' title='bbox 1288 1796 1341 1847; x_wconf 91' lang='lat' dir='ltr'><strong>in</strong></span> <span class='ocrx_word' id='word_1_259' title='bbox 1389 1792 1656 1847; x_wconf 90' lang='lat' dir='ltr'><strong>diatonico</strong></span> <span class='ocrx_word' id='word_1_260' title='bbox 1700 1787 1904 1842; x_wconf 86' lang='lat' dir='ltr'><strong>scilicet</strong></span> <span class='ocrx_word' id='word_1_261' title='bbox 1934 1798 1983 1859; x_wconf 82' lang='grc' dir='ltr'><strong>Β</strong></span> <span class='ocrx_word' id='word_1_262' title='bbox 2009 1812 2070 1851; x_wconf 69' lang='lat' dir='ltr'><strong>ea</strong></span> <span class='ocrx_word' id='word_1_263' title='bbox 2101 1809 2221 1864; x_wconf 65' lang='lat' dir='ltr'><strong>quae</strong></span> <span class='ocrx_word' id='word_1_264' title='bbox 2253 1801 2333 1846; x_wconf 72' lang='lat' dir='ltr'><strong>est</strong></span> <span class='ocrx_word' id='word_1_265' title='bbox 2361 1801 2482 1846; x_wconf 71' lang='lat' dir='ltr'><strong>nete</strong></span> <span class='ocrx_word' id='word_1_266' title='bbox 2506 1791 2863 1861; x_wconf 71' lang='lat' dir='ltr'><strong>hyperboleon</strong></span> <span class='ocrx_word' id='word_1_267' title='bbox 2893 1788 2917 1826; x_wconf 88' lang='lat' dir='ltr'><strong>d</strong></span> <span class='ocrx_word' id='word_1_268' title='bbox 2948 1791 3134 1845; x_wconf 72' lang='lat' dir='ltr'><strong>eadem</strong></span> <span class='ocrx_word' id='word_1_269' title='bbox 3174 1791 3277 1845; x_wconf 72' lang='lat' dir='ltr'><strong>em</strong></span> <span class='ocrx_word' id='word_1_270' title='bbox 3314 1794 3367 1844; x_wconf 72' lang='lat' dir='ltr'><strong>in</strong></span> <span class='ocrx_word' id='word_1_271' title='bbox 3397 1790 3590 1844; x_wconf 73' lang='grc' dir='ltr'><strong>ειιιιπ-</strong></span> 
     </span>
    </p>
   </div>
   <div class='ocr_carea' id='block_1_34' title="bbox 323 1881 1904 1962">
    <p class='ocr_par' dir='ltr' id='par_1_34' title="bbox 323 1881 1904 1962">
     <span class='ocr_line' id='line_1_34' title="bbox 323 1881 1904 1962; baseline -0.011 -16"><span class='ocrx_word' id='word_1_272' title='bbox 323 1907 521 1962; x_wconf 85' lang='lat' dir='ltr'><strong>genere</strong></span> <span class='ocrx_word' id='word_1_273' title='bbox 565 1891 705 1945; x_wconf 86' lang='grc'>2916</span> <span class='ocrx_word' id='word_1_274' title='bbox 747 1898 913 1943; x_wconf 90' lang='lat' dir='ltr'><strong>totum</strong></span> <span class='ocrx_word' id='word_1_275' title='bbox 944 1888 1157 1956; x_wconf 88' lang='lat' dir='ltr'><strong>quidem</strong></span> <span class='ocrx_word' id='word_1_276' title='bbox 1203 1885 1407 1955; x_wconf 81' lang='lat' dir='ltr'><strong>distans</strong></span> <span class='ocrx_word' id='word_1_277' title='bbox 1452 1881 1519 1935; x_wconf 87' lang='lat' dir='ltr'><strong>ab</strong></span> <span class='ocrx_word' id='word_1_278' title='bbox 1556 1894 1618 1934; x_wconf 91' lang='lat' dir='ltr'><strong>ea</strong></span> <span class='ocrx_word' id='word_1_279' title='bbox 1664 1893 1781 1947; x_wconf 63' lang='lat' dir='ltr'><strong>quae</strong></span> <span class='ocrx_word' id='word_1_280' title='bbox 1821 1884 1904 1930; x_wconf 89' lang='lat' dir='ltr'><strong>est</strong></span> 
     </span>
    </p>
   </div>
   <div class='ocr_carea' id='block_1_35' title="bbox 326 1971 1903 2051">
    <p class='ocr_par' dir='ltr' id='par_1_35' title="bbox 326 1971 1903 2051">
     <span class='ocr_line' id='line_1_35' title="bbox 326 1971 1903 2051; baseline -0.011 -14"><span class='ocrx_word' id='word_1_281' title='bbox 326 1990 579 2051; x_wconf 79' lang='lat' dir='ltr'><strong>paranete</strong></span> <span class='ocrx_word' id='word_1_282' title='bbox 625 1980 984 2050; x_wconf 88' lang='lat' dir='ltr'><strong>hyperboleon</strong></span> <span class='ocrx_word' id='word_1_283' title='bbox 1006 2020 1021 2044; x_wconf 93' lang='lat'><strong>,</strong></span> <span class='ocrx_word' id='word_1_284' title='bbox 1071 1978 1095 2015; x_wconf 76' lang='grc' dir='ltr'>δ</span> <span class='ocrx_word' id='word_1_285' title='bbox 1124 1978 1397 2031; x_wconf 88' lang='lat' dir='ltr'><strong>diatonum</strong></span> <span class='ocrx_word' id='word_1_286' title='bbox 1429 1987 1554 2028; x_wconf 87' lang='lat' dir='ltr'><strong>vero</strong></span> <span class='ocrx_word' id='word_1_287' title='bbox 1591 1971 1656 2024; x_wconf 91' lang='lat' dir='ltr'><strong>ab</strong></span> <span class='ocrx_word' id='word_1_288' title='bbox 1697 1985 1757 2023; x_wconf 90' lang='lat' dir='ltr'><strong>ea</strong></span> <span class='ocrx_word' id='word_1_289' title='bbox 1785 1982 1903 2037; x_wconf 65' lang='lat' dir='ltr'><strong>qua:</strong></span> 
     </span>
    </p>
   </div>
   <div class='ocr_carea' id='block_1_36' title="bbox 326 2060 1903 2143">
    <p class='ocr_par' dir='ltr' id='par_1_36' title="bbox 326 2060 1903 2143">
     <span class='ocr_line' id='line_1_36' title="bbox 326 2060 1903 2143; baseline -0.013 -12"><span class='ocrx_word' id='word_1_290' title='bbox 326 2084 412 2131; x_wconf 79' lang='lat' dir='ltr'><strong>est</strong></span> <span class='ocrx_word' id='word_1_291' title='bbox 441 2084 564 2129; x_wconf 89' lang='lat' dir='ltr'><strong>nete</strong></span> <span class='ocrx_word' id='word_1_292' title='bbox 595 2072 991 2143; x_wconf 81' lang='lat' dir='ltr'><strong>hyperboleon,</strong></span> <span class='ocrx_word' id='word_1_293' title='bbox 1023 2069 1211 2124; x_wconf 88' lang='lat' dir='ltr'><strong>eadem</strong></span> <span class='ocrx_word' id='word_1_294' title='bbox 1241 2082 1367 2121; x_wconf 88' lang='lat' dir='ltr'><strong>vero</strong></span> <span class='ocrx_word' id='word_1_295' title='bbox 1401 2064 1483 2119; x_wconf 85' lang='lat' dir='ltr'><strong>FF</strong></span> <span class='ocrx_word' id='word_1_296' title='bbox 1515 2064 1615 2133; x_wconf 84' lang='lat' dir='ltr'><strong>erit</strong></span> <span class='ocrx_word' id='word_1_297' title='bbox 1652 2063 1702 2115; x_wconf 87' lang='lat' dir='ltr'><strong>in</strong></span> <span class='ocrx_word' id='word_1_298' title='bbox 1742 2060 1903 2115; x_wconf 85' lang='lat' dir='ltr'><strong>chro-</strong></span> 
     </span>
    </p>
   </div>
   <div class='ocr_carea' id='block_1_37' title="bbox 323 2153 1902 2235">
    <p class='ocr_par' dir='ltr' id='par_1_37' title="bbox 323 2153 1902 2235">
     <span class='ocr_line' id='line_1_37' title="bbox 323 2153 1902 2235; baseline -0.011 -13"><span class='ocrx_word' id='word_1_299' title='bbox 323 2166 521 2222; x_wconf 88' lang='lat' dir='ltr'><strong>matico</strong></span> <span class='ocrx_word' id='word_1_300' title='bbox 555 2180 751 2235; x_wconf 88' lang='lat' dir='ltr'><strong>genere</strong></span> <span class='ocrx_word' id='word_1_301' title='bbox 790 2165 911 2217; x_wconf 87' lang='lat' dir='ltr'><strong>trite</strong></span> <span class='ocrx_word' id='word_1_302' title='bbox 944 2160 1308 2235; x_wconf 84' lang='lat' dir='ltr'><strong>hyperboleon</strong></span> <span class='ocrx_word' id='word_1_303' title='bbox 1335 2155 1682 2231; x_wconf 77' lang='lat' dir='ltr'><strong>eliromatica.</strong></span> <span class='ocrx_word' id='word_1_304' title='bbox 1719 2153 1774 2206; x_wconf 93' lang='lat' dir='ltr'><strong>In</strong></span> <span class='ocrx_word' id='word_1_305' title='bbox 1806 2166 1902 2205; x_wconf 90' lang='lat' dir='ltr'><strong>en-</strong></span> 
     </span>
    </p>
   </div>
   <div class='ocr_carea' id='block_1_38' title="bbox 323 2243 1902 2323">
    <p class='ocr_par' dir='ltr' id='par_1_38' title="bbox 323 2243 1902 2323">
     <span class='ocr_line' id='line_1_38' title="bbox 323 2243 1902 2323; baseline -0.009 -13"><span class='ocrx_word' id='word_1_306' title='bbox 323 2257 603 2312; x_wconf 89' lang='lat' dir='ltr'><strong>harmonio</strong></span> <span class='ocrx_word' id='word_1_307' title='bbox 629 2272 757 2310; x_wconf 87' lang='lat' dir='ltr'><strong>vero</strong></span> <span class='ocrx_word' id='word_1_308' title='bbox 795 2263 1047 2323; x_wconf 87' lang='lat' dir='ltr'><strong>paranete</strong></span> <span class='ocrx_word' id='word_1_309' title='bbox 1087 2249 1449 2322; x_wconf 76' lang='lat' dir='ltr'><strong>hyperboleon</strong></span> <span class='ocrx_word' id='word_1_310' title='bbox 1474 2243 1865 2321; x_wconf 21' lang='lat' dir='ltr'><strong>‘enharmonios</strong></span> <span class='ocrx_word' id='word_1_311' title='bbox 1886 2281 1902 2306; x_wconf 91' lang='lat'><strong>,</strong></span> 
     </span>
    </p>
   </div>
   <div class='ocr_carea' id='block_1_39' title="bbox 322 2335 1907 2419">
    <p class='ocr_par' dir='ltr' id='par_1_39' title="bbox 322 2335 1907 2419">
     <span class='ocr_line' id='line_1_39' title="bbox 322 2335 1907 2419; baseline -0.012 -15"><span class='ocrx_word' id='word_1_312' title='bbox 322 2350 463 2419; x_wconf 91' lang='lat' dir='ltr'><strong>quod</strong></span> <span class='ocrx_word' id='word_1_313' title='bbox 496 2348 700 2403; x_wconf 78' lang='lat' dir='ltr'><strong>facilius</strong></span> <span class='ocrx_word' id='word_1_314' title='bbox 734 2355 1053 2416; x_wconf 85' lang='lat' dir='ltr'><strong>agnoscetur</strong></span> <span class='ocrx_word' id='word_1_315' title='bbox 1078 2358 1175 2397; x_wconf 92' lang='lat' dir='ltr'><strong>cur</strong></span> <span class='ocrx_word' id='word_1_316' title='bbox 1208 2340 1439 2401; x_wconf 88' lang='lat' dir='ltr'><strong>eveniat,</strong></span> <span class='ocrx_word' id='word_1_317' title='bbox 1469 2352 1589 2392; x_wconf 90' lang='lat' dir='ltr'><strong>cum</strong></span> <span class='ocrx_word' id='word_1_318' title='bbox 1623 2335 1779 2389; x_wconf 88' lang='lat' dir='ltr'><strong>trium</strong></span> <span class='ocrx_word' id='word_1_319' title='bbox 1815 2348 1907 2401; x_wconf 86' lang='lat' dir='ltr'><strong>ge-</strong></span> 
     </span>
    </p>
   </div>
   <div class='ocr_carea' id='block_1_40' title="bbox 296 2422 1904 2505">
    <p class='ocr_par' dir='ltr' id='par_1_40' title="bbox 296 2422 1904 2505">
     <span class='ocr_line' id='line_1_40' title="bbox 296 2422 1904 2505; baseline -0.014 -9"><span class='ocrx_word' id='word_1_320' title='bbox 296 2456 511 2495; x_wconf 88' lang='lat' dir='ltr'><strong>nerum</strong></span> <span class='ocrx_word' id='word_1_321' title='bbox 560 2440 655 2493; x_wconf 90' lang='lat' dir='ltr'><strong>tria</strong></span> <span class='ocrx_word' id='word_1_322' title='bbox 693 2438 858 2505; x_wconf 90' lang='lat' dir='ltr'><strong>prima</strong></span> <span class='ocrx_word' id='word_1_323' title='bbox 910 2432 1250 2497; x_wconf 83' lang='lat' dir='ltr'><strong>tetrachorda</strong></span> <span class='ocrx_word' id='word_1_324' title='bbox 1298 2446 1327 2483; x_wconf 90' lang='lat' dir='ltr'><strong>a</strong></span> <span class='ocrx_word' id='word_1_325' title='bbox 1373 2438 1496 2483; x_wconf 83' lang='lat' dir='ltr'><strong>nete</strong></span> <span class='ocrx_word' id='word_1_326' title='bbox 1544 2422 1904 2496; x_wconf 83' lang='lat' dir='ltr'><strong>hyperboleon</strong></span> 
     </span>
    </p>
   </div>
   <div class='ocr_carea' id='block_1_41' title="bbox 324 2516 1909 2595">
    <p class='ocr_par' dir='ltr' id='par_1_41' title="bbox 324 2516 1909 2595">
     <span class='ocr_line' id='line_1_41' title="bbox 324 2516 1909 2595; baseline -0.014 -7"><span class='ocrx_word' id='word_1_327' title='bbox 324 2533 629 2589; x_wconf 86' lang='lat' dir='ltr'><strong>inchoantia</strong></span> <span class='ocrx_word' id='word_1_328' title='bbox 672 2527 1139 2595; x_wconf 81' lang='lat' dir='ltr'><strong>descripserimus.</strong></span> <span class='ocrx_word' id='word_1_329' title='bbox 1173 2523 1434 2589; x_wconf 88' lang='lat' dir='ltr'><strong>Quoniam</strong></span> <span class='ocrx_word' id='word_1_330' title='bbox 1458 2533 1602 2583; x_wconf 33' lang='lat' dir='ltr'><strong>.vero</strong></span> <span class='ocrx_word' id='word_1_331' title='bbox 1640 2516 1684 2569; x_wconf 88' lang='lat' dir='ltr'><strong>si</strong></span> <span class='ocrx_word' id='word_1_332' title='bbox 1725 2517 1764 2569; x_wconf 80' lang='grc' dir='ltr'>Α</span> <span class='ocrx_word' id='word_1_333' title='bbox 1796 2529 1909 2568; x_wconf 87' lang='lat' dir='ltr'><strong>ses-</strong></span> 
     </span>
    </p>
   </div>
   <div class='ocr_carea' id='block_1_42' title="bbox 324 2602 1905 2695">
    <p class='ocr_par' dir='ltr' id='par_1_42' title="bbox 324 2602 1905 2695">
     <span class='ocr_line' id='line_1_42' title="bbox 324 2602 1905 2695; baseline -0.011 -18"><span class='ocrx_word' id='word_1_334' title='bbox 324 2622 575 2695; x_wconf 87' lang='lat' dir='ltr'><strong>qnitertia</strong></span> <span class='ocrx_word' id='word_1_335' title='bbox 608 2622 953 2690; x_wconf 89' lang='lat' dir='ltr'><strong>pr0portione</strong></span> <span class='ocrx_word' id='word_1_336' title='bbox 1000 2616 1133 2670; x_wconf 89' lang='lat' dir='ltr'><strong>duas</strong></span> <span class='ocrx_word' id='word_1_337' title='bbox 1161 2602 1562 2683; x_wconf 83' lang='lat' dir='ltr'><strong>sesquioctavas</strong></span> <span class='ocrx_word' id='word_1_338' title='bbox 1603 2608 1905 2671; x_wconf 88' lang='lat' dir='ltr'><strong>abstulero,</strong></span> 
     </span>
    </p>
   </div>
   <div class='ocr_carea' id='block_1_43' title="bbox 286 2698 1909 2783">
    <p class='ocr_par' dir='ltr' id='par_1_43' title="bbox 286 2698 1909 2783">
     <span class='ocr_line' id='line_1_43' title="bbox 286 2698 1909 2783; baseline -0.01 -14"><span class='ocrx_word' id='word_1_339' title='bbox 286 2750 289 2759; x_wconf 71' lang='grc' dir='ltr'><strong>ι</strong></span> <span class='ocrx_word' id='word_1_340' title='bbox 327 2715 649 2783; x_wconf 84' lang='lat' dir='ltr'><strong>relinquitur</strong></span> <span class='ocrx_word' id='word_1_341' title='bbox 693 2712 823 2765; x_wconf 86' lang='lat' dir='ltr'><strong>mihi</strong></span> <span class='ocrx_word' id='word_1_342' title='bbox 868 2708 1213 2764; x_wconf 90' lang='lat' dir='ltr'><strong>semitonium</strong></span> <span class='ocrx_word' id='word_1_343' title='bbox 1256 2706 1463 2783; x_wconf 74' lang='lat' dir='ltr'><strong>minus,</strong></span> <span class='ocrx_word' id='word_1_344' title='bbox 1502 2717 1655 2757; x_wconf 88' lang='lat' dir='ltr'><strong>sumo</strong></span> <span class='ocrx_word' id='word_1_345' title='bbox 1700 2698 1909 2754; x_wconf 85' lang='lat' dir='ltr'><strong>tertiam</strong></span> 
     </span>
    </p>
   </div>
   <div class='ocr_carea' id='block_1_44' title="bbox 285 2778 1912 2873">
    <p class='ocr_par' dir='ltr' id='par_1_44' title="bbox 285 2778 1912 2873">
     <span class='ocr_line' id='line_1_44' title="bbox 285 2778 1912 2873; baseline -0.01 -14"><span class='ocrx_word' id='word_1_346' title='bbox 285 2846 289 2851; x_wconf 59' lang='grc' dir='ltr'><strong>ι</strong></span> <span class='ocrx_word' id='word_1_347' title='bbox 330 2807 449 2873; x_wconf 89' lang='lat' dir='ltr'><strong>ejus</strong></span> <span class='ocrx_word' id='word_1_348' title='bbox 476 2778 593 2873; x_wconf 78' lang='lat' dir='ltr'><strong>qua:</strong></span> <span class='ocrx_word' id='word_1_349' title='bbox 621 2813 702 2858; x_wconf 84' lang='lat' dir='ltr'><strong>est</strong></span> <span class='ocrx_word' id='word_1_350' title='bbox 727 2802 812 2856; x_wconf 86' lang='lat' dir='ltr'><strong>LL</strong></span> <span class='ocrx_word' id='word_1_351' title='bbox 832 2842 847 2865; x_wconf 91' lang='lat'><strong>,</strong></span> <span class='ocrx_word' id='word_1_352' title='bbox 891 2800 941 2854; x_wconf 87' lang='lat' dir='ltr'><strong>id</strong></span> <span class='ocrx_word' id='word_1_353' title='bbox 978 2812 1061 2854; x_wconf 89' lang='lat' dir='ltr'><strong>est</strong></span> <span class='ocrx_word' id='word_1_354' title='bbox 1088 2809 1247 2853; x_wconf 83' lang='lat' dir='ltr'><strong>neten</strong></span> <span class='ocrx_word' id='word_1_355' title='bbox 1280 2778 1676 2865; x_wconf 35' lang='lat' dir='ltr'><strong>hyperboleon,</strong></span> <span class='ocrx_word' id='word_1_356' title='bbox 1704 2800 1760 2846; x_wconf 88' lang='lat' dir='ltr'><strong>et</strong></span> <span class='ocrx_word' id='word_1_357' title='bbox 1787 2798 1912 2844; x_wconf 82' lang='lat' dir='ltr'><strong>sunt</strong></span> 
     </span>
    </p>
   </div>
   <div class='ocr_carea' id='block_1_45' title="bbox 328 2883 1909 2961">
    <p class='ocr_par' dir='ltr' id='par_1_45' title="bbox 328 2883 1909 2961">
     <span class='ocr_line' id='line_1_45' title="bbox 328 2883 1909 2961; baseline -0.009 -10"><span class='ocrx_word' id='word_1_358' title='bbox 328 2898 453 2952; x_wconf 87' lang='lat'><strong>768.</strong></span> <span class='ocrx_word' id='word_1_359' title='bbox 488 2896 594 2950; x_wconf 86' lang='lat' dir='ltr'><strong>llos</strong></span> <span class='ocrx_word' id='word_1_360' title='bbox 624 2894 827 2949; x_wconf 88' lang='lat' dir='ltr'><strong>eisdem</strong></span> <span class='ocrx_word' id='word_1_361' title='bbox 872 2891 1066 2961; x_wconf 85' lang='lat' dir='ltr'><strong>adjicio</strong></span> <span class='ocrx_word' id='word_1_362' title='bbox 1087 2937 1101 2961; x_wconf 90' lang='lat'><strong>,</strong></span> <span class='ocrx_word' id='word_1_363' title='bbox 1149 2891 1279 2944; x_wconf 88' lang='lat' dir='ltr'><strong>ﬁent</strong></span> <span class='ocrx_word' id='word_1_364' title='bbox 1308 2889 1437 2947; x_wconf 69' lang='lat' dir='ltr'><strong>mihi</strong></span> <span class='ocrx_word' id='word_1_365' title='bbox 1482 2886 1642 2943; x_wconf 75' lang='lat'><strong>5072.</strong></span> <span class='ocrx_word' id='word_1_366' title='bbox 1673 2883 1909 2950; x_wconf 83' lang='lat' dir='ltr'><strong>Quorum</strong></span> 
     </span>
    </p>
   </div>
   <div class='ocr_carea' id='block_1_46' title="bbox 327 2976 1913 3053">
    <p class='ocr_par' dir='ltr' id='par_1_46' title="bbox 327 2976 1913 3053">
     <span class='ocr_line' id='line_1_46' title="bbox 327 2976 1913 3053; baseline -0.011 -9"><span class='ocrx_word' id='word_1_367' title='bbox 327 3000 410 3044; x_wconf 89' lang='lat' dir='ltr'><strong>est</strong></span> <span class='ocrx_word' id='word_1_368' title='bbox 440 2990 526 3042; x_wconf 84' lang='lat' dir='ltr'><strong>DD</strong></span> <span class='ocrx_word' id='word_1_369' title='bbox 554 2995 676 3042; x_wconf 89' lang='lat' dir='ltr'><strong>nete</strong></span> <span class='ocrx_word' id='word_1_370' title='bbox 702 2987 1122 3053; x_wconf 76' lang='lat' dir='ltr'><strong>diezeugmenon</strong></span> <span class='ocrx_word' id='word_1_371' title='bbox 1168 2982 1454 3037; x_wconf 89' lang='lat' dir='ltr'><strong>continens</strong></span> <span class='ocrx_word' id='word_1_372' title='bbox 1496 2978 1563 3033; x_wconf 87' lang='lat' dir='ltr'><strong>ad</strong></span> <span class='ocrx_word' id='word_1_373' title='bbox 1606 2976 1767 3032; x_wconf 89' lang='lat' dir='ltr'><strong>triten</strong></span> <span class='ocrx_word' id='word_1_374' title='bbox 1814 2976 1913 3045; x_wconf 87' lang='lat' dir='ltr'><strong>by-</strong></span> 
     </span>
    </p>
   </div>
   <div class='ocr_carea' id='block_1_47' title="bbox 332 3072 1912 3154">
    <p class='ocr_par' dir='ltr' id='par_1_47' title="bbox 332 3072 1912 3154">
     <span class='ocr_line' id='line_1_47' title="bbox 332 3072 1912 3154; baseline -0.009 -18"><span class='ocrx_word' id='word_1_375' title='bbox 332 3085 620 3154; x_wconf 82' lang='lat' dir='ltr'><strong>perboleon</strong></span> <span class='ocrx_word' id='word_1_376' title='bbox 672 3082 1014 3138; x_wconf 92' lang='lat' dir='ltr'><strong>semitonium</strong></span> <span class='ocrx_word' id='word_1_377' title='bbox 1066 3078 1263 3132; x_wconf 92' lang='lat' dir='ltr'><strong>minus.</strong></span> <span class='ocrx_word' id='word_1_378' title='bbox 1311 3076 1442 3130; x_wconf 85' lang='lat' dir='ltr'><strong>Nam</strong></span> <span class='ocrx_word' id='word_1_379' title='bbox 1492 3072 1744 3143; x_wconf 88' lang='lat' dir='ltr'><strong>quoniam</strong></span> <span class='ocrx_word' id='word_1_380' title='bbox 1788 3077 1912 3124; x_wconf 87' lang='lat' dir='ltr'><strong>nete</strong></span> 
     </span>
    </p>
   </div>
   <div class='ocr_carea' id='block_1_48' title="bbox 2006 1884 3587 1962">
    <p class='ocr_par' dir='ltr' id='par_1_48' title="bbox 2006 1884 3587 1962">
     <span class='ocr_line' id='line_1_48' title="bbox 2006 1884 3587 1962; baseline -0.003 -21"><span class='ocrx_word' id='word_1_381' title='bbox 2006 1889 2219 1942; x_wconf 90' lang='lat' dir='ltr'><strong>monico</strong></span> <span class='ocrx_word' id='word_1_382' title='bbox 2258 1900 2453 1954; x_wconf 88' lang='lat' dir='ltr'><strong>genere</strong></span> <span class='ocrx_word' id='word_1_383' title='bbox 2502 1893 2754 1962; x_wconf 64' lang='lat' dir='ltr'><strong>paranete</strong></span> <span class='ocrx_word' id='word_1_384' title='bbox 2798 1884 3198 1953; x_wconf 86' lang='lat' dir='ltr'><strong>hyperboleon,</strong></span> <span class='ocrx_word' id='word_1_385' title='bbox 3242 1899 3360 1951; x_wconf 79' lang='lat' dir='ltr'><strong>qua:</strong></span> <span class='ocrx_word' id='word_1_386' title='bbox 3408 1893 3490 1937; x_wconf 90' lang='lat' dir='ltr'><strong>est</strong></span> <span class='ocrx_word' id='word_1_387' title='bbox 3535 1884 3587 1937; x_wconf 93' lang='lat' dir='ltr'><strong>in</strong></span> 
     </span>
    </p>
   </div>
   <div class='ocr_carea' id='block_1_49' title="bbox 2006 1976 3590 2046">
    <p class='ocr_par' dir='ltr' id='par_1_49' title="bbox 2006 1976 3590 2046">
     <span class='ocr_line' id='line_1_49' title="bbox 2006 1976 3590 2046; baseline -0.004 -11"><span class='ocrx_word' id='word_1_388' title='bbox 2006 1979 2275 2035; x_wconf 84' lang='lat' dir='ltr'><strong>diatonico</strong></span> <span class='ocrx_word' id='word_1_389' title='bbox 2299 1978 2377 2032; x_wconf 89' lang='lat' dir='ltr'><strong>vel</strong></span> <span class='ocrx_word' id='word_1_390' title='bbox 2401 1977 2727 2031; x_wconf 87' lang='lat' dir='ltr'><strong>chromatico</strong></span> <span class='ocrx_word' id='word_1_391' title='bbox 2752 1977 2874 2030; x_wconf 90' lang='lat' dir='ltr'><strong>trite</strong></span> <span class='ocrx_word' id='word_1_392' title='bbox 2906 1976 3289 2046; x_wconf 84' lang='lat' dir='ltr'><strong>hyperboleon.</strong></span> <span class='ocrx_word' id='word_1_393' title='bbox 3329 1976 3435 2030; x_wconf 89' lang='lat' dir='ltr'><strong>Sed</strong></span> <span class='ocrx_word' id='word_1_394' title='bbox 3464 1992 3590 2044; x_wconf 81' lang='lat' dir='ltr'><strong>quo-</strong></span> 
     </span>
    </p>
   </div>
   <div class='ocr_carea' id='block_1_50' title="bbox 2008 2069 3589 2142">
    <p class='ocr_par' dir='ltr' id='par_1_50' title="bbox 2008 2069 3589 2142">
     <span class='ocr_line' id='line_1_50' title="bbox 2008 2069 3589 2142; baseline -0.003 -15"><span class='ocrx_word' id='word_1_395' title='bbox 2008 2074 2149 2128; x_wconf 88' lang='lat' dir='ltr'><strong>niam</strong></span> <span class='ocrx_word' id='word_1_396' title='bbox 2177 2072 2311 2126; x_wconf 85' lang='lat' dir='ltr'><strong>trite</strong></span> <span class='ocrx_word' id='word_1_397' title='bbox 2346 2071 2707 2142; x_wconf 82' lang='lat' dir='ltr'><strong>hyperboleon</strong></span> <span class='ocrx_word' id='word_1_398' title='bbox 2732 2069 2984 2124; x_wconf 88' lang='lat' dir='ltr'><strong>diatonici</strong></span> <span class='ocrx_word' id='word_1_399' title='bbox 3025 2070 3241 2139; x_wconf 86' lang='lat' dir='ltr'><strong>generis</strong></span> <span class='ocrx_word' id='word_1_400' title='bbox 3267 2080 3320 2124; x_wconf 88' lang='lat' dir='ltr'><strong>et</strong></span> <span class='ocrx_word' id='word_1_401' title='bbox 3349 2070 3589 2124; x_wconf 87' lang='lat' dir='ltr'><strong>chroma-</strong></span> 
     </span>
    </p>
   </div>
   <div class='ocr_carea' id='block_1_51' title="bbox 2008 2160 3589 2229">
    <p class='ocr_par' dir='ltr' id='par_1_51' title="bbox 2008 2160 3589 2229">
     <span class='ocr_line' id='line_1_51' title="bbox 2008 2160 3589 2229; baseline -0.003 -12"><span class='ocrx_word' id='word_1_402' title='bbox 2008 2163 2097 2217; x_wconf 88' lang='lat' dir='ltr'><strong>tici</strong></span> <span class='ocrx_word' id='word_1_403' title='bbox 2138 2162 2205 2216; x_wconf 92' lang='lat' dir='ltr'><strong>ad</strong></span> <span class='ocrx_word' id='word_1_404' title='bbox 2249 2171 2371 2215; x_wconf 91' lang='lat' dir='ltr'><strong>nete</strong></span> <span class='ocrx_word' id='word_1_405' title='bbox 2404 2162 2821 2229; x_wconf 84' lang='lat' dir='ltr'><strong>diezeugmenon</strong></span> <span class='ocrx_word' id='word_1_406' title='bbox 2866 2160 3042 2214; x_wconf 90' lang='lat' dir='ltr'><strong>minus</strong></span> <span class='ocrx_word' id='word_1_407' title='bbox 3086 2160 3589 2225; x_wconf 83' lang='lat' dir='ltr'><strong>semitoniumser-</strong></span> 
     </span>
    </p>
   </div>
   <div class='ocr_carea' id='block_1_52' title="bbox 2009 2249 3587 2319">
    <p class='ocr_par' dir='ltr' id='par_1_52' title="bbox 2009 2249 3587 2319">
     <span class='ocr_line' id='line_1_52' title="bbox 2009 2249 3587 2319; baseline 0 -15"><span class='ocrx_word' id='word_1_408' title='bbox 2009 2262 2155 2317; x_wconf 85' lang='lat' dir='ltr'><strong>vant,</strong></span> <span class='ocrx_word' id='word_1_409' title='bbox 2185 2260 2395 2306; x_wconf 90' lang='lat' dir='ltr'><strong>constat</strong></span> <span class='ocrx_word' id='word_1_410' title='bbox 2424 2262 2599 2304; x_wconf 77' lang='lat' dir='ltr'><strong>autem</strong></span> <span class='ocrx_word' id='word_1_411' title='bbox 2633 2249 3030 2303; x_wconf 88' lang='lat' dir='ltr'><strong>tetrachordum</strong></span> <span class='ocrx_word' id='word_1_412' title='bbox 3061 2249 3393 2303; x_wconf 87' lang='lat' dir='ltr'><strong>enbarmonii</strong></span> <span class='ocrx_word' id='word_1_413' title='bbox 3423 2266 3587 2319; x_wconf 84' lang='lat' dir='ltr'><strong>gene-</strong></span> 
     </span>
    </p>
   </div>
   <div class='ocr_carea' id='block_1_53' title="bbox 2008 2342 3591 2412">
    <p class='ocr_par' dir='ltr' id='par_1_53' title="bbox 2008 2342 3591 2412">
     <span class='ocr_line' id='line_1_53' title="bbox 2008 2342 3591 2412; baseline -0.002 -12"><span class='ocrx_word' id='word_1_414' title='bbox 2008 2346 2081 2400; x_wconf 88' lang='lat' dir='ltr'><strong>ris</strong></span> <span class='ocrx_word' id='word_1_415' title='bbox 2111 2362 2176 2399; x_wconf 82' lang='lat' dir='ltr'><strong>ex</strong></span> <span class='ocrx_word' id='word_1_416' title='bbox 2212 2344 2420 2398; x_wconf 88' lang='lat' dir='ltr'><strong>duobus</strong></span> <span class='ocrx_word' id='word_1_417' title='bbox 2451 2344 2669 2412; x_wconf 85' lang='lat' dir='ltr'><strong>integris</strong></span> <span class='ocrx_word' id='word_1_418' title='bbox 2701 2343 2862 2407; x_wconf 90' lang='lat' dir='ltr'><strong>tonis,</strong></span> <span class='ocrx_word' id='word_1_419' title='bbox 2904 2351 2959 2396; x_wconf 90' lang='lat' dir='ltr'><strong>et</strong></span> <span class='ocrx_word' id='word_1_420' title='bbox 2999 2342 3158 2407; x_wconf 92' lang='lat' dir='ltr'><strong>diesi,</strong></span> <span class='ocrx_word' id='word_1_421' title='bbox 3196 2358 3258 2396; x_wconf 90' lang='lat' dir='ltr'><strong>ac</strong></span> <span class='ocrx_word' id='word_1_422' title='bbox 3284 2342 3437 2407; x_wconf 90' lang='lat' dir='ltr'><strong>diesi,</strong></span> <span class='ocrx_word' id='word_1_423' title='bbox 3469 2359 3591 2412; x_wconf 71' lang='lat' dir='ltr'><strong>qua:</strong></span> 
     </span>
    </p>
   </div>
   <div class='ocr_carea' id='block_1_54' title="bbox 2008 2432 3591 2502">
    <p class='ocr_par' dir='ltr' id='par_1_54' title="bbox 2008 2432 3591 2502">
     <span class='ocr_line' id='line_1_54' title="bbox 2008 2432 3591 2502; baseline -0.003 -11"><span class='ocrx_word' id='word_1_424' title='bbox 2008 2447 2133 2491; x_wconf 88' lang='lat' dir='ltr'><strong>sunt</strong></span> <span class='ocrx_word' id='word_1_425' title='bbox 2186 2436 2404 2491; x_wconf 88' lang='lat' dir='ltr'><strong>dimidia</strong></span> <span class='ocrx_word' id='word_1_426' title='bbox 2457 2436 2626 2502; x_wconf 90' lang='lat' dir='ltr'><strong>spatia</strong></span> <span class='ocrx_word' id='word_1_427' title='bbox 2675 2434 2945 2488; x_wconf 88' lang='lat' dir='ltr'><strong>semitonii</strong></span> <span class='ocrx_word' id='word_1_428' title='bbox 2998 2432 3238 2494; x_wconf 86' lang='lat' dir='ltr'><strong>minoris,</strong></span> <span class='ocrx_word' id='word_1_429' title='bbox 3284 2432 3591 2487; x_wconf 85' lang='lat' dir='ltr'><strong>distantiam</strong></span> 
     </span>
    </p>
   </div>
   <div class='ocr_carea' id='block_1_55' title="bbox 2008 2524 3591 2597">
    <p class='ocr_par' dir='ltr' id='par_1_55' title="bbox 2008 2524 3591 2597">
     <span class='ocr_line' id='line_1_55' title="bbox 2008 2524 3591 2597; baseline -0.003 -14"><span class='ocrx_word' id='word_1_430' title='bbox 2008 2544 2126 2583; x_wconf 90' lang='lat' dir='ltr'><strong>eam</strong></span> <span class='ocrx_word' id='word_1_431' title='bbox 2151 2541 2269 2597; x_wconf 78' lang='lat' dir='ltr'><strong>qua:</strong></span> <span class='ocrx_word' id='word_1_432' title='bbox 2292 2535 2373 2580; x_wconf 89' lang='lat' dir='ltr'><strong>est</strong></span> <span class='ocrx_word' id='word_1_433' title='bbox 2400 2526 2538 2579; x_wconf 88' lang='lat' dir='ltr'><strong>inter</strong></span> <span class='ocrx_word' id='word_1_434' title='bbox 2566 2534 2724 2581; x_wconf 90' lang='lat' dir='ltr'><strong>neten</strong></span> <span class='ocrx_word' id='word_1_435' title='bbox 2762 2524 3187 2592; x_wconf 84' lang='lat' dir='ltr'><strong>diezeugmenon</strong></span> <span class='ocrx_word' id='word_1_436' title='bbox 3222 2534 3275 2577; x_wconf 89' lang='lat' dir='ltr'><strong>et</strong></span> <span class='ocrx_word' id='word_1_437' title='bbox 3299 2534 3591 2593; x_wconf 87' lang='lat' dir='ltr'><strong>paraneten</strong></span> 
     </span>
    </p>
   </div>
   <div class='ocr_carea' id='block_1_56' title="bbox 2010 2614 3591 2688">
    <p class='ocr_par' dir='ltr' id='par_1_56' title="bbox 2010 2614 3591 2688">
     <span class='ocr_line' id='line_1_56' title="bbox 2010 2614 3591 2688; baseline -0.001 -17"><span class='ocrx_word' id='word_1_438' title='bbox 2010 2618 2374 2688; x_wconf 86' lang='lat' dir='ltr'><strong>hyperboleon</strong></span> <span class='ocrx_word' id='word_1_439' title='bbox 2404 2618 2810 2670; x_wconf 86' lang='lat' dir='ltr'><strong>enharmonium</strong></span> <span class='ocrx_word' id='word_1_440' title='bbox 2840 2630 3027 2682; x_wconf 88' lang='lat' dir='ltr'><strong>sumo;</strong></span> <span class='ocrx_word' id='word_1_441' title='bbox 3061 2614 3156 2669; x_wconf 90' lang='lat' dir='ltr'><strong>sed</strong></span> <span class='ocrx_word' id='word_1_442' title='bbox 3188 2616 3438 2684; x_wconf 86' lang='lat' dir='ltr'><strong>quoniam</strong></span> <span class='ocrx_word' id='word_1_443' title='bbox 3468 2626 3591 2670; x_wconf 82' lang='lat' dir='ltr'><strong>nete</strong></span> 
     </span>
    </p>
   </div>
   <div class='ocr_carea' id='block_1_57' title="bbox 2010 2708 3587 2778">
    <p class='ocr_par' dir='ltr' id='par_1_57' title="bbox 2010 2708 3587 2778">
     <span class='ocr_line' id='line_1_57' title="bbox 2010 2708 3587 2778; baseline -0.003 -14"><span class='ocrx_word' id='word_1_444' title='bbox 2010 2712 2428 2778; x_wconf 83' lang='lat' dir='ltr'><strong>diezeugmenon</strong></span> <span class='ocrx_word' id='word_1_445' title='bbox 2457 2719 2539 2762; x_wconf 91' lang='lat' dir='ltr'><strong>est</strong></span> <span class='ocrx_word' id='word_1_446' title='bbox 2560 2708 2719 2769; x_wconf 74' lang='lat'><strong>5072,</strong></span> <span class='ocrx_word' id='word_1_447' title='bbox 2748 2717 3002 2777; x_wconf 76' lang='lat' dir='ltr'><strong>paranete</strong></span> <span class='ocrx_word' id='word_1_448' title='bbox 3023 2715 3200 2761; x_wconf 88' lang='lat' dir='ltr'><strong>autem</strong></span> <span class='ocrx_word' id='word_1_449' title='bbox 3229 2708 3587 2777; x_wconf 89' lang='lat' dir='ltr'><strong>hyperboleon</strong></span> 
     </span>
    </p>
   </div>
   <div class='ocr_carea' id='block_1_58' title="bbox 2012 2798 3589 2863">
    <p class='ocr_par' dir='ltr' id='par_1_58' title="bbox 2012 2798 3589 2863">
     <span class='ocr_line' id='line_1_58' title="bbox 2012 2798 3589 2863; baseline -0.003 -5"><span class='ocrx_word' id='word_1_450' title='bbox 2012 2803 2389 2858; x_wconf 85' lang='lat' dir='ltr'><strong>enltarmonios</strong></span> <span class='ocrx_word' id='word_1_451' title='bbox 2418 2801 2580 2863; x_wconf 90' lang='grc'>2916,</span> <span class='ocrx_word' id='word_1_452' title='bbox 2617 2800 2806 2853; x_wconf 88' lang='lat' dir='ltr'><strong>horum</strong></span> <span class='ocrx_word' id='word_1_453' title='bbox 2831 2799 3085 2853; x_wconf 86' lang='lat' dir='ltr'><strong>distantia</strong></span> <span class='ocrx_word' id='word_1_454' title='bbox 3114 2800 3218 2853; x_wconf 85' lang='lat' dir='ltr'><strong>erit</strong></span> <span class='ocrx_word' id='word_1_455' title='bbox 3246 2799 3368 2861; x_wconf 78' lang='grc'>156,</span> <span class='ocrx_word' id='word_1_456' title='bbox 3396 2798 3589 2853; x_wconf 86' lang='lat' dir='ltr'><strong>horum</strong></span> 
     </span>
    </p>
   </div>
   <div class='ocr_carea' id='block_1_59' title="bbox 2010 2890 3588 2962">
    <p class='ocr_par' dir='ltr' id='par_1_59' title="bbox 2010 2890 3588 2962">
     <span class='ocr_line' id='line_1_59' title="bbox 2010 2890 3588 2962; baseline -0.004 -13"><span class='ocrx_word' id='word_1_457' title='bbox 2010 2908 2166 2949; x_wconf 84' lang='lat' dir='ltr'><strong>sumo</strong></span> <span class='ocrx_word' id='word_1_458' title='bbox 2187 2894 2457 2947; x_wconf 85' lang='lat' dir='ltr'><strong>dimidiam</strong></span> <span class='ocrx_word' id='word_1_459' title='bbox 2475 2901 2700 2962; x_wconf 91' lang='lat' dir='ltr'><strong>partem,</strong></span> <span class='ocrx_word' id='word_1_460' title='bbox 2715 2893 2804 2960; x_wconf 90' lang='lat' dir='ltr'><strong>qui</strong></span> <span class='ocrx_word' id='word_1_461' title='bbox 2834 2902 2957 2945; x_wconf 91' lang='lat' dir='ltr'><strong>sunt</strong></span> <span class='ocrx_word' id='word_1_462' title='bbox 2973 2893 3060 2945; x_wconf 87' lang='lat'><strong>78.</strong></span> <span class='ocrx_word' id='word_1_463' title='bbox 3082 2892 3188 2945; x_wconf 88' lang='lat' dir='ltr'><strong>Hos</strong></span> <span class='ocrx_word' id='word_1_464' title='bbox 3208 2890 3403 2959; x_wconf 90' lang='lat' dir='ltr'><strong>adjicio</strong></span> <span class='ocrx_word' id='word_1_465' title='bbox 3422 2890 3588 2959; x_wconf 81' lang='grc'>2916,</span> 
     </span>
    </p>
   </div>
   <div class='ocr_carea' id='block_1_60' title="bbox 2013 2980 3588 3053">
    <p class='ocr_par' dir='ltr' id='par_1_60' title="bbox 2013 2980 3588 3053">
     <span class='ocr_line' id='line_1_60' title="bbox 2013 2980 3588 3053; baseline -0.004 -12"><span class='ocrx_word' id='word_1_466' title='bbox 2013 2987 2141 3041; x_wconf 83' lang='lat' dir='ltr'><strong>ﬁent</strong></span> <span class='ocrx_word' id='word_1_467' title='bbox 2162 2985 2321 3050; x_wconf 66' lang='grc'>2094,</span> <span class='ocrx_word' id='word_1_468' title='bbox 2357 2985 2469 3039; x_wconf 73' lang='lat' dir='ltr'><strong>Itmc</strong></span> <span class='ocrx_word' id='word_1_469' title='bbox 2490 2986 2592 3039; x_wconf 90' lang='lat' dir='ltr'><strong>erit</strong></span> <span class='ocrx_word' id='word_1_470' title='bbox 2620 2985 2657 3037; x_wconf 88' lang='lat' dir='ltr'>E</span> <span class='ocrx_word' id='word_1_471' title='bbox 2682 2985 2723 3037; x_wconf 85' lang='lat' dir='ltr'><strong>E</strong></span> <span class='ocrx_word' id='word_1_472' title='bbox 2748 2983 2871 3036; x_wconf 87' lang='lat' dir='ltr'><strong>trite</strong></span> <span class='ocrx_word' id='word_1_473' title='bbox 2900 2984 3264 3053; x_wconf 85' lang='lat' dir='ltr'><strong>hyperboleon</strong></span> <span class='ocrx_word' id='word_1_474' title='bbox 3298 2980 3588 3036; x_wconf 87' lang='lat' dir='ltr'><strong>enharmo-</strong></span> 
     </span>
    </p>
   </div>
   <div class='ocr_carea' id='block_1_61' title="bbox 2013 3072 3589 3145">
    <p class='ocr_par' dir='ltr' id='par_1_61' title="bbox 2013 3072 3589 3145">
     <span class='ocr_line' id='line_1_61' title="bbox 2013 3072 3589 3145; baseline -0.004 -14"><span class='ocrx_word' id='word_1_475' title='bbox 2013 3080 2161 3141; x_wconf 84' lang='lat' dir='ltr'><strong>nios;</strong></span> <span class='ocrx_word' id='word_1_476' title='bbox 2185 3077 2509 3145; x_wconf 89' lang='lat' dir='ltr'><strong>descriptum</strong></span> <span class='ocrx_word' id='word_1_477' title='bbox 2542 3085 2623 3129; x_wconf 89' lang='lat' dir='ltr'><strong>est</strong></span> <span class='ocrx_word' id='word_1_478' title='bbox 2654 3075 2811 3144; x_wconf 86' lang='lat' dir='ltr'><strong>igitur</strong></span> <span class='ocrx_word' id='word_1_479' title='bbox 2834 3072 3127 3127; x_wconf 85' lang='lat' dir='ltr'><strong>secundum</strong></span> <span class='ocrx_word' id='word_1_480' title='bbox 3160 3074 3260 3126; x_wconf 90' lang='lat' dir='ltr'><strong>tria</strong></span> <span class='ocrx_word' id='word_1_481' title='bbox 3290 3084 3484 3141; x_wconf 87' lang='lat' dir='ltr'><strong>genera</strong></span> <span class='ocrx_word' id='word_1_482' title='bbox 3511 3082 3589 3125; x_wconf 83' lang='lat' dir='ltr'><strong>te-</strong></span> 
     </span>
    </p>
   </div>
   <div class='ocr_carea' id='block_1_62' title="bbox 330 3158 1911 3244">
    <p class='ocr_par' dir='ltr' id='par_1_62' title="bbox 330 3162 1909 3244">
     <span class='ocr_line' id='line_1_62' title="bbox 330 3162 1909 3244; baseline -0.01 -15"><span class='ocrx_word' id='word_1_483' title='bbox 330 3177 748 3244; x_wconf 84' lang='lat' dir='ltr'><strong>diezeugmenon</strong></span> <span class='ocrx_word' id='word_1_484' title='bbox 798 3172 864 3226; x_wconf 92' lang='lat' dir='ltr'><strong>ad</strong></span> <span class='ocrx_word' id='word_1_485' title='bbox 929 3180 1089 3224; x_wconf 90' lang='lat' dir='ltr'><strong>neten</strong></span> <span class='ocrx_word' id='word_1_486' title='bbox 1150 3165 1513 3238; x_wconf 84' lang='lat' dir='ltr'><strong>hyperboleon</strong></span> <span class='ocrx_word' id='word_1_487' title='bbox 1577 3162 1909 3217; x_wconf 90' lang='lat' dir='ltr'><strong>diatessaron</strong></span> 
     </span>
    </p>
   </div>
   <div class='ocr_carea' id='block_1_63' title="bbox 2007 3158 3588 3244">
    <p class='ocr_par' dir='ltr' id='par_1_63' title="bbox 2017 3158 3588 3235">
     <span class='ocr_line' id='line_1_63' title="bbox 2017 3158 3588 3235; baseline -0.006 -13"><span class='ocrx_word' id='word_1_488' title='bbox 2017 3166 2355 3222; x_wconf 88' lang='lat' dir='ltr'><strong>trachordum</strong></span> <span class='ocrx_word' id='word_1_489' title='bbox 2401 3164 2543 3235; x_wconf 89' lang='lat' dir='ltr'><strong>quod</strong></span> <span class='ocrx_word' id='word_1_490' title='bbox 2591 3172 2675 3219; x_wconf 69' lang='lat' dir='ltr'><strong>est</strong></span> <span class='ocrx_word' id='word_1_491' title='bbox 2731 3163 3126 3233; x_wconf 85' lang='lat' dir='ltr'><strong>hyperboleon,</strong></span> <span class='ocrx_word' id='word_1_492' title='bbox 3174 3159 3324 3230; x_wconf 88' lang='lat' dir='ltr'><strong>cujus</strong></span> <span class='ocrx_word' id='word_1_493' title='bbox 3365 3158 3588 3213; x_wconf 76' lang='lat' dir='ltr'><strong>formam</strong></span> 
     </span>
    </p>
   </div>
   <div class='ocr_carea' id='block_1_64' title="bbox 332 3242 2023 3329">
    <p class='ocr_par' dir='ltr' id='par_1_64' title="bbox 332 3242 2023 3329">
     <span class='ocr_line' id='line_1_64' title="bbox 332 3242 2023 3329; baseline -0.011 -7"><span class='ocrx_word' id='word_1_494' title='bbox 332 3242 570 3322; x_wconf 81' lang='lat' dir='ltr'><strong>continet</strong></span> <span class='ocrx_word' id='word_1_495' title='bbox 602 3263 1031 3329; x_wconf 83' lang='lat' dir='ltr'><strong>consonantiam,</strong></span> <span class='ocrx_word' id='word_1_496' title='bbox 1065 3262 1190 3315; x_wconf 90' lang='lat' dir='ltr'><strong>trite</strong></span> <span class='ocrx_word' id='word_1_497' title='bbox 1214 3267 1391 3313; x_wconf 88' lang='lat' dir='ltr'><strong>autem</strong></span> <span class='ocrx_word' id='word_1_498' title='bbox 1417 3256 1777 3327; x_wconf 85' lang='lat' dir='ltr'><strong>hyperboleon</strong></span> <span class='ocrx_word' id='word_1_499' title='bbox 1803 3252 1916 3306; x_wconf 86' lang='lat' dir='ltr'><strong>dia-</strong></span> <span class='ocrx_word' id='word_1_500' title='bbox 2020 3242 2023 3305; x_wconf 55' lang='grc' dir='ltr'><strong>ἰ</strong></span> 
     </span>
    </p>
   </div>
   <div class='ocr_carea' id='block_1_65' title="bbox 336 3345 1915 3419">
    <p class='ocr_par' dir='ltr' id='par_1_65' title="bbox 336 3345 1915 3419">
     <span class='ocr_line' id='line_1_65' title="bbox 336 3345 1915 3419; baseline -0.009 -8"><span class='ocrx_word' id='word_1_501' title='bbox 336 3371 491 3413; x_wconf 90' lang='lat' dir='ltr'><strong>tonos</strong></span> <span class='ocrx_word' id='word_1_502' title='bbox 522 3370 544 3397; x_wconf 76' lang='grc'><strong><em>⁸</em></strong></span> <span class='ocrx_word' id='word_1_503' title='bbox 582 3360 650 3413; x_wconf 89' lang='lat' dir='ltr'><strong>ab</strong></span> <span class='ocrx_word' id='word_1_504' title='bbox 688 3373 747 3413; x_wconf 76' lang='lat' dir='ltr'><strong>ea</strong></span> <span class='ocrx_word' id='word_1_505' title='bbox 790 3357 1029 3411; x_wconf 92' lang='lat' dir='ltr'><strong>ditonum</strong></span> <span class='ocrx_word' id='word_1_506' title='bbox 1079 3354 1267 3416; x_wconf 85' lang='lat' dir='ltr'><strong>distat,</strong></span> <span class='ocrx_word' id='word_1_507' title='bbox 1320 3350 1639 3419; x_wconf 87' lang='lat' dir='ltr'><strong>relinquitur</strong></span> <span class='ocrx_word' id='word_1_508' title='bbox 1684 3345 1915 3415; x_wconf 88' lang='lat' dir='ltr'><strong>spatium</strong></span> 
     </span>
    </p>
   </div>
   <div class='ocr_carea' id='block_1_66' title="bbox 335 3437 2033 3514">
    <p class='ocr_par' dir='ltr' id='par_1_66' title="bbox 335 3437 2033 3514">
     <span class='ocr_line' id='line_1_66' title="bbox 335 3437 2033 3514; baseline -0.009 -12"><span class='ocrx_word' id='word_1_509' title='bbox 335 3452 475 3513; x_wconf 74' lang='lat' dir='ltr'><strong>mind</strong></span> <span class='ocrx_word' id='word_1_510' title='bbox 508 3439 586 3505; x_wconf 61' lang='lat' dir='ltr'><strong>est</strong></span> <span class='ocrx_word' id='word_1_511' title='bbox 617 3452 754 3503; x_wconf 90' lang='lat' dir='ltr'><strong>inter</strong></span> <span class='ocrx_word' id='word_1_512' title='bbox 790 3458 949 3503; x_wconf 89' lang='lat' dir='ltr'><strong>neten</strong></span> <span class='ocrx_word' id='word_1_513' title='bbox 993 3447 1416 3514; x_wconf 85' lang='lat' dir='ltr'><strong>diezeugmenon</strong></span> <span class='ocrx_word' id='word_1_514' title='bbox 1450 3451 1502 3497; x_wconf 91' lang='lat' dir='ltr'><strong>et</strong></span> <span class='ocrx_word' id='word_1_515' title='bbox 1532 3441 1691 3495; x_wconf 91' lang='lat' dir='ltr'><strong>triten</strong></span> <span class='ocrx_word' id='word_1_516' title='bbox 1724 3437 1917 3507; x_wconf 87' lang='lat' dir='ltr'><strong>hyper-</strong></span> <span class='ocrx_word' id='word_1_517' title='bbox 2016 3446 2033 3465; x_wconf 80' lang='lat'><em>&#39;</em></span> 
     </span>
    </p>
   </div>
   <div class='ocr_carea' id='block_1_67' title="bbox 338 3522 1819 3595">
    <p class='ocr_par' dir='ltr' id='par_1_67' title="bbox 338 3522 1819 3595">
     <span class='ocr_line' id='line_1_67' title="bbox 338 3522 1819 3595; baseline -0.006 -1"><span class='ocrx_word' id='word_1_518' title='bbox 338 3541 528 3595; x_wconf 85' lang='lat' dir='ltr'><strong>bnleon</strong></span> <span class='ocrx_word' id='word_1_519' title='bbox 553 3539 818 3595; x_wconf 81' lang='lat' dir='ltr'><strong>semitonii</strong></span> <span class='ocrx_word' id='word_1_520' title='bbox 851 3538 1096 3592; x_wconf 87' lang='lat' dir='ltr'><strong>minoris.</strong></span> <span class='ocrx_word' id='word_1_521' title='bbox 1816 3522 1819 3525; x_wconf 17' lang='lat' dir='ltr'><strong><em>v</em></strong></span> 
     </span>
    </p>
   </div>
   <div class='ocr_carea' id='block_1_68' title="bbox 339 3636 2000 5163">
    <p class='ocr_par' dir='ltr' id='par_1_68' title="bbox 453 3650 1569 4009">
     <span class='ocr_line' id='line_1_68' title="bbox 453 3650 1569 4009; baseline 0.12 -279"><span class='ocrx_word' id='word_1_522' title='bbox 453 3682 457 3686; x_wconf 95' lang='lat'><strong><em>-</em></strong></span> 
     </span>
    </p>

    <p class='ocr_par' dir='ltr' id='par_1_69' title="bbox 367 4167 1994 4653">
     <span class='ocr_line' id='line_1_69' title="bbox 1402 4167 1463 4225; baseline 0 -8"><span class='ocrx_word' id='word_1_523' title='bbox 1402 4167 1463 4225; x_wconf 62' lang='grc' dir='ltr'>ὲ</span> 
     </span>
     <span class='ocr_line' id='line_1_70' title="bbox 367 4250 1891 4420; baseline 0.019 -29"><span class='ocrx_word' id='word_1_524' title='bbox 367 4250 1891 4420; x_wconf 68' lang='lat' dir='ltr'><strong>m‘</strong></span> 
     </span>
     <span class='ocr_line' id='line_1_71' title="bbox 368 4397 1994 4653; baseline 0.017 -28"><span class='ocrx_word' id='word_1_525' title='bbox 368 4397 1851 4653; x_wconf 58' lang='lat' dir='ltr'><strong>_ﬁ</strong></span> <span class='ocrx_word' id='word_1_526' title='bbox 1941 4530 1994 4588; x_wconf 72' lang='grc' dir='ltr'><strong>υ</strong></span> 
     </span>
    </p>

    <p class='ocr_par' dir='ltr' id='par_1_70' title="bbox 466 4713 980 5049">
     <span class='ocr_line' id='line_1_72' title="bbox 466 4713 597 4819; baseline -0.008 -65"><span class='ocrx_word' id='word_1_527' title='bbox 466 4713 597 4819; x_wconf 40' lang='lat' dir='ltr'><strong>pro:</strong></span> 
     </span>
     <span class='ocr_line' id='line_1_73' title="bbox 861 4963 980 5049; baseline 0 -30"><span class='ocrx_word' id='word_1_528' title='bbox 861 4963 980 5049; x_wconf 47' lang='lat'><strong>9’30&quot;</strong></span> 
     </span>
    </p>
   </div>
   <div class='ocr_carea' id='block_1_69' title="bbox 335 5185 1929 5260">
    <p class='ocr_par' dir='ltr' id='par_1_71' title="bbox 335 5185 1929 5260">
     <span class='ocr_line' id='line_1_74' title="bbox 335 5185 1929 5260; baseline 0.004 -27"><span class='ocrx_word' id='word_1_529' title='bbox 335 5185 599 5248; x_wconf 80' lang='lat' dir='ltr'><strong>Quoniam</strong></span> <span class='ocrx_word' id='word_1_530' title='bbox 632 5186 791 5255; x_wconf 83' lang='lat' dir='ltr'><strong>igitur</strong></span> <span class='ocrx_word' id='word_1_531' title='bbox 822 5189 1219 5243; x_wconf 87' lang='lat' dir='ltr'><strong>tetrachordnm</strong></span> <span class='ocrx_word' id='word_1_532' title='bbox 1261 5189 1626 5260; x_wconf 84' lang='lat' dir='ltr'><strong>hyperboleon</strong></span> <span class='ocrx_word' id='word_1_533' title='bbox 1673 5186 1929 5241; x_wconf 86' lang='lat' dir='ltr'><strong>diatoniei</strong></span> 
     </span>
    </p>
   </div>
   <div class='ocr_carea' id='block_1_70' title="bbox 335 5278 2044 5361">
    <p class='ocr_par' dir='ltr' id='par_1_72' title="bbox 335 5278 2044 5361">
     <span class='ocr_line' id='line_1_75' title="bbox 335 5278 2044 5361; baseline 0.002 -30"><span class='ocrx_word' id='word_1_534' title='bbox 335 5283 552 5341; x_wconf 66' lang='lat' dir='ltr'><strong>generis</strong></span> <span class='ocrx_word' id='word_1_535' title='bbox 578 5282 930 5348; x_wconf 77' lang='lat' dir='ltr'><strong>explevimus,</strong></span> <span class='ocrx_word' id='word_1_536' title='bbox 962 5298 1105 5337; x_wconf 89' lang='lat' dir='ltr'><strong>nunc</strong></span> <span class='ocrx_word' id='word_1_537' title='bbox 1134 5286 1449 5338; x_wconf 87' lang='lat' dir='ltr'><strong>chromatiei</strong></span> <span class='ocrx_word' id='word_1_538' title='bbox 1505 5294 1560 5338; x_wconf 86' lang='lat' dir='ltr'><strong>et</strong></span> <span class='ocrx_word' id='word_1_539' title='bbox 1588 5280 1926 5361; x_wconf 81' lang='lat' dir='ltr'><strong>enharmonii</strong></span> <span class='ocrx_word' id='word_1_540' title='bbox 1968 5278 1973 5353; x_wconf 57' lang='grc' dir='ltr'>ξ</span> <span class='ocrx_word' id='word_1_541' title='bbox 2032 5300 2044 5321; x_wconf 77' lang='grc' dir='ltr'><strong><em>ε</em></strong></span> 
     </span>
    </p>
   </div>
   <div class='ocr_carea' id='block_1_71' title="bbox 336 5371 2039 5455">
    <p class='ocr_par' dir='ltr' id='par_1_73' title="bbox 336 5371 2039 5455">
     <span class='ocr_line' id='line_1_76' title="bbox 336 5371 2039 5455; baseline 0.005 -36"><span class='ocrx_word' id='word_1_542' title='bbox 336 5371 676 5455; x_wconf 82' lang='lat' dir='ltr'><strong>tetrachorda</strong></span> <span class='ocrx_word' id='word_1_543' title='bbox 728 5375 1021 5440; x_wconf 88' lang='lat' dir='ltr'><strong>supplenda</strong></span> <span class='ocrx_word' id='word_1_544' title='bbox 1078 5388 1198 5429; x_wconf 90' lang='lat' dir='ltr'><strong>sunt</strong></span> <span class='ocrx_word' id='word_1_545' title='bbox 1252 5378 1353 5430; x_wconf 90' lang='lat' dir='ltr'><strong>hoc</strong></span> <span class='ocrx_word' id='word_1_546' title='bbox 1404 5377 1562 5431; x_wconf 90' lang='lat' dir='ltr'><strong>modo</strong></span> <span class='ocrx_word' id='word_1_547' title='bbox 1615 5395 1627 5429; x_wconf 90' lang='lat'>:</span> <span class='ocrx_word' id='word_1_548' title='bbox 1676 5376 1925 5444; x_wconf 85' lang='lat' dir='ltr'><strong>quoniam</strong></span> <span class='ocrx_word' id='word_1_549' title='bbox 2010 5391 2039 5453; x_wconf 24' lang='grc' dir='ltr'><strong>ης</strong></span> 
     </span>
    </p>
   </div>
   <div class='ocr_carea' id='block_1_72' title="bbox 335 5463 1927 5539">
    <p class='ocr_par' dir='ltr' id='par_1_74' title="bbox 335 5463 1927 5539">
     <span class='ocr_line' id='line_1_77' title="bbox 335 5463 1927 5539; baseline 0.002 -24"><span class='ocrx_word' id='word_1_550' title='bbox 335 5463 481 5515; x_wconf 88' lang='lat' dir='ltr'><strong>enim</strong></span> <span class='ocrx_word' id='word_1_551' title='bbox 517 5474 766 5539; x_wconf 79' lang='lat' dir='ltr'><strong>paranete</strong></span> <span class='ocrx_word' id='word_1_552' title='bbox 797 5466 1159 5536; x_wconf 84' lang='lat' dir='ltr'><strong>hyperboleon</strong></span> <span class='ocrx_word' id='word_1_553' title='bbox 1192 5469 1255 5522; x_wconf 91' lang='lat' dir='ltr'><strong>ad</strong></span> <span class='ocrx_word' id='word_1_554' title='bbox 1297 5480 1455 5523; x_wconf 89' lang='lat' dir='ltr'><strong>neten</strong></span> <span class='ocrx_word' id='word_1_555' title='bbox 1486 5468 1841 5538; x_wconf 86' lang='lat' dir='ltr'><strong>hyperboleon</strong></span> <span class='ocrx_word' id='word_1_556' title='bbox 1875 5466 1927 5518; x_wconf 89' lang='lat' dir='ltr'><strong>in</strong></span> 
     </span>
    </p>
   </div>
   <div class='ocr_carea' id='block_1_73' title="bbox 336 5552 1976 5635">
    <p class='ocr_par' dir='ltr' id='par_1_75' title="bbox 336 5552 1976 5635">
     <span class='ocr_line' id='line_1_78' title="bbox 336 5552 1976 5635; baseline 0.005 -29"><span class='ocrx_word' id='word_1_557' title='bbox 336 5552 609 5607; x_wconf 88' lang='lat' dir='ltr'><strong>diatonico</strong></span> <span class='ocrx_word' id='word_1_558' title='bbox 636 5558 850 5624; x_wconf 84' lang='lat' dir='ltr'><strong>quidem</strong></span> <span class='ocrx_word' id='word_1_559' title='bbox 886 5576 1081 5627; x_wconf 85' lang='lat' dir='ltr'><strong>genere</strong></span> <span class='ocrx_word' id='word_1_560' title='bbox 1119 5570 1245 5615; x_wconf 90' lang='lat' dir='ltr'><strong>tono</strong></span> <span class='ocrx_word' id='word_1_561' title='bbox 1283 5562 1462 5626; x_wconf 89' lang='lat' dir='ltr'><strong>distat,</strong></span> <span class='ocrx_word' id='word_1_562' title='bbox 1498 5563 1548 5615; x_wconf 94' lang='lat' dir='ltr'><strong>in</strong></span> <span class='ocrx_word' id='word_1_563' title='bbox 1597 5561 1927 5635; x_wconf 82' lang='lat' dir='ltr'><strong>chromatico</strong></span> <span class='ocrx_word' id='word_1_564' title='bbox 1970 5629 1976 5635; x_wconf 14' lang='grc' dir='ltr'>ἰ</span> 
     </span>
    </p>
   </div>
   <div class='ocr_carea' id='block_1_74' title="bbox 278 5632 1913 5727">
    <p class='ocr_par' dir='ltr' id='par_1_76' title="bbox 278 5632 1913 5727">
     <span class='ocr_line' id='line_1_79' title="bbox 278 5632 1913 5727; baseline 0.003 -26"><span class='ocrx_word' id='word_1_565' title='bbox 278 5711 285 5719; x_wconf 88' lang='lat'>_</span> <span class='ocrx_word' id='word_1_566' title='bbox 336 5660 467 5703; x_wconf 71' lang='lat' dir='ltr'><strong>vero</strong></span> <span class='ocrx_word' id='word_1_567' title='bbox 508 5638 1030 5716; x_wconf 25' lang='lat' dir='ltr'><strong>tribus‘semitoniis,</strong></span> <span class='ocrx_word' id='word_1_568' title='bbox 1078 5653 1131 5705; x_wconf 92' lang='lat' dir='ltr'><strong>in</strong></span> <span class='ocrx_word' id='word_1_569' title='bbox 1173 5652 1523 5707; x_wconf 88' lang='lat' dir='ltr'><strong>enharmonio</strong></span> <span class='ocrx_word' id='word_1_570' title='bbox 1552 5668 1679 5706; x_wconf 84' lang='lat' dir='ltr'><strong>vero</strong></span> <span class='ocrx_word' id='word_1_571' title='bbox 1706 5632 1913 5727; x_wconf 37' lang='lat' dir='ltr'><strong>duoblus</strong></span> 
     </span>
    </p>
   </div>
   <div class='ocr_carea' id='block_1_75' title="bbox 2020 3258 2538 3327">
    <p class='ocr_par' dir='ltr' id='par_1_77' title="bbox 2020 3258 2538 3327">
     <span class='ocr_line' id='line_1_80' title="bbox 2020 3258 2538 3327; baseline -0.01 -12"><span class='ocrx_word' id='word_1_572' title='bbox 2020 3260 2178 3315; x_wconf 87' lang='lat' dir='ltr'><strong>ubter</strong></span> <span class='ocrx_word' id='word_1_573' title='bbox 2204 3258 2290 3327; x_wconf 83' lang='lat' dir='ltr'><strong>adj</strong></span> <span class='ocrx_word' id='word_1_574' title='bbox 2312 3258 2538 3311; x_wconf 87' lang='lat' dir='ltr'><strong>ecimus.</strong></span> 
     </span>
    </p>
   </div>
   <div class='ocr_carea' id='block_1_76' title="bbox 2096 3360 3375 4072">
    <p class='ocr_par' dir='ltr' id='par_1_78' title="bbox 2096 3390 3375 4072">
     <span class='ocr_line' id='line_1_81' title="bbox 2262 3390 3095 3585; baseline -0.006 -5"><span class='ocrx_word' id='word_1_575' title='bbox 2262 3392 2686 3585; x_wconf 43' lang='grc' dir='ltr'><strong>ὦᾶοτλπν</strong></span> <span class='ocrx_word' id='word_1_576' title='bbox 2712 3390 3095 3575; x_wconf 51' lang='grc' dir='ltr'><strong>’νρῶ</strong></span> 
     </span>
     <span class='ocr_line' id='line_1_82' title="bbox 2212 3677 3289 3872; baseline -0.014 -94"><span class='ocrx_word' id='word_1_577' title='bbox 2212 3677 2934 3872; x_wconf 39' lang='grc' dir='ltr'><strong>βῶκ</strong></span> <span class='ocrx_word' id='word_1_578' title='bbox 3012 3677 3111 3783; x_wconf 79' lang='lat'><strong>\</strong></span> <span class='ocrx_word' id='word_1_579' title='bbox 3288 3748 3289 3751; x_wconf 58' lang='grc' dir='ltr'><strong>η</strong></span> 
     </span>
     <span class='ocr_line' id='line_1_83' title="bbox 2096 3772 3375 4072; baseline 0.002 -1"><span class='ocrx_word' id='word_1_580' title='bbox 2096 3876 2435 4071; x_wconf 53' lang='lat' dir='ltr'><strong>Vémtoadtu</strong></span> <span class='ocrx_word' id='word_1_581' title='bbox 3278 3970 3283 3973; x_wconf 10' lang='grc'><strong><em>⁵</em></strong></span> <span class='ocrx_word' id='word_1_582' title='bbox 3347 4058 3375 4072; x_wconf 40' lang='grc' dir='ltr'><em>Α</em></span> 
     </span>
    </p>
   </div>
   <div class='ocr_carea' id='block_1_77' title="bbox 2089 4116 3204 4236">
    <p class='ocr_par' dir='ltr' id='par_1_79' title="bbox 2089 4116 3204 4236">
     <span class='ocr_line' id='line_1_84' title="bbox 2089 4116 3204 4236; baseline -0.006 -64"><span class='ocrx_word' id='word_1_583' title='bbox 2199 4116 3204 4236; x_wconf 45' lang='grc' dir='ltr'><strong>φιδίιὲιῙ</strong></span> 
     </span>
    </p>
   </div>
   <div class='ocr_carea' id='block_1_78' title="bbox 2207 4309 3106 4438">
    <p class='ocr_par' dir='ltr' id='par_1_80' title="bbox 2207 4309 3106 4438">
     <span class='ocr_line' id='line_1_85' title="bbox 2207 4309 3106 4379; baseline -0.001 -25"><span class='ocrx_word' id='word_1_584' title='bbox 2207 4309 2431 4356; x_wconf 42' lang='lat' dir='ltr'><strong>deum</strong></span> <span class='ocrx_word' id='word_1_585' title='bbox 2491 4311 2647 4354; x_wconf 67' lang='grc' dir='ltr'><strong>Τοηως</strong></span> <span class='ocrx_word' id='word_1_586' title='bbox 2672 4309 2777 4379; x_wconf 47' lang='grc' dir='ltr'><strong>τεΐτ</strong></span> <span class='ocrx_word' id='word_1_587' title='bbox 2832 4315 2977 4361; x_wconf 56' lang='lat' dir='ltr'><strong>Tenus,</strong></span> <span class='ocrx_word' id='word_1_588' title='bbox 3010 4309 3106 4366; x_wconf 67' lang='lat' dir='ltr'><strong>[eiq</strong></span> 
     </span>
     <span class='ocr_line' id='line_1_86' title="bbox 2403 4318 3106 4438; baseline 0.007 -34"><span class='ocrx_word' id='word_1_589' title='bbox 2403 4324 2608 4438; x_wconf 54' lang='lat' dir='ltr'><strong>Aona</strong></span> <span class='ocrx_word' id='word_1_590' title='bbox 2642 4318 2967 4438; x_wconf 46' lang='grc' dir='ltr'><strong>ιιῒισΛςῐι</strong></span> <span class='ocrx_word' id='word_1_591' title='bbox 3007 4375 3106 4438; x_wconf 62' lang='lat' dir='ltr'><strong>&quot;et</strong></span> 
     </span>
    </p>
   </div>
   <div class='ocr_carea' id='block_1_79' title="bbox 2876 4383 3123 4411">
    <p class='ocr_par' dir='ltr' id='par_1_81' title="bbox 2876 4383 3123 4411">
     <span class='ocr_line' id='line_1_87' title="bbox 2876 4383 3123 4411; baseline 0.008 -2"><span class='ocrx_word' id='word_1_592' title='bbox 2876 4383 2967 4410; x_wconf 69' lang='grc' dir='ltr'><strong>οςιι</strong></span> <span class='ocrx_word' id='word_1_593' title='bbox 3007 4383 3123 4411; x_wconf 72' lang='grc' dir='ltr'><strong>ονοιν.</strong></span> 
     </span>
    </p>
   </div>
   <div class='ocr_carea' id='block_1_80' title="bbox 2502 4359 2751 4408">
    <p class='ocr_par' dir='ltr' id='par_1_82' title="bbox 2502 4359 2751 4408">
     <span class='ocr_line' id='line_1_88' title="bbox 2502 4359 2751 4408; baseline -0.028 -2"><span class='ocrx_word' id='word_1_594' title='bbox 2502 4359 2608 4407; x_wconf 60' lang='grc' dir='ltr'><strong>’σαι</strong></span> <span class='ocrx_word' id='word_1_595' title='bbox 2642 4360 2751 4408; x_wconf 55' lang='lat' dir='ltr'><strong>aliis</strong></span> 
     </span>
    </p>
   </div>
   <div class='ocr_carea' id='block_1_81' title="bbox 2058 4604 3565 5625">
    <p class='ocr_par' dir='ltr' id='par_1_83' title="bbox 2058 4604 3561 5625">
     <span class='ocr_line' id='line_1_89' title="bbox 2287 4604 3540 4793; baseline 0.033 -40"><span class='ocrx_word' id='word_1_596' title='bbox 2287 4604 3103 4793; x_wconf 38' lang='lat' dir='ltr'><strong>«WWMN</strong></span> <span class='ocrx_word' id='word_1_597' title='bbox 3302 4648 3305 4653; x_wconf 15' lang='grc'><strong>1</strong></span> <span class='ocrx_word' id='word_1_598' title='bbox 3534 4636 3540 4647; x_wconf 20' lang='grc' dir='ltr'><em>ο</em></span> 
     </span>
     <span class='ocr_line' id='line_1_90' title="bbox 2058 4604 3543 5248; baseline -0.108 -124"><span class='ocrx_word' id='word_1_599' title='bbox 2058 4604 2677 5142; x_wconf 66' lang='lat'><em>/</em></span> <span class='ocrx_word' id='word_1_600' title='bbox 2792 4723 3044 4933; x_wconf 43' lang='grc' dir='ltr'><strong>κ</strong></span> <span class='ocrx_word' id='word_1_601' title='bbox 3096 4832 3099 4835; x_wconf 89' lang='grc'><strong>·</strong></span> <span class='ocrx_word' id='word_1_602' title='bbox 3172 4783 3293 4879; x_wconf 47' lang='grc' dir='ltr'><strong>θοι</strong></span> <span class='ocrx_word' id='word_1_603' title='bbox 3319 4824 3469 5248; x_wconf 62' lang='grc' dir='ltr'><strong>έιὲ</strong></span> <span class='ocrx_word' id='word_1_604' title='bbox 3540 4924 3543 4931; x_wconf 82' lang='lat'>.</span> 
     </span>
     <span class='ocr_line' id='line_1_91' title="bbox 2258 4912 3414 5069; baseline 0.002 -58"><span class='ocrx_word' id='word_1_605' title='bbox 2258 4936 2351 5011; x_wconf 55' lang='grc' dir='ltr'>εν</span> <span class='ocrx_word' id='word_1_606' title='bbox 2671 4987 2786 5069; x_wconf 33' lang='grc' dir='ltr'>ἢ,</span> <span class='ocrx_word' id='word_1_607' title='bbox 3362 4912 3414 4971; x_wconf 50' lang='grc' dir='ltr'><em>β</em></span> 
     </span>
     <span class='ocr_line' id='line_1_92' title="bbox 2068 5064 3542 5221; baseline 0.002 -25"><span class='ocrx_word' id='word_1_608' title='bbox 2068 5096 2074 5105; x_wconf 20' lang='grc' dir='ltr'><strong>ν</strong></span> <span class='ocrx_word' id='word_1_609' title='bbox 2137 5144 2496 5203; x_wconf 61' lang='grc' dir='ltr'><strong>ὧιιστηαιιιῦ</strong></span> <span class='ocrx_word' id='word_1_610' title='bbox 2548 5064 2669 5145; x_wconf 41' lang='lat' dir='ltr'><strong>(gap</strong></span> <span class='ocrx_word' id='word_1_611' title='bbox 3134 5217 3141 5221; x_wconf 14' lang='grc' dir='ltr'>ξ</span> <span class='ocrx_word' id='word_1_612' title='bbox 3534 5100 3542 5107; x_wconf 23' lang='grc'><strong><em>4</em></strong></span> 
     </span>
     <span class='ocr_line' id='line_1_93' title="bbox 2058 5246 3550 5411; baseline 0.009 -21"><span class='ocrx_word' id='word_1_613' title='bbox 2058 5250 2344 5391; x_wconf 41' lang='lat' dir='ltr'><strong>Ti”:</strong></span> <span class='ocrx_word' id='word_1_614' title='bbox 2444 5319 2639 5391; x_wconf 56' lang='grc' dir='ltr'><strong>Πῖ-</strong></span> <span class='ocrx_word' id='word_1_615' title='bbox 2699 5246 3241 5411; x_wconf 45' lang='lat' dir='ltr'><strong>£1th</strong></span> 
     </span>
     <span class='ocr_line' id='line_1_94' title="bbox 2086 5402 3561 5489; baseline 0.003 -28"><span class='ocrx_word' id='word_1_616' title='bbox 2086 5421 2222 5471; x_wconf 69' lang='lat'><strong>3°72</strong></span> <span class='ocrx_word' id='word_1_617' title='bbox 2410 5402 2641 5479; x_wconf 43' lang='lat'><strong>2913—</strong></span> <span class='ocrx_word' id='word_1_618' title='bbox 2698 5416 2863 5483; x_wconf 75' lang='lat'><strong>2736</strong></span> <span class='ocrx_word' id='word_1_619' title='bbox 2954 5405 3561 5489; x_wconf 43' lang='grc' dir='ltr'><strong>Ἱππ-’Μ’</strong></span> 
     </span>
     <span class='ocr_line' id='line_1_95' title="bbox 2058 5489 3540 5625; baseline 0.001 0"><span class='ocrx_word' id='word_1_620' title='bbox 2058 5489 2316 5625; x_wconf 45' lang='lat' dir='ltr'><strong>es“</strong></span> <span class='ocrx_word' id='word_1_621' title='bbox 2347 5496 2637 5625; x_wconf 46' lang='lat' dir='ltr'><strong>ire“</strong></span> <span class='ocrx_word' id='word_1_622' title='bbox 2683 5492 3100 5625; x_wconf 47' lang='lat' dir='ltr'><strong>iisiiss</strong></span> <span class='ocrx_word' id='word_1_623' title='bbox 3462 5562 3465 5567; x_wconf 19' lang='grc'><em>⁴</em></span> <span class='ocrx_word' id='word_1_624' title='bbox 3536 5564 3540 5569; x_wconf 61' lang='grc' dir='ltr'><em>ι</em></span> 
     </span>
    </p>
   </div>
   <div class='ocr_carea' id='block_1_82' title="bbox 2764 5500 3093 5546">
    <p class='ocr_par' dir='ltr' id='par_1_84' title="bbox 2764 5500 3093 5546">
     <span class='ocr_line' id='line_1_96' title="bbox 2764 5500 3093 5546; baseline 0.012 -3"><span class='ocrx_word' id='word_1_625' title='bbox 2764 5502 2861 5543; x_wconf 61' lang='lat' dir='ltr'><strong>Tw:</strong></span> <span class='ocrx_word' id='word_1_626' title='bbox 2888 5500 3093 5546; x_wconf 44' lang='lat' dir='ltr'><strong>nemihi</strong></span> 
     </span>
    </p>
   </div>
   <div class='ocr_carea' id='block_1_83' title="bbox 2768 5550 3100 5613">
    <p class='ocr_par' dir='ltr' id='par_1_85' title="bbox 2768 5550 3100 5613">
     <span class='ocr_line' id='line_1_97' title="bbox 2768 5550 3100 5613; baseline -0.009 -12"><span class='ocrx_word' id='word_1_627' title='bbox 2768 5562 2885 5613; x_wconf 72' lang='grc' dir='ltr'><strong>υτξυτιι</strong></span> <span class='ocrx_word' id='word_1_628' title='bbox 2904 5555 3021 5600; x_wconf 71' lang='lat' dir='ltr'><strong>mitis</strong></span> <span class='ocrx_word' id='word_1_629' title='bbox 3031 5550 3100 5599; x_wconf 72' lang='lat' dir='ltr'><strong>dun</strong></span> 
     </span>
    </p>
   </div>
   <div class='ocr_carea' id='block_1_84' title="bbox 2771 5622 2969 5653">
    <p class='ocr_par' dir='ltr' id='par_1_86' title="bbox 2771 5622 2969 5653">
     <span class='ocr_line' id='line_1_98' title="bbox 2771 5622 2969 5653; baseline 0 0"><span class='ocrx_word' id='word_1_630' title='bbox 2771 5622 2945 5653; x_wconf 53' lang='grc' dir='ltr'><strong>ππβτι</strong></span> <span class='ocrx_word' id='word_1_631' title='bbox 2966 5632 2969 5633; x_wconf 67' lang='grc'><strong><em>⁷</em></strong></span> 
     </span>
    </p>
   </div>
   <div class='ocr_carea' id='block_1_85' title="bbox 406 5746 1911 5847">
    <p class='ocr_par' dir='ltr' id='par_1_87' title="bbox 406 5746 1909 5847">
     <span class='ocr_line' id='line_1_99' title="bbox 406 5746 1909 5847; baseline 0.003 -28"><span class='ocrx_word' id='word_1_632' title='bbox 406 5775 432 5804; x_wconf 82' lang='grc'><strong>⁸·</strong></span> <span class='ocrx_word' id='word_1_633' title='bbox 478 5766 743 5821; x_wconf 68' lang='grc' dir='ltr'><strong>Εῖιιιιενο.</strong></span> <span class='ocrx_word' id='word_1_634' title='bbox 822 5766 848 5805; x_wconf 68' lang='grc' dir='ltr'>δ</span> <span class='ocrx_word' id='word_1_635' title='bbox 886 5766 1002 5820; x_wconf 84' lang='lat' dir='ltr'><strong>Non</strong></span> <span class='ocrx_word' id='word_1_636' title='bbox 1049 5770 1303 5833; x_wconf 72' lang='lat' dir='ltr'><strong>leguntur.</strong></span> <span class='ocrx_word' id='word_1_637' title='bbox 1378 5746 1408 5806; x_wconf 11' lang='grc' dir='ltr'><strong>γε</strong></span> <span class='ocrx_word' id='word_1_638' title='bbox 1445 5769 1521 5824; x_wconf 78' lang='lat' dir='ltr'><strong>Ad</strong></span> <span class='ocrx_word' id='word_1_639' title='bbox 1550 5770 1909 5847; x_wconf 73' lang='lat' dir='ltr'><strong>nctenhypcrb</strong></span> 
     </span>
    </p>
   </div>
   <div class='ocr_carea' id='block_1_86' title="bbox 2007 5746 2633 5847">
    <p class='ocr_par' dir='ltr' id='par_1_88' title="bbox 2007 5765 2633 5824">
     <span class='ocr_line' id='line_1_100' title="bbox 2007 5765 2633 5824; baseline -0.005 0"><span class='ocrx_word' id='word_1_640' title='bbox 2007 5788 2078 5824; x_wconf 55' lang='grc' dir='ltr'>λιι.</span> <span class='ocrx_word' id='word_1_641' title='bbox 2157 5767 2183 5807; x_wconf 72' lang='grc' dir='ltr'><strong>ἀ</strong></span> <span class='ocrx_word' id='word_1_642' title='bbox 2232 5766 2347 5822; x_wconf 69' lang='lat' dir='ltr'><strong>Non</strong></span> <span class='ocrx_word' id='word_1_643' title='bbox 2398 5765 2633 5821; x_wconf 70' lang='lat' dir='ltr'><strong>habetur.</strong></span> 
     </span>
    </p>
   </div>
   <div class='ocr_carea' id='block_1_87' title="bbox 610 5859 1180 5923">
    <p class='ocr_par' dir='ltr' id='par_1_89' title="bbox 610 5859 1180 5923">
     <span class='ocr_line' id='line_1_101' title="bbox 610 5859 1180 5923; baseline 0.012 -8"><span class='ocrx_word' id='word_1_644' title='bbox 610 5859 884 5923; x_wconf 58' lang='lat' dir='ltr'><strong>Parant.</strong></span> <span class='ocrx_word' id='word_1_645' title='bbox 936 5859 1180 5922; x_wconf 80' lang='lat' dir='ltr'>LXIII.</span> 
     </span>
    </p>
   </div>
   <div class='ocr_carea' id='block_1_88' title="bbox 3154 5862 3233 5925">
    <p class='ocr_par' dir='ltr' id='par_1_90' title="bbox 3154 5862 3233 5925">
     <span class='ocr_line' id='line_1_102' title="bbox 3154 5862 3233 5925; baseline 0.025 -2"><span class='ocrx_word' id='word_1_646' title='bbox 3154 5862 3233 5925; x_wconf 76' lang='grc' dir='ltr'><strong>1ιο</strong></span> 
     </span>
    </p>
   </div>
  </div>
