4020 6352
796 742 828 767 =

784 773 831 813 ,Ξ

797 818 830 846 ε

799 853 832 878 o

794 883 833 897 -δ

799 905 833 928 η

578 904 607 928 ε

577 935 609 974 Ct

582 1014 611 1059 Ξ

580 1065 635 1110 Ξῖῖ

582 1134 614 1175 Ξ

582 1180 615 1203 Ν

572 1217 616 1250 .‘.'.‘.'..

569 1258 617 1283 τε

583 1309 617 1351 Ξ

571 1359 620 1444 ἓ

587 1568 619 1587 ι.

578 1600 621 1629 -.-1

572 1661 622 1687 Ρ

806 1238 843 1346 Ξ

797 1352 843 1411 ξ

808 1416 845 1515 Ξ

796 1519 846 1586 ἐΞ

944 596 1175 680 Parantch
1226 520 1327 638 [ζιίι
1361 569 1439 633 λιι
1495 494 1867 655 {amntis
1898 558 1995 604 ἄλει

1231 633 1706 747 Ἇωϐεάιτίιῖἐῇῒε
1751 635 1917 687 ἴαλε’

922 802 927 879 ι
1014 788 1067 859 μ

946 857 1079 908 ’Ἦν
1309 853 1329 869 ⁸
1487 829 1749 903 κ-
1834 840 1889 875 τ

935 922 1148 969 Ηιῖῐίθσ
1278 918 1426 959 βεδε
1489 896 1752 961 ω
1794 892 2000 945 ὄναρ-μ,

1104 972 1623 1076 ﬁsse/estex
1659 958 1892 1046 ἠτξαέκλ

1534 1236 1718 1287 εΙυησηυ
1864 1228 1869 1231 -

974 1468 1226 1520 italia.
1282 1452 1407 1507 3388
1546 1447 1697 1501 3648,
1834 1444 2002 1497 δεῖ-72.

988 1522 1231 1579 iw?“
1270 1511 1517 1576 Hm».
1585 1512 1675 1544 Th...

976 1629 1370 1822 ’Grdc
1410 1665 1500 1749 Jun
1544 1658 1771 1750 Pacuui:
1870 1654 1907 1704 ba
1941 1655 2037 1699 dus

1267 1735 1483 1801 me"
1565 1718 1760 1770 είιιτωσ
1834 1723 1952 1773 ηας

1353 1936 1360 1940 “
1582 1930 1747 1995 .9888
1855 1925 2075 2009 δορὶ,

683 1940 723 2070 \

1155 2465 1375 2521 CAPUT
1416 2458 1546 2514 Vill.

645 2672 979 2731 Monocltordi
1011 2681 1249 2723 nelaium.
1271 2676 1624 2735 synemmcnon
1656 2672 1743 2728 per
1770 2651 1868 2707 tria
1897 2664 2076 2722 genera

1246 2758 1474 2828 partitio.

648 2954 759 3004 [tuo
790 2946 1004 3016 quidem
1033 2936 1370 2997 tetrachorda
1400 2948 1519 3016 qum
1547 2929 1760 2984 sibimet
1781 2921 1992 2993 quidem
2024 2930 2153 2971 con-

578 3043 751 3109 iuncta
780 3026 939 3103 sunt,
986 3048 1016 3086 a
1043 3044 1189 3086 mese
1210 3041 1339 3082 vero
1389 3009 1681 3092 disjuncta,
1713 3015 1870 3069 trium
1899 3020 2153 3080 generum

578 3130 817 3201 superior
842 3123 1148 3194 descriptio,
1172 3113 1619 3190 quemadmodum
1648 3110 1952 3165 locarentur
1976 3110 2157 3153 neten-

1759 330 1862 387 AN.
1907 326 2114 383 MANL.
2154 326 2305 383 SEV.
2355 324 2574 381 BOETII

2141 447 2189 503 Α
2214 440 2283 492 do
2304 438 2395 493 CC
2424 438 2613 491 litteris
2642 435 2955 498 adnotatus,
3006 441 3134 485 tono
3185 429 3417 484 distabat
3449 442 3476 479 a
3516 435 3647 481 nete
3678 426 3789 481 die-

3658 313 3787 365 4264

2216 545 2541 600 zeugmenon
2573 529 2625 582 in
2650 540 2845 598 genere
2872 523 3169 588 diatonico,
3214 533 3267 576 et
3292 532 3551 590 paranete
3576 520 3787 573 diezeu-

2215 638 2439 691 gmenon
2469 622 2711 675 diatonos
2738 618 3027 673 vocabatur
3048 656 3063 678 ,
3098 615 3150 668 in
3187 626 3577 682 synemmcnon
3609 619 3782 663 autem

2218 714 2576 778 tetrachordo,
2611 712 2663 765 id
2687 718 2788 773 est,
2821 708 3225 777 conjunctarum
3261 705 3330 759 sit
3353 711 3477 757 nete
3499 715 3795 771 synemmc-

2219 824 2324 861 non
2353 808 2403 861 in
2423 808 2593 861 tribus
2615 804 2900 874 generibus
2924 802 3208 856 constituta
3229 798 3271 850 ἲ
3298 798 3473 851 littera
3499 803 3795 863 pernotata,

2218 911 2271 954 et
2301 902 2368 953 ab
2394 915 2453 954 ea
2505 909 2690 952 octava
2722 911 2846 963 pars
2892 896 3163 949 auferatur
3212 905 3331 960 qua:
3355 899 3440 943 est
3469 887 3576 941 452
3625 887 3799 954 eisque

2220 1000 2543 1060 apponatur,
2575 991 2699 1043 ﬁent
2721 987 2862 1041 £888
2884 1000 3001 1054 qua:
3025 994 3107 1037 est
3138 991 3395 1052 paranete
3416 993 3800 1049 synemmcnou

2220 1090 2276 1136 et
2307 1083 2348 1136 T
2385 1091 2407 1117 °
2444 1082 2618 1134 littera
2650 1087 2949 1149 pernotata.
2983 1076 3153 1142 llujus
3188 1087 3310 1142 pars
3351 1080 3595 1126 sumatur
3625 1079 3800 1122 octava

2221 1188 2281 1227 ea
2312 1187 2428 1241 quae
2452 1170 2655 1225 est486
2679 1187 2689 1222 ε
2730 1169 2842 1221 ha:c
2868 1181 3071 1220 summa
3100 1166 3142 1218 si
3160 1164 3383 1229 eisdem,
3408 1177 3639 1231 quorum
3672 1170 3801 1215 octa-

2222 1279 2287 1316 va
2311 1272 2410 1327 est,
2445 1269 2779 1331 aggregetur,
2817 1261 2942 1313 ﬂent
2969 1258 3129 1319 4574,
3162 1272 3280 1325 quae
3308 1265 3393 1309 est
3432 1256 3559 1307 trite
3597 1266 3804 1317 synem-

2224 1370 2415 1410 menon
2441 1354 2706 1416 diatonos,
2734 1351 2784 1404 id
2825 1344 2923 1413 e’st,
2949 1349 3007 1401 E.
3036 1348 3140 1402 Sed
3170 1346 3421 1416 quoniam
3442 1354 3567 1399 nete
3596 1359 3802 1413 synem-

2224 1463 2416 1503 menon
2449 1443 2513 1499 ad
2535 1460 2740 1508 mesen,
2774 1444 2823 1496 id
2854 1450 2935 1495 est
2956 1440 3098 1496 5456
3128 1442 3192 1493 ad
3222 1438 3385 1501 4608,
3419 1436 3806 1504 sesquiteniam

2226 1538 2432 1592 obtinet
2457 1535 2878 1605 proportionem,
2910 1547 3029 1600 qua:
3056 1541 3135 1585 est
3177 1529 3541 1589 diatessaron,
3573 1526 3700 1579 trite
3723 1539 3807 1577 au-

2227 1640 2332 1684 tem
2388 1634 2774 1698 synemmcnon
2822 1625 2888 1677 ad
2938 1632 3113 1678 netem
3159 1635 3584 1691 synemmcnon,
3641 1619 3692 1672 id
3738 1628 3812 1671 est

2224 1723 2366 1779 4574
2395 1722 2459 1774 ad
2493 1720 2629 1774 ’5456
2650 1760 2665 1784 ,
2721 1719 2946 1772 duorum
2986 1727 3232 1770 tonorum
3276 1715 3486 1770 obtinet
3514 1712 3811 1781 proportio-

2236 1922 2331 1961 scn
2365 1906 2636 1974 proportio
2665 1900 2932 1957 semitonii
2954 1941 2968 1964 ,
3028 1908 3082 1953 et
3125 1898 3468 1965 coniunctum
3509 1903 3593 1948 est
3622 1894 3724 1947 hoc
3752 1901 3816 1945 ιεε

2239 1998 2579 2053 tracbordum
2604 2012 2724 2051 cum
2757 2009 2923 2056 mese,
2954 2000 3114 2060 atque
3139 1990 3258 2043 ideo
3286 2000 3683 2057 synemmcnon
3704 1998 3816 2052 qua-

2238 2091 2282 2144 si
2322 2090 2631 2143 continuum
2680 2096 2734 2141 et
2785 2083 3129 2153 conjunctum
3182 2089 3425 2131 vocatur.
3479 2076 3549 2128 Et
3574 2074 3816 2128 diatonici

2240 2179 2452 2248 quidem
2472 2178 2680 2246 generis
2703 2177 2801 2229 hoc
2826 2174 2982 2227 modo
3011 2180 3093 2227 est
3122 2172 3258 2223 facta
3290 2168 3592 2236 proportio.
3646 2165 3812 2218 Chro-

2244 2271 2421 2325 Inatici
2449 2284 2575 2323 vero
2608 2268 2727 2321 talis
2754 2265 2944 2319 divisio
2968 2270 3050 2319 est
3078 2279 3101 2331 ε.
3142 2274 3294 2315 sumo
3335 2268 3488 2312 netes
3528 2268 3821 2325 synemmc-

2247 2378 2349 2416 nun
2380 2370 2431 2415 et
2452 2369 2732 2429 paranetes
2761 2368 3147 2428 synemmcnon
3175 2352 3453 2414 diatonici,
3506 2349 3561 2401 id
3587 2358 3673 2401 est
3699 2346 3824 2401 5456

2245 2466 2301 2509 ct
2326 2454 2466 2508 5888
2490 2451 2841 2507 dill'erentiam
2868 2489 2883 2512 ,
2928 2462 2990 2502 ea
3021 2455 3103 2501 est
3131 2444 3235 2499 452).
3269 2460 3282 2507 ;
3328 2444 3466 2494 hanc
3497 2441 3544 2493 si
3569 2438 3750 2491 divido
3775 2446 3825 2490 ut

2247 2546 2587 2600 semitonium
2619 2544 2739 2608 ﬁat,
2783 2541 2915 2593 tiunt
2941 2538 3084 2601 2l6;
3128 2536 3264 2589 hanc
3286 2532 3481 2599 adjicio
3510 2530 3579 2583 ad
3611 2529 3751 2583 5888
3776 2538 3828 2581 ut

2252 2642 2351 2695 tria
2383 2637 2663 2693 semitonia
2696 2636 2844 2697 liant,
2874 2640 3035 2686 erunt
3057 2628 3184 2690 414,
3207 2642 3325 2695 qua:
3350 2633 3435 2679 est
3462 2632 3726 2691 paranete
3753 2634 3830 2689 sy-

2254 2743 2572 2785 netnmenon
2607 2724 2963 2786 cbromatica,
3018 2719 3103 2773 cui
3141 2718 3316 2770 littera
3351 2714 3389 2768 S
3436 2708 3833 2780 superapposita

2253 2833 2355 2878 est.
2413 2821 2495 2875 Ab
2544 2820 2643 2875 hac
2687 2818 2865 2887 igitur,
2922 2813 2971 2866 id
3003 2819 3107 2878 est,
3140 2816 3392 2877 paranete
3448 2815 3834 2873 synemmenon

2254 2914 2600 2975 cbromatica,
2632 2909 2697 2963 ad
2724 2908 2879 2961 triten
2903 2914 3285 2975 synemmcnon
3317 2897 3464 2965 prius
3492 2892 3710 2963 quidem
3738 2889 3836 2943 dia~

2258 3008 2510 3071 tonicam,
2531 3017 2669 3057 nunc
2694 3014 2822 3054 vero
2850 2996 3153 3052 chronicam
3179 2988 3525 3045 semitonium
3552 2993 3657 3038 est.
3684 2984 3728 3036 Α
3746 2994 3839 3049 qua

2259 3103 2381 3157 trite
2415 3109 2802 3170 synemmcnon
2829 3086 3154 3145 chromatica
3178 3096 3344 3150 usque
3373 3093 3565 3133 mesen
3594 3074 3737 3129 aliud
3760 3088 3839 3127 ςε-

812 1815 847 1922 Ξ

816 1927 850 1992 ξ

805 2030 852 2084 ὦ

1932 1810 2059 1867 Ε

2148 1811 2191 1869 Β

2232 1831 2352 1869 nem

2406 1814 2484 1868 rel

2513 1829 2599 1880 nqt

2602 1812 2696 1865 titu

2704 1826 2728 1863 Γ

2759 1810 2822 1863 tri

2831 1818 2881 1863 te

2884 1824 2909 1862 S

2937 1823 2996 1878 εἴ

3002 1824 3122 1863 nem

3130 1820 3251 1861 men

3258 1821 3325 1859 on

3367 1805 3423 1858 di

3427 1814 3515 1858 ato

3521 1805 3572 1857 ni

3611 1804 3678 1855 ad

3711 1817 3814 1855 me-

579 3170 808 3201 πυνυην.
843 3170 1148 3194 υνυν.-,,---,
1178 3170 1289 3190 1",
1318 3170 1325 3171 ,

579 3224 672 3277 liii.
716 3220 866 3275 Nunc
906 3216 971 3271 a‘d
1003 3224 1029 3253 ⁸
1057 3212 1201 3267 aliud
1245 3204 1639 3265 telrachordum
1682 3195 2001 3253 veniendum
2050 3199 2150 3254 eSl,
2184 3170 2227 3231 C
2259 3192 2536 3248 milonium
2566 3188 2847 3257 reperitur.
2881 3180 2986 3236 Sed
3009 3177 3257 3248 quoniam
3292 3188 3325 3225 ιι
3357 3183 3484 3226 ncte
3541 3180 3837 3237 synemme.

2680 3275 2690 3277 μ
2800 3274 2811 3277 _
3400 3258 3715 3277 ,____‘,u__
3767 3253 3837 3277 --Ι

581 3314 717 3384 quod
748 3320 1135 3382 syncmmenon
1158 3311 1397 3363 vocatur,
1429 3296 1569 3367 quod
1593 3295 1836 3364 junctum
1864 3286 2006 3341 estei
2033 3297 2151 3351 qua:

583 3414 663 3459 est
690 3418 859 3457 mese.
893 3398 1154 3466 Quoniam
1192 3393 1335 3449 enim
1367 3391 1507 3444 inter
1552 3394 1711 3440 neten
1735 3382 2155 3445 diezeugmenon

583 3504 636 3552 et
662 3508 843 3549 mesen
874 3492 1122 3557 diapente
1161 3480 1562 3540 consonantiam
1616 3488 1740 3528 esse
1786 3466 2160 3543 praediximus,

587 3598 666 3641 εει
689 3593 864 3637 autem
918 3580 1171 3648 diapente
1224 3566 1575 3627 consonantia
1617 3563 1775 3617 trium
1825 3567 2070 3611 tonorum
2102 3565 2165 3604 ac

588 3675 877 3735 semitonii.
908 3674 1043 3728 Tres
1070 3682 1197 3723 vero
1244 3671 1369 3719 sunt
1401 3659 1510 3714 toni
1554 3658 1604 3711 in
1650 3654 1751 3707 hoc
1779 3643 2163 3721 pentaehordo,

589 3783 813 3841 quorum
848 3779 982 3819 unus
1022 3760 1235 3831 quidem
1277 3764 1429 3810 netes
1468 3749 1882 3815 diezeugmenon
1910 3738 1977 3792 ad
2011 3748 2164 3803 para-

590 3871 754 3917 neten
782 3858 1198 3925 diezeugmenon
1229 3849 1504 3902 diatonon.
1554 3840 1703 3894 Alter
1732 3848 1862 3889 vero
1890 3835 2169 3899 paranetes

592 3955 1017 4019 diezeugmenon
1069 3943 1095 3980 ι)
1135 3942 1389 3996 diatonon
1437 3934 1503 3988 ad
1550 3932 1706 3984 triten
1755 3926 2171 3989 diezeugmenon

596 4045 868 4099 diatonon.
902 4036 1112 4091 Tertius
1149 4041 1325 4087 autem
1358 4036 1660 4095 parameses
1704 4018 1771 4071 ad
1814 4028 2019 4075 mesen,
2052 4008 2175 4062 reli-

598 4121 1233 4203 quumquesemitonium
1263 4118 1414 4170 trites
1440 4113 1855 4176 diezeugmenon
1886 4099 2082 4156 diatoni
2109 4096 2175 4149 ad

600 4234 916 4293 paramesen
942 4257 957 4281 ,
988 4212 1344 4284 quoniamque
1389 4214 1538 4259 uetes
1567 4200 1977 4264 diezeugmenon
2004 4199 2059 4243 et
2085 4203 2178 4255 pa-

598 4326 836 4369 rameses
859 4302 1259 4364 :etracbordum
1282 4299 1349 4353 ab
1378 4311 1440 4352 ea
1481 4309 1598 4363 qua:
1625 4300 1707 4346 est
1736 4302 1911 4353 mese,
1958 4297 2023 4338 eo
2055 4292 2178 4335 tono

602 4405 929 4474 disiunctum
961 4406 1067 4459 est,
1109 4392 1251 4464 quod
1272 4398 1357 4445 est
1385 4388 1523 4442 inter
1545 4394 1857 4453 paramesen
1888 4391 1951 4429 ac
1972 4387 2177 4429 mesen.

604 4499 661 4554 Si
692 4513 758 4550 ex
794 4510 859 4549 eo
875 4486 1258 4564 pentachordo,
1282 4482 1423 4554 quod
1454 4490 1535 4536 est
1559 4494 1587 4531 a
1616 4488 1738 4532 nete
1761 4474 2179 4539 diezeugmenon

606 4590 672 4643 ad
704 4602 907 4649 mesen,
953 4598 1115 4638 unum
1155 4575 1530 4634 abstulerimus
1580 4582 1793 4632 tonum,
1830 4580 1950 4621 eum
1980 4561 2184 4617 scilicet

609 4680 699 4747 qui
729 4677 1032 4733 continetur
1062 4674 1200 4727 inter
1241 4678 1397 4722 neten
1441 4664 1856 4729 diezeugmenon
1881 4663 1935 4708 et
1965 4664 2186 4721 parane-

613 4785 700 4827 ten
728 4771 1145 4837 diezeugmenon
1190 4764 1445 4817 diatonon
1465 4798 1480 4823 ,
1529 4753 1822 4825 poterimus
1852 4745 1993 4801 aliud
2016 4753 2184 4813 tetra-

613 4862 873 4918 chordum
925 4859 990 4913 ad
1038 4871 1221 4910 mesen
1248 4855 1502 4922 jungere,
1534 4856 1591 4901 ut
1635 4846 1725 4897 ﬁat
1778 4850 2186 4911 synemmcnon,

615 4956 756 5025 quod
783 4962 865 5008 est
891 4950 1233 5018 conjunctum
1259 4947 1357 4997 hoc
1382 4940 1561 4996 modo.
1593 4948 1615 4975 ο
1662 4936 1792 4989 Nam
1828 4930 2075 4999 quoniam
2101 4940 2190 4995 pa-

618 5055 834 5101 ranetes
871 5043 1290 5107 diezeugmenon
1330 5032 1565 5095 diatoni,
1599 5042 1717 5097 qua:
1745 5034 1828 5079 est
1860 5020 1939 5077 CC
1961 5061 1975 5084 ,
2008 5031 2193 5072 nume-

619 5155 711 5195 rus
739 5136 997 5203 cst'5.l56,
1034 5135 1221 5187 horum
1250 5129 1405 5184 tertia
1442 5123 1642 5180 eisdem
1687 5118 1864 5172 addita
1897 5114 2052 5167 faciet
2083 5125 2195 5163 me-

618 5249 735 5287 sen.
764 5230 857 5285 llic
886 5228 910 5265 d
943 5241 1072 5295 ergo
1101 5236 1355 5279 numerus
1388 5223 1438 5273 in
1461 5217 1878 5283 diezeugmenon
1907 5202 2200 5260 tetrachor-

699 5759 719 5785 ⁸
764 5746 930 5799 Illud.
1010 5742 1033 5777 ι)
1081 5734 1306 5789 Dinoni.
1390 5743 1408 5767 ε
1454 5729 1572 5782 Non
1604 5727 1833 5777 habetur.
1910 5720 1934 5755 ά
1982 5714 2166 5795 ζᾳὶξιιν.

2264 5092 2267 5093 ν
2299 5029 2527 5085 gmenon
2563 5054 2576 5077 ,

2262 3297 2367 3336 non
2406 3293 2577 3347 usque
2630 3275 2696 3329 ad
2749 3274 2906 3327 triten
2956 3278 3339 3339 synemmcnon
3388 3258 3719 3314 diatonicam
3767 3253 3842 3308 vel

2262 3369 2647 3427 chromaticam
2675 3365 2780 3419 duo
2812 3363 2921 3416 toni
2950 3368 3103 3421 sunt,
3128 3371 3244 3427 quae
3271 3362 3353 3408 est
3385 3353 3437 3404 in
3467 3348 3742 3403 diatonico
3766 3344 3845 3397 vel

2264 3460 2593 3517 chromatico
2613 3455 2899 3526 generibus
2931 3453 3050 3506 trite
3076 3458 3461 3519 synentmenon
3493 3441 3744 3494 diatonos
3765 3434 3847 3487 vel

2266 3551 2612 3615 cbromatica,
2644 3547 2830 3602 eadem
2871 3546 2921 3597 in
2972 3555 3166 3611 genere
3191 3533 3552 3592 euliarmonio
3602 3537 3849 3599 paranete

2268 3653 2653 3714 synemmenon
2702 3631 3082 3690 enharmonios
3138 3636 3256 3691 est,
3328 3624 3535 3678 habens
3590 3632 3852 3673 summam

2268 3709 2429 3799 4874,
2459 3746 2576 3801 qua:
2595 3729 2665 3782 sit
2693 3726 2758 3791 ιι,
2786 3728 2853 3791 A,
2880 3737 2982 3792 qua
3012 3733 3180 3788 usque
3202 3717 3267 3770 ad
3297 3728 3479 3769 meson
3508 3709 3854 3765 semitonium

2270 3835 2375 3892 est,
2407 3798 2506 3876 hoc
2535 3819 2737 3889 partior
2761 3818 2813 3871 in
2835 3815 2968 3869 duas
2994 3813 3169 3867 dieses
3203 3811 3303 3861 hoc
3332 3805 3490 3859 modo
3516 3822 3529 3854 :
3551 3799 3730 3854 Sumo
3760 3798 3847 3852 dif-

2274 3914 2551 3969 ferentiam
2583 3918 2863 3981 paranetes
2889 3915 3274 3975 synemmcnon
3307 3896 3650 3952 enharmonii
3683 3902 3737 3947 et
3756 3906 3860 3945 me«

2275 4022 2384 4075 ses,
2411 4005 2462 4059 id
2489 4012 2572 4058 est
2604 4000 2742 4054 4374
2771 4008 2826 4054 et
2848 3997 3012 4061 4608,
3067 3991 3084 4029 ί
3123 3990 3246 4045 facit
3277 3987 3424 4052 234;
3479 3986 3622 4039 hanc
3664 3982 3859 4042 divido,

2282 4100 2581 4163 ﬂenti”;
2639 4096 2777 4149 hanc
2821 4089 3015 4158 adjicio
3067 4092 3321 4155 paranete
3357 4091 3748 4151 synemmcnon
3779 4089 3864 4128 en-

2282 4190 2611 4253 barmonios,
2664 4185 2716 4240 id
2759 4179 3031 4243 est'4374,
3064 4177 3194 4230 [ient
3236 4170 3563 4238 449l,'qua‘.
3610 4166 3651 4220 P
3696 4164 3865 4217 littera

2283 4294 2614 4357 pernotatur,
2641 4291 2695 4335 et
2719 4278 2787 4332 sit
2813 4290 2876 4331 ea
2907 4274 3030 4327 trite
3059 4279 3444 4339 synemmcnon
3467 4258 3869 4315 enharmonios.

2285 4378 2509 4445 Eritque
2530 4368 2871 4428 semitonium
2913 4361 3053 4432 quod
3084 4358 3390 4413 continetur
3416 4353 3560 4405 inter
3586 4358 3869 4418 paraneten

2288 4477 2674 4541 synemmcnon
2719 4454 3105 4514 enharmonion
3152 4457 3207 4503 et
3231 4459 3445 4505 mesen,
3504 4441 3557 4503 id
3613 4449 3702 4493 est
3742 4439 3872 4490 inter

2212 4528 2264 4587 D
2285 4528 2427 4615 4:574
2475 4565 2528 4610 et
2580 4552 2749 4614 4608,
2794 4545 3020 4602 divisum
3052 4556 3144 4609 per
3174 4537 3333 4591 triten
3364 4543 3762 4603 synemmcnon
3789 4542 3851 4577 en

2293 4649 2609 4705 harmonion
2644 4653 2668 4689 κ
2701 4656 2850 4704 eam,
2910 4636 3116 4690 scilicet
3154 4646 3273 4700 qua:
3311 4636 3395 4681 est
3422 4623 3585 4679 4491.
3620 4617 3875 4687 Quocirca

2292 4743 2449 4811 hujus
2485 4750 2696 4807 quoque
2748 4727 3067 4786 tetrachordi
3098 4721 3343 4792 expedita
3383 4718 3524 4770 ratio
3570 4724 3677 4767 est.
3734 4710 3877 4763 Nune

2260 4828 2261 4831 ¹
2295 4810 2471 4887 autem
2498 4810 2736 4883 facienda
2768 4831 2851 4878 εει
2870 4816 3182 4886 descriptio,
3213 4814 3394 4881 juncta
3427 4817 3605 4860 tamen
3630 4818 3748 4856 cum
3778 4814 3876 4850 nec

2300 4927 2427 4980 teris
2450 4922 2476 4959 δ
2512 4916 2888 4977 tetracliordis,
2942 4912 2995 4965 id
3043 4918 3124 4964 est
3173 4902 3539 4975 hyperboleon
3576 4911 3643 4949 ac
3674 4894 3879 4945 diezeu-

2636 5019 2693 5065 ut
2735 5004 2989 5077 paulatim
3038 5001 3128 5052 ﬁat
3181 4989 3563 5062 descriptionis
3601 4994 3712 5040 rata
3754 4994 3877 5051 pro-

2304 5103 2525 5177 gressio.

2248 5724 2270 5751 °
2317 5712 2433 5768 Non
2467 5714 2717 5781 leguntur.
2803 5701 2817 5743 ί
2868 5701 2941 5755 Eu
2965 5714 3053 5755 est.
3132 5709 3155 5744 8
3206 5698 3299 5749 Νη.
3390 5696 3411 5731 δ
3462 5694 3574 5748 Νορι
3607 5698 3803 5757 trgum“.
