4020 6352
1845 448 1858 869 l

1842 869 1856 1116 Ι

1843 1116 1855 1503 1

1833 1503 1851 1747 J

1144 476 1404 532 I’aratnese

1063 566 1088 644 ξ
1128 566 1281 644 ITrite
1306 566 1837 644 diezeugmenonl3888

1148 677 1385 727 I’aranete
1420 677 1840 740 diezeugm.|5t56

361 485 603 747 orig
764 466 1137 1405 3:55;)

470 828 539 881 αἶα
792 741 852 809 ἢ
954 741 1120 834 QE

473 886 524 969 ἔγ

450 972 605 1111 ἐξ
748 978 843 1053 ετ
950 983 1091 1135 ἐξ

722 1387 828 1427 ι-

732 1425 827 1519 ‘3‘
948 1410 1141 1519 Esi

1146 773 1840 837 Nete,diezeugmenon|5072

365 812 419 915 /

470 828 539 881 αἶα

444 1113 512 1281 ἐξ

270 886 383 1046 é/
473 886 524 969 ᾗ
770 978 777 983 ,
862 886 1089 1046 ᾖ
1127 886 1408 1046 'I‘aramese
1700 886 1840 1046 '4096

278 989 315 1043 ξ
450 972 513 1046 ἑ
950 983 1005 1046 ﬁ
1048 997 1088 1046 Ε
1143 1024 1277 1046 ’π’-ειη
1311 1024 1691 1046 Λε.........-....Α.υι..
1719 1020 1839 1046 ’ΖΩΩΩ

450 1007 513 1109 ξ
950 1007 1005 1109 ξ
1126 1007 1279 1109 ΙΤτὶὶθ
1309 1007 1839 1109 diezeugmenonl3888

444 1099 512 1227 Ξ
850 1099 883 1227 K
1021 1099 1384 1227 ἕρπειηθιε
1420 1099 1837 1227 diezeugm.l3648

444 1212 511 1309 ’.ξ
748 1212 822 1269 υ(
869 1212 1267 1327 <““ΙΝειθ
1305 1212 1839 1327 diezeugmenonl5072

282 1303 315 1325 ω
447 1302 511 1327 σω⁷
558 1301 597 1327 ε
1142 1314 1691 1325 ——————_
1715 1312 1832 1322 .—

722 1387 828 1418 ι.
892 1301 1072 1418 2";
1121 1301 1836 1418 lW—lfa

1104 1205 1131 1430 l

1120 1424 1275 1541 l'l‘rite
1305 1424 1835 1541 diezeugmenonl5992

1014 1550 1125 1650 ﬁ;
1138 1562 1377 1610 Paranete
1392 1552 1684 1619 hdiezeugm.
1698 1550 1835 1650 15888

1117 1655 1263 1739 ίΝειθ
1302 1653 1833 1717 diezeugmenon|3072

884 1908 1110 1965 CAPUT
1147 1907 1239 1963 XI.

504 2046 653 2101 Ratio
682 2047 915 2115 superius
943 2044 1205 2113 disposin
1247 2020 1620 2110 desrriptionis.

346 2156 403 2211 In
432 2157 706 2225 superiore
745 2155 904 2223 igitur
960 2153 1128 2207 forma
1160 2152 1366 2206 obtinet
1413 2149 1626 2217 quidem
1658 2162 1853 2202 conso-

273 2251 509 2304 nantiam
534 2250 787 2317 diapason
814 2246 1379 2316 proslambanomenos
1400 2240 1463 2295 ad
1487 2255 1691 2306 mesen,
1711 2255 1856 2294 mese

273 2349 452 2394 autem
493 2339 559 2393 ad
617 2350 772 2393 neten
831 2336 1216 2407 hyperboleon.
1264 2334 1349 2387 Bis
1377 2332 1632 2400 diapason
1678 2339 1856 2384 autem

277 2430 845 2500 proslambanomenos
882 2428 947 2482 ad
978 2434 1133 2482 neten
1168 2424 1557 2496 hyperboleon.
1589 2422 1857 2476 Diatessa-

276 2538 376 2591 ron
419 2531 595 2576 autem
624 2519 1031 2576 consonantiam
1082 2525 1263 2572 servat
1286 2516 1479 2585 hypate
1518 2512 1750 2583 hypaton
1790 2511 1856 2565 ad

279 2616 511 2685 hypaten
555 2629 765 2670 meson.
796 2614 1001 2682 Hypate
1046 2624 1228 2664 meson
1256 2607 1321 2662 ad
1353 2621 1536 2661 mesen
1568 2618 1743 2667 mese,
1790 2602 1857 2657 ad

277 2719 439 2763 neten
470 2719 884 2777 synemmenon,
934 2716 1209 2772 paramese
1235 2698 1302 2754 ad
1345 2706 1501 2753 neten
1522 2697 1858 2765 diezeugme-

278 2815 409 2866 non,
436 2806 559 2853 nete
588 2798 1005 2866 diezeugmenon
1042 2792 1107 2847 ad
1139 2801 1298 2846 neten
1322 2788 1710 2860 hyperboleon.
1764 2789 1860 2841 At-

279 2908 384 2960 que
414 2891 515 2944 hoc
563 2889 632 2944 ita
666 2897 691 2924 ⁸
725 2889 799 2954 ﬁt,
853 2896 909 2941 ut
931 2886 1014 2939 his
1041 2882 1407 2939 consonantiis
1450 2882 1654 2951 integra
1700 2890 1861 2935 tetra-

278 2981 482 3036 chorda
515 2994 880 3035 numeremus.
942 2979 1119 3046 Atque
1151 2983 1208 3029 ut
1234 2974 1434 3028 clarius
1463 2972 1639 3047 omnis
1674 2972 1725 3024 in
1762 2970 1863 3025 hac

279 3074 451 3128 forma
483 3072 510 3111 ι’
540 3072 855 3140 respiciatur
901 3068 1035 3123 ordo
1081 3080 1396 3130 nervorum,
1444 3064 1735 3119 secundum
1759 3064 1861 3116 tria

1565 335 1651 389 DE
1692 336 1937 392 MUSICA
1983 338 2109 395 LIB.
2153 342 2237 396 IV.

1722 451 1854 535 70%|
1887 452 1937 510 Α
1961 451 2078 518 8⁸³1³
2101 468 2294 521 genera
2327 465 2693 525 permutantur
2721 458 2821 515 hoc
2840 460 2996 514 modo
3028 470 3084 514 ut
3110 470 3361 531 paranete
3388 472 3442 516 et
3461 464 3541 533 ly-

3400 350 3497 405 127
3509 352 3541 405 ι

1962 543 2163 598 chanos
2188 545 2436 601 diatonici
2458 558 2512 603 et
2539 550 2874 616 chromatici,
2901 554 3023 607 trite
3049 562 3102 606 et
3126 552 3417 622 parhypate
3439 551 3539 607 eit-

1963 633 2275 691 harmonici.
2310 640 2425 694 Alia
2473 651 2555 696 est
2598 645 2738 697 enim
2763 655 3012 712 paranete
3039 644 3396 715 hyperboleon
3423 646 3539 700 dia-

1964 732 2147 788 tonos,
2190 727 2291 781 alia
2320 743 2576 797 paranete
2611 733 2972 802 hyperboleon
3029 736 3386 800 chromatica,
3434 736 3537 789 alia

1962 812 1986 852 ἀ
2006 816 2788 879 triteenharmonios.Diversa:
2815 836 2939 880 sunt
2964 828 3123 880 etiam
3158 837 3410 895 paranete
3426 827 3539 881 die.

1960 922 2291 978 zeugmenon
2314 910 2581 977 diatonos,
2631 922 2787 982 atque
2808 916 3158 970 chromatice.
3204 916 3316 972 Nec
3338 926 3420 972 est
3444 933 3538 971 ea-

1962 998 2087 1055 dem
2108 1015 2225 1069 quae
2247 1002 2299 1056 in
2322 1003 2609 1071 generibus
2620 1006 2828 1061 caeteris
2845 1008 2967 1062 trite
2988 1007 3408 1081 diezeugmenon
3439 1023 3537 1061 en-

1962 1092 2293 1161 harmonios,
2346 1111 2521 1165 neque
2551 1096 2753 1152 ea'dem
2786 1108 2909 1153 sunt
2939 1108 3193 1168 paranete
3235 1114 3540 1169 synemme-

1961 1200 2068 1243 non
2099 1186 2344 1242 diatonos
2371 1196 2427 1243 et
2473 1187 2799 1243 chromatica
2830 1198 2852 1225 θ
2882 1200 2935 1243 et
2981 1190 3106 1244 trite
3154 1204 3537 1258 synemmenon

1962 1277 2383 1345 enharmonios,
2440 1278 2649 1348 his‘qui
2704 1289 2828 1334 sunt
2877 1281 2930 1333 in
2983 1280 3202 1346 reliquis
3255 1282 3539 1349 generibus

1961 1369 2102 1422 trite.
2134 1368 2342 1423 Distant
2379 1370 2537 1423 etiam
2570 1370 2828 1439 lychanos
2868 1385 3054 1425 meson
3085 1370 3335 1424 diatonos
3385 1371 3538 1439 e’tly-
3626 1410 3639 1421 .

1960 1458 2161 1512 chanos
2192 1474 2373 1515 meson
2406 1460 2756 1526 chromatice,
2792 1459 2809 1497 τ
2841 1469 2894 1515 et
2924 1460 3216 1530 parhypate
3243 1475 3427 1514 meson
3445 1476 3539 1513 en-

1960 1544 2289 1606 harmonios‘
2321 1552 2451 1606 nulli
2491 1553 2713 1613 aliorum
2741 1567 2993 1623 generum
3024 1552 3315 1622 parhypate
3347 1551 3539 1604 similis

1960 1642 2247 1697 invenitur.
2275 1642 2384 1698 Nec
2406 1638 2625 1698 eosdem
2658 1645 2804 1699 locos
2834 1658 2897 1697 ac
2928 1657 3177 1696 numeros
3209 1650 3423 1695 servant
3456 1632 3537 1712 ly;

1957 1734 2159 1787 chanos
2187 1734 2419 1805 hypaton
2465 1734 2712 1787 diatonos
2742 1741 2796 1788 et
2831 1734 3087 1803 lychanos
3116 1732 3348 1803 hypaton
3380 1729 3539 1784 chro-

1886 1818 1932 1875 B
1961 1824 2172 1878 matice.
2208 1833 2231 1869 ε
2262 1823 2393 1877 Nam
2419 1824 2711 1894 parhypate
2742 1824 2975 1894 hypaton
3009 1822 3385 1878 enharmonios
3408 1821 3539 1875 alio-

1957 1928 2074 1966 rum
2124 1927 2380 1982 generum
2428 1914 2736 1983 parhypatis
2779 1913 3044 1981 reperitur
3072 1928 3192 1967 esse
3220 1910 3493 1966 dissimilis
3522 1932 3536 1963 ε

1958 2004 2072 2057 Νοη
2104 2007 2155 2058 in
2189 2013 2357 2059 totum
2382 2019 2508 2059 vero
2532 2004 2831 2059 immobiles
2858 2014 2951 2059 aut
2979 2004 3204 2059 mobiles
3240 2013 3386 2071 sunt,
3419 2018 3538 2071 quae

1958 2096 2009 2150 in
2064 2095 2269 2148 duobus
2311 2095 2523 2165 quidem
2567 2095 2854 2165 generibus
2902 2104 3137 2160 manent,
3185 2095 3237 2148 id
3275 2104 3355 2147 est
3384 2094 3538 2147 chro-

1958 2186 2152 2241 matico
2179 2195 2231 2242 et
2262 2186 2558 2251 diatonico,
2616 2187 2710 2241 sed
2752 2186 2805 2240 in
2837 2180 3188 2241 enharmOnio
3234 2194 3539 2253 permutan-

1960 2284 2073 2332 tur.
2132 2277 2186 2331 Id
2214 2285 2391 2331 autem
2441 2277 2519 2331 sic
2565 2276 2932 2331 consideratur
2980 2277 3101 2331 trite
3154 2275 3539 2345 hyperboleon,

1959 2370 2238 2434 diatonos,
2263 2377 2319 2423 et
2350 2369 2473 2422 trite
2506 2364 2870 2438 hyperboleon
2897 2368 3224 2422 chromatice
3250 2365 3434 2420 eadem
3486 2368 3539 2417 in

1960 2462 2221 2528 superiori
2280 2460 2450 2514 forma
2496 2460 2763 2529 descripta
2805 2468 2925 2525 est,
2977 2458 3004 2495 ¹λ
3038 2458 3242 2514 hisdem
3300 2457 3539 2510 numeris

1959 2552 2121 2607 2829.
2180 2554 2247 2605 At
2295 2558 2425 2605 vero
2454 2566 2574 2605 cum
2606 2550 3013 2604 enharmoninm
3056 2562 3221 2617 genus
3260 2545 3543 2615 aspicimus

1962 2646 2127 2699 triten
2160 2637 2318 2699 aliam
2351 2644 2686 2712 reperimus,
2731 2642 2781 2696 id
2810 2650 2891 2695 est
2912 2639 3070 2695 2916.
3103 2641 3231 2706 Qua:
3262 2640 3419 2707 igitur
3443 2651 3543 2691 vox

1965 2736 2173 2791 duabus
2206 2734 2303 2789 fuit
2344 2734 2630 2804 generibus
2674 2733 3003 2798 communis,
3051 2731 3237 2785 eadem
3283 2730 3334 2782 in
3390 2726 3545 2780 tertio

1964 2837 2259 2897 permutata
2276 2837 2375 2881 est.
2408 2826 2551 2880 Idem
2576 2836 2653 2879 est
2670 2837 2721 2880 et
2744 2825 2795 2879 in
2814 2825 3228 2892 diezeugmenon
3253 2820 3545 2876 tetrachor-

1964 2921 2055 2974 do.
2108 2918 2238 2972 Nam
2269 2919 2393 2973 trite
2439 2917 2861 2987 diezeugmenon
2894 2916 3139 2969 diatonos
3190 2924 3243 2968 et
3284 2913 3404 2967 trite
3431 2910 3545 2964 die-

1966 3025 2295 3080 zeugmenon
2356 3009 2685 3063 chromatice
2739 3007 2941 3061 eaedem
2974 3012 3131 3072 sunt,
3163 3005 3370 3073 sibique
3418 3015 3546 3055 con-

1966 3103 2235 3166 sentiunt,
2291 3101 2412 3155 trite
2440 3110 2618 3154 autem
2652 3099 3072 3167 diezeugmenon
3104 3094 3483 3150 enharmonios
3513 3109 3543 3146 a

281 3179 479 3233 genera
507 3164 540 3219 5
565 3172 767 3261 “fusum
796 3169 1048 3261 n°l_anmr
1077 3173 1199 3213 esse
1228 3156 1585 3261 l_elm9h_0rd‘,"
1626 3155 1859 3261 Primflm
1893 3184 1936 3244 C
1975 3155 2307 3260 isuperibre
2338 3190 2530 3255 distat,
2579 3191 2644 3244 “in
2673 3155 3035 3261 syneniihenis
3083 3190 3243 3243 etiam
3271 3187 3411 3242 idem
3443 3195 3547 3241 est.

280 3264 443 3324 atque
461 3255 829 3323 gravissimum
882 3252 1138 3322 hypaton,
1170 3250 1445 3317 cujusest
1476 3248 1723 3317 princeps
1768 3246 1864 3314 hy-

283 3353 407 3411 pate
436 3342 691 3412 hypaton,
722 3340 906 3394 ultima
963 3349 1139 3394 autem
1189 3339 1384 3407 hypate
1421 3326 1625 3399 meson,
1675 3349 1865 3389 secun-

280 3434 409 3486 dum
434 3448 563 3487 vero
594 3447 778 3488 meson
813 3431 966 3501 cujus
1007 3439 1089 3485 est
1131 3429 1376 3497 princeps
1408 3427 1605 3497 hypate
1654 3441 1863 3491 meson,

281 3537 523 3582 extrema
550 3542 677 3581 vero
699 3541 867 3580 mese.
900 3525 1136 3579 Tertium
1166 3535 1580 3594 synemmenon,
1604 3520 1757 3589 cujus
1786 3528 1867 3572 est

283 3620 535 3687 princeps
576 3631 743 3682 mese,
796 3600 969 3668 linalis
996 3624 1118 3670 nete
1148 3626 1557 3684 synemmenon.
1610 3610 1866 3676 Quartum

281 3708 723 3775 diezeugmenon,
754 3706 907 3772 cujus
933 3712 1016 3758 est
1050 3714 1071 3740 ε
1107 3704 1274 3769 prima
1300 3714 1597 3769 paramese,
1631 3708 1753 3752 nete
1780 3713 1870 3751 ve-

282 3810 346 3849 ro
369 3797 786 3863 diezeugmenon
816 3803 1081 3847 extrema.
1124 3790 1378 3854 Quintum
1404 3802 1529 3841 vero
1558 3794 1641 3839 est
1672 3786 1867 3855 hyper-

280 3888 481 3941 boleon
502 3886 653 3954 cujus
681 3894 761 3940 est
783 3883 995 3952 quidem
1012 3880 1260 3950 princeps
1284 3889 1411 3931 nete
1426 3878 1868 3945 diezeugmenon,

280 3976 351 4034 ad
382 3983 542 4031 neten
571 3989 698 4029 vero
728 3971 1090 4044 hyperboleon
1120 3968 1437 4025 terminatur
1466 3975 1727 4022 extrema.

885 4119 1109 4176 CAPUT
1148 4118 1262 4173 XII.

592 4236 666 4291 De
691 4235 937 4289 stantibus
967 4245 1012 4288 et
1055 4232 1322 4286 mobilibus
1345 4231 1567 4284 uocibus.

359 4349 557 4406 Harum
599 4362 731 4403 vero
776 4349 1014 4402 omnium
1060 4360 1252 4400 vocum
1300 4345 1490 4412 partim
1530 4352 1653 4397 sunt
1690 4342 1742 4396 in
1788 4351 1871 4395 to-

288 4450 401 4495 tum
429 4441 748 4503 immobiles,
782 4440 971 4507 partim
1002 4438 1053 4491 in
1087 4445 1253 4491 totum
1282 4435 1529 4499 mobiles,
1561 4434 1755 4502 partim
1786 4448 1876 4487 ve-

286 4547 350 4584 ro
375 4547 473 4587 nec
521 4532 572 4585 in
603 4541 769 4585 totum
830 4528 1153 4588 immobiles,
1214 4541 1313 4580 nec
1340 4525 1391 4579 in
1425 4533 1591 4578 totum
1621 4524 1863 4578 mobiles.

282 4623 342 4677 In
369 4632 534 4677 totum
562 4621 862 4677 immobiles
898 4628 1023 4672 sunt
1050 4616 1639 4687 proslambanomenos,
1673 4614 1865 4684 hypate

283 4715 544 4784 hypaton,
602 4715 795 4783 hypate
827 4725 1031 4775 meson,
1075 4724 1256 4773 mese,
1288 4718 1409 4762 nete
1459 4721 1863 4777 synemmenon,

282 4820 582 4874 paramese,
608 4814 730 4859 nete
752 4802 1191 4870 diezeugmenon,
1219 4807 1340 4853 nete
1365 4797 1747 4868 hyperboleon.
1784 4796 1865 4850 Id-

211 4969 226 4977 .
280 4901 429 4956 circo
458 4899 708 4970 quoniam
741 4900 793 4953 in
824 4896 1069 4951 omnibus
1121 4895 1290 4948 tribus
1332 4893 1616 4963 generibus
1659 4891 1863 4947 eaedem

280 4999 433 5056 sunt,
458 5006 557 5045 nec
588 4990 801 5044 nomina
831 5003 931 5043 nec
961 4988 1077 5041 loca
1126 4994 1509 5054 permutantes,
1539 4983 1651 5038 sive
1682 4991 1867 5050 penta-

276 5083 481 5138 chorda
514 5123 528 5148 ,
585 5083 698 5137 sive
741 5079 1076 5135 tetrachorda
1119 5077 1446 5131 contineant.
1500 5073 1863 5129 Pentachorda

275 5174 495 5241 quidem
532 5183 591 5228 ut
651 5171 1214 5241 proslambanomenos
1258 5167 1324 5222 ad
1379 5167 1608 5238 hypaten
1653 5180 1862 5227 meson,

273 5272 332 5318 et
364 5279 508 5319 mese
553 5264 618 5317 ad
651 5272 809 5319 neten
839 5261 1280 5329 diezeugmenon.
1321 5255 1681 5312 Tetrachorda
1709 5270 1858 5321 vero,

274 5363 336 5407 ut
366 5354 563 5423 hypate
590 5355 823 5424 hypaton
845 5351 910 5405 ad
934 5350 1163 5420 hypaten
1192 5364 1411 5415 meson,
1452 5356 1506 5402 et
1528 5347 1721 5418 hypate
1750 5363 1862 5401 me-

270 5462 372 5501 son
401 5448 464 5501 ad
498 5462 699 5502 mesen.
731 5444 951 5500 Mobiles
982 5456 1109 5496 vero
1138 5451 1263 5519 sunt
1288 5457 1407 5512 quae
1434 5441 1723 5495 secundum
1755 5440 1863 5496 sin-

1971 3283 2120 3338 'l‘rite
2146 3283 2290 3337 enim
2324 3296 2709 3352 synemmenon
2737 3282 2981 3334 diatonos
3010 3288 3061 3334 et
3089 3279 3212 3334 trite
3245 3291 3548 3349 synemme-

1969 3390 2075 3429 non
2107 3374 2444 3430 chromatice
2473 3373 2673 3428 caedem
2694 3383 2839 3428 sunt.
2866 3372 2973 3427 Sed
3006 3374 3128 3427 trite
3159 3385 3549 3443 synemmenon

1968 3467 2347 3522 enharmonios
2371 3474 2453 3521 est
2472 3465 2710 3520 diversa.
2745 3464 2875 3519 Item
2904 3463 3198 3535 parhypate
3228 3477 3414 3517 meson
3444 3461 3552 3515 dia-

1926 3578 1929 3579 '
1971 3570 2159 3627 tonos,
2188 3569 2241 3614 et
2284 3558 2581 3628 parhypate
2609 3570 2795 3611 meson
2847 3554 3172 3610 chromatica
3203 3553 3406 3609 eazdem
3455 3565 3554 3605 n0<

1972 3660 2167 3706 tantur.
2200 3651 2304 3705 Sed
2331 3653 2383 3703 in
2408 3646 2757 3704 enharmonio
2773 3662 2968 3715 genere
2983 3644 3378 3714 sicutsuperius
3405 3645 3551 3707 trite,

1971 3742 2041 3795 ita
2076 3741 2161 3793 hic
2190 3738 2483 3809 parhypate
2517 3738 2665 3806 juxta
2710 3737 2723 3785 l
2766 3738 2989 3807 hypates
3019 3749 3203 3788 meson
3226 3733 3439 3801 quidem
3467 3732 3551 3785 in-

1971 3830 2287 3894 veniuntur,
2318 3829 2370 3903 vi
2423 3836 2599 3882 autem
2645 3841 2707 3880 ac
2748 3827 2866 3880 soni
2901 3825 3146 3878 acumine
3175 3823 3401 3884 diversa:
3432 3831 3553 3879 sunt

1972 3921 2205 3977 caeteris.
2239 3920 2445 3974 Rursus
2476 3920 2772 3990 parhypate
2809 3918 3043 3989 hypaton
3073 3918 3317 3971 diatonos
3348 3926 3401 3969 et
3432 3930 3553 3984 par—

1974 4014 2171 4085 hypate
2201 4010 2793 4083 hypaton'chromatica
2812 4010 3010 4065 .eadem
3050 4018 3151 4064 est.
3200 4006 3305 4063 Sed
3332 4022 3437 4060 non
3462 4020 3553 4060 ea-

1972 4105 2094 4159 dem
2120 4114 2200 4158 est
2220 4120 2341 4159 cum
2375 4104 2426 4158 in
2442 4102 2795 4158 enharmonio
2817 4114 3015 4171 genere
3044 4100 3315 4169 quaeritur.
3343 4097 3448 4152 Sed
3496 4107 3553 4152 ut

1975 4196 1995 4234 ιι
2015 4196 2201 4251 harum
2234 4210 2339 4249 non
2373 4195 2526 4265 plena
2547 4194 2868 4247 mutabilitas
2894 4193 3090 4246 clarius
3116 4191 3456 4259 eolliquescat
3486 4189 3551 4243 ad

1973 4287 2333 4358 hyperboleon
2384 4285 2778 4340 tetrachordum
2826 4283 3131 4350 redeamus,
3182 4282 3235 4335 in
3264 4282 3363 4335 hoc
3393 4281 3553 4349 igitur

1974 4396 2093 4447 quae
2137 4380 2190 4433 in
2242 4378 2509 4432 diatonico
2548 4385 2706 4445 atque
2734 4376 2785 4429 in
2834 4376 3166 4428 chromatico
3194 4384 3393 4440 genere
3428 4371 3551 4425 trite

1977 4471 2337 4543 hyperboleon
2368 4476 2467 4533 est,
2506 4468 2691 4522 eadem
2736 4475 2970 4520 mutatur
2994 4466 3046 4518 in
3076 4462 3450 4528 enharmonio,
3497 4471 3553 4516 et
3647 4489 3653 4496 υ

1897 4542 1949 4601 Ῑ)
1975 4566 2033 4619 [lt
2056 4572 2324 4634 paranete.
2358 4563 2491 4617 Item
2540 4576 2659 4631 qua:
2688 4562 2813 4614 trite
2841 4560 3260 4627 diezeugmenon
3295 4556 3349 4610 in
3374 4556 3547 4610 diato-

1973 4656 2093 4711 nico
2123 4656 2206 4710 vel
2248 4653 2580 4709 chromatico
2605 4664 2805 4722 genere
2842 4651 3165 4713 vocabatur,
3213 4655 3469 4717 paranete
3496 4648 3549 4701 in

1960 4748 2328 4803 enharmonio
2348 4746 2543 4801 dicitur
2554 4760 2670 4814 quae
2689 4744 2809 4798 trite
2825 4758 3209 4815 synemmenon
3230 4744 3280 4795 in
3301 4742 3553 4796 chroma-

1975 4843 2079 4896 tico
2110 4841 2193 4895 vel
2222 4822 2502 4895 diatonico.
2530 4838 2654 4902 fuit,
2700 4838 2753 4891 in
2800 4836 3153 4891 enharmonio
3180 4836 3231 4889 in
3260 4844 3549 4904 paraneten

1973 4932 2182 4989 transit.
2247 4932 2376 4998 Qua:
2405 4944 2533 4985 vero
2563 4928 2855 5000 parhypate
2901 4942 3086 4982 meson
3128 4928 3181 4980 in
3219 4923 3552 4979 chromatico

1972 5026 2057 5081 vel
2088 5025 2355 5079 diatonico
2384 5023 2690 5103 videbatur,
2732 5023 2919 5077 eadem
2969 5020 3228 5091 lychanos
3268 5032 3452 5072 meson
3486 5018 3550 5071 in

1970 5129 2321 5186 enharmonio
2354 5127 2636 5197 reperitur.
2680 5126 2810 5192 Quae
2839 5133 3016 5179 autem
3060 5122 3357 5191 parhypate
3385 5120 3553 5190 hypa-

1971 5242 2083 5297 ton,
2130 5229 2217 5284 vel
2266 5229 2321 5283 in
2363 5227 2753 5283 diatonico’vel
2793 5227 2847 5280 in
2897 5222 3224 5278 chromatico
3254 5220 3550 5283 dicebatur,

1971 5334 2227 5404 lychanos
2258 5333 2494 5403 hypaton
2526 5331 2578 5384 in
2618 5322 2973 5385 enharmonio
3010 5332 3369 5392 nuncupatur.
3420 5320 3555 5376 Sunt

1970 5436 2129 5505 igitur
2142 5433 2355 5505 quidem
2382 5431 2705 5496 immobiles,
2732 5425 3322 5501 proslambanomenos,
3352 5424 3550 5492 hypate

348 5616 373 5642 "
420 5605 536 5659 Non
562 5604 792 5657 habetur.
870 5601 896 5640 ὶ)
935 5602 1309 5670 Conspicintur.
1388 5612 1411 5639 ε
1459 5601 1722 5670 Princeps.
1776 5596 1821 5670 id
1870 5597 2124 5652 Parauete
2175 5595 2517 5670 hyperboleon
2565 5592 2955 5670 enltqrmonios,
2985 5592 3093 5670 alia
3137 5590 3250 5644 trite
3287 5589 3548 5670 diatonos,

905 5684 927 5711 ε
972 5672 1035 5725 Et
1066 5671 1441 5725 euharmonios.

870 5744 880 5780 ί
931 5743 1310 5810 Superioribus.
1396 5744 1407 5791 t
1461 5739 1725 5810 Ilypatcu.

273 5689 319 5732 et
342 5676 663 5736 chromatice,
700 5674 827 5729 alia.

274 5750 408 5811 ttios.
487 5745 511 5783 ιι
557 5744 784 5799 Eisdem.

1524 5669 1539 5706 τ
1588 5666 1651 5721 Et
1679 5669 1921 5737 lyr/mnos
1947 5686 2118 5723 meson
2140 5666 2519 5723 eulmrmom'os.

1524 5749 1725 5795 tmatctt.
1804 5740 1825 5777 κ
1878 5740 2015 5795 ch.

1816 5752 1825 5777 ί
1878 5752 2015 5794 ttwc.

2600 5674 2623 5711 κ
2668 5665 2732 5718 Et
2768 5664 3017 5733 lychanos
3063 5665 3248 5733 hypate
3280 5661 3552 5713 enharmo-
