  <div class='ocr_page' id='page_1' title='image "/cluster/home/n/w/nwhite01/storage/ocr_20150623/63/hvd.32044015469307/641.png"; bbox 0 0 4020 6352; ppageno 0'>
   <div class='ocr_carea' id='block_1_1' title="bbox 485 340 621 394">
    <p class='ocr_par' dir='ltr' id='par_1_1' title="bbox 485 340 621 394">
     <span class='ocr_line' id='line_1_1' title="bbox 485 340 621 394; baseline -0.015 -1"><span class='ocrx_word' id='word_1_1' title='bbox 485 340 621 394; x_wconf 64' lang='grc'><strong>1275</strong></span> 
     </span>
    </p>
   </div>
   <div class='ocr_carea' id='block_1_2' title="bbox 1736 320 2552 383">
    <p class='ocr_par' dir='ltr' id='par_1_2' title="bbox 1736 320 2552 383">
     <span class='ocr_line' id='line_1_2' title="bbox 1736 320 2552 383; baseline -0.013 1"><span class='ocrx_word' id='word_1_2' title='bbox 1736 329 1845 383; x_wconf 68' lang='lat' dir='ltr'><strong>AN.</strong></span> <span class='ocrx_word' id='word_1_3' title='bbox 1890 325 2093 381; x_wconf 65' lang='lat' dir='ltr'><strong>MANL.</strong></span> <span class='ocrx_word' id='word_1_4' title='bbox 2135 322 2283 377; x_wconf 76' lang='lat' dir='ltr'><strong>SEV.</strong></span> <span class='ocrx_word' id='word_1_5' title='bbox 2327 320 2552 376; x_wconf 80' lang='grc' dir='ltr'><strong>ΒΟΕΤΙΙ</strong></span> 
     </span>
    </p>
   </div>
   <div class='ocr_carea' id='block_1_3' title="bbox 3634 316 3768 369">
    <p class='ocr_par' dir='ltr' id='par_1_3' title="bbox 3634 316 3768 369">
     <span class='ocr_line' id='line_1_3' title="bbox 3634 316 3768 369; baseline -0.045 -1"><span class='ocrx_word' id='word_1_6' title='bbox 3634 316 3768 369; x_wconf 67' lang='grc' dir='ltr'><strong>12ῖῦ</strong></span> 
     </span>
    </p>
   </div>
   <div class='ocr_carea' id='block_1_4' title="bbox 488 430 3766 527">
    <p class='ocr_par' dir='ltr' id='par_1_4' title="bbox 488 430 3766 527">
     <span class='ocr_line' id='line_1_4' title="bbox 488 430 3766 527; baseline -0.006 -15"><span class='ocrx_word' id='word_1_7' title='bbox 488 456 741 527; x_wconf 77' lang='lat' dir='ltr'><strong>hypaton,</strong></span> <span class='ocrx_word' id='word_1_8' title='bbox 767 453 960 524; x_wconf 89' lang='lat' dir='ltr'><strong>hypate</strong></span> <span class='ocrx_word' id='word_1_9' title='bbox 1004 462 1212 515; x_wconf 86' lang='lat' dir='ltr'><strong>meson,</strong></span> <span class='ocrx_word' id='word_1_10' title='bbox 1248 462 1415 510; x_wconf 89' lang='lat' dir='ltr'><strong>mese,</strong></span> <span class='ocrx_word' id='word_1_11' title='bbox 1472 453 1596 499; x_wconf 87' lang='lat' dir='ltr'><strong>nete</strong></span> <span class='ocrx_word' id='word_1_12' title='bbox 1623 457 2059 515; x_wconf 61' lang='lat' dir='ltr'><strong>;synemmenon,</strong></span> <span class='ocrx_word' id='word_1_13' title='bbox 2097 442 2145 498; x_wconf 80' lang='grc' dir='ltr'><strong>Α</strong></span> <span class='ocrx_word' id='word_1_14' title='bbox 2168 442 2247 488; x_wconf 79' lang='lat' dir='ltr'><strong>eSl</strong></span> <span class='ocrx_word' id='word_1_15' title='bbox 2274 433 2315 487; x_wconf 69' lang='grc' dir='ltr'><strong>ιι</strong></span> <span class='ocrx_word' id='word_1_16' title='bbox 2338 433 2403 487; x_wconf 73' lang='lat' dir='ltr'><strong>ad</strong></span> <span class='ocrx_word' id='word_1_17' title='bbox 2436 434 2511 497; x_wconf 81' lang='lat' dir='ltr'><strong>D;</strong></span> <span class='ocrx_word' id='word_1_18' title='bbox 2543 431 2728 499; x_wconf 79' lang='lat' dir='ltr'><strong>quinta</strong></span> <span class='ocrx_word' id='word_1_19' title='bbox 2746 431 2813 485; x_wconf 71' lang='lat' dir='ltr'><strong>ab</strong></span> <span class='ocrx_word' id='word_1_20' title='bbox 2842 446 2907 486; x_wconf 69' lang='grc' dir='ltr'><strong>ϐο</strong></span> <span class='ocrx_word' id='word_1_21' title='bbox 2943 432 3085 500; x_wconf 72' lang='grc' dir='ltr'>(ιιιοά</span> <span class='ocrx_word' id='word_1_22' title='bbox 3111 441 3192 485; x_wconf 67' lang='lat' dir='ltr'><strong>est</strong></span> <span class='ocrx_word' id='word_1_23' title='bbox 3220 431 3263 485; x_wconf 79' lang='grc' dir='ltr'><strong>Κ</strong></span> <span class='ocrx_word' id='word_1_24' title='bbox 3293 430 3356 483; x_wconf 68' lang='lat' dir='ltr'><strong>ad</strong></span> <span class='ocrx_word' id='word_1_25' title='bbox 3388 430 3430 485; x_wconf 87' lang='lat' dir='ltr'><strong><em>C</em></strong></span> <span class='ocrx_word' id='word_1_26' title='bbox 3459 446 3473 492; x_wconf 75' lang='grc' dir='ltr'>ἱ</span> <span class='ocrx_word' id='word_1_27' title='bbox 3524 442 3681 484; x_wconf 68' lang='lat' dir='ltr'><strong>sella</strong></span> <span class='ocrx_word' id='word_1_28' title='bbox 3703 434 3766 485; x_wconf 71' lang='lat' dir='ltr'><strong>ab</strong></span> 
     </span>
    </p>
   </div>
   <div class='ocr_carea' id='block_1_5' title="bbox 489 534 2069 618">
    <p class='ocr_par' dir='ltr' id='par_1_5' title="bbox 489 534 2069 618">
     <span class='ocr_line' id='line_1_5' title="bbox 489 534 2069 618; baseline -0.011 -16"><span class='ocrx_word' id='word_1_29' title='bbox 489 560 787 618; x_wconf 77' lang='lat' dir='ltr'><strong>paramese,</strong></span> <span class='ocrx_word' id='word_1_30' title='bbox 831 552 953 599; x_wconf 90' lang='lat' dir='ltr'><strong>nete</strong></span> <span class='ocrx_word' id='word_1_31' title='bbox 998 541 1447 609; x_wconf 75' lang='lat' dir='ltr'><strong>diezeugmenon,</strong></span> <span class='ocrx_word' id='word_1_32' title='bbox 1498 547 1620 590; x_wconf 90' lang='lat' dir='ltr'><strong>nete</strong></span> <span class='ocrx_word' id='word_1_33' title='bbox 1652 534 2069 606; x_wconf 86' lang='lat' dir='ltr'><strong>hyperboleon;</strong></span> 
     </span>
    </p>
   </div>
   <div class='ocr_carea' id='block_1_6' title="bbox 486 626 2071 706">
    <p class='ocr_par' dir='ltr' id='par_1_6' title="bbox 486 626 2071 706">
     <span class='ocr_line' id='line_1_6' title="bbox 486 626 2071 706; baseline -0.01 -12"><span class='ocrx_word' id='word_1_34' title='bbox 486 640 712 694; x_wconf 82' lang='lat' dir='ltr'><strong>mobiles</strong></span> <span class='ocrx_word' id='word_1_35' title='bbox 734 651 859 691; x_wconf 92' lang='lat' dir='ltr'><strong>vero</strong></span> <span class='ocrx_word' id='word_1_36' title='bbox 881 650 1012 706; x_wconf 88' lang='lat' dir='ltr'><strong>quas</strong></span> <span class='ocrx_word' id='word_1_37' title='bbox 1044 635 1321 705; x_wconf 84' lang='lat' dir='ltr'><strong>lychanos,</strong></span> <span class='ocrx_word' id='word_1_38' title='bbox 1353 631 1433 686; x_wconf 91' lang='lat' dir='ltr'><strong>vel</strong></span> <span class='ocrx_word' id='word_1_39' title='bbox 1466 638 1748 700; x_wconf 89' lang='lat' dir='ltr'><strong>paranetas</strong></span> <span class='ocrx_word' id='word_1_40' title='bbox 1769 667 1784 693; x_wconf 92' lang='lat'><strong>,</strong></span> <span class='ocrx_word' id='word_1_41' title='bbox 1832 628 1913 681; x_wconf 92' lang='lat' dir='ltr'><strong>vel</strong></span> <span class='ocrx_word' id='word_1_42' title='bbox 1960 626 2071 679; x_wconf 58' lang='lat' dir='ltr'><strong>dia.</strong></span> 
     </span>
    </p>
   </div>
   <div class='ocr_carea' id='block_1_7' title="bbox 485 723 2074 797">
    <p class='ocr_par' dir='ltr' id='par_1_7' title="bbox 485 723 2074 797">
     <span class='ocr_line' id='line_1_7' title="bbox 485 723 2074 797; baseline -0.007 -13"><span class='ocrx_word' id='word_1_43' title='bbox 485 733 710 797; x_wconf 90' lang='lat' dir='ltr'><strong>tonicas,</strong></span> <span class='ocrx_word' id='word_1_44' title='bbox 746 730 828 784; x_wconf 91' lang='lat' dir='ltr'><strong>vel</strong></span> <span class='ocrx_word' id='word_1_45' title='bbox 860 729 1234 791; x_wconf 90' lang='lat' dir='ltr'><strong>ehromatieas,</strong></span> <span class='ocrx_word' id='word_1_46' title='bbox 1290 728 1373 782; x_wconf 89' lang='lat' dir='ltr'><strong>vel</strong></span> <span class='ocrx_word' id='word_1_47' title='bbox 1394 725 1806 780; x_wconf 82' lang='lat' dir='ltr'><strong>enharmouicas</strong></span> <span class='ocrx_word' id='word_1_48' title='bbox 1838 732 1863 758; x_wconf 78' lang='grc' dir='ltr'><strong>ιι</strong></span> <span class='ocrx_word' id='word_1_49' title='bbox 1896 723 2074 776; x_wconf 87' lang='lat' dir='ltr'><strong>nomi-</strong></span> 
     </span>
    </p>
   </div>
   <div class='ocr_carea' id='block_1_8' title="bbox 482 816 2073 884">
    <p class='ocr_par' dir='ltr' id='par_1_8' title="bbox 482 816 2073 884">
     <span class='ocr_line' id='line_1_8' title="bbox 482 816 2073 884; baseline -0.003 -10"><span class='ocrx_word' id='word_1_50' title='bbox 482 822 842 875; x_wconf 25' lang='lat' dir='ltr'><strong>namus.ANon</strong></span> <span class='ocrx_word' id='word_1_51' title='bbox 871 820 924 873; x_wconf 87' lang='lat' dir='ltr'><strong>in</strong></span> <span class='ocrx_word' id='word_1_52' title='bbox 953 829 1119 874; x_wconf 90' lang='lat' dir='ltr'><strong>totum</strong></span> <span class='ocrx_word' id='word_1_53' title='bbox 1165 819 1388 873; x_wconf 85' lang='lat' dir='ltr'><strong>mobiles</strong></span> <span class='ocrx_word' id='word_1_54' title='bbox 1428 826 1520 872; x_wconf 91' lang='lat' dir='ltr'><strong>aut</strong></span> <span class='ocrx_word' id='word_1_55' title='bbox 1565 816 1889 880; x_wconf 84' lang='lat' dir='ltr'><strong>immobiles,</strong></span> <span class='ocrx_word' id='word_1_56' title='bbox 1942 831 2073 884; x_wconf 88' lang='lat' dir='ltr'><strong>quas</strong></span> 
     </span>
    </p>
   </div>
   <div class='ocr_carea' id='block_1_9' title="bbox 481 908 2074 983">
    <p class='ocr_par' dir='ltr' id='par_1_9' title="bbox 481 908 2074 983">
     <span class='ocr_line' id='line_1_9' title="bbox 481 908 2074 983; baseline -0.003 -19"><span class='ocrx_word' id='word_1_57' title='bbox 481 928 542 980; x_wconf 85' lang='lat' dir='ltr'><strong>pa</strong></span> <span class='ocrx_word' id='word_1_58' title='bbox 558 912 810 983; x_wconf 79' lang='lat' dir='ltr'><strong>rhypatas</strong></span> <span class='ocrx_word' id='word_1_59' title='bbox 841 916 989 967; x_wconf 88' lang='lat' dir='ltr'><strong>tritas</strong></span> <span class='ocrx_word' id='word_1_60' title='bbox 1021 914 1074 966; x_wconf 92' lang='lat' dir='ltr'><strong>in</strong></span> <span class='ocrx_word' id='word_1_61' title='bbox 1126 912 1396 966; x_wconf 87' lang='lat' dir='ltr'><strong>diatonico</strong></span> <span class='ocrx_word' id='word_1_62' title='bbox 1428 912 1509 964; x_wconf 88' lang='lat' dir='ltr'><strong>vel</strong></span> <span class='ocrx_word' id='word_1_63' title='bbox 1541 910 1838 973; x_wconf 89' lang='lat' dir='ltr'><strong>chromate,</strong></span> <span class='ocrx_word' id='word_1_64' title='bbox 1891 908 2074 978; x_wconf 89' lang='lat' dir='ltr'><strong>lycha-</strong></span> 
     </span>
    </p>
   </div>
   <div class='ocr_carea' id='block_1_10' title="bbox 478 998 2076 1073">
    <p class='ocr_par' dir='ltr' id='par_1_10' title="bbox 478 998 2076 1073">
     <span class='ocr_line' id='line_1_10' title="bbox 478 998 2076 1073; baseline -0.003 -18"><span class='ocrx_word' id='word_1_65' title='bbox 478 1017 576 1056; x_wconf 85' lang='lat' dir='ltr'><strong>nos</strong></span> <span class='ocrx_word' id='word_1_66' title='bbox 613 1012 792 1058; x_wconf 88' lang='lat' dir='ltr'><strong>autem</strong></span> <span class='ocrx_word' id='word_1_67' title='bbox 826 1004 909 1058; x_wconf 86' lang='lat' dir='ltr'><strong>vel</strong></span> <span class='ocrx_word' id='word_1_68' title='bbox 937 1014 1220 1073; x_wconf 89' lang='lat' dir='ltr'><strong>paranetas</strong></span> <span class='ocrx_word' id='word_1_69' title='bbox 1261 1000 1729 1057; x_wconf 26' lang='lat' dir='ltr'><strong>in&#39;enharmonico</strong></span> <span class='ocrx_word' id='word_1_70' title='bbox 1770 1014 1967 1067; x_wconf 85' lang='lat' dir='ltr'><strong>genere</strong></span> <span class='ocrx_word' id='word_1_71' title='bbox 1993 998 2076 1051; x_wconf 91' lang='lat' dir='ltr'><strong>di-</strong></span> 
     </span>
    </p>
   </div>
   <div class='ocr_carea' id='block_1_11' title="bbox 479 1106 680 1149">
    <p class='ocr_par' dir='ltr' id='par_1_11' title="bbox 479 1106 680 1149">
     <span class='ocr_line' id='line_1_11' title="bbox 479 1106 680 1149; baseline 0.02 -4"><span class='ocrx_word' id='word_1_72' title='bbox 479 1106 581 1146; x_wconf 82' lang='lat' dir='ltr'><strong>Clm</strong></span> <span class='ocrx_word' id='word_1_73' title='bbox 598 1107 680 1149; x_wconf 91' lang='lat' dir='ltr'><strong>us.</strong></span> 
     </span>
    </p>
   </div>
   <div class='ocr_carea' id='block_1_12' title="bbox 1085 1204 1491 1277">
    <p class='ocr_par' dir='ltr' id='par_1_12' title="bbox 1085 1204 1491 1277">
     <span class='ocr_line' id='line_1_12' title="bbox 1085 1204 1491 1277; baseline -0.005 -17"><span class='ocrx_word' id='word_1_74' title='bbox 1085 1204 1310 1262; x_wconf 74' lang='lat' dir='ltr'><strong>CAPUT</strong></span> <span class='ocrx_word' id='word_1_75' title='bbox 1341 1206 1491 1277; x_wconf 56' lang='lat' dir='ltr'><strong>xm,</strong></span> 
     </span>
    </p>
   </div>
   <div class='ocr_carea' id='block_1_13' title="bbox 846 1298 1717 1365">
    <p class='ocr_par' dir='ltr' id='par_1_13' title="bbox 846 1298 1717 1365">
     <span class='ocr_line' id='line_1_13' title="bbox 846 1298 1717 1365; baseline 0 -15"><span class='ocrx_word' id='word_1_76' title='bbox 846 1298 925 1352; x_wconf 86' lang='lat' dir='ltr'><strong>De</strong></span> <span class='ocrx_word' id='word_1_77' title='bbox 961 1298 1410 1350; x_wconf 72' lang='lat' dir='ltr'><strong>consonantiam&quot;!</strong></span> <span class='ocrx_word' id='word_1_78' title='bbox 1437 1298 1717 1365; x_wconf 75' lang='lat' dir='ltr'><strong>speciebus.</strong></span> 
     </span>
    </p>
   </div>
   <div class='ocr_carea' id='block_1_14' title="bbox 561 1409 2075 1481">
    <p class='ocr_par' dir='ltr' id='par_1_14' title="bbox 561 1409 2075 1481">
     <span class='ocr_line' id='line_1_14' title="bbox 561 1409 2075 1481; baseline 0 -17"><span class='ocrx_word' id='word_1_79' title='bbox 561 1409 713 1465; x_wconf 86' lang='lat' dir='ltr'><strong>Nunc</strong></span> <span class='ocrx_word' id='word_1_80' title='bbox 739 1410 805 1465; x_wconf 91' lang='lat' dir='ltr'><strong>de</strong></span> <span class='ocrx_word' id='word_1_81' title='bbox 826 1411 1107 1480; x_wconf 89' lang='lat' dir='ltr'><strong>speciebus</strong></span> <span class='ocrx_word' id='word_1_82' title='bbox 1138 1411 1428 1481; x_wconf 86' lang='lat' dir='ltr'><strong>primarum</strong></span> <span class='ocrx_word' id='word_1_83' title='bbox 1460 1410 1935 1466; x_wconf 85' lang='lat' dir='ltr'><strong>consonantiarum</strong></span> <span class='ocrx_word' id='word_1_84' title='bbox 1971 1422 2075 1467; x_wconf 79' lang='lat' dir='ltr'><strong>tra-</strong></span> 
     </span>
    </p>
   </div>
   <div class='ocr_carea' id='block_1_15' title="bbox 493 1502 2077 1571">
    <p class='ocr_par' dir='ltr' id='par_1_15' title="bbox 493 1502 2077 1571">
     <span class='ocr_line' id='line_1_15' title="bbox 493 1502 2077 1571; baseline 0.003 -17"><span class='ocrx_word' id='word_1_85' title='bbox 493 1502 745 1555; x_wconf 88' lang='lat' dir='ltr'><strong>ctandum</strong></span> <span class='ocrx_word' id='word_1_86' title='bbox 773 1513 898 1567; x_wconf 87' lang='lat' dir='ltr'><strong>est;</strong></span> <span class='ocrx_word' id='word_1_87' title='bbox 949 1504 1134 1571; x_wconf 78' lang='lat' dir='ltr'><strong>prima:</strong></span> <span class='ocrx_word' id='word_1_88' title='bbox 1179 1513 1356 1558; x_wconf 89' lang='lat' dir='ltr'><strong>autem</strong></span> <span class='ocrx_word' id='word_1_89' title='bbox 1389 1504 1751 1557; x_wconf 72' lang='lat' dir='ltr'><strong>consonantia:</strong></span> <span class='ocrx_word' id='word_1_90' title='bbox 1790 1514 1915 1559; x_wconf 88' lang='lat' dir='ltr'><strong>sunt</strong></span> <span class='ocrx_word' id='word_1_91' title='bbox 1961 1505 2077 1559; x_wconf 55' lang='lat' dir='ltr'><strong>diae</strong></span> 
     </span>
    </p>
   </div>
   <div class='ocr_carea' id='block_1_16' title="bbox 495 1590 2077 1663">
    <p class='ocr_par' dir='ltr' id='par_1_16' title="bbox 495 1590 2077 1663">
     <span class='ocr_line' id='line_1_16' title="bbox 495 1590 2077 1663; baseline 0.004 -21"><span class='ocrx_word' id='word_1_92' title='bbox 495 1605 683 1659; x_wconf 89' lang='lat' dir='ltr'><strong>pason,</strong></span> <span class='ocrx_word' id='word_1_93' title='bbox 711 1590 980 1657; x_wconf 83' lang='lat' dir='ltr'><strong>diapente,</strong></span> <span class='ocrx_word' id='word_1_94' title='bbox 1006 1592 1358 1648; x_wconf 84' lang='lat' dir='ltr'><strong>diatessaron.</strong></span> <span class='ocrx_word' id='word_1_95' title='bbox 1387 1592 1604 1662; x_wconf 85' lang='lat' dir='ltr'><strong>Species</strong></span> <span class='ocrx_word' id='word_1_96' title='bbox 1627 1604 1803 1648; x_wconf 89' lang='lat' dir='ltr'><strong>autem</strong></span> <span class='ocrx_word' id='word_1_97' title='bbox 1826 1603 1907 1647; x_wconf 92' lang='lat' dir='ltr'><strong>est</strong></span> <span class='ocrx_word' id='word_1_98' title='bbox 1935 1610 2077 1663; x_wconf 80' lang='lat' dir='ltr'><strong>quae-</strong></span> 
     </span>
    </p>
   </div>
   <div class='ocr_carea' id='block_1_17' title="bbox 496 1683 2072 1752">
    <p class='ocr_par' dir='ltr' id='par_1_17' title="bbox 496 1683 2072 1752">
     <span class='ocr_line' id='line_1_17' title="bbox 496 1683 2072 1752; baseline 0.004 -18"><span class='ocrx_word' id='word_1_99' title='bbox 496 1683 619 1735; x_wconf 90' lang='lat' dir='ltr'><strong>dam</strong></span> <span class='ocrx_word' id='word_1_100' title='bbox 672 1685 865 1751; x_wconf 89' lang='lat' dir='ltr'><strong>positio</strong></span> <span class='ocrx_word' id='word_1_101' title='bbox 912 1685 1181 1752; x_wconf 86' lang='lat' dir='ltr'><strong>propriam</strong></span> <span class='ocrx_word' id='word_1_102' title='bbox 1236 1686 1440 1739; x_wconf 85' lang='lat' dir='ltr'><strong>habens</strong></span> <span class='ocrx_word' id='word_1_103' title='bbox 1502 1685 1725 1741; x_wconf 82' lang='lat' dir='ltr'><strong>formam</strong></span> <span class='ocrx_word' id='word_1_104' title='bbox 1780 1688 2072 1741; x_wconf 90' lang='lat' dir='ltr'><strong>secundum</strong></span> 
     </span>
    </p>
   </div>
   <div class='ocr_carea' id='block_1_18' title="bbox 2176 522 3763 593">
    <p class='ocr_par' dir='ltr' id='par_1_18' title="bbox 2176 522 3763 593">
     <span class='ocr_line' id='line_1_18' title="bbox 2176 522 3763 593; baseline -0.001 -14"><span class='ocrx_word' id='word_1_105' title='bbox 2176 541 2241 579; x_wconf 90' lang='lat' dir='ltr'><strong>eo</strong></span> <span class='ocrx_word' id='word_1_106' title='bbox 2270 525 2410 593; x_wconf 87' lang='lat' dir='ltr'><strong>quod</strong></span> <span class='ocrx_word' id='word_1_107' title='bbox 2443 534 2525 579; x_wconf 91' lang='lat' dir='ltr'><strong>est</strong></span> <span class='ocrx_word' id='word_1_108' title='bbox 2559 525 2662 578; x_wconf 87' lang='lat' dir='ltr'><strong>lad</strong></span> <span class='ocrx_word' id='word_1_109' title='bbox 2692 523 2731 577; x_wconf 73' lang='lat' dir='ltr'><strong>li</strong></span> <span class='ocrx_word' id='word_1_110' title='bbox 2760 540 2773 589; x_wconf 93' lang='lat'><strong>;</strong></span> <span class='ocrx_word' id='word_1_111' title='bbox 2806 524 3033 589; x_wconf 89' lang='lat' dir='ltr'><strong>septima</strong></span> <span class='ocrx_word' id='word_1_112' title='bbox 3069 523 3135 577; x_wconf 88' lang='lat' dir='ltr'><strong>ab</strong></span> <span class='ocrx_word' id='word_1_113' title='bbox 3161 538 3225 578; x_wconf 90' lang='lat' dir='ltr'><strong>eo</strong></span> <span class='ocrx_word' id='word_1_114' title='bbox 3255 525 3394 590; x_wconf 86' lang='lat' dir='ltr'><strong>quod</strong></span> <span class='ocrx_word' id='word_1_115' title='bbox 3427 531 3510 577; x_wconf 89' lang='lat' dir='ltr'><strong>cst</strong></span> <span class='ocrx_word' id='word_1_116' title='bbox 3540 522 3583 575; x_wconf 85' lang='lat' dir='ltr'><strong>ll</strong></span> <span class='ocrx_word' id='word_1_117' title='bbox 3614 524 3681 574; x_wconf 86' lang='lat' dir='ltr'><strong>ad</strong></span> <span class='ocrx_word' id='word_1_118' title='bbox 3703 522 3763 577; x_wconf 75' lang='grc' dir='ltr'><strong>Α.</strong></span> 
     </span>
    </p>
   </div>
   <div class='ocr_carea' id='block_1_19' title="bbox 2175 615 3768 687">
    <p class='ocr_par' dir='ltr' id='par_1_19' title="bbox 2175 615 3768 687">
     <span class='ocr_line' id='line_1_19' title="bbox 2175 615 3768 687; baseline -0.004 -14"><span class='ocrx_word' id='word_1_119' title='bbox 2175 617 2363 685; x_wconf 82' lang='lat' dir='ltr'><strong>Liquet</strong></span> <span class='ocrx_word' id='word_1_120' title='bbox 2396 618 2557 686; x_wconf 79' lang='lat' dir='ltr'><strong>igitur</strong></span> <span class='ocrx_word' id='word_1_121' title='bbox 2588 632 2653 670; x_wconf 82' lang='lat' dir='ltr'><strong>ex</strong></span> <span class='ocrx_word' id='word_1_122' title='bbox 2679 616 2760 669; x_wconf 90' lang='lat' dir='ltr'><strong>his</strong></span> <span class='ocrx_word' id='word_1_123' title='bbox 2782 632 2901 687; x_wconf 71' lang='lat' dir='ltr'><strong>qua:</strong></span> <span class='ocrx_word' id='word_1_124' title='bbox 2926 615 3068 669; x_wconf 87' lang='lat' dir='ltr'><strong>dicta</strong></span> <span class='ocrx_word' id='word_1_125' title='bbox 3093 626 3238 679; x_wconf 86' lang='lat' dir='ltr'><strong>sunt,</strong></span> <span class='ocrx_word' id='word_1_126' title='bbox 3272 617 3610 668; x_wconf 82' lang='lat' dir='ltr'><strong>diatessaron</strong></span> <span class='ocrx_word' id='word_1_127' title='bbox 3640 629 3768 667; x_wconf 83' lang='lat' dir='ltr'><strong>con-</strong></span> 
     </span>
    </p>
   </div>
   <div class='ocr_carea' id='block_1_20' title="bbox 2176 706 3768 764">
    <p class='ocr_par' dir='ltr' id='par_1_20' title="bbox 2176 706 3768 764">
     <span class='ocr_line' id='line_1_20' title="bbox 2176 706 3768 764; baseline -0.004 0"><span class='ocrx_word' id='word_1_128' title='bbox 2176 708 2478 764; x_wconf 89' lang='lat' dir='ltr'><strong>sonantiam</strong></span> <span class='ocrx_word' id='word_1_129' title='bbox 2511 706 2679 761; x_wconf 88' lang='lat' dir='ltr'><strong>semel</strong></span> <span class='ocrx_word' id='word_1_130' title='bbox 2719 716 2925 760; x_wconf 88' lang='lat' dir='ltr'><strong>tantum</strong></span> <span class='ocrx_word' id='word_1_131' title='bbox 2964 708 3016 760; x_wconf 90' lang='lat' dir='ltr'><strong>in</strong></span> <span class='ocrx_word' id='word_1_132' title='bbox 3049 706 3409 760; x_wconf 89' lang='lat' dir='ltr'><strong>immobilibus</strong></span> <span class='ocrx_word' id='word_1_133' title='bbox 3456 720 3520 758; x_wconf 86' lang='lat' dir='ltr'><strong>ac</strong></span> <span class='ocrx_word' id='word_1_134' title='bbox 3556 708 3768 757; x_wconf 80' lang='lat' dir='ltr'><strong>statutis</strong></span> 
     </span>
    </p>
   </div>
   <div class='ocr_carea' id='block_1_21' title="bbox 2176 795 3768 866">
    <p class='ocr_par' dir='ltr' id='par_1_21' title="bbox 2176 795 3768 866">
     <span class='ocr_line' id='line_1_21' title="bbox 2176 795 3768 866; baseline -0.004 -14"><span class='ocrx_word' id='word_1_135' title='bbox 2176 800 2398 852; x_wconf 84' lang='lat' dir='ltr'><strong>vocibus</strong></span> <span class='ocrx_word' id='word_1_136' title='bbox 2437 798 2720 852; x_wconf 88' lang='lat' dir='ltr'><strong>contineri.</strong></span> <span class='ocrx_word' id='word_1_137' title='bbox 2752 796 2882 850; x_wconf 84' lang='lat' dir='ltr'><strong>Nam</strong></span> <span class='ocrx_word' id='word_1_138' title='bbox 2916 798 2960 850; x_wconf 91' lang='lat' dir='ltr'><strong>si</strong></span> <span class='ocrx_word' id='word_1_139' title='bbox 3012 797 3080 850; x_wconf 90' lang='lat' dir='ltr'><strong>ab</strong></span> <span class='ocrx_word' id='word_1_140' title='bbox 3124 796 3317 866; x_wconf 86' lang='lat' dir='ltr'><strong>hypate</strong></span> <span class='ocrx_word' id='word_1_141' title='bbox 3366 795 3608 866; x_wconf 83' lang='lat' dir='ltr'><strong>hypaton</strong></span> <span class='ocrx_word' id='word_1_142' title='bbox 3638 796 3768 847; x_wconf 87' lang='lat' dir='ltr'><strong>inci-</strong></span> 
     </span>
    </p>
   </div>
   <div class='ocr_carea' id='block_1_22' title="bbox 2179 887 3769 959">
    <p class='ocr_par' dir='ltr' id='par_1_22' title="bbox 2179 887 3769 959">
     <span class='ocr_line' id='line_1_22' title="bbox 2179 887 3769 959; baseline 0 -16"><span class='ocrx_word' id='word_1_143' title='bbox 2179 891 2339 958; x_wconf 85' lang='lat' dir='ltr'><strong>piam,</strong></span> <span class='ocrx_word' id='word_1_144' title='bbox 2368 890 2476 944; x_wconf 91' lang='lat' dir='ltr'><strong>erit</strong></span> <span class='ocrx_word' id='word_1_145' title='bbox 2498 894 2534 943; x_wconf 79' lang='grc' dir='ltr'><strong>Λ</strong></span> <span class='ocrx_word' id='word_1_146' title='bbox 2573 890 2613 942; x_wconf 84' lang='grc' dir='ltr'>ι)</span> <span class='ocrx_word' id='word_1_147' title='bbox 2634 932 2647 951; x_wconf 85' lang='grc'><em>,</em></span> <span class='ocrx_word' id='word_1_148' title='bbox 2689 888 2741 943; x_wconf 88' lang='lat' dir='ltr'><strong>id</strong></span> <span class='ocrx_word' id='word_1_149' title='bbox 2773 898 2856 943; x_wconf 91' lang='lat' dir='ltr'><strong>est</strong></span> <span class='ocrx_word' id='word_1_150' title='bbox 2881 889 2951 942; x_wconf 91' lang='lat' dir='ltr'><strong>ab</strong></span> <span class='ocrx_word' id='word_1_151' title='bbox 2978 889 3171 959; x_wconf 86' lang='lat' dir='ltr'><strong>hypate</strong></span> <span class='ocrx_word' id='word_1_152' title='bbox 3218 888 3455 959; x_wconf 81' lang='lat' dir='ltr'><strong>hypaton</strong></span> <span class='ocrx_word' id='word_1_153' title='bbox 3486 887 3539 941; x_wconf 90' lang='lat' dir='ltr'><strong>in</strong></span> <span class='ocrx_word' id='word_1_154' title='bbox 3578 902 3769 943; x_wconf 80' lang='lat' dir='ltr'><strong>meson</strong></span> 
     </span>
    </p>
   </div>
   <div class='ocr_carea' id='block_1_23' title="bbox 2179 980 3768 1052">
    <p class='ocr_par' dir='ltr' id='par_1_23' title="bbox 2179 980 3768 1052">
     <span class='ocr_line' id='line_1_23' title="bbox 2179 980 3768 1052; baseline -0.003 -15"><span class='ocrx_word' id='word_1_155' title='bbox 2179 982 2411 1052; x_wconf 89' lang='lat' dir='ltr'><strong>hypaten</strong></span> <span class='ocrx_word' id='word_1_156' title='bbox 2434 998 2495 1036; x_wconf 90' lang='lat' dir='ltr'><strong>ea</strong></span> <span class='ocrx_word' id='word_1_157' title='bbox 2550 998 2668 1051; x_wconf 78' lang='lat' dir='ltr'><strong>qua:</strong></span> <span class='ocrx_word' id='word_1_158' title='bbox 2698 981 2860 1034; x_wconf 87' lang='lat' dir='ltr'><strong>estin</strong></span> <span class='ocrx_word' id='word_1_159' title='bbox 2907 980 3097 1034; x_wconf 89' lang='lat' dir='ltr'><strong>ordine</strong></span> <span class='ocrx_word' id='word_1_160' title='bbox 3123 980 3311 1047; x_wconf 91' lang='lat' dir='ltr'><strong>prima.</strong></span> <span class='ocrx_word' id='word_1_161' title='bbox 3366 980 3498 1033; x_wconf 84' lang='lat' dir='ltr'><strong>Nam</strong></span> <span class='ocrx_word' id='word_1_162' title='bbox 3556 988 3768 1033; x_wconf 63' lang='lat' dir='ltr'><strong>caetera:</strong></span> 
     </span>
    </p>
   </div>
   <div class='ocr_carea' id='block_1_24' title="bbox 2179 1070 3768 1135">
    <p class='ocr_par' dir='ltr' id='par_1_24' title="bbox 2179 1070 3768 1135">
     <span class='ocr_line' id='line_1_24' title="bbox 2179 1070 3768 1135; baseline -0.003 -7"><span class='ocrx_word' id='word_1_163' title='bbox 2179 1089 2284 1128; x_wconf 87' lang='lat' dir='ltr'><strong>non</strong></span> <span class='ocrx_word' id='word_1_164' title='bbox 2309 1074 2522 1128; x_wconf 83' lang='lat' dir='ltr'><strong>statutis</strong></span> <span class='ocrx_word' id='word_1_165' title='bbox 2550 1072 2772 1125; x_wconf 91' lang='lat' dir='ltr'><strong>vocibus</strong></span> <span class='ocrx_word' id='word_1_166' title='bbox 2800 1073 3177 1135; x_wconf 84' lang='lat' dir='ltr'><strong>terminantur,</strong></span> <span class='ocrx_word' id='word_1_167' title='bbox 3208 1081 3266 1124; x_wconf 91' lang='lat' dir='ltr'><strong>ut</strong></span> <span class='ocrx_word' id='word_1_168' title='bbox 3293 1072 3334 1123; x_wconf 87' lang='grc' dir='ltr'><strong><em>Β</em></strong></span> <span class='ocrx_word' id='word_1_169' title='bbox 3362 1071 3405 1124; x_wconf 84' lang='grc' dir='ltr'>Ε</span> <span class='ocrx_word' id='word_1_170' title='bbox 3444 1071 3485 1125; x_wconf 90' lang='lat' dir='ltr'><strong><em>C</em></strong></span> <span class='ocrx_word' id='word_1_171' title='bbox 3518 1070 3577 1123; x_wconf 86' lang='lat' dir='ltr'><strong>F.</strong></span> <span class='ocrx_word' id='word_1_172' title='bbox 3638 1070 3768 1123; x_wconf 79' lang='lat' dir='ltr'><strong>Nam</strong></span> 
     </span>
    </p>
   </div>
   <div class='ocr_carea' id='block_1_25' title="bbox 2182 1152 3769 1235">
    <p class='ocr_par' dir='ltr' id='par_1_25' title="bbox 2182 1152 3769 1235">
     <span class='ocr_line' id='line_1_25' title="bbox 2182 1152 3769 1235; baseline -0.003 -17"><span class='ocrx_word' id='word_1_173' title='bbox 2182 1163 2202 1202; x_wconf 73' lang='grc' dir='ltr'>ί</span> <span class='ocrx_word' id='word_1_174' title='bbox 2240 1165 2532 1235; x_wconf 79' lang='lat' dir='ltr'><strong>parhypate</strong></span> <span class='ocrx_word' id='word_1_175' title='bbox 2568 1164 2798 1234; x_wconf 90' lang='lat' dir='ltr'><strong>hypaton</strong></span> <span class='ocrx_word' id='word_1_176' title='bbox 2829 1171 2885 1215; x_wconf 91' lang='lat' dir='ltr'><strong>et</strong></span> <span class='ocrx_word' id='word_1_177' title='bbox 2932 1152 3247 1233; x_wconf 77' lang='lat' dir='ltr'><strong>parhypate.</strong></span> <span class='ocrx_word' id='word_1_178' title='bbox 3272 1176 3484 1227; x_wconf 88' lang='lat' dir='ltr'><strong>meson,</strong></span> <span class='ocrx_word' id='word_1_179' title='bbox 3516 1160 3769 1231; x_wconf 81' lang='lat' dir='ltr'><strong>lychanos</strong></span> 
     </span>
    </p>
   </div>
   <div class='ocr_carea' id='block_1_26' title="bbox 2180 1254 3770 1328">
    <p class='ocr_par' dir='ltr' id='par_1_26' title="bbox 2180 1254 3770 1328">
     <span class='ocr_line' id='line_1_26' title="bbox 2180 1254 3770 1328; baseline -0.004 -17"><span class='ocrx_word' id='word_1_180' title='bbox 2180 1257 2415 1328; x_wconf 90' lang='lat' dir='ltr'><strong>hypaton</strong></span> <span class='ocrx_word' id='word_1_181' title='bbox 2441 1266 2495 1311; x_wconf 89' lang='lat' dir='ltr'><strong>et</strong></span> <span class='ocrx_word' id='word_1_182' title='bbox 2524 1258 2781 1327; x_wconf 88' lang='lat' dir='ltr'><strong>lychanos</strong></span> <span class='ocrx_word' id='word_1_183' title='bbox 2814 1270 2999 1308; x_wconf 85' lang='lat' dir='ltr'><strong>meson</strong></span> <span class='ocrx_word' id='word_1_184' title='bbox 3046 1254 3270 1308; x_wconf 86' lang='lat' dir='ltr'><strong>mobiles</strong></span> <span class='ocrx_word' id='word_1_185' title='bbox 3298 1269 3421 1307; x_wconf 90' lang='lat' dir='ltr'><strong>esse</strong></span> <span class='ocrx_word' id='word_1_186' title='bbox 3455 1262 3770 1306; x_wconf 76' lang='lat' dir='ltr'><strong>monstrata:</strong></span> 
     </span>
    </p>
   </div>
   <div class='ocr_carea' id='block_1_27' title="bbox 2178 1336 3769 1414">
    <p class='ocr_par' dir='ltr' id='par_1_27' title="bbox 2178 1336 3769 1414">
     <span class='ocr_line' id='line_1_27' title="bbox 2178 1336 3769 1414; baseline -0.004 -13"><span class='ocrx_word' id='word_1_187' title='bbox 2178 1357 2321 1401; x_wconf 88' lang='lat' dir='ltr'><strong>sunt.</strong></span> <span class='ocrx_word' id='word_1_188' title='bbox 2355 1347 2507 1414; x_wconf 81' lang='lat' dir='ltr'><strong>Quod</strong></span> <span class='ocrx_word' id='word_1_189' title='bbox 2548 1349 2591 1400; x_wconf 93' lang='lat' dir='ltr'><strong>si</strong></span> <span class='ocrx_word' id='word_1_190' title='bbox 2624 1336 2811 1400; x_wconf 89' lang='lat' dir='ltr'><strong>rursus</strong></span> <span class='ocrx_word' id='word_1_191' title='bbox 2851 1346 2919 1397; x_wconf 89' lang='lat' dir='ltr'><strong>ab</strong></span> <span class='ocrx_word' id='word_1_192' title='bbox 2942 1345 3154 1413; x_wconf 85' lang='lat' dir='ltr'><strong>hypate</strong></span> <span class='ocrx_word' id='word_1_193' title='bbox 3207 1359 3393 1398; x_wconf 86' lang='lat' dir='ltr'><strong>meson</strong></span> <span class='ocrx_word' id='word_1_194' title='bbox 3428 1342 3769 1395; x_wconf 85' lang='lat' dir='ltr'><strong>diatessaron</strong></span> 
     </span>
    </p>
   </div>
   <div class='ocr_carea' id='block_1_28' title="bbox 2178 1434 3770 1503">
    <p class='ocr_par' dir='ltr' id='par_1_28' title="bbox 2178 1434 3770 1503">
     <span class='ocr_line' id='line_1_28' title="bbox 2178 1434 3770 1503; baseline -0.006 -9"><span class='ocrx_word' id='word_1_195' title='bbox 2178 1440 2582 1494; x_wconf 84' lang='lat' dir='ltr'><strong>consonantiam</strong></span> <span class='ocrx_word' id='word_1_196' title='bbox 2638 1437 2978 1501; x_wconf 89' lang='lat' dir='ltr'><strong>inchoemus,</strong></span> <span class='ocrx_word' id='word_1_197' title='bbox 3019 1437 3121 1491; x_wconf 90' lang='lat' dir='ltr'><strong>erit</strong></span> <span class='ocrx_word' id='word_1_198' title='bbox 3176 1439 3385 1503; x_wconf 84' lang='lat' dir='ltr'><strong>Species</strong></span> <span class='ocrx_word' id='word_1_199' title='bbox 3431 1434 3770 1487; x_wconf 73' lang='lat' dir='ltr'><strong>diatessaron</strong></span> 
     </span>
    </p>
   </div>
   <div class='ocr_carea' id='block_1_29' title="bbox 2178 1523 3768 1593">
    <p class='ocr_par' dir='ltr' id='par_1_29' title="bbox 2178 1523 3768 1593">
     <span class='ocr_line' id='line_1_29' title="bbox 2178 1523 3768 1593; baseline -0.006 -9"><span class='ocrx_word' id='word_1_200' title='bbox 2178 1532 2391 1584; x_wconf 83' lang='lat' dir='ltr'><strong>statutis</strong></span> <span class='ocrx_word' id='word_1_201' title='bbox 2422 1529 2644 1583; x_wconf 88' lang='lat' dir='ltr'><strong>vocibus</strong></span> <span class='ocrx_word' id='word_1_202' title='bbox 2688 1528 2971 1583; x_wconf 86' lang='lat' dir='ltr'><strong>terminata</strong></span> <span class='ocrx_word' id='word_1_203' title='bbox 2999 1526 3044 1581; x_wconf 86' lang='lat' dir='ltr'><strong>G</strong></span> <span class='ocrx_word' id='word_1_204' title='bbox 3096 1526 3136 1579; x_wconf 88' lang='lat' dir='ltr'><strong>D</strong></span> <span class='ocrx_word' id='word_1_205' title='bbox 3164 1570 3179 1593; x_wconf 94' lang='lat'><strong>,</strong></span> <span class='ocrx_word' id='word_1_206' title='bbox 3231 1541 3293 1580; x_wconf 89' lang='lat' dir='ltr'><strong>ea</strong></span> <span class='ocrx_word' id='word_1_207' title='bbox 3317 1540 3439 1593; x_wconf 86' lang='lat' dir='ltr'><strong>qua:</strong></span> <span class='ocrx_word' id='word_1_208' title='bbox 3468 1534 3554 1578; x_wconf 90' lang='lat' dir='ltr'><strong>est</strong></span> <span class='ocrx_word' id='word_1_209' title='bbox 3577 1523 3768 1592; x_wconf 84' lang='lat' dir='ltr'><strong>prima,</strong></span> 
     </span>
    </p>
   </div>
   <div class='ocr_carea' id='block_1_30' title="bbox 2180 1618 3768 1693">
    <p class='ocr_par' dir='ltr' id='par_1_30' title="bbox 2180 1618 3768 1693">
     <span class='ocr_line' id='line_1_30' title="bbox 2180 1618 3768 1693; baseline -0.006 -15"><span class='ocrx_word' id='word_1_210' title='bbox 2180 1624 2231 1677; x_wconf 89' lang='lat' dir='ltr'><strong>id</strong></span> <span class='ocrx_word' id='word_1_211' title='bbox 2254 1632 2335 1678; x_wconf 90' lang='lat' dir='ltr'><strong>est</strong></span> <span class='ocrx_word' id='word_1_212' title='bbox 2374 1623 2441 1675; x_wconf 92' lang='lat' dir='ltr'><strong>ab</strong></span> <span class='ocrx_word' id='word_1_213' title='bbox 2470 1622 2665 1693; x_wconf 84' lang='lat' dir='ltr'><strong>hypate</strong></span> <span class='ocrx_word' id='word_1_214' title='bbox 2702 1636 2887 1675; x_wconf 90' lang='lat' dir='ltr'><strong>meson</strong></span> <span class='ocrx_word' id='word_1_215' title='bbox 2921 1620 2973 1674; x_wconf 92' lang='lat' dir='ltr'><strong>in</strong></span> <span class='ocrx_word' id='word_1_216' title='bbox 3007 1634 3209 1674; x_wconf 84' lang='lat' dir='ltr'><strong>mesen.</strong></span> <span class='ocrx_word' id='word_1_217' title='bbox 3238 1618 3485 1686; x_wconf 68' lang='lat' dir='ltr'><strong>Reliqua:</strong></span> <span class='ocrx_word' id='word_1_218' title='bbox 3525 1618 3768 1679; x_wconf 85' lang='lat' dir='ltr'><strong>minime,</strong></span> 
     </span>
    </p>
   </div>
   <div class='ocr_carea' id='block_1_31' title="bbox 2181 1709 3770 1779">
    <p class='ocr_par' dir='ltr' id='par_1_31' title="bbox 2181 1709 3770 1779">
     <span class='ocr_line' id='line_1_31' title="bbox 2181 1709 3770 1779; baseline -0.005 -13"><span class='ocrx_word' id='word_1_219' title='bbox 2181 1724 2237 1767; x_wconf 91' lang='lat' dir='ltr'><strong>ut</strong></span> <span class='ocrx_word' id='word_1_220' title='bbox 2268 1714 2308 1766; x_wconf 90' lang='lat' dir='ltr'><strong>E</strong></span> <span class='ocrx_word' id='word_1_221' title='bbox 2348 1712 2394 1766; x_wconf 82' lang='grc' dir='ltr'><strong>Η</strong></span> <span class='ocrx_word' id='word_1_222' title='bbox 2440 1721 2496 1765; x_wconf 90' lang='lat' dir='ltr'><strong>et</strong></span> <span class='ocrx_word' id='word_1_223' title='bbox 2530 1711 2568 1765; x_wconf 83' lang='lat' dir='ltr'>F</span> <span class='ocrx_word' id='word_1_224' title='bbox 2607 1712 2647 1764; x_wconf 84' lang='grc' dir='ltr'><strong>Ι.</strong></span> <span class='ocrx_word' id='word_1_225' title='bbox 2705 1711 2836 1765; x_wconf 82' lang='lat' dir='ltr'><strong>Nam</strong></span> <span class='ocrx_word' id='word_1_226' title='bbox 2869 1709 3163 1779; x_wconf 88' lang='lat' dir='ltr'><strong>parhypate</strong></span> <span class='ocrx_word' id='word_1_227' title='bbox 3213 1724 3401 1762; x_wconf 88' lang='lat' dir='ltr'><strong>meson</strong></span> <span class='ocrx_word' id='word_1_228' title='bbox 3432 1718 3489 1762; x_wconf 91' lang='lat' dir='ltr'><strong>et</strong></span> <span class='ocrx_word' id='word_1_229' title='bbox 3517 1709 3770 1779; x_wconf 83' lang='lat' dir='ltr'><strong>lychanos</strong></span> 
     </span>
    </p>
   </div>
   <div class='ocr_carea' id='block_1_32' title="bbox 496 1776 3773 1873">
    <p class='ocr_par' dir='ltr' id='par_1_32' title="bbox 496 1776 3773 1873">
     <span class='ocr_line' id='line_1_32' title="bbox 496 1776 3773 1873; baseline 0.007 -45"><span class='ocrx_word' id='word_1_230' title='bbox 496 1776 910 1873; x_wconf 77' lang='lat' dir='ltr'><strong>unumquodque</strong></span> <span class='ocrx_word' id='word_1_231' title='bbox 937 1792 1105 1873; x_wconf 78' lang='lat' dir='ltr'><strong>genus</strong></span> <span class='ocrx_word' id='word_1_232' title='bbox 1134 1778 1187 1873; x_wconf 64' lang='lat' dir='ltr'><strong>in</strong></span> <span class='ocrx_word' id='word_1_233' title='bbox 1248 1779 1665 1873; x_wconf 48' lang='lat' dir='ltr'><strong>uniuscuiusque</strong></span> <span class='ocrx_word' id='word_1_234' title='bbox 1713 1778 2075 1873; x_wconf 55' lang='grc' dir='ltr'><strong>Ρτοβοιξίίοξξίδ</strong></span> <span class='ocrx_word' id='word_1_235' title='bbox 2110 1813 2157 1872; x_wconf 81' lang='grc' dir='ltr'>Β</span> <span class='ocrx_word' id='word_1_236' title='bbox 2186 1821 2368 1860; x_wconf 89' lang='lat' dir='ltr'><strong>meson</strong></span> <span class='ocrx_word' id='word_1_237' title='bbox 2409 1814 2464 1859; x_wconf 88' lang='lat' dir='ltr'><strong>et</strong></span> <span class='ocrx_word' id='word_1_238' title='bbox 2493 1806 2615 1859; x_wconf 89' lang='lat' dir='ltr'><strong>trite</strong></span> <span class='ocrx_word' id='word_1_239' title='bbox 2657 1776 3078 1873; x_wconf 80' lang='lat' dir='ltr'><strong>diezeugmenon</strong></span> <span class='ocrx_word' id='word_1_240' title='bbox 3112 1817 3215 1855; x_wconf 90' lang='lat' dir='ltr'><strong>non</strong></span> <span class='ocrx_word' id='word_1_241' title='bbox 3270 1776 3564 1870; x_wconf 75' lang='lat' dir='ltr'><strong>probantur</strong></span> <span class='ocrx_word' id='word_1_242' title='bbox 3587 1804 3773 1854; x_wconf 90' lang='lat' dir='ltr'><strong>immo-</strong></span> 
     </span>
    </p>
   </div>
   <div class='ocr_carea' id='block_1_33' title="bbox 495 1866 2079 1931">
    <p class='ocr_par' dir='ltr' id='par_1_33' title="bbox 495 1866 2079 1931">
     <span class='ocr_line' id='line_1_33' title="bbox 495 1866 2079 1931; baseline 0.004 -15"><span class='ocrx_word' id='word_1_243' title='bbox 495 1866 901 1919; x_wconf 85' lang='lat' dir='ltr'><strong>eonsonantiam</strong></span> <span class='ocrx_word' id='word_1_244' title='bbox 934 1867 1177 1920; x_wconf 75' lang='lat' dir='ltr'><strong>incientis</strong></span> <span class='ocrx_word' id='word_1_245' title='bbox 1210 1868 1454 1922; x_wconf 90' lang='lat' dir='ltr'><strong>terminis</strong></span> <span class='ocrx_word' id='word_1_246' title='bbox 1478 1867 1792 1931; x_wconf 90' lang='lat' dir='ltr'><strong>constituta,</strong></span> <span class='ocrx_word' id='word_1_247' title='bbox 1819 1878 1873 1921; x_wconf 86' lang='lat' dir='ltr'><strong>ut</strong></span> <span class='ocrx_word' id='word_1_248' title='bbox 1894 1868 1947 1922; x_wconf 89' lang='lat' dir='ltr'><strong>in</strong></span> <span class='ocrx_word' id='word_1_249' title='bbox 1970 1868 2079 1922; x_wconf 87' lang='lat' dir='ltr'><strong>dia-</strong></span> 
     </span>
    </p>
   </div>
   <div class='ocr_carea' id='block_1_34' title="bbox 494 1957 2075 2028">
    <p class='ocr_par' dir='ltr' id='par_1_34' title="bbox 494 1957 2075 2028">
     <span class='ocr_line' id='line_1_34' title="bbox 494 1957 2075 2028; baseline 0.003 -19"><span class='ocrx_word' id='word_1_250' title='bbox 494 1957 673 2015; x_wconf 87' lang='lat' dir='ltr'><strong>tonico</strong></span> <span class='ocrx_word' id='word_1_251' title='bbox 701 1972 922 2026; x_wconf 80' lang='lat' dir='ltr'><strong>genere.</strong></span> <span class='ocrx_word' id='word_1_252' title='bbox 956 1958 1087 2012; x_wconf 84' lang='lat' dir='ltr'><strong>Nam</strong></span> <span class='ocrx_word' id='word_1_253' title='bbox 1115 1959 1160 2013; x_wconf 92' lang='lat' dir='ltr'><strong>si</strong></span> <span class='ocrx_word' id='word_1_254' title='bbox 1206 1959 1627 2028; x_wconf 79' lang='lat' dir='ltr'><strong>diezeugmenon</strong></span> <span class='ocrx_word' id='word_1_255' title='bbox 1671 1960 2075 2015; x_wconf 88' lang='lat' dir='ltr'><strong>tetrachordum</strong></span> 
     </span>
    </p>
   </div>
   <div class='ocr_carea' id='block_1_35' title="bbox 494 2047 2076 2121">
    <p class='ocr_par' dir='ltr' id='par_1_35' title="bbox 494 2047 2076 2121">
     <span class='ocr_line' id='line_1_35' title="bbox 494 2047 2076 2121; baseline 0.003 -21"><span class='ocrx_word' id='word_1_256' title='bbox 494 2047 633 2102; x_wconf 89' lang='lat' dir='ltr'><strong>inter</strong></span> <span class='ocrx_word' id='word_1_257' title='bbox 662 2047 1028 2120; x_wconf 86' lang='lat' dir='ltr'><strong>hyperboleon</strong></span> <span class='ocrx_word' id='word_1_258' title='bbox 1078 2050 1475 2104; x_wconf 90' lang='lat' dir='ltr'><strong>tetrachordum</strong></span> <span class='ocrx_word' id='word_1_259' title='bbox 1515 2051 1542 2088; x_wconf 73' lang='grc' dir='ltr'>ι)</span> <span class='ocrx_word' id='word_1_260' title='bbox 1572 2066 1866 2120; x_wconf 88' lang='lat' dir='ltr'><strong>mesenque</strong></span> <span class='ocrx_word' id='word_1_261' title='bbox 1915 2066 2076 2121; x_wconf 87' lang='lat' dir='ltr'><strong>pona-</strong></span> 
     </span>
    </p>
   </div>
   <div class='ocr_carea' id='block_1_36' title="bbox 494 2141 2076 2211">
    <p class='ocr_par' dir='ltr' id='par_1_36' title="bbox 494 2141 2076 2211">
     <span class='ocr_line' id='line_1_36' title="bbox 494 2141 2076 2211; baseline 0.003 -19"><span class='ocrx_word' id='word_1_262' title='bbox 494 2154 635 2208; x_wconf 84' lang='lat' dir='ltr'><strong>mus,</strong></span> <span class='ocrx_word' id='word_1_263' title='bbox 696 2141 971 2195; x_wconf 89' lang='lat' dir='ltr'><strong>subtracto</strong></span> <span class='ocrx_word' id='word_1_264' title='bbox 1011 2143 1219 2197; x_wconf 90' lang='lat' dir='ltr'><strong>scilicet</strong></span> <span class='ocrx_word' id='word_1_265' title='bbox 1269 2156 1654 2211; x_wconf 89' lang='lat' dir='ltr'><strong>synemmenon</strong></span> <span class='ocrx_word' id='word_1_266' title='bbox 1713 2143 2076 2209; x_wconf 89' lang='lat' dir='ltr'><strong>tetrachordo,</strong></span> 
     </span>
    </p>
   </div>
   <div class='ocr_carea' id='block_1_37' title="bbox 494 2232 2081 2303">
    <p class='ocr_par' dir='ltr' id='par_1_37' title="bbox 494 2232 2081 2303">
     <span class='ocr_line' id='line_1_37' title="bbox 494 2232 2081 2303; baseline 0.003 -19"><span class='ocrx_word' id='word_1_267' title='bbox 494 2240 656 2284; x_wconf 90' lang='lat' dir='ltr'><strong>erunt</strong></span> <span class='ocrx_word' id='word_1_268' title='bbox 685 2232 751 2290; x_wconf 75' lang='lat'><strong>15</strong></span> <span class='ocrx_word' id='word_1_269' title='bbox 782 2234 953 2287; x_wconf 88' lang='lat' dir='ltr'><strong>nervi.</strong></span> <span class='ocrx_word' id='word_1_270' title='bbox 988 2236 1056 2294; x_wconf 82' lang='grc' dir='ltr'>ᾼι</span> <span class='ocrx_word' id='word_1_271' title='bbox 1092 2233 1137 2286; x_wconf 92' lang='lat' dir='ltr'><strong>si</strong></span> <span class='ocrx_word' id='word_1_272' title='bbox 1167 2232 1234 2286; x_wconf 92' lang='lat' dir='ltr'><strong>ab</strong></span> <span class='ocrx_word' id='word_1_273' title='bbox 1266 2233 1348 2287; x_wconf 93' lang='lat' dir='ltr'><strong>his</strong></span> <span class='ocrx_word' id='word_1_274' title='bbox 1392 2235 1961 2303; x_wconf 87' lang='lat' dir='ltr'><strong>proslambanomenos</strong></span> <span class='ocrx_word' id='word_1_275' title='bbox 1987 2236 2081 2290; x_wconf 89' lang='lat' dir='ltr'><strong>de-</strong></span> 
     </span>
    </p>
   </div>
   <div class='ocr_carea' id='block_1_38' title="bbox 495 2314 2081 2399">
    <p class='ocr_par' dir='ltr' id='par_1_38' title="bbox 495 2314 2081 2399">
     <span class='ocr_line' id='line_1_38' title="bbox 495 2314 2081 2399; baseline 0.003 -22"><span class='ocrx_word' id='word_1_276' title='bbox 495 2314 759 2394; x_wconf 65' lang='lat' dir='ltr'><strong>trahatur,</strong></span> <span class='ocrx_word' id='word_1_277' title='bbox 798 2325 1407 2399; x_wconf 89' lang='lat' dir='ltr'><strong>eruntquatuordecim.</strong></span> <span class='ocrx_word' id='word_1_278' title='bbox 1455 2325 1517 2378; x_wconf 87' lang='lat' dir='ltr'><strong>Ili</strong></span> <span class='ocrx_word' id='word_1_279' title='bbox 1550 2342 1679 2394; x_wconf 80' lang='lat' dir='ltr'><strong>ergo</strong></span> <span class='ocrx_word' id='word_1_280' title='bbox 1725 2326 2081 2396; x_wconf 90' lang='lat' dir='ltr'><strong>disponantur</strong></span> 
     </span>
    </p>
   </div>
   <div class='ocr_carea' id='block_1_39' title="bbox 496 2413 2081 2489">
    <p class='ocr_par' dir='ltr' id='par_1_39' title="bbox 496 2413 2081 2489">
     <span class='ocr_line' id='line_1_39' title="bbox 496 2413 2081 2489; baseline 0.004 -24"><span class='ocrx_word' id='word_1_281' title='bbox 496 2414 600 2479; x_wconf 84' lang='lat' dir='ltr'><strong>hoc</strong></span> <span class='ocrx_word' id='word_1_282' title='bbox 630 2413 808 2488; x_wconf 69' lang='lat' dir='ltr'><strong>modo.</strong></span> <span class='ocrx_word' id='word_1_283' title='bbox 838 2414 919 2483; x_wconf 70' lang='lat' dir='ltr'><strong>Sit</strong></span> <span class='ocrx_word' id='word_1_284' title='bbox 945 2416 989 2469; x_wconf 83' lang='lat' dir='ltr'><strong>A</strong></span> <span class='ocrx_word' id='word_1_285' title='bbox 1023 2414 1218 2485; x_wconf 89' lang='lat' dir='ltr'><strong>hypate</strong></span> <span class='ocrx_word' id='word_1_286' title='bbox 1253 2416 1505 2486; x_wconf 87' lang='lat' dir='ltr'><strong>hypaton,</strong></span> <span class='ocrx_word' id='word_1_287' title='bbox 1536 2416 1574 2468; x_wconf 87' lang='grc' dir='ltr'>Β</span> <span class='ocrx_word' id='word_1_288' title='bbox 1599 2416 1893 2489; x_wconf 84' lang='lat' dir='ltr'><strong>parhypate</strong></span> <span class='ocrx_word' id='word_1_289' title='bbox 1916 2418 2081 2488; x_wconf 89' lang='lat' dir='ltr'><strong>hypa-</strong></span> 
     </span>
    </p>
   </div>
   <div class='ocr_carea' id='block_1_40' title="bbox 497 2506 2082 2583">
    <p class='ocr_par' dir='ltr' id='par_1_40' title="bbox 497 2506 2082 2583">
     <span class='ocr_line' id='line_1_40' title="bbox 497 2506 2082 2583; baseline 0.004 -25"><span class='ocrx_word' id='word_1_290' title='bbox 497 2514 612 2572; x_wconf 87' lang='lat' dir='ltr'><strong>ton,</strong></span> <span class='ocrx_word' id='word_1_291' title='bbox 653 2506 693 2560; x_wconf 79' lang='lat' dir='ltr'><strong><em>C</em></strong></span> <span class='ocrx_word' id='word_1_292' title='bbox 723 2506 916 2576; x_wconf 87' lang='lat' dir='ltr'><strong>hypate</strong></span> <span class='ocrx_word' id='word_1_293' title='bbox 941 2507 1217 2578; x_wconf 88' lang='lat' dir='ltr'><strong>lychanos,</strong></span> <span class='ocrx_word' id='word_1_294' title='bbox 1277 2510 1317 2562; x_wconf 93' lang='lat' dir='ltr'><strong>D</strong></span> <span class='ocrx_word' id='word_1_295' title='bbox 1340 2508 1536 2579; x_wconf 82' lang='lat' dir='ltr'><strong>hypate</strong></span> <span class='ocrx_word' id='word_1_296' title='bbox 1558 2526 1765 2574; x_wconf 91' lang='lat' dir='ltr'><strong>meson,</strong></span> <span class='ocrx_word' id='word_1_297' title='bbox 1815 2511 1857 2565; x_wconf 86' lang='lat' dir='ltr'><strong>E</strong></span> <span class='ocrx_word' id='word_1_298' title='bbox 1888 2513 2082 2583; x_wconf 83' lang='lat' dir='ltr'><strong>parhy-</strong></span> 
     </span>
    </p>
   </div>
   <div class='ocr_carea' id='block_1_41' title="bbox 499 2599 2082 2669">
    <p class='ocr_par' dir='ltr' id='par_1_41' title="bbox 499 2599 2082 2669">
     <span class='ocr_line' id='line_1_41' title="bbox 499 2599 2082 2669; baseline 0.005 -19"><span class='ocrx_word' id='word_1_299' title='bbox 499 2606 622 2666; x_wconf 88' lang='lat' dir='ltr'><strong>pate</strong></span> <span class='ocrx_word' id='word_1_300' title='bbox 650 2612 856 2665; x_wconf 85' lang='lat' dir='ltr'><strong>meson,</strong></span> <span class='ocrx_word' id='word_1_301' title='bbox 895 2599 932 2652; x_wconf 81' lang='lat' dir='ltr'>F</span> <span class='ocrx_word' id='word_1_302' title='bbox 962 2599 1221 2669; x_wconf 90' lang='lat' dir='ltr'><strong>lychanos</strong></span> <span class='ocrx_word' id='word_1_303' title='bbox 1253 2615 1461 2665; x_wconf 90' lang='lat' dir='ltr'><strong>meson,</strong></span> <span class='ocrx_word' id='word_1_304' title='bbox 1490 2602 1533 2656; x_wconf 88' lang='lat' dir='ltr'><strong><em>G</em></strong></span> <span class='ocrx_word' id='word_1_305' title='bbox 1566 2617 1730 2665; x_wconf 89' lang='lat' dir='ltr'><strong>mese,</strong></span> <span class='ocrx_word' id='word_1_306' title='bbox 1767 2604 1807 2655; x_wconf 84' lang='lat' dir='ltr'><strong>ll</strong></span> <span class='ocrx_word' id='word_1_307' title='bbox 1840 2618 2082 2669; x_wconf 86' lang='lat' dir='ltr'><strong>parame-</strong></span> 
     </span>
    </p>
   </div>
   <div class='ocr_carea' id='block_1_42' title="bbox 496 2687 2077 2764">
    <p class='ocr_par' dir='ltr' id='par_1_42' title="bbox 496 2687 2077 2764">
     <span class='ocr_line' id='line_1_42' title="bbox 496 2687 2077 2764; baseline 0.008 -24"><span class='ocrx_word' id='word_1_308' title='bbox 496 2701 576 2753; x_wconf 90' lang='lat' dir='ltr'><strong>se,</strong></span> <span class='ocrx_word' id='word_1_309' title='bbox 610 2687 626 2740; x_wconf 90' lang='lat' dir='ltr'><strong>l</strong></span> <span class='ocrx_word' id='word_1_310' title='bbox 658 2690 779 2743; x_wconf 90' lang='lat' dir='ltr'><strong>trite</strong></span> <span class='ocrx_word' id='word_1_311' title='bbox 808 2690 1251 2759; x_wconf 79' lang='lat' dir='ltr'><strong>diezeugmenon,</strong></span> <span class='ocrx_word' id='word_1_312' title='bbox 1283 2692 1325 2744; x_wconf 83' lang='grc' dir='ltr'><strong>Κ</strong></span> <span class='ocrx_word' id='word_1_313' title='bbox 1358 2704 1611 2760; x_wconf 78' lang='lat' dir='ltr'><strong>paranete</strong></span> <span class='ocrx_word' id='word_1_314' title='bbox 1632 2695 2077 2764; x_wconf 84' lang='lat' dir='ltr'><strong>diezeugmenon,</strong></span> 
     </span>
    </p>
   </div>
   <div class='ocr_carea' id='block_1_43' title="bbox 498 2776 2082 2858">
    <p class='ocr_par' dir='ltr' id='par_1_43' title="bbox 498 2776 2082 2858">
     <span class='ocr_line' id='line_1_43' title="bbox 498 2776 2082 2858; baseline 0.008 -27"><span class='ocrx_word' id='word_1_315' title='bbox 498 2776 538 2831; x_wconf 85' lang='lat' dir='ltr'><strong>L</strong></span> <span class='ocrx_word' id='word_1_316' title='bbox 570 2791 690 2833; x_wconf 87' lang='lat' dir='ltr'><strong>nete</strong></span> <span class='ocrx_word' id='word_1_317' title='bbox 721 2781 1163 2849; x_wconf 69' lang='lat' dir='ltr'><strong>diezeugmenon,</strong></span> <span class='ocrx_word' id='word_1_318' title='bbox 1196 2784 1245 2836; x_wconf 87' lang='lat' dir='ltr'><strong>M</strong></span> <span class='ocrx_word' id='word_1_319' title='bbox 1277 2783 1401 2838; x_wconf 88' lang='lat' dir='ltr'><strong>trite</strong></span> <span class='ocrx_word' id='word_1_320' title='bbox 1432 2784 1819 2856; x_wconf 85' lang='lat' dir='ltr'><strong>hyperboleon,</strong></span> <span class='ocrx_word' id='word_1_321' title='bbox 1853 2788 1897 2841; x_wconf 88' lang='lat' dir='ltr'><strong>N</strong></span> <span class='ocrx_word' id='word_1_322' title='bbox 1927 2805 2082 2858; x_wconf 87' lang='lat' dir='ltr'><strong>para-</strong></span> 
     </span>
    </p>
   </div>
   <div class='ocr_carea' id='block_1_44' title="bbox 497 2871 2082 2949">
    <p class='ocr_par' dir='ltr' id='par_1_44' title="bbox 497 2871 2082 2949">
     <span class='ocr_line' id='line_1_44' title="bbox 497 2871 2082 2949; baseline 0.008 -26"><span class='ocrx_word' id='word_1_323' title='bbox 497 2880 621 2924; x_wconf 86' lang='lat' dir='ltr'><strong>nete</strong></span> <span class='ocrx_word' id='word_1_324' title='bbox 645 2871 1009 2941; x_wconf 86' lang='lat' dir='ltr'><strong>hyperboleon</strong></span> <span class='ocrx_word' id='word_1_325' title='bbox 1038 2913 1055 2939; x_wconf 91' lang='lat'><strong>,</strong></span> <span class='ocrx_word' id='word_1_326' title='bbox 1115 2873 1159 2928; x_wconf 89' lang='lat'>0</span> <span class='ocrx_word' id='word_1_327' title='bbox 1181 2882 1306 2929; x_wconf 90' lang='lat' dir='ltr'><strong>nete</strong></span> <span class='ocrx_word' id='word_1_328' title='bbox 1340 2874 1729 2945; x_wconf 88' lang='lat' dir='ltr'><strong>hyperboleon.</strong></span> <span class='ocrx_word' id='word_1_329' title='bbox 1778 2879 1859 2931; x_wconf 85' lang='lat' dir='ltr'><strong>Ab</strong></span> <span class='ocrx_word' id='word_1_330' title='bbox 1886 2879 2082 2949; x_wconf 82' lang='lat' dir='ltr'><strong>hypate</strong></span> 
     </span>
    </p>
   </div>
   <div class='ocr_carea' id='block_1_45' title="bbox 496 2961 2084 3035">
    <p class='ocr_par' dir='ltr' id='par_1_45' title="bbox 496 2961 2084 3035">
     <span class='ocr_line' id='line_1_45' title="bbox 496 2961 2084 3035; baseline 0.007 -21"><span class='ocrx_word' id='word_1_331' title='bbox 496 2961 655 3026; x_wconf 72' lang='lat' dir='ltr'><strong>igitur</strong></span> <span class='ocrx_word' id='word_1_332' title='bbox 682 2963 745 3016; x_wconf 90' lang='lat' dir='ltr'><strong>ad</strong></span> <span class='ocrx_word' id='word_1_333' title='bbox 764 2979 1077 3031; x_wconf 87' lang='lat' dir='ltr'><strong>paramesen</strong></span> <span class='ocrx_word' id='word_1_334' title='bbox 1109 2965 1369 3035; x_wconf 88' lang='lat' dir='ltr'><strong>diapason</strong></span> <span class='ocrx_word' id='word_1_335' title='bbox 1394 2970 1745 3023; x_wconf 88' lang='lat' dir='ltr'><strong>consonantia</strong></span> <span class='ocrx_word' id='word_1_336' title='bbox 1776 2980 1879 3024; x_wconf 91' lang='lat' dir='ltr'><strong>est.</strong></span> <span class='ocrx_word' id='word_1_337' title='bbox 1910 2974 1947 3025; x_wconf 85' lang='lat' dir='ltr'><strong>A</strong></span> <span class='ocrx_word' id='word_1_338' title='bbox 1978 2987 2084 3025; x_wconf 91' lang='lat' dir='ltr'><strong>me-</strong></span> 
     </span>
    </p>
   </div>
   <div class='ocr_carea' id='block_1_46' title="bbox 496 3055 2079 3126">
    <p class='ocr_par' dir='ltr' id='par_1_46' title="bbox 496 3055 2079 3126">
     <span class='ocr_line' id='line_1_46' title="bbox 496 3055 2079 3126; baseline 0.006 -19"><span class='ocrx_word' id='word_1_339' title='bbox 496 3068 558 3107; x_wconf 82' lang='lat' dir='ltr'><strong>tte</strong></span> <span class='ocrx_word' id='word_1_340' title='bbox 586 3068 713 3107; x_wconf 86' lang='lat' dir='ltr'><strong>vero</strong></span> <span class='ocrx_word' id='word_1_341' title='bbox 760 3055 825 3108; x_wconf 91' lang='lat' dir='ltr'><strong>ad</strong></span> <span class='ocrx_word' id='word_1_342' title='bbox 858 3055 1087 3126; x_wconf 88' lang='lat' dir='ltr'><strong>hypaten</strong></span> <span class='ocrx_word' id='word_1_343' title='bbox 1141 3072 1325 3112; x_wconf 91' lang='lat' dir='ltr'><strong>meson</strong></span> <span class='ocrx_word' id='word_1_344' title='bbox 1371 3060 1728 3125; x_wconf 87' lang='lat' dir='ltr'><strong>diatessaron,</strong></span> <span class='ocrx_word' id='word_1_345' title='bbox 1785 3061 1852 3115; x_wconf 90' lang='lat' dir='ltr'><strong>ab</strong></span> <span class='ocrx_word' id='word_1_346' title='bbox 1894 3063 2079 3117; x_wconf 91' lang='lat' dir='ltr'><strong>eadem</strong></span> 
     </span>
    </p>
   </div>
   <div class='ocr_carea' id='block_1_47' title="bbox 2180 1893 3772 1961">
    <p class='ocr_par' dir='ltr' id='par_1_47' title="bbox 2180 1893 3772 1961">
     <span class='ocr_line' id='line_1_47' title="bbox 2180 1893 3772 1961; baseline -0.004 -12"><span class='ocrx_word' id='word_1_347' title='bbox 2180 1896 2334 1950; x_wconf 90' lang='lat' dir='ltr'><strong>biles.</strong></span> <span class='ocrx_word' id='word_1_348' title='bbox 2367 1896 2571 1949; x_wconf 80' lang='lat' dir='ltr'><strong>Rursus</strong></span> <span class='ocrx_word' id='word_1_349' title='bbox 2593 1896 2636 1949; x_wconf 92' lang='lat' dir='ltr'><strong>si</strong></span> <span class='ocrx_word' id='word_1_350' title='bbox 2675 1895 2920 1949; x_wconf 88' lang='lat' dir='ltr'><strong>eamdem</strong></span> <span class='ocrx_word' id='word_1_351' title='bbox 2949 1893 3285 1947; x_wconf 86' lang='lat' dir='ltr'><strong>diatessaron</strong></span> <span class='ocrx_word' id='word_1_352' title='bbox 3312 1906 3597 1961; x_wconf 87' lang='lat' dir='ltr'><strong>paramese</strong></span> <span class='ocrx_word' id='word_1_353' title='bbox 3615 1894 3772 1946; x_wconf 66' lang='lat' dir='ltr'><strong>susci«</strong></span> 
     </span>
    </p>
   </div>
   <div class='ocr_carea' id='block_1_48' title="bbox 2180 1983 3773 2056">
    <p class='ocr_par' dir='ltr' id='par_1_48' title="bbox 2180 1983 3773 2056">
     <span class='ocr_line' id='line_1_48' title="bbox 2180 1983 3773 2056; baseline -0.004 -16"><span class='ocrx_word' id='word_1_354' title='bbox 2180 1987 2290 2056; x_wconf 89' lang='lat' dir='ltr'><strong>piat</strong></span> <span class='ocrx_word' id='word_1_355' title='bbox 2343 1984 2690 2047; x_wconf 89' lang='lat' dir='ltr'><strong>ordiendam,</strong></span> <span class='ocrx_word' id='word_1_356' title='bbox 2750 1984 2853 2038; x_wconf 92' lang='lat' dir='ltr'><strong>erit</strong></span> <span class='ocrx_word' id='word_1_357' title='bbox 2900 1994 2923 2031; x_wconf 70' lang='grc' dir='ltr'><strong>Β</strong></span> <span class='ocrx_word' id='word_1_358' title='bbox 2957 1998 3167 2053; x_wconf 90' lang='lat' dir='ltr'><strong>quoque</strong></span> <span class='ocrx_word' id='word_1_359' title='bbox 3208 1998 3327 2052; x_wconf 76' lang='lat' dir='ltr'><strong>qua:</strong></span> <span class='ocrx_word' id='word_1_360' title='bbox 3372 1983 3588 2036; x_wconf 89' lang='lat' dir='ltr'><strong>statutis</strong></span> <span class='ocrx_word' id='word_1_361' title='bbox 3631 1997 3773 2035; x_wconf 88' lang='lat' dir='ltr'><strong>coer-</strong></span> 
     </span>
    </p>
   </div>
   <div class='ocr_carea' id='block_1_49' title="bbox 2179 2074 3774 2147">
    <p class='ocr_par' dir='ltr' id='par_1_49' title="bbox 2179 2074 3774 2147">
     <span class='ocr_line' id='line_1_49' title="bbox 2179 2074 3774 2147; baseline -0.005 -13"><span class='ocrx_word' id='word_1_362' title='bbox 2179 2090 2363 2135; x_wconf 90' lang='lat' dir='ltr'><strong>ceatur</strong></span> <span class='ocrx_word' id='word_1_363' title='bbox 2385 2079 2553 2147; x_wconf 90' lang='lat' dir='ltr'><strong>sonis,</strong></span> <span class='ocrx_word' id='word_1_364' title='bbox 2578 2078 2914 2132; x_wconf 89' lang='lat' dir='ltr'><strong>diatessaron</strong></span> <span class='ocrx_word' id='word_1_365' title='bbox 2945 2077 3151 2145; x_wconf 89' lang='lat' dir='ltr'><strong>species</strong></span> <span class='ocrx_word' id='word_1_366' title='bbox 3182 2075 3223 2129; x_wconf 87' lang='lat' dir='ltr'><strong>ll</strong></span> <span class='ocrx_word' id='word_1_367' title='bbox 3258 2076 3297 2129; x_wconf 89' lang='lat' dir='ltr'><strong>L</strong></span> <span class='ocrx_word' id='word_1_368' title='bbox 3321 2116 3335 2137; x_wconf 91' lang='lat'><strong>,</strong></span> <span class='ocrx_word' id='word_1_369' title='bbox 3365 2074 3415 2128; x_wconf 92' lang='lat' dir='ltr'><strong>id</strong></span> <span class='ocrx_word' id='word_1_370' title='bbox 3445 2084 3530 2127; x_wconf 89' lang='lat' dir='ltr'><strong>est</strong></span> <span class='ocrx_word' id='word_1_371' title='bbox 3564 2088 3593 2127; x_wconf 88' lang='lat' dir='ltr'><strong>a</strong></span> <span class='ocrx_word' id='word_1_372' title='bbox 3626 2088 3774 2142; x_wconf 82' lang='lat' dir='ltr'><strong>para-</strong></span> 
     </span>
    </p>
   </div>
   <div class='ocr_carea' id='block_1_50' title="bbox 2182 2164 3773 2236">
    <p class='ocr_par' dir='ltr' id='par_1_50' title="bbox 2182 2164 3773 2236">
     <span class='ocr_line' id='line_1_50' title="bbox 2182 2164 3773 2236; baseline -0.006 -11"><span class='ocrx_word' id='word_1_373' title='bbox 2182 2185 2330 2225; x_wconf 88' lang='lat' dir='ltr'><strong>mese</strong></span> <span class='ocrx_word' id='word_1_374' title='bbox 2360 2170 2411 2223; x_wconf 91' lang='lat' dir='ltr'><strong>in</strong></span> <span class='ocrx_word' id='word_1_375' title='bbox 2436 2180 2558 2223; x_wconf 91' lang='lat' dir='ltr'><strong>nete</strong></span> <span class='ocrx_word' id='word_1_376' title='bbox 2608 2169 3063 2235; x_wconf 87' lang='lat' dir='ltr'><strong>diezeugmenon,</strong></span> <span class='ocrx_word' id='word_1_377' title='bbox 3105 2181 3225 2236; x_wconf 85' lang='lat' dir='ltr'><strong>qua:</strong></span> <span class='ocrx_word' id='word_1_378' title='bbox 3286 2174 3367 2219; x_wconf 90' lang='lat' dir='ltr'><strong>est</strong></span> <span class='ocrx_word' id='word_1_379' title='bbox 3398 2164 3594 2233; x_wconf 89' lang='lat' dir='ltr'><strong>prima.</strong></span> <span class='ocrx_word' id='word_1_380' title='bbox 3650 2164 3773 2217; x_wconf 77' lang='lat' dir='ltr'><strong>Nam</strong></span> 
     </span>
    </p>
   </div>
   <div class='ocr_carea' id='block_1_51' title="bbox 2182 2255 3776 2328">
    <p class='ocr_par' dir='ltr' id='par_1_51' title="bbox 2182 2255 3776 2328">
     <span class='ocr_line' id='line_1_51' title="bbox 2182 2255 3776 2328; baseline -0.005 -14"><span class='ocrx_word' id='word_1_381' title='bbox 2182 2270 2392 2314; x_wconf 65' lang='lat' dir='ltr'><strong>cratera:</strong></span> <span class='ocrx_word' id='word_1_382' title='bbox 2420 2274 2540 2328; x_wconf 79' lang='lat' dir='ltr'><strong>qua:</strong></span> <span class='ocrx_word' id='word_1_383' title='bbox 2569 2267 2693 2311; x_wconf 91' lang='lat' dir='ltr'><strong>sunt</strong></span> <span class='ocrx_word' id='word_1_384' title='bbox 2725 2257 2741 2311; x_wconf 90' lang='grc' dir='ltr'><strong>Ι</strong></span> <span class='ocrx_word' id='word_1_385' title='bbox 2774 2257 2898 2312; x_wconf 81' lang='lat' dir='ltr'><strong>Met</strong></span> <span class='ocrx_word' id='word_1_386' title='bbox 2925 2256 2965 2310; x_wconf 82' lang='lat' dir='ltr'><strong>K</strong></span> <span class='ocrx_word' id='word_1_387' title='bbox 3005 2256 3045 2310; x_wconf 84' lang='lat' dir='ltr'><strong>N</strong></span> <span class='ocrx_word' id='word_1_388' title='bbox 3086 2256 3376 2310; x_wconf 90' lang='lat' dir='ltr'><strong>mobilibus</strong></span> <span class='ocrx_word' id='word_1_389' title='bbox 3415 2255 3776 2309; x_wconf 88' lang='lat' dir='ltr'><strong>terminantur</strong></span> 
     </span>
    </p>
   </div>
   <div class='ocr_carea' id='block_1_52' title="bbox 2181 2345 3775 2418">
    <p class='ocr_par' dir='ltr' id='par_1_52' title="bbox 2181 2345 3775 2418">
     <span class='ocr_line' id='line_1_52' title="bbox 2181 2345 3775 2418; baseline -0.006 -10"><span class='ocrx_word' id='word_1_390' title='bbox 2181 2354 2347 2408; x_wconf 88' lang='lat' dir='ltr'><strong>sonis.</strong></span> <span class='ocrx_word' id='word_1_391' title='bbox 2400 2351 2534 2405; x_wconf 86' lang='lat' dir='ltr'><strong>Nam</strong></span> <span class='ocrx_word' id='word_1_392' title='bbox 2567 2350 2727 2404; x_wconf 90' lang='lat' dir='ltr'><strong>triten</strong></span> <span class='ocrx_word' id='word_1_393' title='bbox 2755 2349 3197 2418; x_wconf 77' lang='lat' dir='ltr'><strong>diezeugmenon,</strong></span> <span class='ocrx_word' id='word_1_394' title='bbox 3233 2359 3287 2402; x_wconf 88' lang='lat' dir='ltr'><strong>et</strong></span> <span class='ocrx_word' id='word_1_395' title='bbox 3334 2357 3633 2416; x_wconf 86' lang='lat' dir='ltr'><strong>paraneteu</strong></span> <span class='ocrx_word' id='word_1_396' title='bbox 3667 2345 3775 2399; x_wconf 85' lang='lat' dir='ltr'><strong>die-</strong></span> 
     </span>
    </p>
   </div>
   <div class='ocr_carea' id='block_1_53' title="bbox 2184 2436 3777 2510">
    <p class='ocr_par' dir='ltr' id='par_1_53' title="bbox 2184 2436 3777 2510">
     <span class='ocr_line' id='line_1_53' title="bbox 2184 2436 3777 2510; baseline -0.006 -14"><span class='ocrx_word' id='word_1_397' title='bbox 2184 2456 2517 2510; x_wconf 84' lang='lat' dir='ltr'><strong>zeugmenon</strong></span> <span class='ocrx_word' id='word_1_398' title='bbox 2540 2482 2553 2505; x_wconf 93' lang='lat'><strong>,</strong></span> <span class='ocrx_word' id='word_1_399' title='bbox 2575 2449 2629 2493; x_wconf 88' lang='lat' dir='ltr'><strong>et</strong></span> <span class='ocrx_word' id='word_1_400' title='bbox 2656 2441 2818 2494; x_wconf 87' lang='lat' dir='ltr'><strong>triten</strong></span> <span class='ocrx_word' id='word_1_401' title='bbox 2856 2438 3223 2508; x_wconf 89' lang='lat' dir='ltr'><strong>hyperboleon</strong></span> <span class='ocrx_word' id='word_1_402' title='bbox 3243 2479 3258 2503; x_wconf 94' lang='lat'><strong>,</strong></span> <span class='ocrx_word' id='word_1_403' title='bbox 3289 2449 3341 2492; x_wconf 89' lang='lat' dir='ltr'><strong>et</strong></span> <span class='ocrx_word' id='word_1_404' title='bbox 3362 2446 3660 2505; x_wconf 86' lang='lat' dir='ltr'><strong>paraneten</strong></span> <span class='ocrx_word' id='word_1_405' title='bbox 3687 2436 3777 2505; x_wconf 80' lang='lat' dir='ltr'><strong>hy-</strong></span> 
     </span>
    </p>
   </div>
   <div class='ocr_carea' id='block_1_54' title="bbox 2184 2527 3778 2604">
    <p class='ocr_par' dir='ltr' id='par_1_54' title="bbox 2184 2527 3778 2604">
     <span class='ocr_line' id='line_1_54' title="bbox 2184 2527 3778 2604; baseline -0.008 -16"><span class='ocrx_word' id='word_1_406' title='bbox 2184 2534 2471 2604; x_wconf 90' lang='lat' dir='ltr'><strong>perboleon</strong></span> <span class='ocrx_word' id='word_1_407' title='bbox 2506 2532 2734 2588; x_wconf 91' lang='lat' dir='ltr'><strong>mobiles</strong></span> <span class='ocrx_word' id='word_1_408' title='bbox 2766 2545 2922 2586; x_wconf 91' lang='lat' dir='ltr'><strong>voces</strong></span> <span class='ocrx_word' id='word_1_409' title='bbox 2944 2546 3066 2585; x_wconf 91' lang='lat' dir='ltr'><strong>esse</strong></span> <span class='ocrx_word' id='word_1_410' title='bbox 3096 2530 3464 2599; x_wconf 66' lang='lat' dir='ltr'><strong>praediximus.</strong></span> <span class='ocrx_word' id='word_1_411' title='bbox 3511 2528 3646 2582; x_wconf 86' lang='lat' dir='ltr'><strong>Item</strong></span> <span class='ocrx_word' id='word_1_412' title='bbox 3670 2527 3778 2581; x_wconf 80' lang='lat' dir='ltr'><strong>dia-</strong></span> 
     </span>
    </p>
   </div>
   <div class='ocr_carea' id='block_1_55' title="bbox 2184 2620 3775 2694">
    <p class='ocr_par' dir='ltr' id='par_1_55' title="bbox 2184 2620 3775 2694">
     <span class='ocr_line' id='line_1_55' title="bbox 2184 2620 3775 2694; baseline -0.004 -15"><span class='ocrx_word' id='word_1_413' title='bbox 2184 2634 2344 2694; x_wconf 91' lang='lat' dir='ltr'><strong>pente</strong></span> <span class='ocrx_word' id='word_1_414' title='bbox 2375 2624 2726 2678; x_wconf 89' lang='lat' dir='ltr'><strong>consonantia</strong></span> <span class='ocrx_word' id='word_1_415' title='bbox 2778 2623 2911 2676; x_wconf 80' lang='lat' dir='ltr'><strong>duas</strong></span> <span class='ocrx_word' id='word_1_416' title='bbox 2942 2621 3315 2675; x_wconf 89' lang='lat' dir='ltr'><strong>tantummodo</strong></span> <span class='ocrx_word' id='word_1_417' title='bbox 3342 2620 3553 2689; x_wconf 85' lang='lat' dir='ltr'><strong>species</strong></span> <span class='ocrx_word' id='word_1_418' title='bbox 3609 2628 3775 2681; x_wconf 82' lang='lat' dir='ltr'><strong>tenet,</strong></span> 
     </span>
    </p>
   </div>
   <div class='ocr_carea' id='block_1_56' title="bbox 2184 2710 3780 2785">
    <p class='ocr_par' dir='ltr' id='par_1_56' title="bbox 2184 2710 3780 2785">
     <span class='ocr_line' id='line_1_56' title="bbox 2184 2710 3780 2785; baseline -0.004 -15"><span class='ocrx_word' id='word_1_419' title='bbox 2184 2731 2302 2785; x_wconf 81' lang='lat' dir='ltr'><strong>qua:</strong></span> <span class='ocrx_word' id='word_1_420' title='bbox 2353 2716 2571 2770; x_wconf 89' lang='lat' dir='ltr'><strong>statutis</strong></span> <span class='ocrx_word' id='word_1_421' title='bbox 2614 2713 2832 2767; x_wconf 87' lang='lat' dir='ltr'><strong>vocibus</strong></span> <span class='ocrx_word' id='word_1_422' title='bbox 2878 2712 3238 2767; x_wconf 86' lang='lat' dir='ltr'><strong>includuntur.</strong></span> <span class='ocrx_word' id='word_1_423' title='bbox 3290 2711 3355 2766; x_wconf 86' lang='lat' dir='ltr'><strong>Ut</strong></span> <span class='ocrx_word' id='word_1_424' title='bbox 3393 2712 3438 2764; x_wconf 93' lang='lat' dir='ltr'><strong>si</strong></span> <span class='ocrx_word' id='word_1_425' title='bbox 3485 2710 3553 2765; x_wconf 90' lang='lat' dir='ltr'><strong>ab</strong></span> <span class='ocrx_word' id='word_1_426' title='bbox 3584 2711 3780 2782; x_wconf 81' lang='lat' dir='ltr'><strong>hypate</strong></span> 
     </span>
    </p>
   </div>
   <div class='ocr_carea' id='block_1_57' title="bbox 2183 2804 3780 2875">
    <p class='ocr_par' dir='ltr' id='par_1_57' title="bbox 2183 2804 3780 2875">
     <span class='ocr_line' id='line_1_57' title="bbox 2183 2804 3780 2875; baseline -0.004 -12"><span class='ocrx_word' id='word_1_427' title='bbox 2183 2824 2371 2863; x_wconf 91' lang='lat' dir='ltr'><strong>meson</strong></span> <span class='ocrx_word' id='word_1_428' title='bbox 2404 2808 2703 2872; x_wconf 89' lang='lat' dir='ltr'><strong>ordiamur,</strong></span> <span class='ocrx_word' id='word_1_429' title='bbox 2727 2822 2830 2859; x_wconf 91' lang='lat' dir='ltr'><strong>una</strong></span> <span class='ocrx_word' id='word_1_430' title='bbox 2854 2805 3070 2875; x_wconf 84' lang='lat' dir='ltr'><strong>quidem</strong></span> <span class='ocrx_word' id='word_1_431' title='bbox 3098 2814 3180 2860; x_wconf 88' lang='lat' dir='ltr'><strong>est</strong></span> <span class='ocrx_word' id='word_1_432' title='bbox 3211 2804 3253 2858; x_wconf 84' lang='grc' dir='ltr'><strong>Ι)</strong></span> <span class='ocrx_word' id='word_1_433' title='bbox 3276 2804 3351 2867; x_wconf 87' lang='grc' dir='ltr'><strong>Η,</strong></span> <span class='ocrx_word' id='word_1_434' title='bbox 3381 2804 3434 2858; x_wconf 92' lang='lat' dir='ltr'><strong>id</strong></span> <span class='ocrx_word' id='word_1_435' title='bbox 3469 2811 3555 2857; x_wconf 89' lang='lat' dir='ltr'><strong>est</strong></span> <span class='ocrx_word' id='word_1_436' title='bbox 3584 2804 3657 2857; x_wconf 85' lang='lat' dir='ltr'><strong>ab</strong></span> <span class='ocrx_word' id='word_1_437' title='bbox 3688 2804 3780 2873; x_wconf 83' lang='lat' dir='ltr'><strong>by-</strong></span> 
     </span>
    </p>
   </div>
   <div class='ocr_carea' id='block_1_58' title="bbox 2186 2895 3779 2969">
    <p class='ocr_par' dir='ltr' id='par_1_58' title="bbox 2186 2895 3779 2969">
     <span class='ocr_line' id='line_1_58' title="bbox 2186 2895 3779 2969; baseline -0.003 -18"><span class='ocrx_word' id='word_1_438' title='bbox 2186 2908 2307 2969; x_wconf 90' lang='lat' dir='ltr'><strong>pate</strong></span> <span class='ocrx_word' id='word_1_439' title='bbox 2338 2914 2521 2953; x_wconf 92' lang='lat' dir='ltr'><strong>meson</strong></span> <span class='ocrx_word' id='word_1_440' title='bbox 2550 2901 2599 2953; x_wconf 93' lang='lat' dir='ltr'><strong>in</strong></span> <span class='ocrx_word' id='word_1_441' title='bbox 2629 2913 2964 2967; x_wconf 89' lang='lat' dir='ltr'><strong>paramesen,</strong></span> <span class='ocrx_word' id='word_1_442' title='bbox 2999 2914 3060 2953; x_wconf 85' lang='lat' dir='ltr'><strong>ea</strong></span> <span class='ocrx_word' id='word_1_443' title='bbox 3093 2913 3211 2968; x_wconf 78' lang='lat' dir='ltr'><strong>qua:</strong></span> <span class='ocrx_word' id='word_1_444' title='bbox 3236 2906 3319 2951; x_wconf 91' lang='lat' dir='ltr'><strong>est</strong></span> <span class='ocrx_word' id='word_1_445' title='bbox 3337 2896 3537 2966; x_wconf 87' lang='lat' dir='ltr'><strong>prima.</strong></span> <span class='ocrx_word' id='word_1_446' title='bbox 3594 2895 3779 2949; x_wconf 82' lang='lat' dir='ltr'><strong>Altera</strong></span> 
     </span>
    </p>
   </div>
   <div class='ocr_carea' id='block_1_59' title="bbox 2185 2978 3779 3056">
    <p class='ocr_par' dir='ltr' id='par_1_59' title="bbox 2185 2978 3779 3056">
     <span class='ocr_line' id='line_1_59' title="bbox 2185 2978 3779 3056; baseline -0.003 -11"><span class='ocrx_word' id='word_1_447' title='bbox 2185 3006 2312 3046; x_wconf 87' lang='lat' dir='ltr'><strong>vero</strong></span> <span class='ocrx_word' id='word_1_448' title='bbox 2333 2990 2377 3046; x_wconf 90' lang='lat' dir='ltr'>G</span> <span class='ocrx_word' id='word_1_449' title='bbox 2401 2991 2461 3056; x_wconf 86' lang='lat' dir='ltr'><strong>L,</strong></span> <span class='ocrx_word' id='word_1_450' title='bbox 2488 2991 2537 3045; x_wconf 89' lang='lat' dir='ltr'><strong>id</strong></span> <span class='ocrx_word' id='word_1_451' title='bbox 2561 2978 2642 3045; x_wconf 88' lang='lat' dir='ltr'><strong>est</strong></span> <span class='ocrx_word' id='word_1_452' title='bbox 2680 3006 2708 3044; x_wconf 92' lang='lat' dir='ltr'><strong>a</strong></span> <span class='ocrx_word' id='word_1_453' title='bbox 2729 3005 2877 3045; x_wconf 89' lang='lat' dir='ltr'><strong>mese</strong></span> <span class='ocrx_word' id='word_1_454' title='bbox 2904 2990 2956 3043; x_wconf 92' lang='lat' dir='ltr'><strong>in</strong></span> <span class='ocrx_word' id='word_1_455' title='bbox 2992 2998 3149 3043; x_wconf 91' lang='lat' dir='ltr'><strong>neten</strong></span> <span class='ocrx_word' id='word_1_456' title='bbox 3179 2987 3632 3056; x_wconf 80' lang='lat' dir='ltr'><strong>diezeugmenon,</strong></span> <span class='ocrx_word' id='word_1_457' title='bbox 3666 2987 3779 3040; x_wconf 64' lang='lat' dir='ltr'><strong>btet:</strong></span> 
     </span>
    </p>
   </div>
   <div class='ocr_carea' id='block_1_60' title="bbox 2183 3077 3781 3152">
    <p class='ocr_par' dir='ltr' id='par_1_60' title="bbox 2183 3077 3781 3152">
     <span class='ocr_line' id='line_1_60' title="bbox 2183 3077 3781 3152; baseline -0.003 -16"><span class='ocrx_word' id='word_1_458' title='bbox 2183 3097 2314 3137; x_wconf 88' lang='lat' dir='ltr'><strong>vero</strong></span> <span class='ocrx_word' id='word_1_459' title='bbox 2336 3092 2418 3137; x_wconf 90' lang='lat' dir='ltr'><strong>est</strong></span> <span class='ocrx_word' id='word_1_460' title='bbox 2446 3091 2652 3152; x_wconf 89' lang='lat' dir='ltr'><strong>quarta.</strong></span> <span class='ocrx_word' id='word_1_461' title='bbox 2686 3080 2928 3151; x_wconf 81' lang='lat' dir='ltr'><strong>Reliqua:</strong></span> <span class='ocrx_word' id='word_1_462' title='bbox 2957 3095 3106 3146; x_wconf 91' lang='lat' dir='ltr'><strong>vero,</strong></span> <span class='ocrx_word' id='word_1_463' title='bbox 3134 3078 3185 3132; x_wconf 92' lang='lat' dir='ltr'><strong>id</strong></span> <span class='ocrx_word' id='word_1_464' title='bbox 3216 3086 3299 3133; x_wconf 88' lang='lat' dir='ltr'><strong>est</strong></span> <span class='ocrx_word' id='word_1_465' title='bbox 3332 3078 3373 3131; x_wconf 83' lang='grc' dir='ltr'>Ε</span> <span class='ocrx_word' id='word_1_466' title='bbox 3408 3077 3504 3133; x_wconf 90' lang='lat' dir='ltr'><strong>let</strong></span> <span class='ocrx_word' id='word_1_467' title='bbox 3527 3078 3567 3131; x_wconf 73' lang='lat' dir='ltr'><strong>l&quot;</strong></span> <span class='ocrx_word' id='word_1_468' title='bbox 3597 3078 3664 3143; x_wconf 80' lang='grc' dir='ltr'><strong>Κ,</strong></span> <span class='ocrx_word' id='word_1_469' title='bbox 3692 3078 3781 3133; x_wconf 83' lang='lat' dir='ltr'><strong>mi-</strong></span> 
     </span>
    </p>
   </div>
   <div class='ocr_carea' id='block_1_61' title="bbox 499 3147 2081 3240">
    <p class='ocr_par' dir='ltr' id='par_1_61' title="bbox 499 3147 2081 3225">
     <span class='ocr_line' id='line_1_61' title="bbox 499 3147 2081 3225; baseline 0.007 -28"><span class='ocrx_word' id='word_1_470' title='bbox 499 3160 629 3199; x_wconf 89' lang='lat' dir='ltr'><strong>vero</strong></span> <span class='ocrx_word' id='word_1_471' title='bbox 666 3162 814 3201; x_wconf 85' lang='lat' dir='ltr'><strong>mese</strong></span> <span class='ocrx_word' id='word_1_472' title='bbox 841 3147 907 3203; x_wconf 88' lang='lat' dir='ltr'><strong>ad</strong></span> <span class='ocrx_word' id='word_1_473' title='bbox 952 3148 1216 3218; x_wconf 87' lang='lat' dir='ltr'><strong>lychanon</strong></span> <span class='ocrx_word' id='word_1_474' title='bbox 1263 3151 1495 3221; x_wconf 88' lang='lat' dir='ltr'><strong>hypaton</strong></span> <span class='ocrx_word' id='word_1_475' title='bbox 1523 3152 1795 3219; x_wconf 88' lang='lat' dir='ltr'><strong>diapente.</strong></span> <span class='ocrx_word' id='word_1_476' title='bbox 1842 3154 1956 3208; x_wconf 88' lang='lat' dir='ltr'><strong>Erit</strong></span> <span class='ocrx_word' id='word_1_477' title='bbox 1985 3155 2081 3225; x_wconf 88' lang='lat' dir='ltr'><strong>igi-</strong></span> 
     </span>
    </p>
   </div>
   <div class='ocr_carea' id='block_1_62' title="bbox 2185 3147 3778 3240">
    <p class='ocr_par' dir='ltr' id='par_1_62' title="bbox 2186 3147 3778 3240">
     <span class='ocr_line' id='line_1_62' title="bbox 2186 3147 3778 3240; baseline -0.004 -12"><span class='ocrx_word' id='word_1_478' title='bbox 2186 3175 2330 3228; x_wconf 90' lang='lat' dir='ltr'><strong>nime</strong></span> <span class='ocrx_word' id='word_1_479' title='bbox 2356 3147 2571 3229; x_wconf 78' lang='lat' dir='ltr'><strong>statutis</strong></span> <span class='ocrx_word' id='word_1_480' title='bbox 2602 3147 3044 3228; x_wconf 31' lang='lat' dir='ltr'><strong>vocibus—&#39;clausa:</strong></span> <span class='ocrx_word' id='word_1_481' title='bbox 3091 3180 3238 3225; x_wconf 87' lang='lat' dir='ltr'><strong>sunt.</strong></span> <span class='ocrx_word' id='word_1_482' title='bbox 3293 3169 3427 3224; x_wconf 77' lang='lat' dir='ltr'><strong>Nam</strong></span> <span class='ocrx_word' id='word_1_483' title='bbox 3459 3171 3778 3240; x_wconf 83' lang='lat' dir='ltr'><strong>parhypate,</strong></span> 
     </span>
    </p>
   </div>
   <div class='ocr_carea' id='block_1_63' title="bbox 500 3238 2080 3310">
    <p class='ocr_par' dir='ltr' id='par_1_63' title="bbox 500 3238 2080 3310">
     <span class='ocr_line' id='line_1_63' title="bbox 500 3238 2080 3310; baseline 0.008 -20"><span class='ocrx_word' id='word_1_484' title='bbox 500 3248 588 3291; x_wconf 90' lang='lat' dir='ltr'><strong>tur</strong></span> <span class='ocrx_word' id='word_1_485' title='bbox 614 3238 869 3308; x_wconf 87' lang='lat' dir='ltr'><strong>diapason</strong></span> <span class='ocrx_word' id='word_1_486' title='bbox 924 3241 1140 3310; x_wconf 90' lang='lat' dir='ltr'><strong>quidem</strong></span> <span class='ocrx_word' id='word_1_487' title='bbox 1181 3253 1303 3297; x_wconf 92' lang='lat' dir='ltr'><strong>octo</strong></span> <span class='ocrx_word' id='word_1_488' title='bbox 1344 3244 1689 3300; x_wconf 87' lang='lat' dir='ltr'><strong>chordarum.</strong></span> <span class='ocrx_word' id='word_1_489' title='bbox 1742 3248 2080 3303; x_wconf 87' lang='lat' dir='ltr'><strong>Diatessaron</strong></span> 
     </span>
    </p>
   </div>
   <div class='ocr_carea' id='block_1_64' title="bbox 498 3332 2083 3410">
    <p class='ocr_par' dir='ltr' id='par_1_64' title="bbox 498 3332 2083 3410">
     <span class='ocr_line' id='line_1_64' title="bbox 498 3332 2083 3410; baseline 0.009 -29"><span class='ocrx_word' id='word_1_490' title='bbox 498 3342 629 3382; x_wconf 90' lang='lat' dir='ltr'><strong>vero</strong></span> <span class='ocrx_word' id='word_1_491' title='bbox 660 3339 907 3397; x_wconf 89' lang='lat' dir='ltr'><strong>quatuor,</strong></span> <span class='ocrx_word' id='word_1_492' title='bbox 942 3332 1192 3400; x_wconf 89' lang='lat' dir='ltr'><strong>diapente</strong></span> <span class='ocrx_word' id='word_1_493' title='bbox 1222 3343 1403 3389; x_wconf 89' lang='lat' dir='ltr'><strong>autem</strong></span> <span class='ocrx_word' id='word_1_494' title='bbox 1433 3337 1698 3406; x_wconf 86' lang='lat' dir='ltr'><strong>quinque.</strong></span> <span class='ocrx_word' id='word_1_495' title='bbox 1752 3342 1830 3394; x_wconf 87' lang='lat' dir='ltr'><strong>Ac</strong></span> <span class='ocrx_word' id='word_1_496' title='bbox 1860 3355 1955 3410; x_wconf 92' lang='lat' dir='ltr'><strong>per</strong></span> <span class='ocrx_word' id='word_1_497' title='bbox 1980 3341 2083 3397; x_wconf 90' lang='lat' dir='ltr'><strong>hoc</strong></span> 
     </span>
    </p>
   </div>
   <div class='ocr_carea' id='block_1_65' title="bbox 502 3419 2083 3502">
    <p class='ocr_par' dir='ltr' id='par_1_65' title="bbox 502 3419 2083 3502">
     <span class='ocr_line' id='line_1_65' title="bbox 502 3419 2083 3502; baseline 0.012 -31"><span class='ocrx_word' id='word_1_498' title='bbox 502 3419 723 3474; x_wconf 79' lang='lat' dir='ltr'><strong>habebit</strong></span> <span class='ocrx_word' id='word_1_499' title='bbox 777 3422 1106 3478; x_wconf 86' lang='lat' dir='ltr'><strong>diatessaron</strong></span> <span class='ocrx_word' id='word_1_500' title='bbox 1155 3426 1372 3494; x_wconf 86' lang='lat' dir='ltr'><strong>quidem</strong></span> <span class='ocrx_word' id='word_1_501' title='bbox 1424 3430 1633 3498; x_wconf 88' lang='lat' dir='ltr'><strong>species</strong></span> <span class='ocrx_word' id='word_1_502' title='bbox 1664 3440 1800 3495; x_wconf 92' lang='lat' dir='ltr'><strong>tres,</strong></span> <span class='ocrx_word' id='word_1_503' title='bbox 1834 3434 2083 3502; x_wconf 89' lang='lat' dir='ltr'><strong>diapente</strong></span> 
     </span>
    </p>
   </div>
   <div class='ocr_carea' id='block_1_66' title="bbox 501 3514 2113 3594">
    <p class='ocr_par' dir='ltr' id='par_1_66' title="bbox 501 3514 2113 3594">
     <span class='ocr_line' id='line_1_66' title="bbox 501 3514 2113 3594; baseline 0.011 -31"><span class='ocrx_word' id='word_1_504' title='bbox 501 3519 680 3564; x_wconf 90' lang='lat' dir='ltr'><strong>autem</strong></span> <span class='ocrx_word' id='word_1_505' title='bbox 704 3514 912 3579; x_wconf 82' lang='lat' dir='ltr'><strong>species</strong></span> <span class='ocrx_word' id='word_1_506' title='bbox 941 3525 1187 3583; x_wconf 89' lang='lat' dir='ltr'><strong>quatuor,</strong></span> <span class='ocrx_word' id='word_1_507' title='bbox 1204 3518 1460 3589; x_wconf 84' lang='lat' dir='ltr'><strong>diapason</strong></span> <span class='ocrx_word' id='word_1_508' title='bbox 1482 3535 1608 3574; x_wconf 89' lang='lat' dir='ltr'><strong>vero</strong></span> <span class='ocrx_word' id='word_1_509' title='bbox 1628 3524 1839 3591; x_wconf 89' lang='lat' dir='ltr'><strong>species</strong></span> <span class='ocrx_word' id='word_1_510' title='bbox 1853 3535 2078 3594; x_wconf 91' lang='lat' dir='ltr'><strong>septem.</strong></span> <span class='ocrx_word' id='word_1_511' title='bbox 2106 3562 2113 3569; x_wconf 84' lang='lat'>-</span> 
     </span>
    </p>
   </div>
   <div class='ocr_carea' id='block_1_67' title="bbox 504 3602 2087 3682">
    <p class='ocr_par' dir='ltr' id='par_1_67' title="bbox 504 3602 2087 3682">
     <span class='ocr_line' id='line_1_67' title="bbox 504 3602 2087 3682; baseline 0.011 -28"><span class='ocrx_word' id='word_1_512' title='bbox 504 3602 834 3672; x_wconf 89' lang='lat' dir='ltr'><strong>Semperque</strong></span> <span class='ocrx_word' id='word_1_513' title='bbox 862 3620 964 3657; x_wconf 90' lang='lat' dir='ltr'><strong>una</strong></span> <span class='ocrx_word' id='word_1_514' title='bbox 999 3606 1177 3661; x_wconf 88' lang='lat' dir='ltr'><strong>minus</strong></span> <span class='ocrx_word' id='word_1_515' title='bbox 1204 3613 1414 3677; x_wconf 89' lang='lat' dir='ltr'><strong>species</strong></span> <span class='ocrx_word' id='word_1_516' title='bbox 1444 3612 1549 3665; x_wconf 91' lang='lat' dir='ltr'><strong>erit</strong></span> <span class='ocrx_word' id='word_1_517' title='bbox 1578 3628 1736 3682; x_wconf 86' lang='lat' dir='ltr'><strong>quam</strong></span> <span class='ocrx_word' id='word_1_518' title='bbox 1769 3616 1966 3670; x_wconf 81' lang='lat' dir='ltr'><strong>fuerint</strong></span> <span class='ocrx_word' id='word_1_519' title='bbox 2000 3634 2087 3673; x_wconf 79' lang='lat' dir='ltr'><strong>vo-</strong></span> 
     </span>
    </p>
   </div>
   <div class='ocr_carea' id='block_1_68' title="bbox 501 3696 2086 3763">
    <p class='ocr_par' dir='ltr' id='par_1_68' title="bbox 501 3696 2086 3763">
     <span class='ocr_line' id='line_1_68' title="bbox 501 3696 2086 3763; baseline 0.012 -19"><span class='ocrx_word' id='word_1_520' title='bbox 501 3704 613 3756; x_wconf 89' lang='lat' dir='ltr'><strong>ces,</strong></span> <span class='ocrx_word' id='word_1_521' title='bbox 658 3703 714 3747; x_wconf 92' lang='lat' dir='ltr'><strong>ut</strong></span> <span class='ocrx_word' id='word_1_522' title='bbox 764 3696 902 3749; x_wconf 90' lang='lat' dir='ltr'><strong>enim</strong></span> <span class='ocrx_word' id='word_1_523' title='bbox 942 3711 970 3750; x_wconf 90' lang='lat' dir='ltr'><strong>a</strong></span> <span class='ocrx_word' id='word_1_524' title='bbox 1004 3713 1151 3753; x_wconf 90' lang='lat' dir='ltr'><strong>mese</strong></span> <span class='ocrx_word' id='word_1_525' title='bbox 1191 3710 1416 3756; x_wconf 77' lang='lat' dir='ltr'><strong>caeteras</strong></span> <span class='ocrx_word' id='word_1_526' title='bbox 1442 3712 1463 3740; x_wconf 73' lang='grc' dir='ltr'>ε</span> <span class='ocrx_word' id='word_1_527' title='bbox 1487 3704 1799 3759; x_wconf 89' lang='lat' dir='ltr'><strong>ordinamus</strong></span> <span class='ocrx_word' id='word_1_528' title='bbox 1829 3707 2086 3763; x_wconf 82' lang='lat' dir='ltr'><strong>diatessa-</strong></span> 
     </span>
    </p>
   </div>
   <div class='ocr_carea' id='block_1_69' title="bbox 500 3791 2084 3866">
    <p class='ocr_par' dir='ltr' id='par_1_69' title="bbox 500 3791 2084 3866">
     <span class='ocr_line' id='line_1_69' title="bbox 500 3791 2084 3866; baseline 0.013 -29"><span class='ocrx_word' id='word_1_529' title='bbox 500 3798 600 3839; x_wconf 90' lang='lat' dir='ltr'><strong>ron</strong></span> <span class='ocrx_word' id='word_1_530' title='bbox 631 3791 994 3843; x_wconf 84' lang='lat' dir='ltr'><strong>consonantia:</strong></span> <span class='ocrx_word' id='word_1_531' title='bbox 1024 3793 1236 3859; x_wconf 77' lang='lat' dir='ltr'><strong>Species</strong></span> <span class='ocrx_word' id='word_1_532' title='bbox 1271 3803 1381 3849; x_wconf 91' lang='lat' dir='ltr'><strong>tres</strong></span> <span class='ocrx_word' id='word_1_533' title='bbox 1422 3807 1579 3866; x_wconf 90' lang='lat' dir='ltr'><strong>sunt,</strong></span> <span class='ocrx_word' id='word_1_534' title='bbox 1616 3798 1717 3853; x_wconf 89' lang='lat' dir='ltr'><strong>hoc</strong></span> <span class='ocrx_word' id='word_1_535' title='bbox 1740 3801 1902 3855; x_wconf 89' lang='lat' dir='ltr'><strong>modo</strong></span> <span class='ocrx_word' id='word_1_536' title='bbox 1933 3820 1946 3855; x_wconf 88' lang='lat'><strong>:</strong></span> <span class='ocrx_word' id='word_1_537' title='bbox 1981 3818 2084 3857; x_wconf 90' lang='lat' dir='ltr'><strong>una</strong></span> 
     </span>
    </p>
   </div>
   <div class='ocr_carea' id='block_1_70' title="bbox 500 3876 2085 3953">
    <p class='ocr_par' dir='ltr' id='par_1_70' title="bbox 500 3876 2085 3953">
     <span class='ocr_line' id='line_1_70' title="bbox 500 3876 2085 3953; baseline 0.014 -24"><span class='ocrx_word' id='word_1_538' title='bbox 500 3876 713 3942; x_wconf 89' lang='lat' dir='ltr'><strong>quidem</strong></span> <span class='ocrx_word' id='word_1_539' title='bbox 758 3882 971 3949; x_wconf 88' lang='lat' dir='ltr'><strong>species</strong></span> <span class='ocrx_word' id='word_1_540' title='bbox 1000 3884 1105 3937; x_wconf 88' lang='lat' dir='ltr'><strong>erit</strong></span> <span class='ocrx_word' id='word_1_541' title='bbox 1131 3885 1200 3939; x_wconf 85' lang='lat' dir='ltr'><strong>ab</strong></span> <span class='ocrx_word' id='word_1_542' title='bbox 1222 3885 1265 3941; x_wconf 88' lang='lat' dir='ltr'>G</span> <span class='ocrx_word' id='word_1_543' title='bbox 1295 3887 1361 3941; x_wconf 90' lang='lat' dir='ltr'><strong>ad</strong></span> <span class='ocrx_word' id='word_1_544' title='bbox 1395 3889 1435 3941; x_wconf 81' lang='grc' dir='ltr'><strong>Ι)</strong></span> <span class='ocrx_word' id='word_1_545' title='bbox 1462 3905 1476 3953; x_wconf 92' lang='grc'><strong>;</strong></span> <span class='ocrx_word' id='word_1_546' title='bbox 1529 3892 1763 3946; x_wconf 89' lang='lat' dir='ltr'><strong>secunda</strong></span> <span class='ocrx_word' id='word_1_547' title='bbox 1796 3909 1923 3949; x_wconf 77' lang='lat' dir='ltr'><strong>\ero</strong></span> <span class='ocrx_word' id='word_1_548' title='bbox 1951 3896 2019 3950; x_wconf 89' lang='lat' dir='ltr'><strong>ab</strong></span> <span class='ocrx_word' id='word_1_549' title='bbox 2046 3897 2085 3951; x_wconf 85' lang='lat' dir='ltr'>F</span> 
     </span>
    </p>
   </div>
   <div class='ocr_carea' id='block_1_71' title="bbox 500 3970 2086 4054">
    <p class='ocr_par' dir='ltr' id='par_1_71' title="bbox 500 3970 2086 4054">
     <span class='ocr_line' id='line_1_71' title="bbox 500 3970 2086 4054; baseline 0.013 -33"><span class='ocrx_word' id='word_1_550' title='bbox 500 3970 564 4023; x_wconf 89' lang='lat' dir='ltr'><strong>ad</strong></span> <span class='ocrx_word' id='word_1_551' title='bbox 587 3970 627 4023; x_wconf 92' lang='lat' dir='ltr'>C</span> <span class='ocrx_word' id='word_1_552' title='bbox 661 3988 675 4035; x_wconf 88' lang='lat'><strong>;</strong></span> <span class='ocrx_word' id='word_1_553' title='bbox 708 3974 860 4027; x_wconf 90' lang='lat' dir='ltr'><strong>tertia</strong></span> <span class='ocrx_word' id='word_1_554' title='bbox 886 3990 1013 4037; x_wconf 79' lang='lat' dir='ltr'><strong>vero</strong></span> <span class='ocrx_word' id='word_1_555' title='bbox 1040 3977 1109 4032; x_wconf 89' lang='lat' dir='ltr'><strong>ab</strong></span> <span class='ocrx_word' id='word_1_556' title='bbox 1142 3978 1181 4031; x_wconf 84' lang='grc' dir='ltr'>Ε</span> <span class='ocrx_word' id='word_1_557' title='bbox 1208 3979 1275 4033; x_wconf 89' lang='lat' dir='ltr'><strong>ad</strong></span> <span class='ocrx_word' id='word_1_558' title='bbox 1308 3980 1373 4043; x_wconf 85' lang='grc' dir='ltr'><strong>Β,</strong></span> <span class='ocrx_word' id='word_1_559' title='bbox 1420 3992 1474 4037; x_wconf 92' lang='lat' dir='ltr'><strong>et</strong></span> <span class='ocrx_word' id='word_1_560' title='bbox 1502 3981 1605 4037; x_wconf 87' lang='lat' dir='ltr'><strong>huc</strong></span> <span class='ocrx_word' id='word_1_561' title='bbox 1634 4000 1801 4054; x_wconf 88' lang='lat' dir='ltr'><strong>usque</strong></span> <span class='ocrx_word' id='word_1_562' title='bbox 1830 3988 2086 4042; x_wconf 83' lang='lat' dir='ltr'><strong>diatessa—</strong></span> 
     </span>
    </p>
   </div>
   <div class='ocr_carea' id='block_1_72' title="bbox 500 4065 2087 4149">
    <p class='ocr_par' dir='ltr' id='par_1_72' title="bbox 500 4065 2087 4149">
     <span class='ocr_line' id='line_1_72' title="bbox 500 4065 2087 4149; baseline 0.014 -36"><span class='ocrx_word' id='word_1_563' title='bbox 500 4076 598 4114; x_wconf 89' lang='lat' dir='ltr'><strong>ron</strong></span> <span class='ocrx_word' id='word_1_564' title='bbox 621 4065 831 4131; x_wconf 88' lang='lat' dir='ltr'><strong>species</strong></span> <span class='ocrx_word' id='word_1_565' title='bbox 871 4068 1305 4137; x_wconf 87' lang='lat' dir='ltr'><strong>progrediuntur.</strong></span> <span class='ocrx_word' id='word_1_566' title='bbox 1359 4071 1566 4139; x_wconf 83' lang='lat' dir='ltr'><strong>Idcirco</strong></span> <span class='ocrx_word' id='word_1_567' title='bbox 1605 4078 1727 4144; x_wconf 91' lang='lat' dir='ltr'><strong>quia</strong></span> <span class='ocrx_word' id='word_1_568' title='bbox 1782 4080 1885 4133; x_wconf 89' lang='lat' dir='ltr'><strong>huc</strong></span> <span class='ocrx_word' id='word_1_569' title='bbox 1919 4094 2087 4149; x_wconf 90' lang='lat' dir='ltr'><strong>usque</strong></span> 
     </span>
    </p>
   </div>
   <div class='ocr_carea' id='block_1_73' title="bbox 500 4155 2082 4235">
    <p class='ocr_par' dir='ltr' id='par_1_73' title="bbox 500 4155 2082 4235">
     <span class='ocr_line' id='line_1_73' title="bbox 500 4155 2082 4235; baseline 0.011 -29"><span class='ocrx_word' id='word_1_570' title='bbox 500 4155 710 4219; x_wconf 87' lang='lat' dir='ltr'><strong>species</strong></span> <span class='ocrx_word' id='word_1_571' title='bbox 735 4155 894 4209; x_wconf 87' lang='lat' dir='ltr'><strong>binos</strong></span> <span class='ocrx_word' id='word_1_572' title='bbox 921 4161 1160 4214; x_wconf 89' lang='lat' dir='ltr'><strong>continet</strong></span> <span class='ocrx_word' id='word_1_573' title='bbox 1206 4177 1420 4229; x_wconf 88' lang='lat' dir='ltr'><strong>nervos,</strong></span> <span class='ocrx_word' id='word_1_574' title='bbox 1456 4165 1695 4233; x_wconf 86' lang='lat' dir='ltr'><strong>ejusdem</strong></span> <span class='ocrx_word' id='word_1_575' title='bbox 1724 4168 2082 4235; x_wconf 82' lang='lat' dir='ltr'><strong>diatessaron,</strong></span> 
     </span>
    </p>
   </div>
   <div class='ocr_carea' id='block_1_74' title="bbox 448 4243 2087 4328">
    <p class='ocr_par' dir='ltr' id='par_1_74' title="bbox 448 4243 2087 4328">
     <span class='ocr_line' id='line_1_74' title="bbox 448 4243 2087 4328; baseline 0.014 -34"><span class='ocrx_word' id='word_1_576' title='bbox 448 4306 451 4309; x_wconf 8' lang='grc' dir='ltr'>ἰ</span> <span class='ocrx_word' id='word_1_577' title='bbox 501 4244 619 4297; x_wconf 85' lang='grc' dir='ltr'>ιιιο</span> <span class='ocrx_word' id='word_1_578' title='bbox 655 4243 697 4297; x_wconf 91' lang='lat' dir='ltr'><strong>D</strong></span> <span class='ocrx_word' id='word_1_579' title='bbox 722 4245 932 4315; x_wconf 89' lang='lat' dir='ltr'><strong>quidem</strong></span> <span class='ocrx_word' id='word_1_580' title='bbox 968 4264 1061 4303; x_wconf 93' lang='lat' dir='ltr'><strong>eos</strong></span> <span class='ocrx_word' id='word_1_581' title='bbox 1092 4250 1179 4315; x_wconf 88' lang='lat' dir='ltr'><strong>qui</strong></span> <span class='ocrx_word' id='word_1_582' title='bbox 1204 4260 1331 4306; x_wconf 92' lang='lat' dir='ltr'><strong>sunt</strong></span> <span class='ocrx_word' id='word_1_583' title='bbox 1354 4254 1393 4308; x_wconf 86' lang='grc' dir='ltr'>Ε</span> <span class='ocrx_word' id='word_1_584' title='bbox 1421 4254 1462 4308; x_wconf 83' lang='lat' dir='ltr'><strong>F</strong></span> <span class='ocrx_word' id='word_1_585' title='bbox 1487 4254 1513 4291; x_wconf 74' lang='grc' dir='ltr'><strong>ιι</strong></span> <span class='ocrx_word' id='word_1_586' title='bbox 1539 4258 1836 4328; x_wconf 90' lang='lat' dir='ltr'><strong>continent,</strong></span> <span class='ocrx_word' id='word_1_587' title='bbox 1866 4259 1904 4312; x_wconf 78' lang='lat' dir='ltr'><strong>F</strong></span> <span class='ocrx_word' id='word_1_588' title='bbox 1927 4259 1967 4313; x_wconf 79' lang='grc' dir='ltr'>Ο</span> <span class='ocrx_word' id='word_1_589' title='bbox 1990 4276 2087 4317; x_wconf 90' lang='lat' dir='ltr'><strong>eos</strong></span> 
     </span>
    </p>
   </div>
   <div class='ocr_carea' id='block_1_75' title="bbox 501 4335 2084 4420">
    <p class='ocr_par' dir='ltr' id='par_1_75' title="bbox 501 4335 2084 4420">
     <span class='ocr_line' id='line_1_75' title="bbox 501 4335 2084 4420; baseline 0.013 -32"><span class='ocrx_word' id='word_1_590' title='bbox 501 4335 589 4402; x_wconf 86' lang='lat' dir='ltr'><strong>qui</strong></span> <span class='ocrx_word' id='word_1_591' title='bbox 619 4347 742 4391; x_wconf 91' lang='lat' dir='ltr'><strong>sunt</strong></span> <span class='ocrx_word' id='word_1_592' title='bbox 767 4338 806 4390; x_wconf 86' lang='lat' dir='ltr'><strong>E</strong></span> <span class='ocrx_word' id='word_1_593' title='bbox 840 4339 903 4403; x_wconf 94' lang='lat' dir='ltr'><strong>D,</strong></span> <span class='ocrx_word' id='word_1_594' title='bbox 931 4349 983 4395; x_wconf 90' lang='lat' dir='ltr'><strong>et</strong></span> <span class='ocrx_word' id='word_1_595' title='bbox 1016 4343 1054 4394; x_wconf 80' lang='grc' dir='ltr'>Ε</span> <span class='ocrx_word' id='word_1_596' title='bbox 1087 4343 1126 4395; x_wconf 86' lang='grc' dir='ltr'><strong>Β</strong></span> <span class='ocrx_word' id='word_1_597' title='bbox 1148 4359 1242 4398; x_wconf 91' lang='lat' dir='ltr'><strong>eos</strong></span> <span class='ocrx_word' id='word_1_598' title='bbox 1277 4356 1298 4382; x_wconf 85' lang='grc'>⁶</span> <span class='ocrx_word' id='word_1_599' title='bbox 1348 4349 1628 4404; x_wconf 90' lang='lat' dir='ltr'><strong>continent</strong></span> <span class='ocrx_word' id='word_1_600' title='bbox 1650 4353 1738 4420; x_wconf 90' lang='lat' dir='ltr'><strong>qui</strong></span> <span class='ocrx_word' id='word_1_601' title='bbox 1775 4362 1901 4407; x_wconf 88' lang='lat' dir='ltr'><strong>sunt</strong></span> <span class='ocrx_word' id='word_1_602' title='bbox 1926 4354 1966 4408; x_wconf 91' lang='lat' dir='ltr'>C</span> <span class='ocrx_word' id='word_1_603' title='bbox 1998 4356 2039 4408; x_wconf 93' lang='lat' dir='ltr'><strong>D</strong></span> <span class='ocrx_word' id='word_1_604' title='bbox 2070 4373 2084 4419; x_wconf 92' lang='lat'><strong>;</strong></span> 
     </span>
    </p>
   </div>
   <div class='ocr_carea' id='block_1_76' title="bbox 500 4430 2085 4512">
    <p class='ocr_par' dir='ltr' id='par_1_76' title="bbox 500 4430 2085 4512">
     <span class='ocr_line' id='line_1_76' title="bbox 500 4430 2085 4512; baseline 0.013 -32"><span class='ocrx_word' id='word_1_605' title='bbox 500 4430 543 4481; x_wconf 88' lang='lat' dir='ltr'><strong>si</strong></span> <span class='ocrx_word' id='word_1_606' title='bbox 576 4444 704 4484; x_wconf 91' lang='lat' dir='ltr'><strong>vero</strong></span> <span class='ocrx_word' id='word_1_607' title='bbox 736 4431 819 4485; x_wconf 89' lang='lat' dir='ltr'><strong>his</strong></span> <span class='ocrx_word' id='word_1_608' title='bbox 864 4434 1113 4502; x_wconf 88' lang='lat' dir='ltr'><strong>adjecero</strong></span> <span class='ocrx_word' id='word_1_609' title='bbox 1150 4437 1483 4495; x_wconf 85' lang='lat' dir='ltr'><strong>diatessaron</strong></span> <span class='ocrx_word' id='word_1_610' title='bbox 1516 4443 1557 4495; x_wconf 81' lang='grc' dir='ltr'>ι)</span> <span class='ocrx_word' id='word_1_611' title='bbox 1590 4447 1628 4496; x_wconf 80' lang='grc' dir='ltr'>Α</span> <span class='ocrx_word' id='word_1_612' title='bbox 1657 4488 1670 4512; x_wconf 88' lang='grc'><em>,</em></span> <span class='ocrx_word' id='word_1_613' title='bbox 1717 4446 1926 4499; x_wconf 84' lang='lat' dir='ltr'><strong>diversa</strong></span> <span class='ocrx_word' id='word_1_614' title='bbox 1980 4463 2085 4502; x_wconf 91' lang='lat' dir='ltr'><strong>non</strong></span> 
     </span>
    </p>
   </div>
   <div class='ocr_carea' id='block_1_77' title="bbox 2186 3261 3782 3331">
    <p class='ocr_par' dir='ltr' id='par_1_77' title="bbox 2186 3261 3782 3331">
     <span class='ocr_line' id='line_1_77' title="bbox 2186 3261 3782 3331; baseline -0.005 -10"><span class='ocrx_word' id='word_1_615' title='bbox 2186 3276 2240 3321; x_wconf 90' lang='lat' dir='ltr'><strong>et</strong></span> <span class='ocrx_word' id='word_1_616' title='bbox 2268 3267 2525 3329; x_wconf 78' lang='lat' dir='ltr'><strong>lychanos</strong></span> <span class='ocrx_word' id='word_1_617' title='bbox 2552 3306 2568 3330; x_wconf 96' lang='lat'><strong>,</strong></span> <span class='ocrx_word' id='word_1_618' title='bbox 2619 3274 2674 3321; x_wconf 88' lang='lat' dir='ltr'><strong>et</strong></span> <span class='ocrx_word' id='word_1_619' title='bbox 2721 3265 2869 3330; x_wconf 91' lang='lat' dir='ltr'><strong>trite,</strong></span> <span class='ocrx_word' id='word_1_620' title='bbox 2901 3274 2955 3319; x_wconf 91' lang='lat' dir='ltr'><strong>et</strong></span> <span class='ocrx_word' id='word_1_621' title='bbox 2998 3270 3251 3331; x_wconf 85' lang='lat' dir='ltr'><strong>paranete</strong></span> <span class='ocrx_word' id='word_1_622' title='bbox 3283 3261 3565 3315; x_wconf 86' lang='lat' dir='ltr'><strong>instabiles</strong></span> <span class='ocrx_word' id='word_1_623' title='bbox 3595 3275 3782 3329; x_wconf 87' lang='lat' dir='ltr'><strong>appro-</strong></span> 
     </span>
    </p>
   </div>
   <div class='ocr_carea' id='block_1_78' title="bbox 2187 3351 3782 3420">
    <p class='ocr_par' dir='ltr' id='par_1_78' title="bbox 2187 3351 3782 3420">
     <span class='ocr_line' id='line_1_78' title="bbox 2187 3351 3782 3420; baseline -0.006 -7"><span class='ocrx_word' id='word_1_624' title='bbox 2187 3358 2401 3413; x_wconf 90' lang='lat' dir='ltr'><strong>bantur.</strong></span> <span class='ocrx_word' id='word_1_625' title='bbox 2437 3357 2641 3413; x_wconf 91' lang='lat' dir='ltr'><strong>Similis</strong></span> <span class='ocrx_word' id='word_1_626' title='bbox 2664 3366 2842 3410; x_wconf 89' lang='lat' dir='ltr'><strong>autem</strong></span> <span class='ocrx_word' id='word_1_627' title='bbox 2871 3355 3005 3410; x_wconf 89' lang='lat' dir='ltr'><strong>ratio</strong></span> <span class='ocrx_word' id='word_1_628' title='bbox 3031 3357 3133 3409; x_wconf 93' lang='lat' dir='ltr'><strong>erit</strong></span> <span class='ocrx_word' id='word_1_629' title='bbox 3157 3354 3200 3407; x_wconf 92' lang='lat' dir='ltr'><strong>si</strong></span> <span class='ocrx_word' id='word_1_630' title='bbox 3227 3368 3256 3405; x_wconf 92' lang='lat' dir='ltr'><strong>a</strong></span> <span class='ocrx_word' id='word_1_631' title='bbox 3286 3363 3409 3406; x_wconf 85' lang='lat' dir='ltr'><strong>nete</strong></span> <span class='ocrx_word' id='word_1_632' title='bbox 3433 3351 3782 3420; x_wconf 70' lang='lat' dir='ltr'><strong>diezeugme-</strong></span> 
     </span>
    </p>
   </div>
   <div class='ocr_carea' id='block_1_79' title="bbox 2187 3443 3781 3518">
    <p class='ocr_par' dir='ltr' id='par_1_79' title="bbox 2187 3443 3781 3518">
     <span class='ocr_line' id='line_1_79' title="bbox 2187 3443 3781 3518; baseline -0.007 -13"><span class='ocrx_word' id='word_1_633' title='bbox 2187 3450 2369 3505; x_wconf 89' lang='lat' dir='ltr'><strong>nonin</strong></span> <span class='ocrx_word' id='word_1_634' title='bbox 2394 3449 2697 3518; x_wconf 79' lang='lat' dir='ltr'><strong>graviorem</strong></span> <span class='ocrx_word' id='word_1_635' title='bbox 2728 3456 2966 3515; x_wconf 85' lang='lat' dir='ltr'><strong>partem,</strong></span> <span class='ocrx_word' id='word_1_636' title='bbox 3019 3446 3069 3499; x_wconf 91' lang='lat' dir='ltr'><strong>id</strong></span> <span class='ocrx_word' id='word_1_637' title='bbox 3101 3455 3183 3499; x_wconf 89' lang='lat' dir='ltr'><strong>est</strong></span> <span class='ocrx_word' id='word_1_638' title='bbox 3226 3443 3292 3497; x_wconf 89' lang='lat' dir='ltr'><strong>ad</strong></span> <span class='ocrx_word' id='word_1_639' title='bbox 3339 3457 3561 3503; x_wconf 88' lang='lat' dir='ltr'><strong>mesen,</strong></span> <span class='ocrx_word' id='word_1_640' title='bbox 3588 3456 3781 3495; x_wconf 85' lang='lat' dir='ltr'><strong>conso-</strong></span> 
     </span>
    </p>
   </div>
   <div class='ocr_carea' id='block_1_80' title="bbox 2189 3534 3782 3610">
    <p class='ocr_par' dir='ltr' id='par_1_80' title="bbox 2189 3534 3782 3610">
     <span class='ocr_line' id='line_1_80' title="bbox 2189 3534 3782 3610; baseline -0.007 -13"><span class='ocrx_word' id='word_1_641' title='bbox 2189 3544 2385 3598; x_wconf 79' lang='lat' dir='ltr'><strong>nantia:</strong></span> <span class='ocrx_word' id='word_1_642' title='bbox 2427 3541 2584 3610; x_wconf 89' lang='lat' dir='ltr'><strong>hujus</strong></span> <span class='ocrx_word' id='word_1_643' title='bbox 2642 3541 2849 3609; x_wconf 89' lang='lat' dir='ltr'><strong>species</strong></span> <span class='ocrx_word' id='word_1_644' title='bbox 2894 3537 3327 3599; x_wconf 90' lang='lat' dir='ltr'><strong>considerentur,</strong></span> <span class='ocrx_word' id='word_1_645' title='bbox 3380 3534 3587 3589; x_wconf 90' lang='lat' dir='ltr'><strong>eisdem</strong></span> <span class='ocrx_word' id='word_1_646' title='bbox 3643 3534 3782 3587; x_wconf 90' lang='lat' dir='ltr'><strong>enim</strong></span> 
     </span>
    </p>
   </div>
   <div class='ocr_carea' id='block_1_81' title="bbox 2190 3627 3785 3703">
    <p class='ocr_par' dir='ltr' id='par_1_81' title="bbox 2190 3627 3785 3703">
     <span class='ocr_line' id='line_1_81' title="bbox 2190 3627 3785 3703; baseline -0.008 -15"><span class='ocrx_word' id='word_1_647' title='bbox 2190 3634 2554 3689; x_wconf 89' lang='lat' dir='ltr'><strong>immobilibus</strong></span> <span class='ocrx_word' id='word_1_648' title='bbox 2587 3632 2831 3693; x_wconf 85' lang='lat' dir='ltr'><strong>vocibus,</strong></span> <span class='ocrx_word' id='word_1_649' title='bbox 2872 3646 2992 3700; x_wconf 82' lang='lat' dir='ltr'><strong>qua:</strong></span> <span class='ocrx_word' id='word_1_650' title='bbox 3018 3628 3266 3697; x_wconf 89' lang='lat' dir='ltr'><strong>superius</strong></span> <span class='ocrx_word' id='word_1_651' title='bbox 3296 3627 3454 3680; x_wconf 85' lang='lat' dir='ltr'><strong>dicta:</strong></span> <span class='ocrx_word' id='word_1_652' title='bbox 3480 3632 3625 3703; x_wconf 73' lang='lat' dir='ltr'><strong>sunt,</strong></span> <span class='ocrx_word' id='word_1_653' title='bbox 3658 3638 3785 3678; x_wconf 77' lang='lat' dir='ltr'><strong>coa-</strong></span> 
     </span>
    </p>
   </div>
   <div class='ocr_carea' id='block_1_82' title="bbox 2192 3720 3785 3788">
    <p class='ocr_par' dir='ltr' id='par_1_82' title="bbox 2192 3720 3785 3788">
     <span class='ocr_line' id='line_1_82' title="bbox 2192 3720 3785 3788; baseline -0.008 -11"><span class='ocrx_word' id='word_1_654' title='bbox 2192 3725 2522 3778; x_wconf 90' lang='lat' dir='ltr'><strong>tincbuntur.</strong></span> <span class='ocrx_word' id='word_1_655' title='bbox 2565 3724 2691 3776; x_wconf 87' lang='lat' dir='ltr'><strong>Sive</strong></span> <span class='ocrx_word' id='word_1_656' title='bbox 2717 3728 2895 3774; x_wconf 90' lang='lat' dir='ltr'><strong>autem</strong></span> <span class='ocrx_word' id='word_1_657' title='bbox 2922 3720 2989 3773; x_wconf 89' lang='lat' dir='ltr'><strong>ab</strong></span> <span class='ocrx_word' id='word_1_658' title='bbox 3015 3720 3209 3788; x_wconf 89' lang='lat' dir='ltr'><strong>hypate</strong></span> <span class='ocrx_word' id='word_1_659' title='bbox 3240 3730 3452 3781; x_wconf 87' lang='lat' dir='ltr'><strong>meson,</strong></span> <span class='ocrx_word' id='word_1_660' title='bbox 3481 3729 3571 3767; x_wconf 87' lang='lat' dir='ltr'><strong>seu</strong></span> <span class='ocrx_word' id='word_1_661' title='bbox 3603 3728 3635 3765; x_wconf 89' lang='lat' dir='ltr'><strong>a</strong></span> <span class='ocrx_word' id='word_1_662' title='bbox 3668 3728 3785 3765; x_wconf 89' lang='lat' dir='ltr'><strong>me-</strong></span> 
     </span>
    </p>
   </div>
   <div class='ocr_carea' id='block_1_83' title="bbox 2189 3803 3783 3883">
    <p class='ocr_par' dir='ltr' id='par_1_83' title="bbox 2189 3803 3783 3883">
     <span class='ocr_line' id='line_1_83' title="bbox 2189 3803 3783 3883; baseline -0.009 -14"><span class='ocrx_word' id='word_1_663' title='bbox 2189 3830 2266 3882; x_wconf 91' lang='lat' dir='ltr'><strong>se,</strong></span> <span class='ocrx_word' id='word_1_664' title='bbox 2299 3830 2393 3869; x_wconf 91' lang='lat' dir='ltr'><strong>seu</strong></span> <span class='ocrx_word' id='word_1_665' title='bbox 2418 3830 2445 3866; x_wconf 91' lang='lat' dir='ltr'><strong>a</strong></span> <span class='ocrx_word' id='word_1_666' title='bbox 2479 3826 2779 3883; x_wconf 87' lang='lat' dir='ltr'><strong>paramese,</strong></span> <span class='ocrx_word' id='word_1_667' title='bbox 2830 3811 2945 3865; x_wconf 86' lang='lat' dir='ltr'><strong>sive</strong></span> <span class='ocrx_word' id='word_1_668' title='bbox 2986 3810 3143 3863; x_wconf 91' lang='lat' dir='ltr'><strong>etiam</strong></span> <span class='ocrx_word' id='word_1_669' title='bbox 3187 3821 3217 3860; x_wconf 92' lang='lat' dir='ltr'><strong>a</strong></span> <span class='ocrx_word' id='word_1_670' title='bbox 3264 3816 3393 3861; x_wconf 88' lang='lat' dir='ltr'><strong>nete</strong></span> <span class='ocrx_word' id='word_1_671' title='bbox 3423 3803 3783 3875; x_wconf 85' lang='lat' dir='ltr'><strong>hyperboleon</strong></span> 
     </span>
    </p>
   </div>
   <div class='ocr_carea' id='block_1_84' title="bbox 2189 3895 3786 3972">
    <p class='ocr_par' dir='ltr' id='par_1_84' title="bbox 2189 3895 3786 3972">
     <span class='ocr_line' id='line_1_84' title="bbox 2189 3895 3786 3972; baseline -0.008 -12"><span class='ocrx_word' id='word_1_672' title='bbox 2189 3906 2568 3960; x_wconf 90' lang='lat' dir='ltr'><strong>consonantias</strong></span> <span class='ocrx_word' id='word_1_673' title='bbox 2602 3902 2625 3940; x_wconf 74' lang='grc'><strong>¹³</strong></span> <span class='ocrx_word' id='word_1_674' title='bbox 2662 3903 2727 3956; x_wconf 88' lang='lat' dir='ltr'><strong>ad</strong></span> <span class='ocrx_word' id='word_1_675' title='bbox 2758 3903 3059 3972; x_wconf 83' lang='lat' dir='ltr'><strong>graviorem</strong></span> <span class='ocrx_word' id='word_1_676' title='bbox 3094 3908 3300 3969; x_wconf 89' lang='lat' dir='ltr'><strong>partem</strong></span> <span class='ocrx_word' id='word_1_677' title='bbox 3332 3898 3615 3951; x_wconf 87' lang='lat' dir='ltr'><strong>ducamus.</strong></span> <span class='ocrx_word' id='word_1_678' title='bbox 3649 3895 3786 3948; x_wconf 86' lang='lat' dir='ltr'><strong>Dua-</strong></span> 
     </span>
    </p>
   </div>
   <div class='ocr_carea' id='block_1_85' title="bbox 2189 3986 3786 4063">
    <p class='ocr_par' dir='ltr' id='par_1_85' title="bbox 2189 3986 3786 4063">
     <span class='ocr_line' id='line_1_85' title="bbox 2189 3986 3786 4063; baseline -0.007 -14"><span class='ocrx_word' id='word_1_679' title='bbox 2189 4011 2307 4050; x_wconf 92' lang='lat' dir='ltr'><strong>rum</strong></span> <span class='ocrx_word' id='word_1_680' title='bbox 2330 4010 2447 4063; x_wconf 82' lang='lat' dir='ltr'><strong>qua:</strong></span> <span class='ocrx_word' id='word_1_681' title='bbox 2484 3995 2701 4047; x_wconf 90' lang='lat' dir='ltr'><strong>statutis</strong></span> <span class='ocrx_word' id='word_1_682' title='bbox 2729 3993 2956 4046; x_wconf 89' lang='lat' dir='ltr'><strong>vocibus</strong></span> <span class='ocrx_word' id='word_1_683' title='bbox 2986 3999 3377 4054; x_wconf 87' lang='lat' dir='ltr'><strong>coerceantur,</strong></span> <span class='ocrx_word' id='word_1_684' title='bbox 3433 4002 3543 4041; x_wconf 90' lang='lat' dir='ltr'><strong>non</strong></span> <span class='ocrx_word' id='word_1_685' title='bbox 3594 3986 3786 4055; x_wconf 87' lang='lat' dir='ltr'><strong>poterit</strong></span> 
     </span>
    </p>
   </div>
   <div class='ocr_carea' id='block_1_86' title="bbox 2191 4078 3786 4153">
    <p class='ocr_par' dir='ltr' id='par_1_86' title="bbox 2191 4078 3786 4153">
     <span class='ocr_line' id='line_1_86' title="bbox 2191 4078 3786 4153; baseline -0.007 -12"><span class='ocrx_word' id='word_1_686' title='bbox 2191 4102 2312 4141; x_wconf 85' lang='lat' dir='ltr'><strong>esse</strong></span> <span class='ocrx_word' id='word_1_687' title='bbox 2348 4085 2361 4123; x_wconf 74' lang='grc' dir='ltr'><strong>ί</strong></span> <span class='ocrx_word' id='word_1_688' title='bbox 2384 4086 2696 4141; x_wconf 82' lang='lat' dir='ltr'><strong>destructio.</strong></span> <span class='ocrx_word' id='word_1_689' title='bbox 2728 4084 2996 4153; x_wconf 92' lang='lat' dir='ltr'><strong>Diapason</strong></span> <span class='ocrx_word' id='word_1_690' title='bbox 3026 4097 3157 4138; x_wconf 83' lang='lat' dir='ltr'><strong>vero</strong></span> <span class='ocrx_word' id='word_1_691' title='bbox 3178 4079 3552 4136; x_wconf 80' lang='lat' dir='ltr'><strong>consonantia:</strong></span> <span class='ocrx_word' id='word_1_692' title='bbox 3580 4078 3697 4132; x_wconf 83' lang='lat' dir='ltr'><strong>sive</strong></span> <span class='ocrx_word' id='word_1_693' title='bbox 3721 4078 3786 4129; x_wconf 84' lang='lat' dir='ltr'><strong>ab</strong></span> 
     </span>
    </p>
   </div>
   <div class='ocr_carea' id='block_1_87' title="bbox 2192 4167 3787 4246">
    <p class='ocr_par' dir='ltr' id='par_1_87' title="bbox 2192 4167 3787 4246">
     <span class='ocr_line' id='line_1_87' title="bbox 2192 4167 3787 4246; baseline -0.007 -17"><span class='ocrx_word' id='word_1_694' title='bbox 2192 4177 2388 4246; x_wconf 89' lang='lat' dir='ltr'><strong>hypate</strong></span> <span class='ocrx_word' id='word_1_695' title='bbox 2420 4175 2653 4245; x_wconf 83' lang='lat' dir='ltr'><strong>hypaton</strong></span> <span class='ocrx_word' id='word_1_696' title='bbox 2693 4174 2746 4227; x_wconf 93' lang='lat' dir='ltr'><strong>in</strong></span> <span class='ocrx_word' id='word_1_697' title='bbox 2783 4186 3129 4242; x_wconf 89' lang='lat' dir='ltr'><strong>paramesen,</strong></span> <span class='ocrx_word' id='word_1_698' title='bbox 3162 4169 3277 4224; x_wconf 89' lang='lat' dir='ltr'><strong>sive</strong></span> <span class='ocrx_word' id='word_1_699' title='bbox 3305 4183 3334 4222; x_wconf 91' lang='lat' dir='ltr'><strong>a</strong></span> <span class='ocrx_word' id='word_1_700' title='bbox 3367 4176 3493 4223; x_wconf 86' lang='lat' dir='ltr'><strong>nete</strong></span> <span class='ocrx_word' id='word_1_701' title='bbox 3528 4167 3787 4237; x_wconf 84' lang='lat' dir='ltr'><strong>hyperbo—</strong></span> 
     </span>
    </p>
   </div>
   <div class='ocr_carea' id='block_1_88' title="bbox 2192 4260 3787 4331">
    <p class='ocr_par' dir='ltr' id='par_1_88' title="bbox 2192 4260 3787 4331">
     <span class='ocr_line' id='line_1_88' title="bbox 2192 4260 3787 4331; baseline -0.007 -11"><span class='ocrx_word' id='word_1_702' title='bbox 2192 4268 2313 4321; x_wconf 93' lang='lat' dir='ltr'><strong>leon</strong></span> <span class='ocrx_word' id='word_1_703' title='bbox 2348 4268 2397 4319; x_wconf 92' lang='lat' dir='ltr'><strong>in</strong></span> <span class='ocrx_word' id='word_1_704' title='bbox 2431 4282 2613 4320; x_wconf 89' lang='lat' dir='ltr'><strong>mesen</strong></span> <span class='ocrx_word' id='word_1_705' title='bbox 2643 4264 2778 4319; x_wconf 90' lang='lat' dir='ltr'><strong>ordo</strong></span> <span class='ocrx_word' id='word_1_706' title='bbox 2808 4275 3073 4331; x_wconf 85' lang='lat' dir='ltr'><strong>sumatur,</strong></span> <span class='ocrx_word' id='word_1_707' title='bbox 3100 4270 3211 4317; x_wconf 88' lang='lat' dir='ltr'><strong>tres</strong></span> <span class='ocrx_word' id='word_1_708' title='bbox 3243 4260 3621 4315; x_wconf 88' lang='lat' dir='ltr'><strong>tantummodo</strong></span> <span class='ocrx_word' id='word_1_709' title='bbox 3668 4272 3787 4325; x_wconf 87' lang='lat' dir='ltr'><strong>spe-</strong></span> 
     </span>
    </p>
   </div>
   <div class='ocr_carea' id='block_1_89' title="bbox 2192 4351 3788 4425">
    <p class='ocr_par' dir='ltr' id='par_1_89' title="bbox 2192 4351 3788 4425">
     <span class='ocr_line' id='line_1_89' title="bbox 2192 4351 3788 4425; baseline -0.007 -14"><span class='ocrx_word' id='word_1_710' title='bbox 2192 4361 2302 4412; x_wconf 87' lang='lat' dir='ltr'><strong>cies</strong></span> <span class='ocrx_word' id='word_1_711' title='bbox 2329 4356 2611 4420; x_wconf 82' lang='lat' dir='ltr'><strong>obtinebit,</strong></span> <span class='ocrx_word' id='word_1_712' title='bbox 2645 4371 2764 4425; x_wconf 84' lang='lat' dir='ltr'><strong>qua:</strong></span> <span class='ocrx_word' id='word_1_713' title='bbox 2792 4354 3153 4409; x_wconf 89' lang='lat' dir='ltr'><strong>immobilibus</strong></span> <span class='ocrx_word' id='word_1_714' title='bbox 3172 4351 3396 4407; x_wconf 88' lang='lat' dir='ltr'><strong>vocibus</strong></span> <span class='ocrx_word' id='word_1_715' title='bbox 3418 4358 3788 4405; x_wconf 85' lang='lat' dir='ltr'><strong>coerceantur.</strong></span> 
     </span>
    </p>
   </div>
   <div class='ocr_carea' id='block_1_90' title="bbox 2192 4442 3791 4517">
    <p class='ocr_par' dir='ltr' id='par_1_90' title="bbox 2192 4442 3791 4517">
     <span class='ocr_line' id='line_1_90' title="bbox 2192 4442 3791 4517; baseline -0.004 -16"><span class='ocrx_word' id='word_1_716' title='bbox 2192 4448 2322 4501; x_wconf 86' lang='lat' dir='ltr'><strong>Nam</strong></span> <span class='ocrx_word' id='word_1_717' title='bbox 2341 4448 2406 4502; x_wconf 89' lang='lat' dir='ltr'><strong>ab</strong></span> <span class='ocrx_word' id='word_1_718' title='bbox 2431 4447 2664 4517; x_wconf 91' lang='lat' dir='ltr'><strong>hypaten</strong></span> <span class='ocrx_word' id='word_1_719' title='bbox 2699 4447 2932 4517; x_wconf 90' lang='lat' dir='ltr'><strong>hypaton</strong></span> <span class='ocrx_word' id='word_1_720' title='bbox 2956 4445 3291 4499; x_wconf 89' lang='lat' dir='ltr'><strong>ordientibus</strong></span> <span class='ocrx_word' id='word_1_721' title='bbox 3318 4458 3426 4497; x_wconf 89' lang='lat' dir='ltr'><strong>una</strong></span> <span class='ocrx_word' id='word_1_722' title='bbox 3448 4450 3539 4496; x_wconf 87' lang='lat' dir='ltr'><strong>est</strong></span> <span class='ocrx_word' id='word_1_723' title='bbox 3566 4444 3613 4495; x_wconf 76' lang='grc' dir='ltr'>Α</span> <span class='ocrx_word' id='word_1_724' title='bbox 3643 4442 3706 4503; x_wconf 85' lang='grc' dir='ltr'><strong>Β,</strong></span> <span class='ocrx_word' id='word_1_725' title='bbox 3728 4454 3791 4494; x_wconf 84' lang='lat' dir='ltr'><strong>ea</strong></span> 
     </span>
    </p>
   </div>
   <div class='ocr_carea' id='block_1_91' title="bbox 502 4521 3791 4619">
    <p class='ocr_par' dir='ltr' id='par_1_91' title="bbox 502 4521 3791 4619">
     <span class='ocr_line' id='line_1_91' title="bbox 502 4521 3791 4619; baseline 0.004 -47"><span class='ocrx_word' id='word_1_726' title='bbox 502 4521 602 4574; x_wconf 89' lang='lat' dir='ltr'><strong>erit</strong></span> <span class='ocrx_word' id='word_1_727' title='bbox 622 4522 780 4619; x_wconf 32' lang='lat' dir='ltr'><strong>ab‘ea</strong></span> <span class='ocrx_word' id='word_1_728' title='bbox 808 4539 927 4593; x_wconf 79' lang='lat' dir='ltr'><strong>qua:</strong></span> <span class='ocrx_word' id='word_1_729' title='bbox 970 4537 1049 4582; x_wconf 91' lang='lat' dir='ltr'><strong>est</strong></span> <span class='ocrx_word' id='word_1_730' title='bbox 1079 4528 1121 4584; x_wconf 91' lang='lat' dir='ltr'>G</span> <span class='ocrx_word' id='word_1_731' title='bbox 1156 4530 1195 4582; x_wconf 89' lang='lat' dir='ltr'>D</span> <span class='ocrx_word' id='word_1_732' title='bbox 1215 4569 1232 4595; x_wconf 95' lang='lat'><strong>,</strong></span> <span class='ocrx_word' id='word_1_733' title='bbox 1264 4546 1425 4586; x_wconf 92' lang='lat' dir='ltr'><strong>unum</strong></span> <span class='ocrx_word' id='word_1_734' title='bbox 1454 4535 1595 4588; x_wconf 89' lang='lat' dir='ltr'><strong>enim</strong></span> <span class='ocrx_word' id='word_1_735' title='bbox 1623 4536 1797 4590; x_wconf 89' lang='lat' dir='ltr'><strong>solum</strong></span> <span class='ocrx_word' id='word_1_736' title='bbox 1825 4538 1866 4592; x_wconf 88' lang='lat' dir='ltr'><strong>G</strong></span> <span class='ocrx_word' id='word_1_737' title='bbox 1898 4538 1937 4591; x_wconf 87' lang='lat' dir='ltr'>D</span> <span class='ocrx_word' id='word_1_738' title='bbox 1959 4553 2088 4594; x_wconf 83' lang='lat' dir='ltr'><strong>con-</strong></span> <span class='ocrx_word' id='word_1_739' title='bbox 2116 4548 2164 4610; x_wconf 82' lang='lat' dir='ltr'><strong>D</strong></span> <span class='ocrx_word' id='word_1_740' title='bbox 2191 4555 2311 4619; x_wconf 64' lang='lat' dir='ltr'><strong>quae</strong></span> <span class='ocrx_word' id='word_1_741' title='bbox 2333 4548 2415 4593; x_wconf 91' lang='lat' dir='ltr'><strong>est</strong></span> <span class='ocrx_word' id='word_1_742' title='bbox 2436 4540 2604 4609; x_wconf 90' lang='lat' dir='ltr'><strong>prima</strong></span> <span class='ocrx_word' id='word_1_743' title='bbox 2630 4538 2695 4592; x_wconf 86' lang='lat' dir='ltr'><strong>ab</strong></span> <span class='ocrx_word' id='word_1_744' title='bbox 2715 4537 2911 4608; x_wconf 89' lang='lat' dir='ltr'><strong>hypate</strong></span> <span class='ocrx_word' id='word_1_745' title='bbox 2938 4536 3171 4607; x_wconf 86' lang='lat' dir='ltr'><strong>hypaton</strong></span> <span class='ocrx_word' id='word_1_746' title='bbox 3196 4536 3246 4589; x_wconf 90' lang='lat' dir='ltr'><strong>in</strong></span> <span class='ocrx_word' id='word_1_747' title='bbox 3268 4548 3573 4602; x_wconf 88' lang='lat' dir='ltr'><strong>paramese.</strong></span> <span class='ocrx_word' id='word_1_748' title='bbox 3611 4533 3791 4586; x_wconf 83' lang='lat' dir='ltr'><strong>Altera</strong></span> 
     </span>
    </p>
   </div>
   <div class='ocr_carea' id='block_1_92' title="bbox 502 4614 2086 4689">
    <p class='ocr_par' dir='ltr' id='par_1_92' title="bbox 502 4614 2086 4689">
     <span class='ocr_line' id='line_1_92' title="bbox 502 4614 2086 4689; baseline 0.013 -23"><span class='ocrx_word' id='word_1_749' title='bbox 502 4614 756 4667; x_wconf 79' lang='lat' dir='ltr'><strong>sonantia:</strong></span> <span class='ocrx_word' id='word_1_750' title='bbox 780 4632 1000 4672; x_wconf 91' lang='lat' dir='ltr'><strong>nervum</strong></span> <span class='ocrx_word' id='word_1_751' title='bbox 1023 4622 1337 4689; x_wconf 90' lang='lat' dir='ltr'><strong>continebit,</strong></span> <span class='ocrx_word' id='word_1_752' title='bbox 1373 4626 1423 4679; x_wconf 91' lang='lat' dir='ltr'><strong>id</strong></span> <span class='ocrx_word' id='word_1_753' title='bbox 1453 4636 1535 4682; x_wconf 91' lang='lat' dir='ltr'><strong>est</strong></span> <span class='ocrx_word' id='word_1_754' title='bbox 1570 4628 1610 4680; x_wconf 89' lang='lat' dir='ltr'>D</span> <span class='ocrx_word' id='word_1_755' title='bbox 1634 4630 1826 4682; x_wconf 90' lang='lat' dir='ltr'><strong>solum.</strong></span> <span class='ocrx_word' id='word_1_756' title='bbox 1886 4631 2086 4686; x_wconf 78' lang='lat' dir='ltr'><strong>Exces-</strong></span> 
     </span>
    </p>
   </div>
   <div class='ocr_carea' id='block_1_93' title="bbox 501 4704 2083 4788">
    <p class='ocr_par' dir='ltr' id='par_1_93' title="bbox 501 4704 2083 4788">
     <span class='ocr_line' id='line_1_93' title="bbox 501 4704 2083 4788; baseline 0.012 -32"><span class='ocrx_word' id='word_1_757' title='bbox 501 4705 572 4758; x_wconf 89' lang='lat' dir='ltr'><strong>sit</strong></span> <span class='ocrx_word' id='word_1_758' title='bbox 601 4704 760 4774; x_wconf 86' lang='lat' dir='ltr'><strong>igitur</strong></span> <span class='ocrx_word' id='word_1_759' title='bbox 789 4706 831 4761; x_wconf 89' lang='lat' dir='ltr'><strong>G</strong></span> <span class='ocrx_word' id='word_1_760' title='bbox 850 4708 893 4761; x_wconf 91' lang='lat' dir='ltr'><strong>D</strong></span> <span class='ocrx_word' id='word_1_761' title='bbox 922 4708 1361 4782; x_wconf 85' lang='lat' dir='ltr'><strong>consonantiam,</strong></span> <span class='ocrx_word' id='word_1_762' title='bbox 1394 4726 1554 4788; x_wconf 88' lang='lat' dir='ltr'><strong>atque</strong></span> <span class='ocrx_word' id='word_1_763' title='bbox 1591 4719 1710 4774; x_wconf 90' lang='lat' dir='ltr'><strong>ideo</strong></span> <span class='ocrx_word' id='word_1_764' title='bbox 1746 4721 2083 4777; x_wconf 89' lang='lat' dir='ltr'><strong>diatessaron</strong></span> 
     </span>
    </p>
   </div>
   <div class='ocr_carea' id='block_1_94' title="bbox 501 4800 2083 4882">
    <p class='ocr_par' dir='ltr' id='par_1_94' title="bbox 501 4800 2083 4882">
     <span class='ocr_line' id='line_1_94' title="bbox 501 4800 2083 4882; baseline 0.011 -32"><span class='ocrx_word' id='word_1_765' title='bbox 501 4806 611 4852; x_wconf 89' lang='lat' dir='ltr'><strong>tres</strong></span> <span class='ocrx_word' id='word_1_766' title='bbox 639 4800 844 4867; x_wconf 88' lang='lat' dir='ltr'><strong>species</strong></span> <span class='ocrx_word' id='word_1_767' title='bbox 872 4801 1068 4859; x_wconf 90' lang='lat' dir='ltr'><strong>habere</strong></span> <span class='ocrx_word' id='word_1_768' title='bbox 1099 4808 1427 4875; x_wconf 82' lang='lat' dir='ltr'><strong>perhibetur.</strong></span> <span class='ocrx_word' id='word_1_769' title='bbox 1456 4811 1521 4865; x_wconf 86' lang='lat' dir='ltr'><strong>Et</strong></span> <span class='ocrx_word' id='word_1_770' title='bbox 1557 4813 1608 4865; x_wconf 92' lang='lat' dir='ltr'><strong>in</strong></span> <span class='ocrx_word' id='word_1_771' title='bbox 1640 4815 1848 4867; x_wconf 69' lang='lat' dir='ltr'><strong>Cmteris</strong></span> <span class='ocrx_word' id='word_1_772' title='bbox 1870 4816 2083 4882; x_wconf 81' lang='lat' dir='ltr'><strong>quidem</strong></span> 
     </span>
    </p>
   </div>
   <div class='ocr_carea' id='block_1_95' title="bbox 501 4893 2085 4975">
    <p class='ocr_par' dir='ltr' id='par_1_95' title="bbox 501 4893 2085 4975">
     <span class='ocr_line' id='line_1_95' title="bbox 501 4893 2085 4975; baseline 0.01 -30"><span class='ocrx_word' id='word_1_773' title='bbox 501 4893 866 4946; x_wconf 77' lang='lat' dir='ltr'><strong>Consonantiis</strong></span> <span class='ocrx_word' id='word_1_774' title='bbox 892 4893 1030 4948; x_wconf 88' lang='lat' dir='ltr'><strong>idem</strong></span> <span class='ocrx_word' id='word_1_775' title='bbox 1059 4909 1159 4952; x_wconf 90' lang='lat' dir='ltr'><strong>est.</strong></span> <span class='ocrx_word' id='word_1_776' title='bbox 1198 4899 1453 4971; x_wconf 87' lang='lat' dir='ltr'><strong>Diapente</strong></span> <span class='ocrx_word' id='word_1_777' title='bbox 1483 4912 1658 4957; x_wconf 89' lang='lat' dir='ltr'><strong>autem</strong></span> <span class='ocrx_word' id='word_1_778' title='bbox 1682 4914 1840 4960; x_wconf 90' lang='lat' dir='ltr'><strong>erunt</strong></span> <span class='ocrx_word' id='word_1_779' title='bbox 1877 4908 2085 4975; x_wconf 87' lang='lat' dir='ltr'><strong>species</strong></span> 
     </span>
    </p>
   </div>
   <div class='ocr_carea' id='block_1_96' title="bbox 501 4985 2085 5063">
    <p class='ocr_par' dir='ltr' id='par_1_96' title="bbox 501 4985 2085 5063">
     <span class='ocr_line' id='line_1_96' title="bbox 501 4985 2085 5063; baseline 0.01 -27"><span class='ocrx_word' id='word_1_780' title='bbox 501 4992 727 5055; x_wconf 87' lang='lat' dir='ltr'><strong>quatuor</strong></span> <span class='ocrx_word' id='word_1_781' title='bbox 762 4985 863 5040; x_wconf 90' lang='lat' dir='ltr'><strong>hoc</strong></span> <span class='ocrx_word' id='word_1_782' title='bbox 908 4988 1066 5043; x_wconf 90' lang='lat' dir='ltr'><strong>modo</strong></span> <span class='ocrx_word' id='word_1_783' title='bbox 1099 5008 1110 5041; x_wconf 92' lang='lat'>:</span> <span class='ocrx_word' id='word_1_784' title='bbox 1146 4991 1258 5046; x_wconf 82' lang='lat' dir='ltr'><strong>Una</strong></span> <span class='ocrx_word' id='word_1_785' title='bbox 1310 4994 1521 5061; x_wconf 89' lang='lat' dir='ltr'><strong>quidem</strong></span> <span class='ocrx_word' id='word_1_786' title='bbox 1576 5005 1659 5050; x_wconf 90' lang='lat' dir='ltr'><strong>est</strong></span> <span class='ocrx_word' id='word_1_787' title='bbox 1691 4996 1731 5049; x_wconf 89' lang='lat' dir='ltr'><strong>ll</strong></span> <span class='ocrx_word' id='word_1_788' title='bbox 1765 4997 1830 5051; x_wconf 89' lang='lat' dir='ltr'><strong>ad</strong></span> <span class='ocrx_word' id='word_1_789' title='bbox 1862 4998 1932 5063; x_wconf 90' lang='lat' dir='ltr'><strong>D;</strong></span> <span class='ocrx_word' id='word_1_790' title='bbox 1984 4999 2085 5052; x_wconf 89' lang='lat' dir='ltr'><strong>alia</strong></span> 
     </span>
    </p>
   </div>
   <div class='ocr_carea' id='block_1_97' title="bbox 499 5074 2088 5156">
    <p class='ocr_par' dir='ltr' id='par_1_97' title="bbox 499 5074 2088 5156">
     <span class='ocr_line' id='line_1_97' title="bbox 499 5074 2088 5156; baseline 0.009 -30"><span class='ocrx_word' id='word_1_791' title='bbox 499 5089 630 5127; x_wconf 80' lang='lat' dir='ltr'><strong>vero</strong></span> <span class='ocrx_word' id='word_1_792' title='bbox 651 5074 717 5129; x_wconf 88' lang='lat' dir='ltr'><strong>ab</strong></span> <span class='ocrx_word' id='word_1_793' title='bbox 757 5092 820 5130; x_wconf 92' lang='lat' dir='ltr'><strong>eo</strong></span> <span class='ocrx_word' id='word_1_794' title='bbox 849 5078 990 5146; x_wconf 90' lang='lat' dir='ltr'><strong>quod</strong></span> <span class='ocrx_word' id='word_1_795' title='bbox 1024 5088 1107 5134; x_wconf 84' lang='lat' dir='ltr'><strong>est</strong></span> <span class='ocrx_word' id='word_1_796' title='bbox 1137 5079 1179 5135; x_wconf 91' lang='lat' dir='ltr'>G</span> <span class='ocrx_word' id='word_1_797' title='bbox 1211 5082 1276 5136; x_wconf 89' lang='lat' dir='ltr'><strong>ad</strong></span> <span class='ocrx_word' id='word_1_798' title='bbox 1308 5082 1347 5137; x_wconf 92' lang='lat' dir='ltr'>C</span> <span class='ocrx_word' id='word_1_799' title='bbox 1375 5100 1387 5147; x_wconf 90' lang='lat'><strong>;</strong></span> <span class='ocrx_word' id='word_1_800' title='bbox 1435 5086 1536 5139; x_wconf 89' lang='lat' dir='ltr'><strong>alia</strong></span> <span class='ocrx_word' id='word_1_801' title='bbox 1568 5087 1635 5141; x_wconf 89' lang='lat' dir='ltr'><strong>ab</strong></span> <span class='ocrx_word' id='word_1_802' title='bbox 1673 5102 1737 5140; x_wconf 89' lang='lat' dir='ltr'><strong>eo</strong></span> <span class='ocrx_word' id='word_1_803' title='bbox 1769 5088 1909 5156; x_wconf 85' lang='lat' dir='ltr'><strong>quod</strong></span> <span class='ocrx_word' id='word_1_804' title='bbox 1938 5098 2020 5141; x_wconf 89' lang='lat' dir='ltr'><strong>est</strong></span> <span class='ocrx_word' id='word_1_805' title='bbox 2050 5088 2088 5141; x_wconf 60' lang='grc' dir='ltr'>ιτ</span> 
     </span>
    </p>
   </div>
   <div class='ocr_carea' id='block_1_98' title="bbox 499 5166 2088 5248">
    <p class='ocr_par' dir='ltr' id='par_1_98' title="bbox 499 5166 2088 5248">
     <span class='ocr_line' id='line_1_98' title="bbox 499 5166 2088 5248; baseline 0.009 -29"><span class='ocrx_word' id='word_1_806' title='bbox 499 5166 564 5220; x_wconf 91' lang='lat' dir='ltr'><strong>ad</strong></span> <span class='ocrx_word' id='word_1_807' title='bbox 593 5168 629 5220; x_wconf 85' lang='grc' dir='ltr'>Β</span> <span class='ocrx_word' id='word_1_808' title='bbox 655 5184 668 5233; x_wconf 92' lang='grc'><strong>;</strong></span> <span class='ocrx_word' id='word_1_809' title='bbox 727 5169 825 5223; x_wconf 89' lang='lat' dir='ltr'><strong>alia</strong></span> <span class='ocrx_word' id='word_1_810' title='bbox 873 5179 1047 5225; x_wconf 88' lang='lat' dir='ltr'><strong>autem</strong></span> <span class='ocrx_word' id='word_1_811' title='bbox 1078 5174 1144 5228; x_wconf 90' lang='lat' dir='ltr'><strong>ab</strong></span> <span class='ocrx_word' id='word_1_812' title='bbox 1172 5190 1237 5229; x_wconf 89' lang='lat' dir='ltr'><strong>eo</strong></span> <span class='ocrx_word' id='word_1_813' title='bbox 1262 5176 1400 5243; x_wconf 88' lang='lat' dir='ltr'><strong>quod</strong></span> <span class='ocrx_word' id='word_1_814' title='bbox 1424 5187 1508 5232; x_wconf 90' lang='lat' dir='ltr'><strong>est</strong></span> <span class='ocrx_word' id='word_1_815' title='bbox 1537 5179 1576 5233; x_wconf 87' lang='lat' dir='ltr'>E</span> <span class='ocrx_word' id='word_1_816' title='bbox 1603 5179 1666 5233; x_wconf 90' lang='lat' dir='ltr'><strong>ad</strong></span> <span class='ocrx_word' id='word_1_817' title='bbox 1697 5182 1761 5234; x_wconf 83' lang='lat' dir='ltr'><strong>A.</strong></span> <span class='ocrx_word' id='word_1_818' title='bbox 1824 5179 2088 5248; x_wconf 88' lang='lat' dir='ltr'><strong>Diapason</strong></span> 
     </span>
    </p>
   </div>
   <div class='ocr_carea' id='block_1_99' title="bbox 501 5264 2087 5339">
    <p class='ocr_par' dir='ltr' id='par_1_99' title="bbox 501 5264 2087 5339">
     <span class='ocr_line' id='line_1_99' title="bbox 501 5264 2087 5339; baseline 0.009 -29"><span class='ocrx_word' id='word_1_819' title='bbox 501 5272 627 5313; x_wconf 85' lang='lat' dir='ltr'><strong>vero</strong></span> <span class='ocrx_word' id='word_1_820' title='bbox 654 5264 1017 5317; x_wconf 73' lang='lat' dir='ltr'><strong>consonantia:</strong></span> <span class='ocrx_word' id='word_1_821' title='bbox 1048 5266 1077 5318; x_wconf 89' lang='lat'><strong>7</strong></span> <span class='ocrx_word' id='word_1_822' title='bbox 1100 5277 1258 5321; x_wconf 91' lang='lat' dir='ltr'><strong>erunt</strong></span> <span class='ocrx_word' id='word_1_823' title='bbox 1287 5269 1516 5337; x_wconf 88' lang='lat' dir='ltr'><strong>species,</strong></span> <span class='ocrx_word' id='word_1_824' title='bbox 1557 5272 1657 5325; x_wconf 92' lang='lat' dir='ltr'><strong>hoc</strong></span> <span class='ocrx_word' id='word_1_825' title='bbox 1681 5270 1843 5325; x_wconf 93' lang='lat' dir='ltr'><strong>modo</strong></span> <span class='ocrx_word' id='word_1_826' title='bbox 1873 5289 1883 5322; x_wconf 92' lang='lat'><strong>:</strong></span> <span class='ocrx_word' id='word_1_827' title='bbox 1918 5271 2087 5339; x_wconf 90' lang='lat' dir='ltr'><strong>prima</strong></span> 
     </span>
    </p>
   </div>
   <div class='ocr_carea' id='block_1_100' title="bbox 501 5349 2088 5431">
    <p class='ocr_par' dir='ltr' id='par_1_100' title="bbox 501 5349 2088 5431">
     <span class='ocr_line' id='line_1_100' title="bbox 501 5349 2088 5431; baseline 0.009 -30"><span class='ocrx_word' id='word_1_828' title='bbox 501 5349 642 5404; x_wconf 87' lang='lat' dir='ltr'><strong>abeo</strong></span> <span class='ocrx_word' id='word_1_829' title='bbox 674 5353 813 5419; x_wconf 86' lang='lat' dir='ltr'><strong>quod</strong></span> <span class='ocrx_word' id='word_1_830' title='bbox 843 5363 924 5407; x_wconf 91' lang='lat' dir='ltr'><strong>est</strong></span> <span class='ocrx_word' id='word_1_831' title='bbox 945 5356 987 5407; x_wconf 89' lang='grc'>0</span> <span class='ocrx_word' id='word_1_832' title='bbox 1012 5355 1079 5410; x_wconf 89' lang='lat' dir='ltr'><strong>ad</strong></span> <span class='ocrx_word' id='word_1_833' title='bbox 1108 5355 1184 5421; x_wconf 88' lang='lat' dir='ltr'><strong>G;</strong></span> <span class='ocrx_word' id='word_1_834' title='bbox 1211 5359 1447 5413; x_wconf 86' lang='lat' dir='ltr'><strong>secunda</strong></span> <span class='ocrx_word' id='word_1_835' title='bbox 1477 5360 1543 5414; x_wconf 88' lang='lat' dir='ltr'><strong>ab</strong></span> <span class='ocrx_word' id='word_1_836' title='bbox 1575 5376 1640 5415; x_wconf 92' lang='lat' dir='ltr'><strong>eo</strong></span> <span class='ocrx_word' id='word_1_837' title='bbox 1671 5362 1809 5431; x_wconf 93' lang='lat' dir='ltr'><strong>quod</strong></span> <span class='ocrx_word' id='word_1_838' title='bbox 1842 5371 1923 5416; x_wconf 92' lang='lat' dir='ltr'><strong>est</strong></span> <span class='ocrx_word' id='word_1_839' title='bbox 1951 5362 1991 5415; x_wconf 86' lang='lat' dir='ltr'><strong>N</strong></span> <span class='ocrx_word' id='word_1_840' title='bbox 2022 5363 2088 5415; x_wconf 92' lang='lat' dir='ltr'><strong>ad</strong></span> 
     </span>
    </p>
   </div>
   <div class='ocr_carea' id='block_1_101' title="bbox 501 5442 2089 5522">
    <p class='ocr_par' dir='ltr' id='par_1_101' title="bbox 501 5442 2089 5522">
     <span class='ocr_line' id='line_1_101' title="bbox 501 5442 2089 5522; baseline 0.008 -28"><span class='ocrx_word' id='word_1_841' title='bbox 501 5442 539 5494; x_wconf 79' lang='lat' dir='ltr'><strong>F</strong></span> <span class='ocrx_word' id='word_1_842' title='bbox 565 5458 578 5504; x_wconf 88' lang='lat'><strong>;</strong></span> <span class='ocrx_word' id='word_1_843' title='bbox 620 5443 771 5498; x_wconf 85' lang='lat' dir='ltr'><strong>tertia</strong></span> <span class='ocrx_word' id='word_1_844' title='bbox 804 5444 867 5499; x_wconf 87' lang='lat' dir='ltr'><strong>ab</strong></span> <span class='ocrx_word' id='word_1_845' title='bbox 894 5460 958 5500; x_wconf 89' lang='lat' dir='ltr'><strong>eo</strong></span> <span class='ocrx_word' id='word_1_846' title='bbox 982 5447 1123 5516; x_wconf 79' lang='lat' dir='ltr'><strong>quod</strong></span> <span class='ocrx_word' id='word_1_847' title='bbox 1154 5460 1236 5505; x_wconf 91' lang='lat' dir='ltr'><strong>est</strong></span> <span class='ocrx_word' id='word_1_848' title='bbox 1257 5455 1302 5504; x_wconf 77' lang='grc' dir='ltr'><strong>Μ</strong></span> <span class='ocrx_word' id='word_1_849' title='bbox 1328 5450 1392 5505; x_wconf 87' lang='lat' dir='ltr'><strong>ad</strong></span> <span class='ocrx_word' id='word_1_850' title='bbox 1428 5453 1468 5508; x_wconf 85' lang='lat' dir='ltr'><strong>E</strong></span> <span class='ocrx_word' id='word_1_851' title='bbox 1504 5468 1518 5513; x_wconf 86' lang='lat'><strong>;</strong></span> <span class='ocrx_word' id='word_1_852' title='bbox 1548 5463 1736 5522; x_wconf 84' lang='lat' dir='ltr'><strong>quarta</strong></span> <span class='ocrx_word' id='word_1_853' title='bbox 1764 5453 1831 5507; x_wconf 89' lang='lat' dir='ltr'><strong>ab</strong></span> <span class='ocrx_word' id='word_1_854' title='bbox 1861 5468 1925 5508; x_wconf 91' lang='lat' dir='ltr'><strong>eo</strong></span> <span class='ocrx_word' id='word_1_855' title='bbox 1946 5454 2089 5522; x_wconf 87' lang='lat' dir='ltr'><strong>quod</strong></span> 
     </span>
    </p>
   </div>
   <div class='ocr_carea' id='block_1_102' title="bbox 577 5763 894 5817">
    <p class='ocr_par' dir='ltr' id='par_1_102' title="bbox 577 5763 894 5817">
     <span class='ocr_line' id='line_1_102' title="bbox 577 5763 894 5817; baseline 0.013 -4"><span class='ocrx_word' id='word_1_856' title='bbox 577 5773 601 5800; x_wconf 73' lang='grc' dir='ltr'><strong>ι</strong></span> <span class='ocrx_word' id='word_1_857' title='bbox 630 5763 894 5817; x_wconf 71' lang='lat' dir='ltr'><strong>Voconius.</strong></span> 
     </span>
    </p>
   </div>
   <div class='ocr_carea' id='block_1_103' title="bbox 507 5833 834 5889">
    <p class='ocr_par' dir='ltr' id='par_1_103' title="bbox 507 5833 834 5889">
     <span class='ocr_line' id='line_1_103' title="bbox 507 5833 834 5889; baseline 0 -3"><span class='ocrx_word' id='word_1_858' title='bbox 507 5844 607 5889; x_wconf 76' lang='lat' dir='ltr'><strong>tur.</strong></span> <span class='ocrx_word' id='word_1_859' title='bbox 684 5833 705 5869; x_wconf 64' lang='grc'><strong><em>³³</em></strong></span> <span class='ocrx_word' id='word_1_860' title='bbox 750 5834 834 5886; x_wconf 81' lang='lat' dir='ltr'><strong>In.</strong></span> 
     </span>
    </p>
   </div>
   <div class='ocr_carea' id='block_1_104' title="bbox 1412 5770 1779 5823">
    <p class='ocr_par' dir='ltr' id='par_1_104' title="bbox 1412 5770 1779 5823">
     <span class='ocr_line' id='line_1_104' title="bbox 1412 5770 1779 5823; baseline 0.003 -1"><span class='ocrx_word' id='word_1_861' title='bbox 1412 5782 1432 5806; x_wconf 77' lang='lat'><strong>&#39;—</strong></span> <span class='ocrx_word' id='word_1_862' title='bbox 1479 5770 1779 5823; x_wconf 69' lang='lat' dir='ltr'><strong>Ordiamur.</strong></span> 
     </span>
    </p>
   </div>
   <div class='ocr_carea' id='block_1_105' title="bbox 1356 5840 1775 5912">
    <p class='ocr_par' dir='ltr' id='par_1_105' title="bbox 1356 5840 1775 5912">
     <span class='ocr_line' id='line_1_105' title="bbox 1356 5840 1775 5912; baseline 0.002 -18"><span class='ocrx_word' id='word_1_863' title='bbox 1356 5840 1365 5886; x_wconf 75' lang='grc'>1</span> <span class='ocrx_word' id='word_1_864' title='bbox 1424 5840 1539 5894; x_wconf 77' lang='lat' dir='ltr'><strong>Non</strong></span> <span class='ocrx_word' id='word_1_865' title='bbox 1575 5843 1775 5912; x_wconf 78' lang='lat' dir='ltr'><strong>legitur.</strong></span> 
     </span>
    </p>
   </div>
   <div class='ocr_carea' id='block_1_106' title="bbox 921 5766 1327 5841">
    <p class='ocr_par' dir='ltr' id='par_1_106' title="bbox 921 5766 1327 5841">
     <span class='ocr_line' id='line_1_106' title="bbox 921 5766 1327 5841; baseline 0.007 -23"><span class='ocrx_word' id='word_1_866' title='bbox 921 5833 928 5841; x_wconf 81' lang='lat'><em>_</em></span> <span class='ocrx_word' id='word_1_867' title='bbox 975 5766 1017 5841; x_wconf 71' lang='lat' dir='ltr'><strong>b_</strong></span> <span class='ocrx_word' id='word_1_868' title='bbox 1040 5766 1327 5841; x_wconf 63' lang='lat' dir='ltr'><strong>.llcsonque.</strong></span> 
     </span>
    </p>
   </div>
   <div class='ocr_carea' id='block_1_107' title="bbox 919 5837 1267 5891">
    <p class='ocr_par' dir='ltr' id='par_1_107' title="bbox 919 5837 1267 5891">
     <span class='ocr_line' id='line_1_107' title="bbox 919 5837 1267 5891; baseline 0.006 -2"><span class='ocrx_word' id='word_1_869' title='bbox 919 5837 931 5872; x_wconf 75' lang='grc' dir='ltr'><strong>ί</strong></span> <span class='ocrx_word' id='word_1_870' title='bbox 987 5837 1267 5891; x_wconf 81' lang='lat' dir='ltr'><strong>Distinctio.</strong></span> 
     </span>
    </p>
   </div>
   <div class='ocr_carea' id='block_1_108' title="bbox 1863 5769 2313 5823">
    <p class='ocr_par' dir='ltr' id='par_1_108' title="bbox 1863 5769 2313 5823">
     <span class='ocr_line' id='line_1_108' title="bbox 1863 5769 2313 5823; baseline 0.002 -1"><span class='ocrx_word' id='word_1_871' title='bbox 1863 5769 1885 5805; x_wconf 82' lang='grc'><strong>⁴¹</strong></span> <span class='ocrx_word' id='word_1_872' title='bbox 1928 5770 2045 5823; x_wconf 68' lang='lat' dir='ltr'><strong>Non</strong></span> <span class='ocrx_word' id='word_1_873' title='bbox 2078 5770 2172 5823; x_wconf 85' lang='lat' dir='ltr'><strong>Imb</strong></span> <span class='ocrx_word' id='word_1_874' title='bbox 2182 5780 2313 5823; x_wconf 72' lang='grc' dir='ltr'><em>ρίαν.</em></span> 
     </span>
    </p>
   </div>
   <div class='ocr_carea' id='block_1_109' title="bbox 1858 5840 2546 5898">
    <p class='ocr_par' dir='ltr' id='par_1_109' title="bbox 1858 5840 2546 5898">
     <span class='ocr_line' id='line_1_109' title="bbox 1858 5840 2546 5898; baseline 0.006 -4"><span class='ocrx_word' id='word_1_875' title='bbox 1858 5840 1879 5879; x_wconf 83' lang='grc' dir='ltr'>¹ι</span> <span class='ocrx_word' id='word_1_876' title='bbox 1926 5840 2102 5897; x_wconf 76' lang='lat' dir='ltr'><strong>Faciet</strong></span> <span class='ocrx_word' id='word_1_877' title='bbox 2129 5859 2236 5898; x_wconf 80' lang='lat' dir='ltr'><strong>esse</strong></span> <span class='ocrx_word' id='word_1_878' title='bbox 2268 5845 2546 5898; x_wconf 77' lang='lat' dir='ltr'><strong>notiorem.</strong></span> 
     </span>
    </p>
   </div>
   <div class='ocr_carea' id='block_1_110' title="bbox 2195 4623 3789 4700">
    <p class='ocr_par' dir='ltr' id='par_1_110' title="bbox 2195 4623 3789 4700">
     <span class='ocr_line' id='line_1_110' title="bbox 2195 4623 3789 4700; baseline -0.004 -16"><span class='ocrx_word' id='word_1_879' title='bbox 2195 4632 2237 4684; x_wconf 88' lang='grc' dir='ltr'><strong>Ι)</strong></span> <span class='ocrx_word' id='word_1_880' title='bbox 2270 4631 2309 4684; x_wconf 91' lang='lat' dir='ltr'><strong>L</strong></span> <span class='ocrx_word' id='word_1_881' title='bbox 2339 4646 2401 4684; x_wconf 86' lang='lat' dir='ltr'><strong>ea</strong></span> <span class='ocrx_word' id='word_1_882' title='bbox 2423 4646 2541 4700; x_wconf 84' lang='lat' dir='ltr'><strong>qua:</strong></span> <span class='ocrx_word' id='word_1_883' title='bbox 2572 4638 2655 4684; x_wconf 91' lang='lat' dir='ltr'><strong>est</strong></span> <span class='ocrx_word' id='word_1_884' title='bbox 2683 4638 2871 4698; x_wconf 88' lang='lat' dir='ltr'><strong>quarta</strong></span> <span class='ocrx_word' id='word_1_885' title='bbox 2904 4628 2973 4682; x_wconf 90' lang='lat' dir='ltr'><strong>ab</strong></span> <span class='ocrx_word' id='word_1_886' title='bbox 3000 4628 3196 4697; x_wconf 85' lang='lat' dir='ltr'><strong>hypate</strong></span> <span class='ocrx_word' id='word_1_887' title='bbox 3226 4639 3413 4679; x_wconf 91' lang='lat' dir='ltr'><strong>meson</strong></span> <span class='ocrx_word' id='word_1_888' title='bbox 3445 4625 3501 4677; x_wconf 87' lang='lat' dir='ltr'><strong>in</strong></span> <span class='ocrx_word' id='word_1_889' title='bbox 3535 4633 3662 4678; x_wconf 82' lang='lat' dir='ltr'><strong>nete</strong></span> <span class='ocrx_word' id='word_1_890' title='bbox 3681 4623 3789 4677; x_wconf 82' lang='lat' dir='ltr'><strong>die-</strong></span> 
     </span>
    </p>
   </div>
   <div class='ocr_carea' id='block_1_111' title="bbox 2202 4717 3789 4792">
    <p class='ocr_par' dir='ltr' id='par_1_111' title="bbox 2202 4717 3789 4792">
     <span class='ocr_line' id='line_1_111' title="bbox 2202 4717 3789 4792; baseline -0.006 -16"><span class='ocrx_word' id='word_1_891' title='bbox 2202 4737 2563 4792; x_wconf 85' lang='lat' dir='ltr'><strong>zeugmenon.</strong></span> <span class='ocrx_word' id='word_1_892' title='bbox 2624 4722 2826 4775; x_wconf 90' lang='lat' dir='ltr'><strong>Dehinc</strong></span> <span class='ocrx_word' id='word_1_893' title='bbox 2848 4721 2889 4776; x_wconf 88' lang='lat' dir='ltr'>G</span> <span class='ocrx_word' id='word_1_894' title='bbox 2914 4721 2958 4775; x_wconf 87' lang='grc' dir='ltr'>Ο</span> <span class='ocrx_word' id='word_1_895' title='bbox 2989 4719 3102 4775; x_wconf 71' lang='lat' dir='ltr'><strong>haec</strong></span> <span class='ocrx_word' id='word_1_896' title='bbox 3129 4718 3358 4788; x_wconf 89' lang='lat' dir='ltr'><strong>septima</strong></span> <span class='ocrx_word' id='word_1_897' title='bbox 3390 4727 3495 4785; x_wconf 89' lang='lat' dir='ltr'><strong>est,</strong></span> <span class='ocrx_word' id='word_1_898' title='bbox 3551 4717 3609 4770; x_wconf 90' lang='lat' dir='ltr'><strong>id</strong></span> <span class='ocrx_word' id='word_1_899' title='bbox 3654 4726 3731 4770; x_wconf 86' lang='lat' dir='ltr'><strong>est</strong></span> <span class='ocrx_word' id='word_1_900' title='bbox 3762 4729 3789 4765; x_wconf 86' lang='lat' dir='ltr'><strong>a</strong></span> 
     </span>
    </p>
   </div>
   <div class='ocr_carea' id='block_1_112' title="bbox 2193 4812 3790 4884">
    <p class='ocr_par' dir='ltr' id='par_1_112' title="bbox 2193 4812 3790 4884">
     <span class='ocr_line' id='line_1_112' title="bbox 2193 4812 3790 4884; baseline -0.006 -15"><span class='ocrx_word' id='word_1_901' title='bbox 2193 4831 2340 4871; x_wconf 87' lang='lat' dir='ltr'><strong>mese</strong></span> <span class='ocrx_word' id='word_1_902' title='bbox 2369 4816 2422 4869; x_wconf 92' lang='lat' dir='ltr'><strong>in</strong></span> <span class='ocrx_word' id='word_1_903' title='bbox 2464 4823 2625 4869; x_wconf 90' lang='lat' dir='ltr'><strong>neten</strong></span> <span class='ocrx_word' id='word_1_904' title='bbox 2658 4813 3045 4884; x_wconf 89' lang='lat' dir='ltr'><strong>hyperboleon.</strong></span> <span class='ocrx_word' id='word_1_905' title='bbox 3102 4812 3448 4879; x_wconf 76' lang='lat' dir='ltr'><strong>Reliquorum</strong></span> <span class='ocrx_word' id='word_1_906' title='bbox 3503 4824 3637 4863; x_wconf 84' lang='lat' dir='ltr'><strong>vero</strong></span> <span class='ocrx_word' id='word_1_907' title='bbox 3670 4822 3790 4876; x_wconf 53' lang='lat' dir='ltr'><strong>spec</strong></span> 
     </span>
    </p>
   </div>
   <div class='ocr_carea' id='block_1_113' title="bbox 2193 4900 3790 4960">
    <p class='ocr_par' dir='ltr' id='par_1_113' title="bbox 2193 4900 3790 4960">
     <span class='ocr_line' id='line_1_113' title="bbox 2193 4900 3790 4960; baseline -0.006 0"><span class='ocrx_word' id='word_1_908' title='bbox 2193 4908 2394 4960; x_wconf 86' lang='lat' dir='ltr'><strong>cierum</strong></span> <span class='ocrx_word' id='word_1_909' title='bbox 2438 4920 2598 4960; x_wconf 83' lang='lat' dir='ltr'><strong>voces</strong></span> <span class='ocrx_word' id='word_1_910' title='bbox 2625 4907 2837 4959; x_wconf 75' lang='lat' dir='ltr'><strong>extimae</strong></span> <span class='ocrx_word' id='word_1_911' title='bbox 2872 4904 3020 4957; x_wconf 89' lang='lat' dir='ltr'><strong>nullo</strong></span> <span class='ocrx_word' id='word_1_912' title='bbox 3054 4902 3213 4956; x_wconf 89' lang='lat' dir='ltr'><strong>modo</strong></span> <span class='ocrx_word' id='word_1_913' title='bbox 3246 4902 3259 4951; x_wconf 87' lang='lat' dir='ltr'><strong>i</strong></span> <span class='ocrx_word' id='word_1_914' title='bbox 3304 4900 3681 4956; x_wconf 89' lang='lat' dir='ltr'><strong>immobilibus</strong></span> <span class='ocrx_word' id='word_1_915' title='bbox 3700 4912 3790 4950; x_wconf 84' lang='lat' dir='ltr'><strong>vo-</strong></span> 
     </span>
    </p>
   </div>
   <div class='ocr_carea' id='block_1_114' title="bbox 2194 4994 3790 5065">
    <p class='ocr_par' dir='ltr' id='par_1_114' title="bbox 2194 4994 3790 5065">
     <span class='ocr_line' id='line_1_114' title="bbox 2194 4994 3790 5065; baseline -0.003 -14"><span class='ocrx_word' id='word_1_916' title='bbox 2194 5000 2343 5053; x_wconf 86' lang='lat' dir='ltr'><strong>cibus</strong></span> <span class='ocrx_word' id='word_1_917' title='bbox 2368 5000 2676 5053; x_wconf 68' lang='lat' dir='ltr'><strong>constitutae</strong></span> <span class='ocrx_word' id='word_1_918' title='bbox 2707 5008 2851 5052; x_wconf 90' lang='lat' dir='ltr'><strong>sunt.</strong></span> <span class='ocrx_word' id='word_1_919' title='bbox 2908 4996 3040 5051; x_wconf 87' lang='lat' dir='ltr'><strong>Nam</strong></span> <span class='ocrx_word' id='word_1_920' title='bbox 3069 4994 3392 5065; x_wconf 87' lang='lat' dir='ltr'><strong>parhypate,</strong></span> <span class='ocrx_word' id='word_1_921' title='bbox 3422 5002 3480 5047; x_wconf 89' lang='lat' dir='ltr'><strong>et</strong></span> <span class='ocrx_word' id='word_1_922' title='bbox 3511 4994 3790 5063; x_wconf 83' lang='lat' dir='ltr'><strong>lychanos.</strong></span> 
     </span>
    </p>
   </div>
   <div class='ocr_carea' id='block_1_115' title="bbox 2196 5082 3786 5162">
    <p class='ocr_par' dir='ltr' id='par_1_115' title="bbox 2196 5082 3786 5162">
     <span class='ocr_line' id='line_1_115' title="bbox 2196 5082 3786 5162; baseline -0.006 -16"><span class='ocrx_word' id='word_1_923' title='bbox 2196 5103 2249 5146; x_wconf 89' lang='lat' dir='ltr'><strong>et</strong></span> <span class='ocrx_word' id='word_1_924' title='bbox 2281 5095 2403 5147; x_wconf 91' lang='lat' dir='ltr'><strong>trite</strong></span> <span class='ocrx_word' id='word_1_925' title='bbox 2424 5135 2438 5158; x_wconf 92' lang='lat'><strong>,</strong></span> <span class='ocrx_word' id='word_1_926' title='bbox 2481 5101 2535 5147; x_wconf 89' lang='lat' dir='ltr'><strong>et</strong></span> <span class='ocrx_word' id='word_1_927' title='bbox 2564 5102 2819 5162; x_wconf 89' lang='lat' dir='ltr'><strong>paranete</strong></span> <span class='ocrx_word' id='word_1_928' title='bbox 2850 5090 2944 5161; x_wconf 88' lang='lat' dir='ltr'><strong>(ut</strong></span> <span class='ocrx_word' id='word_1_929' title='bbox 2987 5103 3147 5158; x_wconf 89' lang='lat' dir='ltr'><strong>supra</strong></span> <span class='ocrx_word' id='word_1_930' title='bbox 3174 5103 3388 5157; x_wconf 88' lang='lat' dir='ltr'><strong>quoque</strong></span> <span class='ocrx_word' id='word_1_931' title='bbox 3414 5086 3621 5140; x_wconf 90' lang='lat' dir='ltr'><strong>dictum</strong></span> <span class='ocrx_word' id='word_1_932' title='bbox 3669 5082 3786 5150; x_wconf 87' lang='lat' dir='ltr'><strong>est)</strong></span> 
     </span>
    </p>
   </div>
   <div class='ocr_carea' id='block_1_116' title="bbox 2196 5177 3789 5247">
    <p class='ocr_par' dir='ltr' id='par_1_116' title="bbox 2196 5177 3789 5247">
     <span class='ocr_line' id='line_1_116' title="bbox 2196 5177 3789 5247; baseline -0.006 -11"><span class='ocrx_word' id='word_1_933' title='bbox 2196 5184 2502 5240; x_wconf 85' lang='lat' dir='ltr'><strong>immobiles</strong></span> <span class='ocrx_word' id='word_1_934' title='bbox 2552 5200 2660 5239; x_wconf 90' lang='lat' dir='ltr'><strong>non</strong></span> <span class='ocrx_word' id='word_1_935' title='bbox 2694 5192 2838 5236; x_wconf 85' lang='lat' dir='ltr'><strong>sunt.</strong></span> <span class='ocrx_word' id='word_1_936' title='bbox 2867 5182 3126 5239; x_wconf 89' lang='lat' dir='ltr'><strong>Similiter</strong></span> <span class='ocrx_word' id='word_1_937' title='bbox 3154 5189 3328 5234; x_wconf 88' lang='lat' dir='ltr'><strong>autem</strong></span> <span class='ocrx_word' id='word_1_938' title='bbox 3361 5188 3416 5234; x_wconf 91' lang='lat' dir='ltr'><strong>et</strong></span> <span class='ocrx_word' id='word_1_939' title='bbox 3448 5193 3546 5247; x_wconf 85' lang='lat' dir='ltr'><strong>per</strong></span> <span class='ocrx_word' id='word_1_940' title='bbox 3573 5177 3789 5231; x_wconf 78' lang='lat' dir='ltr'><strong>easdem</strong></span> 
     </span>
    </p>
   </div>
   <div class='ocr_carea' id='block_1_117' title="bbox 2194 5270 3790 5348">
    <p class='ocr_par' dir='ltr' id='par_1_117' title="bbox 2194 5270 3790 5348">
     <span class='ocr_line' id='line_1_117' title="bbox 2194 5270 3790 5348; baseline -0.007 -17"><span class='ocrx_word' id='word_1_941' title='bbox 2194 5292 2353 5332; x_wconf 86' lang='lat' dir='ltr'><strong>voces</strong></span> <span class='ocrx_word' id='word_1_942' title='bbox 2390 5279 2434 5331; x_wconf 89' lang='lat' dir='ltr'><strong>si</strong></span> <span class='ocrx_word' id='word_1_943' title='bbox 2466 5279 2533 5333; x_wconf 89' lang='lat' dir='ltr'><strong>ab</strong></span> <span class='ocrx_word' id='word_1_944' title='bbox 2564 5278 2925 5348; x_wconf 88' lang='lat' dir='ltr'><strong>hyperboleon</strong></span> <span class='ocrx_word' id='word_1_945' title='bbox 2971 5285 3094 5330; x_wconf 90' lang='lat' dir='ltr'><strong>nete</strong></span> <span class='ocrx_word' id='word_1_946' title='bbox 3139 5273 3446 5337; x_wconf 87' lang='lat' dir='ltr'><strong>ordiamur,</strong></span> <span class='ocrx_word' id='word_1_947' title='bbox 3491 5270 3790 5338; x_wconf 87' lang='lat' dir='ltr'><strong>specierum</strong></span> 
     </span>
    </p>
   </div>
   <div class='ocr_carea' id='block_1_118' title="bbox 2196 5361 3791 5437">
    <p class='ocr_par' dir='ltr' id='par_1_118' title="bbox 2196 5361 3791 5437">
     <span class='ocr_line' id='line_1_118' title="bbox 2196 5361 3791 5437; baseline -0.006 -17"><span class='ocrx_word' id='word_1_948' title='bbox 2196 5367 2333 5421; x_wconf 93' lang='lat' dir='ltr'><strong>ordo</strong></span> <span class='ocrx_word' id='word_1_949' title='bbox 2388 5368 2736 5433; x_wconf 80' lang='lat' dir='ltr'><strong>contexitur,</strong></span> <span class='ocrx_word' id='word_1_950' title='bbox 2806 5381 3034 5437; x_wconf 91' lang='lat' dir='ltr'><strong>quorum</strong></span> <span class='ocrx_word' id='word_1_951' title='bbox 3090 5364 3330 5419; x_wconf 89' lang='lat' dir='ltr'><strong>omnium</strong></span> <span class='ocrx_word' id='word_1_952' title='bbox 3389 5361 3791 5433; x_wconf 83' lang='lat' dir='ltr'><strong>intelligentiam</strong></span> 
     </span>
    </p>
   </div>
   <div class='ocr_carea' id='block_1_119' title="bbox 2195 5456 3035 5529">
    <p class='ocr_par' dir='ltr' id='par_1_119' title="bbox 2195 5456 3035 5529">
     <span class='ocr_line' id='line_1_119' title="bbox 2195 5456 3035 5529; baseline -0.005 -14"><span class='ocrx_word' id='word_1_953' title='bbox 2195 5459 2440 5528; x_wconf 83' lang='lat' dir='ltr'><strong>subjecta</strong></span> <span class='ocrx_word' id='word_1_954' title='bbox 2480 5457 2777 5529; x_wconf 86' lang='lat' dir='ltr'><strong>descriptio</strong></span> <span class='ocrx_word' id='word_1_955' title='bbox 2802 5456 2826 5496; x_wconf 76' lang='grc' dir='ltr'><strong>ιι</strong></span> <span class='ocrx_word' id='word_1_956' title='bbox 2860 5457 3035 5514; x_wconf 88' lang='lat' dir='ltr'><strong>docet.</strong></span> 
     </span>
    </p>
   </div>
   <div class='ocr_carea' id='block_1_120' title="bbox 2400 5764 3789 5844">
    <p class='ocr_par' dir='ltr' id='par_1_120' title="bbox 2400 5764 3789 5844">
     <span class='ocr_line' id='line_1_120' title="bbox 2400 5764 3789 5844; baseline 0.006 -19"><span class='ocrx_word' id='word_1_957' title='bbox 2400 5782 2421 5807; x_wconf 74' lang='grc' dir='ltr'>ι’</span> <span class='ocrx_word' id='word_1_958' title='bbox 2467 5772 2586 5826; x_wconf 81' lang='lat' dir='ltr'><strong>Non</strong></span> <span class='ocrx_word' id='word_1_959' title='bbox 2624 5774 2856 5830; x_wconf 70' lang='lat' dir='ltr'><strong>Imitetur.</strong></span> <span class='ocrx_word' id='word_1_960' title='bbox 2943 5772 2959 5812; x_wconf 71' lang='grc' dir='ltr'><em>τ</em></span> <span class='ocrx_word' id='word_1_961' title='bbox 3008 5772 3125 5829; x_wconf 71' lang='lat' dir='ltr'><strong>Non</strong></span> <span class='ocrx_word' id='word_1_962' title='bbox 3153 5769 3356 5844; x_wconf 75' lang='lat' dir='ltr'><strong>legitur.</strong></span> <span class='ocrx_word' id='word_1_963' title='bbox 3445 5777 3469 5816; x_wconf 66' lang='grc' dir='ltr'><strong>ε</strong></span> <span class='ocrx_word' id='word_1_964' title='bbox 3514 5764 3627 5821; x_wconf 78' lang='grc' dir='ltr'><strong>Νοη</strong></span> <span class='ocrx_word' id='word_1_965' title='bbox 3656 5766 3789 5833; x_wconf 65' lang='grc' dir='ltr'>ίιςίο</span> 
     </span>
    </p>
   </div>
  </div>
