  <div class='ocr_page' id='page_1' title='image "/cluster/home/n/w/nwhite01/storage/ocr_20150623/63/hvd.32044015469307/645.png"; bbox 0 0 4020 6352; ppageno 0'>
   <div class='ocr_carea' id='block_1_1' title="bbox 493 292 630 346">
    <p class='ocr_par' dir='ltr' id='par_1_1' title="bbox 493 292 630 346">
     <span class='ocr_line' id='line_1_1' title="bbox 493 292 630 346; baseline -0.007 0"><span class='ocrx_word' id='word_1_1' title='bbox 493 292 630 346; x_wconf 67' lang='grc'><strong>1285</strong></span> 
     </span>
    </p>
   </div>
   <div class='ocr_carea' id='block_1_2' title="bbox 1715 290 2535 348">
    <p class='ocr_par' dir='ltr' id='par_1_2' title="bbox 1715 290 2535 348">
     <span class='ocr_line' id='line_1_2' title="bbox 1715 290 2535 348; baseline -0.004 -1"><span class='ocrx_word' id='word_1_2' title='bbox 1715 293 1824 347; x_wconf 72' lang='lat' dir='ltr'><strong>AN.</strong></span> <span class='ocrx_word' id='word_1_3' title='bbox 1869 292 2076 347; x_wconf 79' lang='lat' dir='ltr'><strong>MANL.</strong></span> <span class='ocrx_word' id='word_1_4' title='bbox 2119 291 2268 348; x_wconf 84' lang='lat' dir='ltr'><strong>SEV.</strong></span> <span class='ocrx_word' id='word_1_5' title='bbox 2314 290 2535 347; x_wconf 82' lang='lat' dir='ltr'><strong>BOETII</strong></span> 
     </span>
    </p>
   </div>
   <div class='ocr_carea' id='block_1_3' title="bbox 3631 289 3768 342">
    <p class='ocr_par' dir='ltr' id='par_1_3' title="bbox 3631 289 3768 342">
     <span class='ocr_line' id='line_1_3' title="bbox 3631 289 3768 342; baseline 0 0"><span class='ocrx_word' id='word_1_6' title='bbox 3631 289 3768 342; x_wconf 64' lang='grc' dir='ltr'><strong>ιελι</strong></span> 
     </span>
    </p>
   </div>
   <div class='ocr_carea' id='block_1_4' title="bbox 490 401 3768 474">
    <p class='ocr_par' dir='ltr' id='par_1_4' title="bbox 490 401 3768 474">
     <span class='ocr_line' id='line_1_4' title="bbox 490 401 3768 474; baseline 0 -15"><span class='ocrx_word' id='word_1_7' title='bbox 490 406 702 459; x_wconf 79' lang='lat' dir='ltr'><strong>notulas</strong></span> <span class='ocrx_word' id='word_1_8' title='bbox 732 405 934 474; x_wconf 89' lang='lat' dir='ltr'><strong>integra</strong></span> <span class='ocrx_word' id='word_1_9' title='bbox 968 405 1158 474; x_wconf 81' lang='lat' dir='ltr'><strong>pagina</strong></span> <span class='ocrx_word' id='word_1_10' title='bbox 1203 404 1618 474; x_wconf 85' lang='lat' dir='ltr'><strong>disgregaverit,</strong></span> <span class='ocrx_word' id='word_1_11' title='bbox 1647 403 1757 456; x_wconf 93' lang='lat' dir='ltr'><strong>toni</strong></span> <span class='ocrx_word' id='word_1_12' title='bbox 1800 403 1941 459; x_wconf 90' lang='lat' dir='ltr'><strong>inter</strong></span> <span class='ocrx_word' id='word_1_13' title='bbox 1980 418 2074 458; x_wconf 90' lang='lat' dir='ltr'><strong>eas</strong></span> <span class='ocrx_word' id='word_1_14' title='bbox 2104 408 2155 466; x_wconf 78' lang='grc' dir='ltr'><strong>Α</strong></span> <span class='ocrx_word' id='word_1_15' title='bbox 2178 401 2529 456; x_wconf 70' lang='lat' dir='ltr'><strong>demonstrat.</strong></span> <span class='ocrx_word' id='word_1_16' title='bbox 2557 401 2686 456; x_wconf 86' lang='lat' dir='ltr'><strong>Item</strong></span> <span class='ocrx_word' id='word_1_17' title='bbox 2717 416 2865 456; x_wconf 84' lang='lat' dir='ltr'><strong>mese</strong></span> <span class='ocrx_word' id='word_1_18' title='bbox 2888 401 3167 473; x_wconf 82' lang='lat' dir='ltr'><strong>hypolydii</strong></span> <span class='ocrx_word' id='word_1_19' title='bbox 3188 401 3255 457; x_wconf 89' lang='lat' dir='ltr'><strong>ab</strong></span> <span class='ocrx_word' id='word_1_20' title='bbox 3276 416 3338 457; x_wconf 88' lang='lat' dir='ltr'><strong>ea</strong></span> <span class='ocrx_word' id='word_1_21' title='bbox 3361 417 3483 472; x_wconf 73' lang='lat' dir='ltr'><strong>quae</strong></span> <span class='ocrx_word' id='word_1_22' title='bbox 3503 410 3593 455; x_wconf 86' lang='lat' dir='ltr'><strong>est</strong></span> <span class='ocrx_word' id='word_1_23' title='bbox 3622 419 3768 459; x_wconf 78' lang='lat' dir='ltr'><strong>rnese</strong></span> 
     </span>
    </p>
   </div>
   <div class='ocr_carea' id='block_1_5' title="bbox 491 493 2076 557">
    <p class='ocr_par' dir='ltr' id='par_1_5' title="bbox 491 493 2076 557">
     <span class='ocr_line' id='line_1_5' title="bbox 491 493 2076 557; baseline -0.001 -8"><span class='ocrx_word' id='word_1_24' title='bbox 491 497 722 549; x_wconf 82' lang='lat' dir='ltr'><strong>sciamus</strong></span> <span class='ocrx_word' id='word_1_25' title='bbox 750 511 869 550; x_wconf 86' lang='lat' dir='ltr'><strong>esse</strong></span> <span class='ocrx_word' id='word_1_26' title='bbox 897 496 1227 550; x_wconf 87' lang='lat' dir='ltr'><strong>distantiam.</strong></span> <span class='ocrx_word' id='word_1_27' title='bbox 1257 494 1353 549; x_wconf 89' lang='lat' dir='ltr'><strong>Sin</strong></span> <span class='ocrx_word' id='word_1_28' title='bbox 1396 507 1584 549; x_wconf 87' lang='lat' dir='ltr'><strong>versus</strong></span> <span class='ocrx_word' id='word_1_29' title='bbox 1613 493 1846 557; x_wconf 86' lang='lat' dir='ltr'><strong>notulas,</strong></span> <span class='ocrx_word' id='word_1_30' title='bbox 1879 508 1940 547; x_wconf 92' lang='lat' dir='ltr'><strong>ac</strong></span> <span class='ocrx_word' id='word_1_31' title='bbox 1968 511 2076 548; x_wconf 90' lang='lat' dir='ltr'><strong>non</strong></span> 
     </span>
    </p>
   </div>
   <div class='ocr_carea' id='block_1_6' title="bbox 491 585 2074 655">
    <p class='ocr_par' dir='ltr' id='par_1_6' title="bbox 491 585 2074 655">
     <span class='ocr_line' id='line_1_6' title="bbox 491 585 2074 655; baseline 0 -17"><span class='ocrx_word' id='word_1_32' title='bbox 491 587 681 655; x_wconf 81' lang='lat' dir='ltr'><strong>pagina</strong></span> <span class='ocrx_word' id='word_1_33' title='bbox 713 588 1024 655; x_wconf 89' lang='lat' dir='ltr'><strong>distinguit,</strong></span> <span class='ocrx_word' id='word_1_34' title='bbox 1050 587 1321 641; x_wconf 90' lang='lat' dir='ltr'><strong>semitonii</strong></span> <span class='ocrx_word' id='word_1_35' title='bbox 1352 600 1458 639; x_wconf 93' lang='lat' dir='ltr'><strong>nou</strong></span> <span class='ocrx_word' id='word_1_36' title='bbox 1507 586 1816 654; x_wconf 83' lang='lat' dir='ltr'><strong>ignoremus</strong></span> <span class='ocrx_word' id='word_1_37' title='bbox 1843 599 1964 639; x_wconf 91' lang='lat' dir='ltr'><strong>esse</strong></span> <span class='ocrx_word' id='word_1_38' title='bbox 1989 585 2074 638; x_wconf 89' lang='lat' dir='ltr'><strong>di-</strong></span> 
     </span>
    </p>
   </div>
   <div class='ocr_carea' id='block_1_7' title="bbox 490 674 2074 746">
    <p class='ocr_par' dir='ltr' id='par_1_7' title="bbox 490 674 2074 746">
     <span class='ocr_line' id='line_1_7' title="bbox 490 674 2074 746; baseline 0.001 -18"><span class='ocrx_word' id='word_1_39' title='bbox 490 682 759 730; x_wconf 75' lang='lat' dir='ltr'><strong>stantiam.</strong></span> <span class='ocrx_word' id='word_1_40' title='bbox 797 678 884 730; x_wconf 91' lang='lat' dir='ltr'><strong>llis</strong></span> <span class='ocrx_word' id='word_1_41' title='bbox 930 678 1091 746; x_wconf 78' lang='lat' dir='ltr'><strong>igitur</strong></span> <span class='ocrx_word' id='word_1_42' title='bbox 1116 677 1186 730; x_wconf 92' lang='lat' dir='ltr'><strong>ita</strong></span> <span class='ocrx_word' id='word_1_43' title='bbox 1218 674 1531 745; x_wconf 74' lang='lat' dir='ltr'><strong>praemissis,</strong></span> <span class='ocrx_word' id='word_1_44' title='bbox 1559 677 1602 729; x_wconf 93' lang='lat' dir='ltr'><strong>si</strong></span> <span class='ocrx_word' id='word_1_45' title='bbox 1640 676 1746 729; x_wconf 91' lang='lat' dir='ltr'><strong>duo</strong></span> <span class='ocrx_word' id='word_1_46' title='bbox 1775 676 1991 729; x_wconf 83' lang='lat' dir='ltr'><strong>ordines</strong></span> <span class='ocrx_word' id='word_1_47' title='bbox 2021 675 2074 729; x_wconf 89' lang='lat' dir='ltr'><strong>in</strong></span> 
     </span>
    </p>
   </div>
   <div class='ocr_carea' id='block_1_8' title="bbox 490 765 2077 835">
    <p class='ocr_par' dir='ltr' id='par_1_8' title="bbox 490 765 2077 835">
     <span class='ocr_line' id='line_1_8' title="bbox 490 765 2077 835; baseline 0 -17"><span class='ocrx_word' id='word_1_48' title='bbox 490 765 571 818; x_wconf 88' lang='lat' dir='ltr'><strong>bis</strong></span> <span class='ocrx_word' id='word_1_49' title='bbox 596 765 850 835; x_wconf 83' lang='lat' dir='ltr'><strong>diapason</strong></span> <span class='ocrx_word' id='word_1_50' title='bbox 882 767 1227 821; x_wconf 84' lang='lat' dir='ltr'><strong>consonantia</strong></span> <span class='ocrx_word' id='word_1_51' title='bbox 1248 767 1523 820; x_wconf 85' lang='lat' dir='ltr'><strong>constituti</strong></span> <span class='ocrx_word' id='word_1_52' title='bbox 1550 765 1651 818; x_wconf 87' lang='lat' dir='ltr'><strong>sibi</strong></span> <span class='ocrx_word' id='word_1_53' title='bbox 1676 765 1902 819; x_wconf 85' lang='lat' dir='ltr'><strong>invicem</strong></span> <span class='ocrx_word' id='word_1_54' title='bbox 1929 781 2077 819; x_wconf 88' lang='lat' dir='ltr'><strong>cont-</strong></span> 
     </span>
    </p>
   </div>
   <div class='ocr_carea' id='block_1_9' title="bbox 493 856 2074 927">
    <p class='ocr_par' dir='ltr' id='par_1_9' title="bbox 493 856 2074 927">
     <span class='ocr_line' id='line_1_9' title="bbox 493 856 2074 927; baseline 0 -18"><span class='ocrx_word' id='word_1_55' title='bbox 493 866 777 923; x_wconf 87' lang='lat' dir='ltr'><strong>parentur,</strong></span> <span class='ocrx_word' id='word_1_56' title='bbox 822 866 878 911; x_wconf 92' lang='lat' dir='ltr'><strong>ut</strong></span> <span class='ocrx_word' id='word_1_57' title='bbox 904 858 991 927; x_wconf 90' lang='lat' dir='ltr'><strong>qui</strong></span> <span class='ocrx_word' id='word_1_58' title='bbox 1031 857 1163 911; x_wconf 92' lang='lat' dir='ltr'><strong>ordo</strong></span> <span class='ocrx_word' id='word_1_59' title='bbox 1204 858 1273 911; x_wconf 90' lang='lat' dir='ltr'><strong>sit</strong></span> <span class='ocrx_word' id='word_1_60' title='bbox 1300 858 1515 927; x_wconf 81' lang='lat' dir='ltr'><strong>gravior</strong></span> <span class='ocrx_word' id='word_1_61' title='bbox 1543 857 1711 926; x_wconf 88' lang='lat' dir='ltr'><strong>possit</strong></span> <span class='ocrx_word' id='word_1_62' title='bbox 1747 856 1997 925; x_wconf 86' lang='lat' dir='ltr'><strong>agnosci,</strong></span> <span class='ocrx_word' id='word_1_63' title='bbox 2027 856 2074 909; x_wconf 90' lang='lat' dir='ltr'><strong>si</strong></span> 
     </span>
    </p>
   </div>
   <div class='ocr_carea' id='block_1_10' title="bbox 490 946 2073 1018">
    <p class='ocr_par' dir='ltr' id='par_1_10' title="bbox 490 946 2073 1018">
     <span class='ocr_line' id='line_1_10' title="bbox 490 946 2073 1018; baseline -0.001 -18"><span class='ocrx_word' id='word_1_64' title='bbox 490 947 1055 1015; x_wconf 73' lang='lat' dir='ltr'><strong>proslambanomenos</strong></span> <span class='ocrx_word' id='word_1_65' title='bbox 1073 957 1098 984; x_wconf 69' lang='grc'><strong>³</strong></span> <span class='ocrx_word' id='word_1_66' title='bbox 1119 949 1665 1018; x_wconf 88' lang='lat' dir='ltr'><strong>proslambanomeue</strong></span> <span class='ocrx_word' id='word_1_67' title='bbox 1688 946 2073 1015; x_wconf 85' lang='lat' dir='ltr'><strong>fueritgravior</strong></span> 
     </span>
    </p>
   </div>
   <div class='ocr_carea' id='block_1_11' title="bbox 489 1038 2065 1107">
    <p class='ocr_par' dir='ltr' id='par_1_11' title="bbox 489 1038 2065 1107">
     <span class='ocr_line' id='line_1_11' title="bbox 489 1038 2065 1107; baseline 0 -17"><span class='ocrx_word' id='word_1_68' title='bbox 489 1040 569 1091; x_wconf 84' lang='lat' dir='ltr'><strong>vel</strong></span> <span class='ocrx_word' id='word_1_69' title='bbox 599 1040 850 1106; x_wconf 57' lang='lat' dir='ltr'><strong>quaslibet</strong></span> <span class='ocrx_word' id='word_1_70' title='bbox 880 1039 982 1091; x_wconf 82' lang='lat' dir='ltr'><strong>alia</strong></span> <span class='ocrx_word' id='word_1_71' title='bbox 1013 1055 1119 1092; x_wconf 80' lang='lat' dir='ltr'><strong>vox</strong></span> <span class='ocrx_word' id='word_1_72' title='bbox 1145 1039 1385 1107; x_wconf 87' lang='lat' dir='ltr'><strong>ejusdem</strong></span> <span class='ocrx_word' id='word_1_73' title='bbox 1417 1038 1519 1091; x_wconf 90' lang='lat' dir='ltr'><strong>loci</strong></span> <span class='ocrx_word' id='word_1_74' title='bbox 1546 1052 1675 1091; x_wconf 89' lang='lat' dir='ltr'><strong>voce</strong></span> <span class='ocrx_word' id='word_1_75' title='bbox 1703 1039 1918 1105; x_wconf 85' lang='lat' dir='ltr'><strong>gravior</strong></span> <span class='ocrx_word' id='word_1_76' title='bbox 1945 1051 2065 1104; x_wconf 87' lang='lat' dir='ltr'><strong>per-</strong></span> 
     </span>
    </p>
   </div>
   <div class='ocr_carea' id='block_1_12' title="bbox 490 1129 2068 1197">
    <p class='ocr_par' dir='ltr' id='par_1_12' title="bbox 490 1129 2068 1197">
     <span class='ocr_line' id='line_1_12' title="bbox 490 1129 2068 1197; baseline -0.001 -16"><span class='ocrx_word' id='word_1_77' title='bbox 490 1138 737 1195; x_wconf 90' lang='lat' dir='ltr'><strong>notetur,</strong></span> <span class='ocrx_word' id='word_1_78' title='bbox 772 1131 823 1182; x_wconf 88' lang='lat' dir='ltr'><strong>in</strong></span> <span class='ocrx_word' id='word_1_79' title='bbox 857 1130 1045 1185; x_wconf 91' lang='lat' dir='ltr'><strong>eodem</strong></span> <span class='ocrx_word' id='word_1_80' title='bbox 1078 1130 1283 1185; x_wconf 78' lang='lat' dir='ltr'><strong>scilicet</strong></span> <span class='ocrx_word' id='word_1_81' title='bbox 1325 1144 1524 1197; x_wconf 81' lang='lat' dir='ltr'><strong>genere</strong></span> <span class='ocrx_word' id='word_1_82' title='bbox 1567 1129 1875 1193; x_wconf 89' lang='lat' dir='ltr'><strong>constituta,</strong></span> <span class='ocrx_word' id='word_1_83' title='bbox 1903 1137 2068 1180; x_wconf 92' lang='lat' dir='ltr'><strong>totum</strong></span> 
     </span>
    </p>
   </div>
   <div class='ocr_carea' id='block_1_13' title="bbox 490 1219 2069 1291">
    <p class='ocr_par' dir='ltr' id='par_1_13' title="bbox 490 1219 2069 1291">
     <span class='ocr_line' id='line_1_13' title="bbox 490 1219 2069 1291; baseline -0.001 -17"><span class='ocrx_word' id='word_1_84' title='bbox 490 1237 701 1291; x_wconf 87' lang='lat' dir='ltr'><strong>quoque</strong></span> <span class='ocrx_word' id='word_1_85' title='bbox 732 1223 973 1276; x_wconf 86' lang='lat' dir='ltr'><strong>ordinem</strong></span> <span class='ocrx_word' id='word_1_86' title='bbox 1003 1236 1224 1277; x_wconf 90' lang='lat' dir='ltr'><strong>necesse</strong></span> <span class='ocrx_word' id='word_1_87' title='bbox 1254 1230 1337 1276; x_wconf 88' lang='lat' dir='ltr'><strong>est</strong></span> <span class='ocrx_word' id='word_1_88' title='bbox 1369 1236 1488 1276; x_wconf 87' lang='lat' dir='ltr'><strong>esse</strong></span> <span class='ocrx_word' id='word_1_89' title='bbox 1514 1221 1836 1289; x_wconf 87' lang='lat' dir='ltr'><strong>graviorem.</strong></span> <span class='ocrx_word' id='word_1_90' title='bbox 1867 1219 2069 1273; x_wconf 87' lang='lat' dir='ltr'><strong>Tamen</strong></span> 
     </span>
    </p>
   </div>
   <div class='ocr_carea' id='block_1_14' title="bbox 487 1310 2068 1381">
    <p class='ocr_par' dir='ltr' id='par_1_14' title="bbox 487 1310 2068 1381">
     <span class='ocr_line' id='line_1_14' title="bbox 487 1310 2068 1381; baseline -0.002 -16"><span class='ocrx_word' id='word_1_91' title='bbox 487 1312 541 1365; x_wconf 89' lang='lat' dir='ltr'><strong>id</strong></span> <span class='ocrx_word' id='word_1_92' title='bbox 566 1313 757 1366; x_wconf 88' lang='lat' dir='ltr'><strong>melius</strong></span> <span class='ocrx_word' id='word_1_93' title='bbox 782 1325 1021 1367; x_wconf 89' lang='lat' dir='ltr'><strong>sumetur</strong></span> <span class='ocrx_word' id='word_1_94' title='bbox 1043 1313 1109 1366; x_wconf 89' lang='lat' dir='ltr'><strong>ad</strong></span> <span class='ocrx_word' id='word_1_95' title='bbox 1142 1314 1369 1367; x_wconf 89' lang='lat' dir='ltr'><strong>mediam</strong></span> <span class='ocrx_word' id='word_1_96' title='bbox 1392 1327 1510 1381; x_wconf 74' lang='lat' dir='ltr'><strong>qua:</strong></span> <span class='ocrx_word' id='word_1_97' title='bbox 1532 1321 1614 1365; x_wconf 90' lang='lat' dir='ltr'><strong>est</strong></span> <span class='ocrx_word' id='word_1_98' title='bbox 1634 1325 1800 1365; x_wconf 89' lang='lat' dir='ltr'><strong>mese.</strong></span> <span class='ocrx_word' id='word_1_99' title='bbox 1833 1310 2068 1364; x_wconf 90' lang='lat' dir='ltr'><strong>Duorum</strong></span> 
     </span>
    </p>
   </div>
   <div class='ocr_carea' id='block_1_15' title="bbox 488 1404 2100 1476">
    <p class='ocr_par' dir='ltr' id='par_1_15' title="bbox 488 1404 2100 1476">
     <span class='ocr_line' id='line_1_15' title="bbox 488 1404 2100 1476; baseline 0 -17"><span class='ocrx_word' id='word_1_100' title='bbox 488 1406 632 1459; x_wconf 89' lang='lat' dir='ltr'><strong>enim</strong></span> <span class='ocrx_word' id='word_1_101' title='bbox 665 1405 693 1443; x_wconf 67' lang='grc' dir='ltr'>δ</span> <span class='ocrx_word' id='word_1_102' title='bbox 732 1408 981 1460; x_wconf 89' lang='lat' dir='ltr'><strong>ordinum</strong></span> <span class='ocrx_word' id='word_1_103' title='bbox 1038 1407 1120 1461; x_wconf 87' lang='lat' dir='ltr'><strong>bis</strong></span> <span class='ocrx_word' id='word_1_104' title='bbox 1162 1406 1416 1474; x_wconf 81' lang='lat' dir='ltr'><strong>diapason</strong></span> <span class='ocrx_word' id='word_1_105' title='bbox 1467 1408 1875 1459; x_wconf 88' lang='lat' dir='ltr'><strong>consonantium</strong></span> <span class='ocrx_word' id='word_1_106' title='bbox 1915 1404 2100 1476; x_wconf 83' lang='lat' dir='ltr'><strong>cujus</strong></span> 
     </span>
    </p>
   </div>
   <div class='ocr_carea' id='block_1_16' title="bbox 440 1486 2066 1565">
    <p class='ocr_par' dir='ltr' id='par_1_16' title="bbox 440 1486 2066 1565">
     <span class='ocr_line' id='line_1_16' title="bbox 440 1486 2066 1565; baseline 0 -17"><span class='ocrx_word' id='word_1_107' title='bbox 440 1486 451 1497; x_wconf 88' lang='grc'><em>’</em></span> <span class='ocrx_word' id='word_1_108' title='bbox 489 1510 637 1550; x_wconf 88' lang='lat' dir='ltr'><strong>mese</strong></span> <span class='ocrx_word' id='word_1_109' title='bbox 658 1495 816 1551; x_wconf 91' lang='lat' dir='ltr'><strong>fuerit</strong></span> <span class='ocrx_word' id='word_1_110' title='bbox 843 1497 1078 1564; x_wconf 86' lang='lat' dir='ltr'><strong>gravior,</strong></span> <span class='ocrx_word' id='word_1_111' title='bbox 1105 1496 1342 1565; x_wconf 89' lang='lat' dir='ltr'><strong>ejusdem</strong></span> <span class='ocrx_word' id='word_1_112' title='bbox 1377 1505 1517 1550; x_wconf 92' lang='lat' dir='ltr'><strong>totus</strong></span> <span class='ocrx_word' id='word_1_113' title='bbox 1544 1496 1676 1549; x_wconf 87' lang='lat' dir='ltr'><strong>ordo</strong></span> <span class='ocrx_word' id='word_1_114' title='bbox 1704 1510 1916 1564; x_wconf 90' lang='lat' dir='ltr'><strong>quoque</strong></span> <span class='ocrx_word' id='word_1_115' title='bbox 1943 1510 2066 1563; x_wconf 87' lang='lat' dir='ltr'><strong>gra-</strong></span> 
     </span>
    </p>
   </div>
   <div class='ocr_carea' id='block_1_17' title="bbox 487 1586 2066 1656">
    <p class='ocr_par' dir='ltr' id='par_1_17' title="bbox 487 1586 2066 1656">
     <span class='ocr_line' id='line_1_17' title="bbox 487 1586 2066 1656; baseline 0.001 -18"><span class='ocrx_word' id='word_1_116' title='bbox 487 1586 605 1639; x_wconf 91' lang='lat' dir='ltr'><strong>vior</strong></span> <span class='ocrx_word' id='word_1_117' title='bbox 633 1587 755 1640; x_wconf 91' lang='lat' dir='ltr'><strong>erit.</strong></span> <span class='ocrx_word' id='word_1_118' title='bbox 781 1587 911 1640; x_wconf 91' lang='lat' dir='ltr'><strong>Nam</strong></span> <span class='ocrx_word' id='word_1_119' title='bbox 962 1598 1170 1641; x_wconf 61' lang='lat' dir='ltr'><strong>exterae</strong></span> <span class='ocrx_word' id='word_1_120' title='bbox 1216 1586 1439 1656; x_wconf 75' lang='lat' dir='ltr'><strong>singula:</strong></span> <span class='ocrx_word' id='word_1_121' title='bbox 1488 1587 1714 1654; x_wconf 84' lang='lat' dir='ltr'><strong>singulis</strong></span> <span class='ocrx_word' id='word_1_122' title='bbox 1740 1595 2066 1654; x_wconf 65' lang='lat' dir='ltr'><strong>comparatae</strong></span> 
     </span>
    </p>
   </div>
   <div class='ocr_carea' id='block_1_18' title="bbox 488 1676 2065 1747">
    <p class='ocr_par' dir='ltr' id='par_1_18' title="bbox 488 1676 2065 1747">
     <span class='ocr_line' id='line_1_18' title="bbox 488 1676 2065 1747; baseline 0.001 -18"><span class='ocrx_word' id='word_1_123' title='bbox 488 1676 835 1731; x_wconf 86' lang='lat' dir='ltr'><strong>nihilominus</strong></span> <span class='ocrx_word' id='word_1_124' title='bbox 862 1678 1135 1746; x_wconf 86' lang='lat' dir='ltr'><strong>graviores</strong></span> <span class='ocrx_word' id='word_1_125' title='bbox 1186 1678 1555 1742; x_wconf 90' lang='lat' dir='ltr'><strong>invenientur,</strong></span> <span class='ocrx_word' id='word_1_126' title='bbox 1601 1679 1777 1747; x_wconf 83' lang='lat' dir='ltr'><strong>itaque</strong></span> <span class='ocrx_word' id='word_1_127' title='bbox 1812 1677 1859 1730; x_wconf 85' lang='lat' dir='ltr'><strong>si</strong></span> <span class='ocrx_word' id='word_1_128' title='bbox 1891 1678 2065 1730; x_wconf 89' lang='lat' dir='ltr'><strong>media</strong></span> 
     </span>
    </p>
   </div>
   <div class='ocr_carea' id='block_1_19' title="bbox 2178 491 3766 565">
    <p class='ocr_par' dir='ltr' id='par_1_19' title="bbox 2178 491 3766 565">
     <span class='ocr_line' id='line_1_19' title="bbox 2178 491 3766 565; baseline 0.002 -18"><span class='ocrx_word' id='word_1_129' title='bbox 2178 491 2531 565; x_wconf 79' lang='lat' dir='ltr'><strong>hypOphrygii</strong></span> <span class='ocrx_word' id='word_1_130' title='bbox 2560 495 2671 549; x_wconf 89' lang='lat' dir='ltr'><strong>toni</strong></span> <span class='ocrx_word' id='word_1_131' title='bbox 2702 494 3058 551; x_wconf 74' lang='lat' dir='ltr'><strong>differentiam</strong></span> <span class='ocrx_word' id='word_1_132' title='bbox 3089 495 3235 551; x_wconf 88' lang='lat' dir='ltr'><strong>facit.</strong></span> <span class='ocrx_word' id='word_1_133' title='bbox 3264 495 3506 564; x_wconf 86' lang='lat' dir='ltr'><strong>Namque</strong></span> <span class='ocrx_word' id='word_1_134' title='bbox 3536 494 3601 560; x_wconf 91' lang='lat' dir='ltr'><strong>C,</strong></span> <span class='ocrx_word' id='word_1_135' title='bbox 3649 512 3766 565; x_wconf 76' lang='lat' dir='ltr'><strong>qua:</strong></span> 
     </span>
    </p>
   </div>
   <div class='ocr_carea' id='block_1_20' title="bbox 2175 587 3769 661">
    <p class='ocr_par' dir='ltr' id='par_1_20' title="bbox 2175 587 3769 661">
     <span class='ocr_line' id='line_1_20' title="bbox 2175 587 3769 661; baseline 0.001 -20"><span class='ocrx_word' id='word_1_136' title='bbox 2175 597 2261 642; x_wconf 89' lang='lat' dir='ltr'><strong>est</strong></span> <span class='ocrx_word' id='word_1_137' title='bbox 2287 603 2432 642; x_wconf 87' lang='lat' dir='ltr'><strong>mese</strong></span> <span class='ocrx_word' id='word_1_138' title='bbox 2465 587 2758 658; x_wconf 87' lang='lat' dir='ltr'><strong>hypolydii,</strong></span> <span class='ocrx_word' id='word_1_139' title='bbox 2784 600 2910 642; x_wconf 87' lang='lat' dir='ltr'><strong>tono</strong></span> <span class='ocrx_word' id='word_1_140' title='bbox 2932 588 3091 643; x_wconf 88' lang='lat' dir='ltr'><strong>distat</strong></span> <span class='ocrx_word' id='word_1_141' title='bbox 3112 603 3141 641; x_wconf 90' lang='lat' dir='ltr'><strong>a</strong></span> <span class='ocrx_word' id='word_1_142' title='bbox 3166 612 3217 661; x_wconf 77' lang='grc' dir='ltr'><strong>φ,</strong></span> <span class='ocrx_word' id='word_1_143' title='bbox 3241 604 3359 657; x_wconf 75' lang='lat' dir='ltr'><strong>qua:</strong></span> <span class='ocrx_word' id='word_1_144' title='bbox 3376 598 3461 643; x_wconf 89' lang='lat' dir='ltr'><strong>est</strong></span> <span class='ocrx_word' id='word_1_145' title='bbox 3489 587 3769 658; x_wconf 75' lang='lat' dir='ltr'><strong>hypolydii</strong></span> 
     </span>
    </p>
   </div>
   <div class='ocr_carea' id='block_1_21' title="bbox 2176 680 3763 751">
    <p class='ocr_par' dir='ltr' id='par_1_21' title="bbox 2176 680 3763 751">
     <span class='ocr_line' id='line_1_21' title="bbox 2176 680 3763 751; baseline 0.001 -18"><span class='ocrx_word' id='word_1_146' title='bbox 2176 681 2389 750; x_wconf 90' lang='lat' dir='ltr'><strong>quidem</strong></span> <span class='ocrx_word' id='word_1_147' title='bbox 2410 680 2670 751; x_wconf 85' lang='lat' dir='ltr'><strong>lychanos</strong></span> <span class='ocrx_word' id='word_1_148' title='bbox 2690 695 2891 743; x_wconf 85' lang='lat' dir='ltr'><strong>mesen.</strong></span> <span class='ocrx_word' id='word_1_149' title='bbox 2915 681 2967 735; x_wconf 89' lang='lat' dir='ltr'><strong>in</strong></span> <span class='ocrx_word' id='word_1_150' title='bbox 2994 681 3363 751; x_wconf 79' lang='lat' dir='ltr'><strong>hypophrygio</strong></span> <span class='ocrx_word' id='word_1_151' title='bbox 3377 691 3561 735; x_wconf 89' lang='lat' dir='ltr'><strong>autem</strong></span> <span class='ocrx_word' id='word_1_152' title='bbox 3594 696 3763 735; x_wconf 85' lang='lat' dir='ltr'><strong>mese.</strong></span> 
     </span>
    </p>
   </div>
   <div class='ocr_carea' id='block_1_22' title="bbox 2178 772 3768 843">
    <p class='ocr_par' dir='ltr' id='par_1_22' title="bbox 2178 772 3768 843">
     <span class='ocr_line' id='line_1_22' title="bbox 2178 772 3768 843; baseline 0 -17"><span class='ocrx_word' id='word_1_153' title='bbox 2178 773 2307 827; x_wconf 90' lang='lat' dir='ltr'><strong>ltem</strong></span> <span class='ocrx_word' id='word_1_154' title='bbox 2341 788 2490 827; x_wconf 89' lang='lat' dir='ltr'><strong>mese</strong></span> <span class='ocrx_word' id='word_1_155' title='bbox 2518 773 2809 843; x_wconf 83' lang='lat' dir='ltr'><strong>hypolydii,</strong></span> <span class='ocrx_word' id='word_1_156' title='bbox 2834 789 2952 842; x_wconf 71' lang='lat' dir='ltr'><strong>quae</strong></span> <span class='ocrx_word' id='word_1_157' title='bbox 2980 783 3062 826; x_wconf 89' lang='lat' dir='ltr'><strong>est</strong></span> <span class='ocrx_word' id='word_1_158' title='bbox 3089 773 3153 838; x_wconf 85' lang='lat' dir='ltr'><strong>C,</strong></span> <span class='ocrx_word' id='word_1_159' title='bbox 3176 772 3244 827; x_wconf 92' lang='lat' dir='ltr'><strong>ab</strong></span> <span class='ocrx_word' id='word_1_160' title='bbox 3270 787 3333 827; x_wconf 86' lang='lat' dir='ltr'><strong>ea</strong></span> <span class='ocrx_word' id='word_1_161' title='bbox 3359 788 3481 841; x_wconf 64' lang='lat' dir='ltr'><strong>quae</strong></span> <span class='ocrx_word' id='word_1_162' title='bbox 3509 781 3596 825; x_wconf 89' lang='lat' dir='ltr'><strong>est</strong></span> <span class='ocrx_word' id='word_1_163' title='bbox 3623 788 3768 826; x_wconf 85' lang='lat' dir='ltr'><strong>mese</strong></span> 
     </span>
    </p>
   </div>
   <div class='ocr_carea' id='block_1_23' title="bbox 2176 862 3764 932">
    <p class='ocr_par' dir='ltr' id='par_1_23' title="bbox 2176 862 3764 932">
     <span class='ocr_line' id='line_1_23' title="bbox 2176 862 3764 932; baseline -0.002 -15"><span class='ocrx_word' id='word_1_164' title='bbox 2176 863 2315 918; x_wconf 92' lang='lat' dir='ltr'><strong>dorii</strong></span> <span class='ocrx_word' id='word_1_165' title='bbox 2360 863 2648 918; x_wconf 89' lang='lat' dir='ltr'><strong>semitonio</strong></span> <span class='ocrx_word' id='word_1_166' title='bbox 2678 864 2861 918; x_wconf 89' lang='lat' dir='ltr'><strong>distat.</strong></span> <span class='ocrx_word' id='word_1_167' title='bbox 2896 862 3050 930; x_wconf 86' lang='lat' dir='ltr'><strong>Quod</strong></span> <span class='ocrx_word' id='word_1_168' title='bbox 3106 863 3229 917; x_wconf 92' lang='lat' dir='ltr'><strong>hinc</strong></span> <span class='ocrx_word' id='word_1_169' title='bbox 3278 864 3479 932; x_wconf 91' lang='lat' dir='ltr'><strong>poterit</strong></span> <span class='ocrx_word' id='word_1_170' title='bbox 3508 864 3764 931; x_wconf 83' lang='lat' dir='ltr'><strong>agnosci,</strong></span> 
     </span>
    </p>
   </div>
   <div class='ocr_carea' id='block_1_24' title="bbox 2175 958 3761 1028">
    <p class='ocr_par' dir='ltr' id='par_1_24' title="bbox 2175 958 3761 1028">
     <span class='ocr_line' id='line_1_24' title="bbox 2175 958 3761 1028; baseline 0.001 -17"><span class='ocrx_word' id='word_1_171' title='bbox 2175 958 2426 1026; x_wconf 90' lang='lat' dir='ltr'><strong>quoniam</strong></span> <span class='ocrx_word' id='word_1_172' title='bbox 2455 958 2697 1013; x_wconf 88' lang='lat' dir='ltr'><strong>ordinem</strong></span> <span class='ocrx_word' id='word_1_173' title='bbox 2746 974 2956 1013; x_wconf 90' lang='lat' dir='ltr'><strong>sursum</strong></span> <span class='ocrx_word' id='word_1_174' title='bbox 3002 960 3349 1028; x_wconf 87' lang='lat' dir='ltr'><strong>prodeuntem</strong></span> <span class='ocrx_word' id='word_1_175' title='bbox 3397 959 3518 1028; x_wconf 86' lang='lat' dir='ltr'><strong>ejus</strong></span> <span class='ocrx_word' id='word_1_176' title='bbox 3552 974 3761 1021; x_wconf 85' lang='lat' dir='ltr'><strong>meses,</strong></span> 
     </span>
    </p>
   </div>
   <div class='ocr_carea' id='block_1_25' title="bbox 2174 1050 3765 1120">
    <p class='ocr_par' dir='ltr' id='par_1_25' title="bbox 2174 1050 3765 1120">
     <span class='ocr_line' id='line_1_25' title="bbox 2174 1050 3765 1120; baseline 0.002 -19"><span class='ocrx_word' id='word_1_177' title='bbox 2174 1064 2293 1117; x_wconf 70' lang='lat' dir='ltr'><strong>quat</strong></span> <span class='ocrx_word' id='word_1_178' title='bbox 2341 1060 2422 1103; x_wconf 89' lang='lat' dir='ltr'><strong>est</strong></span> <span class='ocrx_word' id='word_1_179' title='bbox 2468 1050 2771 1120; x_wconf 89' lang='lat' dir='ltr'><strong>hypolydii,</strong></span> <span class='ocrx_word' id='word_1_180' title='bbox 2800 1061 2959 1120; x_wconf 92' lang='lat' dir='ltr'><strong>atque</strong></span> <span class='ocrx_word' id='word_1_181' title='bbox 3006 1067 3128 1107; x_wconf 89' lang='lat' dir='ltr'><strong>eutn</strong></span> <span class='ocrx_word' id='word_1_182' title='bbox 3176 1052 3419 1105; x_wconf 87' lang='lat' dir='ltr'><strong>ordinem</strong></span> <span class='ocrx_word' id='word_1_183' title='bbox 3465 1052 3517 1105; x_wconf 91' lang='lat' dir='ltr'><strong>in</strong></span> <span class='ocrx_word' id='word_1_184' title='bbox 3549 1067 3765 1106; x_wconf 74' lang='lat' dir='ltr'><strong>Sursum</strong></span> 
     </span>
    </p>
   </div>
   <div class='ocr_carea' id='block_1_26' title="bbox 2174 1141 3766 1212">
    <p class='ocr_par' dir='ltr' id='par_1_26' title="bbox 2174 1141 3766 1212">
     <span class='ocr_line' id='line_1_26' title="bbox 2174 1141 3766 1212; baseline 0.002 -18"><span class='ocrx_word' id='word_1_185' title='bbox 2174 1141 2525 1209; x_wconf 91' lang='lat' dir='ltr'><strong>prodeuntem</strong></span> <span class='ocrx_word' id='word_1_186' title='bbox 2561 1142 2676 1211; x_wconf 93' lang='lat' dir='ltr'><strong>ejus</strong></span> <span class='ocrx_word' id='word_1_187' title='bbox 2702 1156 2881 1196; x_wconf 90' lang='lat' dir='ltr'><strong>meses</strong></span> <span class='ocrx_word' id='word_1_188' title='bbox 2904 1158 3023 1212; x_wconf 72' lang='lat' dir='ltr'><strong>qua:</strong></span> <span class='ocrx_word' id='word_1_189' title='bbox 3061 1152 3143 1197; x_wconf 81' lang='lat' dir='ltr'><strong>cst</strong></span> <span class='ocrx_word' id='word_1_190' title='bbox 3168 1142 3327 1208; x_wconf 91' lang='lat' dir='ltr'><strong>dorii,</strong></span> <span class='ocrx_word' id='word_1_191' title='bbox 3353 1159 3491 1196; x_wconf 90' lang='lat' dir='ltr'><strong>unus</strong></span> <span class='ocrx_word' id='word_1_192' title='bbox 3527 1143 3766 1198; x_wconf 82' lang='lat' dir='ltr'><strong>versicu-</strong></span> 
     </span>
    </p>
   </div>
   <div class='ocr_carea' id='block_1_27' title="bbox 2172 1233 3765 1304">
    <p class='ocr_par' dir='ltr' id='par_1_27' title="bbox 2172 1233 3765 1304">
     <span class='ocr_line' id='line_1_27' title="bbox 2172 1233 3765 1304; baseline 0.001 -18"><span class='ocrx_word' id='word_1_193' title='bbox 2172 1233 2274 1300; x_wconf 86' lang='lat' dir='ltr'><strong>lus,</strong></span> <span class='ocrx_word' id='word_1_194' title='bbox 2302 1248 2407 1287; x_wconf 91' lang='lat' dir='ltr'><strong>non</strong></span> <span class='ocrx_word' id='word_1_195' title='bbox 2434 1234 2622 1303; x_wconf 89' lang='lat' dir='ltr'><strong>pagina</strong></span> <span class='ocrx_word' id='word_1_196' title='bbox 2651 1234 2943 1304; x_wconf 87' lang='lat' dir='ltr'><strong>distinguit.</strong></span> <span class='ocrx_word' id='word_1_197' title='bbox 2979 1235 3095 1301; x_wconf 91' lang='lat' dir='ltr'><strong>Quo</strong></span> <span class='ocrx_word' id='word_1_198' title='bbox 3125 1234 3183 1288; x_wconf 87' lang='lat' dir='ltr'><strong>fit</strong></span> <span class='ocrx_word' id='word_1_199' title='bbox 3220 1246 3278 1288; x_wconf 88' lang='lat' dir='ltr'><strong>ut</strong></span> <span class='ocrx_word' id='word_1_200' title='bbox 3303 1250 3453 1289; x_wconf 87' lang='lat' dir='ltr'><strong>mese</strong></span> <span class='ocrx_word' id='word_1_201' title='bbox 3475 1235 3765 1303; x_wconf 83' lang='lat' dir='ltr'><strong>hypodorii</strong></span> 
     </span>
    </p>
   </div>
   <div class='ocr_carea' id='block_1_28' title="bbox 2170 1325 3762 1394">
    <p class='ocr_par' dir='ltr' id='par_1_28' title="bbox 2170 1325 3762 1394">
     <span class='ocr_line' id='line_1_28' title="bbox 2170 1325 3762 1394; baseline 0.001 -16"><span class='ocrx_word' id='word_1_202' title='bbox 2170 1326 2239 1378; x_wconf 88' lang='lat' dir='ltr'><strong>ab</strong></span> <span class='ocrx_word' id='word_1_203' title='bbox 2264 1340 2325 1378; x_wconf 88' lang='lat' dir='ltr'><strong>ea</strong></span> <span class='ocrx_word' id='word_1_204' title='bbox 2354 1340 2501 1380; x_wconf 84' lang='lat' dir='ltr'><strong>mese</strong></span> <span class='ocrx_word' id='word_1_205' title='bbox 2526 1340 2647 1393; x_wconf 72' lang='lat' dir='ltr'><strong>quae</strong></span> <span class='ocrx_word' id='word_1_206' title='bbox 2667 1336 2747 1380; x_wconf 87' lang='lat' dir='ltr'><strong>est</strong></span> <span class='ocrx_word' id='word_1_207' title='bbox 2773 1326 2930 1389; x_wconf 88' lang='lat' dir='ltr'><strong>dorii,</strong></span> <span class='ocrx_word' id='word_1_208' title='bbox 2968 1326 3171 1394; x_wconf 90' lang='lat' dir='ltr'><strong>integra</strong></span> <span class='ocrx_word' id='word_1_209' title='bbox 3194 1325 3532 1380; x_wconf 88' lang='lat' dir='ltr'><strong>diatessaron</strong></span> <span class='ocrx_word' id='word_1_210' title='bbox 3559 1340 3762 1380; x_wconf 82' lang='lat' dir='ltr'><strong>conso-</strong></span> 
     </span>
    </p>
   </div>
   <div class='ocr_carea' id='block_1_29' title="bbox 2170 1415 3763 1484">
    <p class='ocr_par' dir='ltr' id='par_1_29' title="bbox 2170 1415 3763 1484">
     <span class='ocr_line' id='line_1_29' title="bbox 2170 1415 3763 1484; baseline -0.001 -14"><span class='ocrx_word' id='word_1_211' title='bbox 2170 1415 2353 1470; x_wconf 85' lang='lat' dir='ltr'><strong>nantia</strong></span> <span class='ocrx_word' id='word_1_212' title='bbox 2375 1415 2569 1481; x_wconf 88' lang='lat' dir='ltr'><strong>distet,</strong></span> <span class='ocrx_word' id='word_1_213' title='bbox 2600 1415 2761 1484; x_wconf 86' lang='lat' dir='ltr'><strong>idque</strong></span> <span class='ocrx_word' id='word_1_214' title='bbox 2808 1417 3065 1484; x_wconf 88' lang='lat' dir='ltr'><strong>probatur</strong></span> <span class='ocrx_word' id='word_1_215' title='bbox 3102 1415 3204 1469; x_wconf 92' lang='lat' dir='ltr'><strong>hoc</strong></span> <span class='ocrx_word' id='word_1_216' title='bbox 3232 1415 3431 1469; x_wconf 88' lang='lat' dir='ltr'><strong>modo:</strong></span> <span class='ocrx_word' id='word_1_217' title='bbox 3473 1432 3599 1469; x_wconf 87' lang='lat' dir='ltr'><strong>nam</strong></span> <span class='ocrx_word' id='word_1_218' title='bbox 3645 1430 3763 1484; x_wconf 64' lang='lat' dir='ltr'><strong>quae</strong></span> 
     </span>
    </p>
   </div>
   <div class='ocr_carea' id='block_1_30' title="bbox 2170 1507 3762 1578">
    <p class='ocr_par' dir='ltr' id='par_1_30' title="bbox 2170 1507 3762 1578">
     <span class='ocr_line' id='line_1_30' title="bbox 2170 1507 3762 1578; baseline -0.003 -14"><span class='ocrx_word' id='word_1_219' title='bbox 2170 1518 2255 1564; x_wconf 90' lang='lat' dir='ltr'><strong>est</strong></span> <span class='ocrx_word' id='word_1_220' title='bbox 2284 1522 2430 1563; x_wconf 89' lang='lat' dir='ltr'><strong>mese</strong></span> <span class='ocrx_word' id='word_1_221' title='bbox 2457 1533 2496 1562; x_wconf 91' lang='grc' dir='ltr'><em>ω</em></span> <span class='ocrx_word' id='word_1_222' title='bbox 2526 1508 2579 1561; x_wconf 92' lang='lat' dir='ltr'><strong>in</strong></span> <span class='ocrx_word' id='word_1_223' title='bbox 2612 1508 2930 1578; x_wconf 84' lang='lat' dir='ltr'><strong>hypodorio,</strong></span> <span class='ocrx_word' id='word_1_224' title='bbox 2955 1507 3144 1563; x_wconf 89' lang='lat' dir='ltr'><strong>eadem</strong></span> <span class='ocrx_word' id='word_1_225' title='bbox 3176 1515 3259 1562; x_wconf 91' lang='lat' dir='ltr'><strong>est</strong></span> <span class='ocrx_word' id='word_1_226' title='bbox 3287 1532 3326 1560; x_wconf 89' lang='grc' dir='ltr'><em>ω</em></span> <span class='ocrx_word' id='word_1_227' title='bbox 3357 1508 3409 1561; x_wconf 92' lang='lat' dir='ltr'><strong>in</strong></span> <span class='ocrx_word' id='word_1_228' title='bbox 3443 1507 3635 1572; x_wconf 88' lang='lat' dir='ltr'><strong>dorio;</strong></span> <span class='ocrx_word' id='word_1_229' title='bbox 3671 1507 3762 1578; x_wconf 76' lang='lat' dir='ltr'><strong>hy-</strong></span> 
     </span>
    </p>
   </div>
   <div class='ocr_carea' id='block_1_31' title="bbox 2170 1599 3763 1669">
    <p class='ocr_par' dir='ltr' id='par_1_31' title="bbox 2170 1599 3763 1669">
     <span class='ocr_line' id='line_1_31' title="bbox 2170 1599 3763 1669; baseline -0.001 -15"><span class='ocrx_word' id='word_1_230' title='bbox 2170 1610 2292 1669; x_wconf 88' lang='lat' dir='ltr'><strong>pate</strong></span> <span class='ocrx_word' id='word_1_231' title='bbox 2322 1615 2508 1654; x_wconf 85' lang='lat' dir='ltr'><strong>meson</strong></span> <span class='ocrx_word' id='word_1_232' title='bbox 2541 1609 2623 1654; x_wconf 91' lang='lat' dir='ltr'><strong>est</strong></span> <span class='ocrx_word' id='word_1_233' title='bbox 2646 1601 2710 1655; x_wconf 91' lang='lat' dir='ltr'><strong>ab</strong></span> <span class='ocrx_word' id='word_1_234' title='bbox 2739 1615 2800 1655; x_wconf 91' lang='lat' dir='ltr'><strong>ea</strong></span> <span class='ocrx_word' id='word_1_235' title='bbox 2823 1615 2942 1668; x_wconf 70' lang='lat' dir='ltr'><strong>qua:</strong></span> <span class='ocrx_word' id='word_1_236' title='bbox 2973 1608 3057 1654; x_wconf 91' lang='lat' dir='ltr'><strong>est</strong></span> <span class='ocrx_word' id='word_1_237' title='bbox 3082 1615 3249 1660; x_wconf 60' lang='lat' dir='ltr'><strong>mese,</strong></span> <span class='ocrx_word' id='word_1_238' title='bbox 3282 1600 3332 1652; x_wconf 92' lang='lat' dir='ltr'><strong>in</strong></span> <span class='ocrx_word' id='word_1_239' title='bbox 3366 1600 3563 1667; x_wconf 81' lang='lat' dir='ltr'><strong>quovis</strong></span> <span class='ocrx_word' id='word_1_240' title='bbox 3605 1599 3763 1653; x_wconf 91' lang='lat' dir='ltr'><strong>modo</strong></span> 
     </span>
    </p>
   </div>
   <div class='ocr_carea' id='block_1_32' title="bbox 2169 1689 3763 1761">
    <p class='ocr_par' dir='ltr' id='par_1_32' title="bbox 2169 1689 3763 1761">
     <span class='ocr_line' id='line_1_32' title="bbox 2169 1689 3763 1761; baseline -0.002 -16"><span class='ocrx_word' id='word_1_241' title='bbox 2169 1692 2251 1747; x_wconf 82' lang='lat' dir='ltr'><strong>vel</strong></span> <span class='ocrx_word' id='word_1_242' title='bbox 2291 1706 2491 1761; x_wconf 86' lang='lat' dir='ltr'><strong>genere</strong></span> <span class='ocrx_word' id='word_1_243' title='bbox 2522 1691 2855 1746; x_wconf 82' lang='lat' dir='ltr'><strong>diatessaron</strong></span> <span class='ocrx_word' id='word_1_244' title='bbox 2906 1692 3255 1745; x_wconf 86' lang='lat' dir='ltr'><strong>consonantia</strong></span> <span class='ocrx_word' id='word_1_245' title='bbox 3295 1690 3579 1744; x_wconf 76' lang='lat' dir='ltr'><strong>differens.</strong></span> <span class='ocrx_word' id='word_1_246' title='bbox 3632 1689 3763 1743; x_wconf 90' lang='lat' dir='ltr'><strong>ltem</strong></span> 
     </span>
    </p>
   </div>
   <div class='ocr_carea' id='block_1_33' title="bbox 485 1768 3759 1851">
    <p class='ocr_par' dir='ltr' id='par_1_33' title="bbox 485 1768 3759 1851">
     <span class='ocr_line' id='line_1_33' title="bbox 485 1768 3759 1851; baseline -0.001 -31"><span class='ocrx_word' id='word_1_247' title='bbox 485 1769 555 1823; x_wconf 88' lang='lat' dir='ltr'><strong>ab</strong></span> <span class='ocrx_word' id='word_1_248' title='bbox 584 1769 688 1823; x_wconf 88' lang='lat' dir='ltr'><strong>alia</strong></span> <span class='ocrx_word' id='word_1_249' title='bbox 720 1770 891 1823; x_wconf 89' lang='lat' dir='ltr'><strong>media</strong></span> <span class='ocrx_word' id='word_1_250' title='bbox 923 1778 1050 1822; x_wconf 90' lang='lat' dir='ltr'><strong>tono</strong></span> <span class='ocrx_word' id='word_1_251' title='bbox 1072 1780 1162 1822; x_wconf 90' lang='lat' dir='ltr'><strong>aut</strong></span> <span class='ocrx_word' id='word_1_252' title='bbox 1190 1769 1399 1822; x_wconf 90' lang='lat' dir='ltr'><strong>acutior</strong></span> <span class='ocrx_word' id='word_1_253' title='bbox 1427 1768 1693 1833; x_wconf 88' lang='lat' dir='ltr'><strong>videatur,</strong></span> <span class='ocrx_word' id='word_1_254' title='bbox 1716 1779 1807 1821; x_wconf 88' lang='lat' dir='ltr'><strong>aut</strong></span> <span class='ocrx_word' id='word_1_255' title='bbox 1835 1774 2067 1837; x_wconf 89' lang='lat' dir='ltr'><strong>gravior,</strong></span> <span class='ocrx_word' id='word_1_256' title='bbox 2101 1775 2149 1835; x_wconf 79' lang='grc' dir='ltr'>Β</span> <span class='ocrx_word' id='word_1_257' title='bbox 2176 1799 2324 1838; x_wconf 61' lang='lat' dir='ltr'><strong>mese</strong></span> <span class='ocrx_word' id='word_1_258' title='bbox 2352 1783 2489 1837; x_wconf 66' lang='grc' dir='ltr'><strong>ἀοτίί</strong></span> <span class='ocrx_word' id='word_1_259' title='bbox 2532 1799 2650 1851; x_wconf 61' lang='lat' dir='ltr'><strong>qua,</strong></span> <span class='ocrx_word' id='word_1_260' title='bbox 2680 1793 2764 1837; x_wconf 73' lang='grc' dir='ltr'><strong>εει</strong></span> <span class='ocrx_word' id='word_1_261' title='bbox 2788 1806 2828 1838; x_wconf 77' lang='grc' dir='ltr'>π</span> <span class='ocrx_word' id='word_1_262' title='bbox 2858 1782 2925 1836; x_wconf 65' lang='lat' dir='ltr'><strong>ab</strong></span> <span class='ocrx_word' id='word_1_263' title='bbox 2976 1797 3039 1837; x_wconf 71' lang='lat' dir='ltr'><strong>ea</strong></span> <span class='ocrx_word' id='word_1_264' title='bbox 3078 1797 3225 1836; x_wconf 69' lang='lat' dir='ltr'><strong>mese</strong></span> <span class='ocrx_word' id='word_1_265' title='bbox 3255 1796 3373 1849; x_wconf 51' lang='lat' dir='ltr'><strong>qua;</strong></span> <span class='ocrx_word' id='word_1_266' title='bbox 3410 1790 3498 1835; x_wconf 69' lang='grc' dir='ltr'><strong>εει</strong></span> <span class='ocrx_word' id='word_1_267' title='bbox 3526 1781 3759 1850; x_wconf 53' lang='lat' dir='ltr'><strong>phrygii,</strong></span> 
     </span>
    </p>
   </div>
   <div class='ocr_carea' id='block_1_34' title="bbox 485 1860 2071 1929">
    <p class='ocr_par' dir='ltr' id='par_1_34' title="bbox 485 1860 2071 1929">
     <span class='ocr_line' id='line_1_34' title="bbox 485 1860 2071 1929; baseline 0.001 -16"><span class='ocrx_word' id='word_1_268' title='bbox 485 1874 674 1913; x_wconf 89' lang='lat' dir='ltr'><strong>omnes</strong></span> <span class='ocrx_word' id='word_1_269' title='bbox 696 1875 905 1929; x_wconf 91' lang='lat' dir='ltr'><strong>quoque</strong></span> <span class='ocrx_word' id='word_1_270' title='bbox 935 1860 1084 1915; x_wconf 92' lang='lat' dir='ltr'><strong>nervi</strong></span> <span class='ocrx_word' id='word_1_271' title='bbox 1107 1861 1152 1914; x_wconf 89' lang='lat' dir='ltr'><strong>si</strong></span> <span class='ocrx_word' id='word_1_272' title='bbox 1176 1860 1230 1914; x_wconf 93' lang='lat' dir='ltr'><strong>id</strong></span> <span class='ocrx_word' id='word_1_273' title='bbox 1262 1861 1451 1914; x_wconf 89' lang='lat' dir='ltr'><strong>eodem</strong></span> <span class='ocrx_word' id='word_1_274' title='bbox 1476 1875 1676 1928; x_wconf 86' lang='lat' dir='ltr'><strong>genere</strong></span> <span class='ocrx_word' id='word_1_275' title='bbox 1716 1861 1845 1924; x_wconf 89' lang='lat' dir='ltr'><strong>sint,</strong></span> <span class='ocrx_word' id='word_1_276' title='bbox 1875 1860 2071 1929; x_wconf 85' lang='lat' dir='ltr'><strong>singuli</strong></span> 
     </span>
    </p>
   </div>
   <div class='ocr_carea' id='block_1_35' title="bbox 488 1940 2069 2023">
    <p class='ocr_par' dir='ltr' id='par_1_35' title="bbox 488 1940 2069 2023">
     <span class='ocr_line' id='line_1_35' title="bbox 488 1940 2069 2023; baseline 0.001 -19"><span class='ocrx_word' id='word_1_277' title='bbox 488 1961 512 1989; x_wconf 75' lang='grc' dir='ltr'><strong>ε</strong></span> <span class='ocrx_word' id='word_1_278' title='bbox 536 1952 752 2006; x_wconf 88' lang='lat' dir='ltr'><strong>sibimet</strong></span> <span class='ocrx_word' id='word_1_279' title='bbox 771 1940 1065 2021; x_wconf 78' lang='lat' dir='ltr'><strong>Comparati</strong></span> <span class='ocrx_word' id='word_1_280' title='bbox 1091 1962 1218 2008; x_wconf 93' lang='lat' dir='ltr'><strong>tono</strong></span> <span class='ocrx_word' id='word_1_281' title='bbox 1245 1954 1513 2007; x_wconf 91' lang='lat' dir='ltr'><strong>acutiores</strong></span> <span class='ocrx_word' id='word_1_282' title='bbox 1530 1963 1620 2006; x_wconf 91' lang='lat' dir='ltr'><strong>aut</strong></span> <span class='ocrx_word' id='word_1_283' title='bbox 1645 1953 1919 2023; x_wconf 87' lang='lat' dir='ltr'><strong>graviores</strong></span> <span class='ocrx_word' id='word_1_284' title='bbox 1948 1966 2069 2007; x_wconf 90' lang='lat' dir='ltr'><strong>esse</strong></span> 
     </span>
    </p>
   </div>
   <div class='ocr_carea' id='block_1_36' title="bbox 484 2041 2069 2111">
    <p class='ocr_par' dir='ltr' id='par_1_36' title="bbox 484 2041 2069 2111">
     <span class='ocr_line' id='line_1_36' title="bbox 484 2041 2069 2111; baseline -0.002 -14"><span class='ocrx_word' id='word_1_285' title='bbox 484 2043 829 2097; x_wconf 88' lang='lat' dir='ltr'><strong>videbuntur.</strong></span> <span class='ocrx_word' id='word_1_286' title='bbox 890 2046 1131 2109; x_wconf 86' lang='lat' dir='ltr'><strong>Quatuor</strong></span> <span class='ocrx_word' id='word_1_287' title='bbox 1184 2054 1365 2097; x_wconf 90' lang='lat' dir='ltr'><strong>autem</strong></span> <span class='ocrx_word' id='word_1_288' title='bbox 1419 2044 1614 2097; x_wconf 88' lang='lat' dir='ltr'><strong>mediis</strong></span> <span class='ocrx_word' id='word_1_289' title='bbox 1672 2043 1718 2095; x_wconf 90' lang='lat' dir='ltr'><strong>si</strong></span> <span class='ocrx_word' id='word_1_290' title='bbox 1776 2043 1946 2111; x_wconf 87' lang='lat' dir='ltr'><strong>prima</strong></span> <span class='ocrx_word' id='word_1_291' title='bbox 2001 2041 2069 2094; x_wconf 89' lang='lat' dir='ltr'><strong>ad</strong></span> 
     </span>
    </p>
   </div>
   <div class='ocr_carea' id='block_1_37' title="bbox 483 2134 2068 2202">
    <p class='ocr_par' dir='ltr' id='par_1_37' title="bbox 483 2134 2068 2202">
     <span class='ocr_line' id='line_1_37' title="bbox 483 2134 2068 2202; baseline -0.001 -15"><span class='ocrx_word' id='word_1_292' title='bbox 483 2143 727 2200; x_wconf 82' lang='lat' dir='ltr'><strong>quartam</strong></span> <span class='ocrx_word' id='word_1_293' title='bbox 751 2134 1085 2188; x_wconf 90' lang='lat' dir='ltr'><strong>diatessaron</strong></span> <span class='ocrx_word' id='word_1_294' title='bbox 1113 2135 1420 2189; x_wconf 87' lang='lat' dir='ltr'><strong>distantiam</strong></span> <span class='ocrx_word' id='word_1_295' title='bbox 1454 2142 1649 2199; x_wconf 90' lang='lat' dir='ltr'><strong>servet,</strong></span> <span class='ocrx_word' id='word_1_296' title='bbox 1682 2134 1849 2202; x_wconf 92' lang='lat' dir='ltr'><strong>prima</strong></span> <span class='ocrx_word' id='word_1_297' title='bbox 1879 2148 2007 2187; x_wconf 86' lang='lat' dir='ltr'><strong>vero</strong></span> <span class='ocrx_word' id='word_1_298' title='bbox 2037 2147 2068 2186; x_wconf 90' lang='lat' dir='ltr'><strong>a</strong></span> 
     </span>
    </p>
   </div>
   <div class='ocr_carea' id='block_1_38' title="bbox 485 2224 2067 2293">
    <p class='ocr_par' dir='ltr' id='par_1_38' title="bbox 485 2224 2067 2293">
     <span class='ocr_line' id='line_1_38' title="bbox 485 2224 2067 2293; baseline -0.001 -13"><span class='ocrx_word' id='word_1_299' title='bbox 485 2227 721 2280; x_wconf 88' lang='lat' dir='ltr'><strong>secunda</strong></span> <span class='ocrx_word' id='word_1_300' title='bbox 748 2236 873 2279; x_wconf 94' lang='lat' dir='ltr'><strong>tono</strong></span> <span class='ocrx_word' id='word_1_301' title='bbox 892 2226 1123 2289; x_wconf 74' lang='lat' dir='ltr'><strong>differat,</strong></span> <span class='ocrx_word' id='word_1_302' title='bbox 1154 2226 1385 2279; x_wconf 90' lang='lat' dir='ltr'><strong>secunda</strong></span> <span class='ocrx_word' id='word_1_303' title='bbox 1412 2240 1620 2293; x_wconf 88' lang='lat' dir='ltr'><strong>quoque</strong></span> <span class='ocrx_word' id='word_1_304' title='bbox 1640 2239 1669 2277; x_wconf 90' lang='lat' dir='ltr'><strong>a</strong></span> <span class='ocrx_word' id='word_1_305' title='bbox 1695 2225 1845 2278; x_wconf 90' lang='lat' dir='ltr'><strong>tertia</strong></span> <span class='ocrx_word' id='word_1_306' title='bbox 1878 2224 2067 2281; x_wconf 89' lang='lat' dir='ltr'><strong>eodem</strong></span> 
     </span>
    </p>
   </div>
   <div class='ocr_carea' id='block_1_39' title="bbox 484 2313 2069 2382">
    <p class='ocr_par' dir='ltr' id='par_1_39' title="bbox 484 2313 2069 2382">
     <span class='ocr_line' id='line_1_39' title="bbox 484 2313 2069 2382; baseline -0.001 -14"><span class='ocrx_word' id='word_1_307' title='bbox 484 2315 694 2368; x_wconf 77' lang='lat' dir='ltr'><strong>differat</strong></span> <span class='ocrx_word' id='word_1_308' title='bbox 726 2324 873 2379; x_wconf 92' lang='lat' dir='ltr'><strong>tono,</strong></span> <span class='ocrx_word' id='word_1_309' title='bbox 894 2314 1049 2368; x_wconf 89' lang='lat' dir='ltr'><strong>tertia</strong></span> <span class='ocrx_word' id='word_1_310' title='bbox 1076 2314 1142 2367; x_wconf 90' lang='lat' dir='ltr'><strong>ad</strong></span> <span class='ocrx_word' id='word_1_311' title='bbox 1168 2324 1412 2382; x_wconf 88' lang='lat' dir='ltr'><strong>quartam</strong></span> <span class='ocrx_word' id='word_1_312' title='bbox 1439 2314 1706 2367; x_wconf 90' lang='lat' dir='ltr'><strong>semitonii</strong></span> <span class='ocrx_word' id='word_1_313' title='bbox 1730 2313 1888 2367; x_wconf 80' lang='lat' dir='ltr'><strong>faciet</strong></span> <span class='ocrx_word' id='word_1_314' title='bbox 1916 2313 2069 2367; x_wconf 78' lang='lat' dir='ltr'><strong>diffe-</strong></span> 
     </span>
    </p>
   </div>
   <div class='ocr_carea' id='block_1_40' title="bbox 485 2404 2068 2473">
    <p class='ocr_par' dir='ltr' id='par_1_40' title="bbox 485 2404 2068 2473">
     <span class='ocr_line' id='line_1_40' title="bbox 485 2404 2068 2473; baseline 0.001 -15"><span class='ocrx_word' id='word_1_315' title='bbox 485 2406 712 2458; x_wconf 85' lang='lat' dir='ltr'><strong>rentiam</strong></span> <span class='ocrx_word' id='word_1_316' title='bbox 743 2405 843 2458; x_wconf 90' lang='lat' dir='ltr'><strong>hoc</strong></span> <span class='ocrx_word' id='word_1_317' title='bbox 874 2404 1033 2458; x_wconf 93' lang='lat' dir='ltr'><strong>modo</strong></span> <span class='ocrx_word' id='word_1_318' title='bbox 1069 2422 1081 2457; x_wconf 90' lang='lat'><strong>:</strong></span> <span class='ocrx_word' id='word_1_319' title='bbox 1116 2406 1223 2458; x_wconf 88' lang='lat' dir='ltr'><strong>sint</strong></span> <span class='ocrx_word' id='word_1_320' title='bbox 1249 2406 1282 2458; x_wconf 73' lang='lat'><strong><em>4</em></strong></span> <span class='ocrx_word' id='word_1_321' title='bbox 1324 2404 1514 2459; x_wconf 76' lang='lat' dir='ltr'><strong>media:</strong></span> <span class='ocrx_word' id='word_1_322' title='bbox 1542 2408 1587 2458; x_wconf 82' lang='grc' dir='ltr'><strong>Α</strong></span> <span class='ocrx_word' id='word_1_323' title='bbox 1621 2405 1659 2457; x_wconf 86' lang='grc' dir='ltr'>Β</span> <span class='ocrx_word' id='word_1_324' title='bbox 1691 2405 1731 2458; x_wconf 87' lang='lat' dir='ltr'><strong>C</strong></span> <span class='ocrx_word' id='word_1_325' title='bbox 1762 2406 1825 2473; x_wconf 90' lang='lat' dir='ltr'><strong>D,</strong></span> <span class='ocrx_word' id='word_1_326' title='bbox 1859 2414 1913 2460; x_wconf 90' lang='lat' dir='ltr'><strong>et</strong></span> <span class='ocrx_word' id='word_1_327' title='bbox 1942 2405 1985 2459; x_wconf 87' lang='lat' dir='ltr'><strong>A</strong></span> <span class='ocrx_word' id='word_1_328' title='bbox 2018 2405 2068 2459; x_wconf 88' lang='lat' dir='ltr'><strong>ei</strong></span> 
     </span>
    </p>
   </div>
   <div class='ocr_carea' id='block_1_41' title="bbox 484 2493 2065 2562">
    <p class='ocr_par' dir='ltr' id='par_1_41' title="bbox 484 2493 2065 2562">
     <span class='ocr_line' id='line_1_41' title="bbox 484 2493 2065 2562; baseline 0 -15"><span class='ocrx_word' id='word_1_329' title='bbox 484 2508 607 2562; x_wconf 71' lang='lat' dir='ltr'><strong>quae</strong></span> <span class='ocrx_word' id='word_1_330' title='bbox 636 2502 716 2547; x_wconf 87' lang='lat' dir='ltr'><strong>est</strong></span> <span class='ocrx_word' id='word_1_331' title='bbox 747 2493 790 2547; x_wconf 81' lang='grc' dir='ltr'><strong>Β</strong></span> <span class='ocrx_word' id='word_1_332' title='bbox 829 2504 1134 2561; x_wconf 88' lang='lat' dir='ltr'><strong>comparata</strong></span> <span class='ocrx_word' id='word_1_333' title='bbox 1188 2503 1368 2548; x_wconf 79' lang='lat' dir='ltr'><strong>servet</strong></span> <span class='ocrx_word' id='word_1_334' title='bbox 1411 2493 1477 2547; x_wconf 91' lang='lat' dir='ltr'><strong>ad</strong></span> <span class='ocrx_word' id='word_1_335' title='bbox 1505 2508 1622 2547; x_wconf 91' lang='lat' dir='ltr'><strong>eam</strong></span> <span class='ocrx_word' id='word_1_336' title='bbox 1668 2495 2065 2562; x_wconf 88' lang='lat' dir='ltr'><strong>sesquitertiam</strong></span> 
     </span>
    </p>
   </div>
   <div class='ocr_carea' id='block_1_42' title="bbox 484 2570 2067 2654">
    <p class='ocr_par' dir='ltr' id='par_1_42' title="bbox 484 2570 2067 2654">
     <span class='ocr_line' id='line_1_42' title="bbox 484 2570 2067 2654; baseline 0.001 -17"><span class='ocrx_word' id='word_1_337' title='bbox 484 2585 906 2653; x_wconf 90' lang='lat' dir='ltr'><strong>proportionem,</strong></span> <span class='ocrx_word' id='word_1_338' title='bbox 924 2570 1048 2654; x_wconf 80' lang='lat' dir='ltr'><strong>qua:</strong></span> <span class='ocrx_word' id='word_1_339' title='bbox 1070 2593 1152 2638; x_wconf 88' lang='lat' dir='ltr'><strong>est</strong></span> <span class='ocrx_word' id='word_1_340' title='bbox 1171 2585 1527 2639; x_wconf 89' lang='lat' dir='ltr'><strong>diatessaron.</strong></span> <span class='ocrx_word' id='word_1_341' title='bbox 1553 2586 1681 2639; x_wconf 90' lang='lat' dir='ltr'><strong>ltem</strong></span> <span class='ocrx_word' id='word_1_342' title='bbox 1714 2584 1758 2637; x_wconf 85' lang='lat' dir='ltr'><strong>A</strong></span> <span class='ocrx_word' id='word_1_343' title='bbox 1777 2598 1807 2636; x_wconf 91' lang='lat' dir='ltr'><strong>a</strong></span> <span class='ocrx_word' id='word_1_344' title='bbox 1840 2584 1877 2636; x_wconf 87' lang='grc' dir='ltr'><strong><em>Β</em></strong></span> <span class='ocrx_word' id='word_1_345' title='bbox 1906 2584 2067 2638; x_wconf 85' lang='lat' dir='ltr'><strong>distet</strong></span> 
     </span>
    </p>
   </div>
   <div class='ocr_carea' id='block_1_43' title="bbox 484 2668 2065 2745">
    <p class='ocr_par' dir='ltr' id='par_1_43' title="bbox 484 2668 2065 2745">
     <span class='ocr_line' id='line_1_43' title="bbox 484 2668 2065 2745; baseline 0.001 -16"><span class='ocrx_word' id='word_1_346' title='bbox 484 2684 640 2737; x_wconf 89' lang='lat' dir='ltr'><strong>tono,</strong></span> <span class='ocrx_word' id='word_1_347' title='bbox 684 2676 725 2728; x_wconf 90' lang='grc' dir='ltr'>Β</span> <span class='ocrx_word' id='word_1_348' title='bbox 752 2690 781 2728; x_wconf 90' lang='lat' dir='ltr'><strong>a</strong></span> <span class='ocrx_word' id='word_1_349' title='bbox 804 2676 843 2728; x_wconf 90' lang='lat' dir='ltr'><strong>C</strong></span> <span class='ocrx_word' id='word_1_350' title='bbox 870 2676 1034 2729; x_wconf 89' lang='lat' dir='ltr'><strong>distet</strong></span> <span class='ocrx_word' id='word_1_351' title='bbox 1064 2668 1214 2740; x_wconf 79' lang='lat' dir='ltr'><strong>teno,</strong></span> <span class='ocrx_word' id='word_1_352' title='bbox 1246 2676 1568 2745; x_wconf 81' lang='lat' dir='ltr'><strong>relinquitur</strong></span> <span class='ocrx_word' id='word_1_353' title='bbox 1618 2683 1676 2730; x_wconf 94' lang='lat' dir='ltr'><strong>ut</strong></span> <span class='ocrx_word' id='word_1_354' title='bbox 1720 2673 1759 2729; x_wconf 90' lang='lat' dir='ltr'>C</span> <span class='ocrx_word' id='word_1_355' title='bbox 1799 2675 1865 2729; x_wconf 91' lang='lat' dir='ltr'><strong>ad</strong></span> <span class='ocrx_word' id='word_1_356' title='bbox 1897 2675 1941 2727; x_wconf 90' lang='lat' dir='ltr'>D</span> <span class='ocrx_word' id='word_1_357' title='bbox 1979 2688 2065 2730; x_wconf 80' lang='lat' dir='ltr'><strong>se-</strong></span> 
     </span>
    </p>
   </div>
   <div class='ocr_carea' id='block_1_44' title="bbox 489 2768 1272 2825">
    <p class='ocr_par' dir='ltr' id='par_1_44' title="bbox 489 2768 1272 2825">
     <span class='ocr_line' id='line_1_44' title="bbox 489 2768 1272 2825; baseline -0.004 -2"><span class='ocrx_word' id='word_1_358' title='bbox 489 2768 697 2823; x_wconf 83' lang='lat' dir='ltr'><strong>mitonii</strong></span> <span class='ocrx_word' id='word_1_359' title='bbox 744 2768 1053 2825; x_wconf 86' lang='lat' dir='ltr'><strong>distantiam</strong></span> <span class='ocrx_word' id='word_1_360' title='bbox 1076 2777 1272 2823; x_wconf 86' lang='lat' dir='ltr'><strong>servet.</strong></span> 
     </span>
    </p>
   </div>
   <div class='ocr_carea' id='block_1_45' title="bbox 1027 2899 1516 2961">
    <p class='ocr_par' dir='ltr' id='par_1_45' title="bbox 1027 2899 1516 2961">
     <span class='ocr_line' id='line_1_45' title="bbox 1027 2899 1516 2961; baseline -0.004 -13"><span class='ocrx_word' id='word_1_361' title='bbox 1027 2899 1350 2961; x_wconf 84' lang='lat' dir='ltr'><strong>Sesquitertia</strong></span> <span class='ocrx_word' id='word_1_362' title='bbox 1374 2900 1516 2947; x_wconf 91' lang='lat' dir='ltr'><strong>ratio.</strong></span> 
     </span>
    </p>
   </div>
   <div class='ocr_carea' id='block_1_46' title="bbox 596 2997 1920 3635">
    <p class='ocr_par' dir='ltr' id='par_1_46' title="bbox 610 3024 1908 3622">
     <span class='ocr_line' id='line_1_46' title="bbox 1174 3024 1708 3138; baseline 0.017 -43"><span class='ocrx_word' id='word_1_363' title='bbox 1174 3024 1465 3138; x_wconf 54' lang='lat' dir='ltr'><strong>State”</strong></span> <span class='ocrx_word' id='word_1_364' title='bbox 1704 3100 1708 3104; x_wconf 33' lang='grc'><strong>»</strong></span> 
     </span>
     <span class='ocr_line' id='line_1_47' title="bbox 685 3308 1866 3361; baseline 0.002 -2"><span class='ocrx_word' id='word_1_365' title='bbox 685 3311 730 3359; x_wconf 81' lang='grc' dir='ltr'><em>Α</em></span> <span class='ocrx_word' id='word_1_366' title='bbox 1024 3308 1066 3360; x_wconf 82' lang='grc' dir='ltr'><strong>Β</strong></span> <span class='ocrx_word' id='word_1_367' title='bbox 1459 3308 1506 3360; x_wconf 89' lang='lat' dir='ltr'><strong>C</strong></span> <span class='ocrx_word' id='word_1_368' title='bbox 1813 3313 1866 3361; x_wconf 85' lang='lat' dir='ltr'><strong>D</strong></span> 
     </span>
     <span class='ocr_line' id='line_1_48' title="bbox 610 3398 1908 3622; baseline -0.008 -4"><span class='ocrx_word' id='word_1_369' title='bbox 610 3441 617 3457; x_wconf 91' lang='grc'>·</span> <span class='ocrx_word' id='word_1_370' title='bbox 1035 3398 1908 3622; x_wconf 73' lang='lat' dir='ltr'>ww</span> 
     </span>
    </p>
   </div>
   <div class='ocr_carea' id='block_1_47' title="bbox 485 3666 2063 3741">
    <p class='ocr_par' dir='ltr' id='par_1_47' title="bbox 485 3666 2063 3741">
     <span class='ocr_line' id='line_1_49' title="bbox 485 3666 2063 3741; baseline -0.005 -15"><span class='ocrx_word' id='word_1_371' title='bbox 485 3670 555 3726; x_wconf 88' lang='lat' dir='ltr'><strong>Et</strong></span> <span class='ocrx_word' id='word_1_372' title='bbox 581 3685 624 3725; x_wconf 90' lang='lat' dir='ltr'><strong>st</strong></span> <span class='ocrx_word' id='word_1_373' title='bbox 647 3670 882 3741; x_wconf 78' lang='lat' dir='ltr'><strong>quinque</strong></span> <span class='ocrx_word' id='word_1_374' title='bbox 908 3668 1014 3723; x_wconf 92' lang='lat' dir='ltr'><strong>sint</strong></span> <span class='ocrx_word' id='word_1_375' title='bbox 1045 3669 1233 3723; x_wconf 68' lang='lat' dir='ltr'><strong>mediae</strong></span> <span class='ocrx_word' id='word_1_376' title='bbox 1268 3668 1453 3723; x_wconf 90' lang='lat' dir='ltr'><strong>eodem</strong></span> <span class='ocrx_word' id='word_1_377' title='bbox 1482 3667 1663 3721; x_wconf 90' lang='lat' dir='ltr'><strong>modo.</strong></span> <span class='ocrx_word' id='word_1_378' title='bbox 1693 3668 1747 3722; x_wconf 90' lang='lat' dir='ltr'><strong>Si</strong></span> <span class='ocrx_word' id='word_1_379' title='bbox 1780 3666 1921 3720; x_wconf 90' lang='lat' dir='ltr'><strong>enim</strong></span> <span class='ocrx_word' id='word_1_380' title='bbox 1956 3666 2063 3734; x_wconf 80' lang='lat' dir='ltr'><strong>pri-</strong></span> 
     </span>
    </p>
   </div>
   <div class='ocr_carea' id='block_1_48' title="bbox 484 3758 2055 3833">
    <p class='ocr_par' dir='ltr' id='par_1_48' title="bbox 484 3758 2055 3833">
     <span class='ocr_line' id='line_1_50' title="bbox 484 3758 2055 3833; baseline -0.004 -15"><span class='ocrx_word' id='word_1_381' title='bbox 484 3779 571 3819; x_wconf 87' lang='lat' dir='ltr'><strong>ma</strong></span> <span class='ocrx_word' id='word_1_382' title='bbox 602 3780 631 3817; x_wconf 94' lang='lat' dir='ltr'><strong>a</strong></span> <span class='ocrx_word' id='word_1_383' title='bbox 676 3763 859 3833; x_wconf 90' lang='lat' dir='ltr'><strong>quinta</strong></span> <span class='ocrx_word' id='word_1_384' title='bbox 905 3761 1255 3830; x_wconf 86' lang='lat' dir='ltr'><strong>sesquialtera</strong></span> <span class='ocrx_word' id='word_1_385' title='bbox 1293 3758 1318 3796; x_wconf 72' lang='grc' dir='ltr'>ά</span> <span class='ocrx_word' id='word_1_386' title='bbox 1364 3759 1630 3814; x_wconf 90' lang='lat' dir='ltr'><strong>distcterit</strong></span> <span class='ocrx_word' id='word_1_387' title='bbox 1674 3759 2055 3827; x_wconf 85' lang='lat' dir='ltr'><strong>proportione,</strong></span> 
     </span>
    </p>
   </div>
   <div class='ocr_carea' id='block_1_49' title="bbox 483 3852 2061 3925">
    <p class='ocr_par' dir='ltr' id='par_1_49' title="bbox 483 3852 2061 3925">
     <span class='ocr_line' id='line_1_51' title="bbox 483 3852 2061 3925; baseline -0.004 -15"><span class='ocrx_word' id='word_1_388' title='bbox 483 3858 762 3925; x_wconf 85' lang='lat' dir='ltr'><strong>primaque</strong></span> <span class='ocrx_word' id='word_1_389' title='bbox 786 3872 814 3907; x_wconf 93' lang='lat' dir='ltr'><strong>a</strong></span> <span class='ocrx_word' id='word_1_390' title='bbox 847 3854 1074 3909; x_wconf 88' lang='lat' dir='ltr'><strong>secunda</strong></span> <span class='ocrx_word' id='word_1_391' title='bbox 1096 3898 1108 3916; x_wconf 87' lang='lat'><strong>,</strong></span> <span class='ocrx_word' id='word_1_392' title='bbox 1140 3868 1203 3908; x_wconf 90' lang='lat' dir='ltr'><strong>ac</strong></span> <span class='ocrx_word' id='word_1_393' title='bbox 1231 3854 1465 3908; x_wconf 88' lang='lat' dir='ltr'><strong>secunda</strong></span> <span class='ocrx_word' id='word_1_394' title='bbox 1492 3868 1520 3904; x_wconf 89' lang='lat' dir='ltr'><strong>a</strong></span> <span class='ocrx_word' id='word_1_395' title='bbox 1555 3852 1732 3917; x_wconf 92' lang='lat' dir='ltr'><strong>tertia,</strong></span> <span class='ocrx_word' id='word_1_396' title='bbox 1768 3861 2061 3919; x_wconf 86' lang='lat' dir='ltr'><strong>quartaque</strong></span> 
     </span>
    </p>
   </div>
   <div class='ocr_carea' id='block_1_50' title="bbox 480 3942 2061 4017">
    <p class='ocr_par' dir='ltr' id='par_1_50' title="bbox 480 3942 2061 4017">
     <span class='ocr_line' id='line_1_52' title="bbox 480 3942 2061 4017; baseline -0.004 -16"><span class='ocrx_word' id='word_1_397' title='bbox 480 3964 511 4001; x_wconf 89' lang='lat' dir='ltr'><strong>a</strong></span> <span class='ocrx_word' id='word_1_398' title='bbox 535 3949 736 4017; x_wconf 90' lang='lat' dir='ltr'><strong>quinta,</strong></span> <span class='ocrx_word' id='word_1_399' title='bbox 766 3947 989 4015; x_wconf 87' lang='lat' dir='ltr'><strong>singulis</strong></span> <span class='ocrx_word' id='word_1_400' title='bbox 1020 3957 1042 3981; x_wconf 72' lang='grc' dir='ltr'>ε</span> <span class='ocrx_word' id='word_1_401' title='bbox 1072 3944 1375 3999; x_wconf 71' lang='lat' dir='ltr'><strong>distcterint</strong></span> <span class='ocrx_word' id='word_1_402' title='bbox 1407 3945 1569 4009; x_wconf 92' lang='lat' dir='ltr'><strong>tonis,</strong></span> <span class='ocrx_word' id='word_1_403' title='bbox 1618 3945 1770 3996; x_wconf 89' lang='lat' dir='ltr'><strong>tettia</strong></span> <span class='ocrx_word' id='word_1_404' title='bbox 1800 3942 1863 3995; x_wconf 91' lang='lat' dir='ltr'><strong>ad</strong></span> <span class='ocrx_word' id='word_1_405' title='bbox 1896 3957 2061 4011; x_wconf 88' lang='lat' dir='ltr'><strong>quar-</strong></span> 
     </span>
    </p>
   </div>
   <div class='ocr_carea' id='block_1_51' title="bbox 486 4034 2062 4101">
    <p class='ocr_par' dir='ltr' id='par_1_51' title="bbox 486 4034 2062 4101">
     <span class='ocr_line' id='line_1_53' title="bbox 486 4034 2062 4101; baseline -0.003 -11"><span class='ocrx_word' id='word_1_406' title='bbox 486 4048 593 4090; x_wconf 89' lang='lat' dir='ltr'><strong>tam</strong></span> <span class='ocrx_word' id='word_1_407' title='bbox 641 4036 908 4090; x_wconf 88' lang='lat' dir='ltr'><strong>semitonii</strong></span> <span class='ocrx_word' id='word_1_408' title='bbox 961 4034 1117 4088; x_wconf 45' lang='lat' dir='ltr'><strong>faciet</strong></span> <span class='ocrx_word' id='word_1_409' title='bbox 1148 4034 1522 4088; x_wconf 77' lang='lat' dir='ltr'><strong>differentiam.</strong></span> <span class='ocrx_word' id='word_1_410' title='bbox 1578 4034 1704 4086; x_wconf 73' lang='lat' dir='ltr'><strong>item</strong></span> <span class='ocrx_word' id='word_1_411' title='bbox 1736 4047 2062 4101; x_wconf 72' lang='lat' dir='ltr'><strong>qumcnnqne</strong></span> 
     </span>
    </p>
   </div>
   <div class='ocr_carea' id='block_1_52' title="bbox 482 4122 2061 4191">
    <p class='ocr_par' dir='ltr' id='par_1_52' title="bbox 482 4122 2061 4191">
     <span class='ocr_line' id='line_1_54' title="bbox 482 4122 2061 4191; baseline -0.003 -11"><span class='ocrx_word' id='word_1_412' title='bbox 482 4127 676 4181; x_wconf 85' lang='lat' dir='ltr'><strong>mediae</strong></span> <span class='ocrx_word' id='word_1_413' title='bbox 725 4126 950 4178; x_wconf 86' lang='lat' dir='ltr'><strong>aliorum</strong></span> <span class='ocrx_word' id='word_1_414' title='bbox 994 4123 1272 4177; x_wconf 90' lang='lat' dir='ltr'><strong>modorum</strong></span> <span class='ocrx_word' id='word_1_415' title='bbox 1308 4122 1876 4191; x_wconf 86' lang='lat' dir='ltr'><strong>proslambanomenos</strong></span> <span class='ocrx_word' id='word_1_416' title='bbox 1907 4137 2061 4176; x_wconf 90' lang='lat' dir='ltr'><strong>acce-</strong></span> 
     </span>
    </p>
   </div>
   <div class='ocr_carea' id='block_1_53' title="bbox 480 4213 2057 4286">
    <p class='ocr_par' dir='ltr' id='par_1_53' title="bbox 480 4213 2057 4286">
     <span class='ocr_line' id='line_1_55' title="bbox 480 4213 2057 4286; baseline -0.003 -14"><span class='ocrx_word' id='word_1_417' title='bbox 480 4220 615 4272; x_wconf 93' lang='lat' dir='ltr'><strong>dunt</strong></span> <span class='ocrx_word' id='word_1_418' title='bbox 660 4218 740 4271; x_wconf 65' lang='lat' dir='ltr'><strong>hie</strong></span> <span class='ocrx_word' id='word_1_419' title='bbox 770 4218 1044 4286; x_wconf 89' lang='lat' dir='ltr'><strong>graviores</strong></span> <span class='ocrx_word' id='word_1_420' title='bbox 1084 4215 1270 4270; x_wconf 88' lang='lat' dir='ltr'><strong>modos</strong></span> <span class='ocrx_word' id='word_1_421' title='bbox 1306 4223 1615 4284; x_wconf 86' lang='lat' dir='ltr'><strong>operantur.</strong></span> <span class='ocrx_word' id='word_1_422' title='bbox 1659 4213 1677 4251; x_wconf 74' lang='grc' dir='ltr'><em>τ</em></span> <span class='ocrx_word' id='word_1_423' title='bbox 1717 4215 1846 4280; x_wconf 67' lang='lat' dir='ltr'><strong>Quae</strong></span> <span class='ocrx_word' id='word_1_424' title='bbox 1891 4214 2057 4280; x_wconf 86' lang='lat' dir='ltr'><strong>netis,</strong></span> 
     </span>
    </p>
   </div>
   <div class='ocr_carea' id='block_1_54' title="bbox 479 4290 2059 4376">
    <p class='ocr_par' dir='ltr' id='par_1_54' title="bbox 479 4290 2059 4376">
     <span class='ocr_line' id='line_1_56' title="bbox 479 4290 2059 4376; baseline -0.003 -12"><span class='ocrx_word' id='word_1_425' title='bbox 479 4310 586 4365; x_wconf 79' lang='lat' dir='ltr'><strong>ilhe</strong></span> <span class='ocrx_word' id='word_1_426' title='bbox 616 4310 883 4362; x_wconf 81' lang='lat' dir='ltr'><strong>acutiores</strong></span> <span class='ocrx_word' id='word_1_427' title='bbox 922 4290 1182 4361; x_wconf 84' lang='lat' dir='ltr'><strong>efficiunt.</strong></span> <span class='ocrx_word' id='word_1_428' title='bbox 1226 4307 1488 4372; x_wconf 87' lang='lat' dir='ltr'><strong>Quoniam</strong></span> <span class='ocrx_word' id='word_1_429' title='bbox 1520 4307 1678 4376; x_wconf 85' lang='lat' dir='ltr'><strong>igitur</strong></span> <span class='ocrx_word' id='word_1_430' title='bbox 1702 4308 1753 4360; x_wconf 90' lang='lat' dir='ltr'><strong>in</strong></span> <span class='ocrx_word' id='word_1_431' title='bbox 1784 4306 2059 4374; x_wconf 89' lang='lat' dir='ltr'><strong>superiore</strong></span> 
     </span>
    </p>
   </div>
   <div class='ocr_carea' id='block_1_55' title="bbox 480 4396 2059 4469">
    <p class='ocr_par' dir='ltr' id='par_1_55' title="bbox 480 4396 2059 4469">
     <span class='ocr_line' id='line_1_57' title="bbox 480 4396 2059 4469; baseline -0.003 -17"><span class='ocrx_word' id='word_1_432' title='bbox 480 4403 672 4469; x_wconf 80' lang='lat' dir='ltr'><strong>pagina</strong></span> <span class='ocrx_word' id='word_1_433' title='bbox 713 4399 998 4467; x_wconf 90' lang='lat' dir='ltr'><strong>descriptis</strong></span> <span class='ocrx_word' id='word_1_434' title='bbox 1045 4398 1217 4451; x_wconf 87' lang='lat' dir='ltr'><strong>modis</strong></span> <span class='ocrx_word' id='word_1_435' title='bbox 1264 4408 1471 4465; x_wconf 90' lang='lat' dir='ltr'><strong>partem</strong></span> <span class='ocrx_word' id='word_1_436' title='bbox 1520 4397 1791 4451; x_wconf 86' lang='lat' dir='ltr'><strong>sinistram</strong></span> <span class='ocrx_word' id='word_1_437' title='bbox 1835 4396 2059 4465; x_wconf 85' lang='lat' dir='ltr'><strong>legentis</strong></span> 
     </span>
    </p>
   </div>
   <div class='ocr_carea' id='block_1_56' title="bbox 481 4489 2138 4561">
    <p class='ocr_par' dir='ltr' id='par_1_56' title="bbox 481 4489 2138 4561">
     <span class='ocr_line' id='line_1_58' title="bbox 481 4489 2138 4561; baseline -0.002 -16"><span class='ocrx_word' id='word_1_438' title='bbox 481 4491 1000 4561; x_wconf 65' lang='lat' dir='ltr'><strong>prcslambanomeni</strong></span> <span class='ocrx_word' id='word_1_439' title='bbox 1030 4489 1182 4556; x_wconf 83' lang='lat' dir='ltr'><strong>primi</strong></span> <span class='ocrx_word' id='word_1_440' title='bbox 1208 4498 1413 4545; x_wconf 90' lang='lat' dir='ltr'><strong>tenent.</strong></span> <span class='ocrx_word' id='word_1_441' title='bbox 1442 4490 1664 4543; x_wconf 78' lang='lat' dir='ltr'><strong>Dextera</strong></span> <span class='ocrx_word' id='word_1_442' title='bbox 1687 4503 1813 4543; x_wconf 90' lang='lat' dir='ltr'><strong>vero</strong></span> <span class='ocrx_word' id='word_1_443' title='bbox 1836 4489 2057 4556; x_wconf 87' lang='lat' dir='ltr'><strong>legentis</strong></span> <span class='ocrx_word' id='word_1_444' title='bbox 2086 4500 2138 4559; x_wconf 82' lang='grc' dir='ltr'><strong>ι)</strong></span> 
     </span>
    </p>
   </div>
   <div class='ocr_carea' id='block_1_57' title="bbox 479 4580 2058 4648">
    <p class='ocr_par' dir='ltr' id='par_1_57' title="bbox 479 4580 2058 4648">
     <span class='ocr_line' id='line_1_59' title="bbox 479 4580 2058 4648; baseline -0.004 -10"><span class='ocrx_word' id='word_1_445' title='bbox 479 4582 734 4639; x_wconf 74' lang='lat' dir='ltr'><strong>extremis</strong></span> <span class='ocrx_word' id='word_1_446' title='bbox 754 4583 1017 4636; x_wconf 87' lang='lat' dir='ltr'><strong>clauditur</strong></span> <span class='ocrx_word' id='word_1_447' title='bbox 1038 4581 1197 4644; x_wconf 75' lang='lat' dir='ltr'><strong>netis,</strong></span> <span class='ocrx_word' id='word_1_448' title='bbox 1222 4580 1325 4635; x_wconf 93' lang='lat' dir='ltr'><strong>erit</strong></span> <span class='ocrx_word' id='word_1_449' title='bbox 1345 4581 1595 4634; x_wconf 88' lang='lat' dir='ltr'><strong>omnibus</strong></span> <span class='ocrx_word' id='word_1_450' title='bbox 1616 4580 1829 4648; x_wconf 88' lang='lat' dir='ltr'><strong>quidem</strong></span> <span class='ocrx_word' id='word_1_451' title='bbox 1854 4580 2058 4634; x_wconf 88' lang='lat' dir='ltr'><strong>acutior</strong></span> 
     </span>
    </p>
   </div>
   <div class='ocr_carea' id='block_1_58' title="bbox 480 4671 2057 4742">
    <p class='ocr_par' dir='ltr' id='par_1_58' title="bbox 480 4671 2057 4742">
     <span class='ocr_line' id='line_1_60' title="bbox 480 4671 2057 4742; baseline 0.002 -20"><span class='ocrx_word' id='word_1_452' title='bbox 480 4685 506 4722; x_wconf 75' lang='grc' dir='ltr'>ι</span> <span class='ocrx_word' id='word_1_453' title='bbox 537 4674 742 4737; x_wconf 85' lang='lat' dir='ltr'><strong>modis,</strong></span> <span class='ocrx_word' id='word_1_454' title='bbox 770 4675 859 4739; x_wconf 85' lang='lat' dir='ltr'><strong>qui</strong></span> <span class='ocrx_word' id='word_1_455' title='bbox 900 4673 1202 4727; x_wconf 89' lang='lat' dir='ltr'><strong>inscribitur</strong></span> <span class='ocrx_word' id='word_1_456' title='bbox 1242 4672 1765 4742; x_wconf 73' lang='lat' dir='ltr'><strong>hypermixolydius,</strong></span> <span class='ocrx_word' id='word_1_457' title='bbox 1808 4671 2057 4725; x_wconf 83' lang='lat' dir='ltr'><strong>omnibus</strong></span> 
     </span>
    </p>
   </div>
   <div class='ocr_carea' id='block_1_59' title="bbox 479 4760 2056 4833">
    <p class='ocr_par' dir='ltr' id='par_1_59' title="bbox 479 4760 2056 4833">
     <span class='ocr_line' id='line_1_61' title="bbox 479 4760 2056 4833; baseline -0.002 -13"><span class='ocrx_word' id='word_1_458' title='bbox 479 4780 609 4820; x_wconf 80' lang='lat' dir='ltr'><strong>vero</strong></span> <span class='ocrx_word' id='word_1_459' title='bbox 627 4765 888 4833; x_wconf 80' lang='lat' dir='ltr'><strong>gravioris</strong></span> <span class='ocrx_word' id='word_1_460' title='bbox 907 4764 995 4833; x_wconf 86' lang='lat' dir='ltr'><strong>qui</strong></span> <span class='ocrx_word' id='word_1_461' title='bbox 1020 4763 1367 4833; x_wconf 83' lang='lat' dir='ltr'><strong>hypodorius.</strong></span> <span class='ocrx_word' id='word_1_462' title='bbox 1398 4763 1503 4817; x_wconf 87' lang='lat' dir='ltr'><strong>Nos</strong></span> <span class='ocrx_word' id='word_1_463' title='bbox 1530 4777 1659 4816; x_wconf 91' lang='lat' dir='ltr'><strong>vero</strong></span> <span class='ocrx_word' id='word_1_464' title='bbox 1688 4778 1715 4814; x_wconf 93' lang='lat' dir='ltr'><strong>a</strong></span> <span class='ocrx_word' id='word_1_465' title='bbox 1738 4760 2056 4831; x_wconf 85' lang='lat' dir='ltr'><strong>gravissimo</strong></span> 
     </span>
    </p>
   </div>
   <div class='ocr_carea' id='block_1_60' title="bbox 478 4854 2056 4928">
    <p class='ocr_par' dir='ltr' id='par_1_60' title="bbox 478 4854 2056 4928">
     <span class='ocr_line' id='line_1_62' title="bbox 478 4854 2056 4928; baseline -0.003 -16"><span class='ocrx_word' id='word_1_466' title='bbox 478 4856 777 4928; x_wconf 85' lang='lat' dir='ltr'><strong>hypodorio</strong></span> <span class='ocrx_word' id='word_1_467' title='bbox 805 4855 1136 4921; x_wconf 78' lang='lat' dir='ltr'><strong>inchoantes,</strong></span> <span class='ocrx_word' id='word_1_468' title='bbox 1170 4866 1396 4911; x_wconf 72' lang='lat' dir='ltr'><strong>etcteros</strong></span> <span class='ocrx_word' id='word_1_469' title='bbox 1427 4872 1583 4925; x_wconf 90' lang='lat' dir='ltr'><strong>quam</strong></span> <span class='ocrx_word' id='word_1_470' title='bbox 1617 4856 1754 4909; x_wconf 91' lang='lat' dir='ltr'><strong>inter</strong></span> <span class='ocrx_word' id='word_1_471' title='bbox 1775 4870 1833 4909; x_wconf 94' lang='lat' dir='ltr'><strong>se</strong></span> <span class='ocrx_word' id='word_1_472' title='bbox 1860 4854 2056 4908; x_wconf 86' lang='lat' dir='ltr'><strong>habent</strong></span> 
     </span>
    </p>
   </div>
   <div class='ocr_carea' id='block_1_61' title="bbox 476 4945 2057 5017">
    <p class='ocr_par' dir='ltr' id='par_1_61' title="bbox 476 4945 2057 5017">
     <span class='ocr_line' id='line_1_63' title="bbox 476 4945 2057 5017; baseline -0.004 -13"><span class='ocrx_word' id='word_1_473' title='bbox 476 4948 834 5005; x_wconf 74' lang='lat' dir='ltr'><strong>differentiam</strong></span> <span class='ocrx_word' id='word_1_474' title='bbox 889 4945 1305 5014; x_wconf 69' lang='lat' dir='ltr'><strong>designabimus.</strong></span> <span class='ocrx_word' id='word_1_475' title='bbox 1354 4948 1597 5017; x_wconf 89' lang='lat' dir='ltr'><strong>Namque</strong></span> <span class='ocrx_word' id='word_1_476' title='bbox 1650 4947 1703 5001; x_wconf 91' lang='lat' dir='ltr'><strong>in</strong></span> <span class='ocrx_word' id='word_1_477' title='bbox 1761 4946 2057 5015; x_wconf 90' lang='lat' dir='ltr'><strong>hypodorio</strong></span> 
     </span>
    </p>
   </div>
   <div class='ocr_carea' id='block_1_62' title="bbox 476 5040 2056 5111">
    <p class='ocr_par' dir='ltr' id='par_1_62' title="bbox 476 5040 2056 5111">
     <span class='ocr_line' id='line_1_64' title="bbox 476 5040 2056 5111; baseline -0.004 -12"><span class='ocrx_word' id='word_1_478' title='bbox 476 5044 640 5099; x_wconf 86' lang='lat' dir='ltr'><strong>modo</strong></span> <span class='ocrx_word' id='word_1_479' title='bbox 669 5058 815 5096; x_wconf 89' lang='lat' dir='ltr'><strong>mese</strong></span> <span class='ocrx_word' id='word_1_480' title='bbox 841 5056 961 5111; x_wconf 67' lang='lat' dir='ltr'><strong>quae</strong></span> <span class='ocrx_word' id='word_1_481' title='bbox 987 5050 1070 5095; x_wconf 87' lang='lat' dir='ltr'><strong>est</strong></span> <span class='ocrx_word' id='word_1_482' title='bbox 1096 5064 1135 5094; x_wconf 86' lang='grc' dir='ltr'><strong>ω</strong></span> <span class='ocrx_word' id='word_1_483' title='bbox 1165 5041 1231 5093; x_wconf 90' lang='lat' dir='ltr'><strong>ah</strong></span> <span class='ocrx_word' id='word_1_484' title='bbox 1277 5056 1338 5094; x_wconf 91' lang='lat' dir='ltr'><strong>ea</strong></span> <span class='ocrx_word' id='word_1_485' title='bbox 1367 5055 1512 5095; x_wconf 89' lang='lat' dir='ltr'><strong>mese</strong></span> <span class='ocrx_word' id='word_1_486' title='bbox 1538 5057 1658 5110; x_wconf 63' lang='lat' dir='ltr'><strong>qum.</strong></span> <span class='ocrx_word' id='word_1_487' title='bbox 1697 5048 1780 5095; x_wconf 91' lang='lat' dir='ltr'><strong>est</strong></span> <span class='ocrx_word' id='word_1_488' title='bbox 1812 5042 1862 5094; x_wconf 92' lang='lat' dir='ltr'><strong>in</strong></span> <span class='ocrx_word' id='word_1_489' title='bbox 1896 5040 2056 5093; x_wconf 90' lang='lat' dir='ltr'><strong>modo</strong></span> 
     </span>
    </p>
   </div>
   <div class='ocr_carea' id='block_1_63' title="bbox 479 5128 2055 5204">
    <p class='ocr_par' dir='ltr' id='par_1_63' title="bbox 479 5128 2055 5204">
     <span class='ocr_line' id='line_1_65' title="bbox 479 5128 2055 5204; baseline -0.001 -18"><span class='ocrx_word' id='word_1_490' title='bbox 479 5132 850 5204; x_wconf 76' lang='lat' dir='ltr'><strong>hypophrygio</strong></span> <span class='ocrx_word' id='word_1_491' title='bbox 874 5142 999 5186; x_wconf 89' lang='lat' dir='ltr'><strong>tono</strong></span> <span class='ocrx_word' id='word_1_492' title='bbox 1030 5128 1055 5166; x_wconf 72' lang='grc' dir='ltr'>δ</span> <span class='ocrx_word' id='word_1_493' title='bbox 1087 5131 1319 5184; x_wconf 88' lang='lat' dir='ltr'><strong>distabit.</strong></span> <span class='ocrx_word' id='word_1_494' title='bbox 1357 5132 1507 5198; x_wconf 92' lang='lat' dir='ltr'><strong>Quod</strong></span> <span class='ocrx_word' id='word_1_495' title='bbox 1540 5133 1593 5185; x_wconf 93' lang='lat' dir='ltr'><strong>in</strong></span> <span class='ocrx_word' id='word_1_496' title='bbox 1626 5132 1726 5187; x_wconf 92' lang='lat' dir='ltr'><strong>hoc</strong></span> <span class='ocrx_word' id='word_1_497' title='bbox 1756 5132 1907 5186; x_wconf 87' lang='lat' dir='ltr'><strong>facile</strong></span> <span class='ocrx_word' id='word_1_498' title='bbox 1934 5146 2055 5200; x_wconf 91' lang='lat' dir='ltr'><strong>per-</strong></span> 
     </span>
    </p>
   </div>
   <div class='ocr_carea' id='block_1_64' title="bbox 477 5228 2055 5298">
    <p class='ocr_par' dir='ltr' id='par_1_64' title="bbox 477 5228 2055 5298">
     <span class='ocr_line' id='line_1_66' title="bbox 477 5228 2055 5298; baseline -0.001 -18"><span class='ocrx_word' id='word_1_499' title='bbox 477 5229 754 5296; x_wconf 90' lang='lat' dir='ltr'><strong>spicietur,</strong></span> <span class='ocrx_word' id='word_1_500' title='bbox 796 5229 840 5282; x_wconf 90' lang='lat' dir='ltr'><strong>si</strong></span> <span class='ocrx_word' id='word_1_501' title='bbox 863 5228 983 5298; x_wconf 85' lang='lat' dir='ltr'><strong>quis</strong></span> <span class='ocrx_word' id='word_1_502' title='bbox 1024 5228 1089 5282; x_wconf 84' lang='lat' dir='ltr'><strong>ad</strong></span> <span class='ocrx_word' id='word_1_503' title='bbox 1124 5242 1306 5282; x_wconf 77' lang='lat' dir='ltr'><strong>mesen</strong></span> <span class='ocrx_word' id='word_1_504' title='bbox 1355 5228 1735 5297; x_wconf 83' lang='lat' dir='ltr'><strong>ltypophrygii,</strong></span> <span class='ocrx_word' id='word_1_505' title='bbox 1766 5242 1885 5296; x_wconf 71' lang='lat' dir='ltr'><strong>qum</strong></span> <span class='ocrx_word' id='word_1_506' title='bbox 1913 5236 1995 5279; x_wconf 87' lang='lat' dir='ltr'><strong>est</strong></span> <span class='ocrx_word' id='word_1_507' title='bbox 2024 5249 2055 5295; x_wconf 84' lang='grc' dir='ltr'><em>φ</em></span> 
     </span>
    </p>
   </div>
   <div class='ocr_carea' id='block_1_65' title="bbox 475 5317 2055 5390">
    <p class='ocr_par' dir='ltr' id='par_1_65' title="bbox 475 5317 2055 5390">
     <span class='ocr_line' id='line_1_67' title="bbox 475 5317 2055 5390; baseline -0.003 -17"><span class='ocrx_word' id='word_1_508' title='bbox 475 5319 718 5388; x_wconf 80' lang='lat' dir='ltr'><strong>ejusdem</strong></span> <span class='ocrx_word' id='word_1_509' title='bbox 750 5320 1101 5390; x_wconf 74' lang='lat' dir='ltr'><strong>itypophrygii</strong></span> <span class='ocrx_word' id='word_1_510' title='bbox 1134 5343 1174 5372; x_wconf 88' lang='grc' dir='ltr'>ω</span> <span class='ocrx_word' id='word_1_511' title='bbox 1200 5328 1493 5387; x_wconf 89' lang='lat' dir='ltr'><strong>comparet,</strong></span> <span class='ocrx_word' id='word_1_512' title='bbox 1527 5334 1645 5387; x_wconf 67' lang='lat' dir='ltr'><strong>quae</strong></span> <span class='ocrx_word' id='word_1_513' title='bbox 1666 5327 1747 5372; x_wconf 88' lang='lat' dir='ltr'><strong>est</strong></span> <span class='ocrx_word' id='word_1_514' title='bbox 1775 5317 2055 5386; x_wconf 83' lang='lat' dir='ltr'><strong>hypodorii</strong></span> 
     </span>
    </p>
   </div>
   <div class='ocr_carea' id='block_1_66' title="bbox 472 5408 2050 5481">
    <p class='ocr_par' dir='ltr' id='par_1_66' title="bbox 472 5408 2050 5481">
     <span class='ocr_line' id='line_1_68' title="bbox 472 5408 2050 5481; baseline -0.001 -20"><span class='ocrx_word' id='word_1_515' title='bbox 472 5408 689 5479; x_wconf 85' lang='lat' dir='ltr'><strong>quidem</strong></span> <span class='ocrx_word' id='word_1_516' title='bbox 714 5425 881 5476; x_wconf 75' lang='lat' dir='ltr'><strong>mese,</strong></span> <span class='ocrx_word' id='word_1_517' title='bbox 905 5413 953 5464; x_wconf 90' lang='lat' dir='ltr'><strong>in</strong></span> <span class='ocrx_word' id='word_1_518' title='bbox 976 5411 1341 5481; x_wconf 84' lang='lat' dir='ltr'><strong>hypophrygio</strong></span> <span class='ocrx_word' id='word_1_519' title='bbox 1363 5420 1536 5464; x_wconf 79' lang='lat' dir='ltr'><strong>autem</strong></span> <span class='ocrx_word' id='word_1_520' title='bbox 1564 5410 1821 5480; x_wconf 82' lang='lat' dir='ltr'><strong>lycltanos</strong></span> <span class='ocrx_word' id='word_1_521' title='bbox 1843 5422 2050 5462; x_wconf 88' lang='lat' dir='ltr'><strong>meson.</strong></span> 
     </span>
    </p>
   </div>
   <div class='ocr_carea' id='block_1_67' title="bbox 473 5500 2051 5575">
    <p class='ocr_par' dir='ltr' id='par_1_67' title="bbox 473 5500 2051 5575">
     <span class='ocr_line' id='line_1_69' title="bbox 473 5500 2051 5575; baseline 0.001 -22"><span class='ocrx_word' id='word_1_522' title='bbox 473 5500 605 5555; x_wconf 83' lang='lat' dir='ltr'><strong>Nam</strong></span> <span class='ocrx_word' id='word_1_523' title='bbox 626 5526 659 5575; x_wconf 75' lang='grc' dir='ltr'><em>φ</em></span> <span class='ocrx_word' id='word_1_524' title='bbox 679 5513 837 5572; x_wconf 86' lang='lat' dir='ltr'><strong>atque</strong></span> <span class='ocrx_word' id='word_1_525' title='bbox 861 5527 895 5555; x_wconf 88' lang='grc' dir='ltr'>ω</span> <span class='ocrx_word' id='word_1_526' title='bbox 929 5516 1053 5556; x_wconf 91' lang='lat' dir='ltr'><strong>tono</strong></span> <span class='ocrx_word' id='word_1_527' title='bbox 1080 5502 1353 5567; x_wconf 69' lang='lat' dir='ltr'><strong>differunt,</strong></span> <span class='ocrx_word' id='word_1_528' title='bbox 1381 5503 1520 5572; x_wconf 89' lang='lat' dir='ltr'><strong>quod</strong></span> <span class='ocrx_word' id='word_1_529' title='bbox 1554 5501 1742 5571; x_wconf 89' lang='lat' dir='ltr'><strong>pagina</strong></span> <span class='ocrx_word' id='word_1_530' title='bbox 1766 5501 2051 5569; x_wconf 86' lang='lat' dir='ltr'><strong>iuterjecta</strong></span> 
     </span>
    </p>
   </div>
   <div class='ocr_carea' id='block_1_68' title="bbox 542 5620 2066 5758">
    <p class='ocr_par' dir='ltr' id='par_1_68' title="bbox 542 5620 2066 5758">
     <span class='ocr_line' id='line_1_70' title="bbox 542 5620 2063 5705; baseline -0.003 -15"><span class='ocrx_word' id='word_1_531' title='bbox 542 5620 569 5673; x_wconf 50' lang='grc' dir='ltr'><strong>ί</strong></span> <span class='ocrx_word' id='word_1_532' title='bbox 604 5636 718 5690; x_wconf 82' lang='lat' dir='ltr'><strong>Non</strong></span> <span class='ocrx_word' id='word_1_533' title='bbox 746 5637 946 5704; x_wconf 64' lang='lat' dir='ltr'><strong>legitur.</strong></span> <span class='ocrx_word' id='word_1_534' title='bbox 1022 5635 1047 5673; x_wconf 73' lang='grc' dir='ltr'><strong>ιι</strong></span> <span class='ocrx_word' id='word_1_535' title='bbox 1090 5636 1352 5689; x_wconf 81' lang='lat' dir='ltr'><strong>Ordinem.</strong></span> <span class='ocrx_word' id='word_1_536' title='bbox 1434 5648 1454 5673; x_wconf 71' lang='grc' dir='ltr'>ε</span> <span class='ocrx_word' id='word_1_537' title='bbox 1486 5636 1735 5705; x_wconf 73' lang='lat' dir='ltr'><strong>Singulis.</strong></span> <span class='ocrx_word' id='word_1_538' title='bbox 1814 5633 1838 5669; x_wconf 72' lang='grc' dir='ltr'><em>ά</em></span> <span class='ocrx_word' id='word_1_539' title='bbox 1877 5634 2063 5689; x_wconf 70' lang='lat' dir='ltr'><strong>Destite</strong></span> 
     </span>
     <span class='ocr_line' id='line_1_71' title="bbox 542 5704 2066 5758; baseline 0.001 -1"><span class='ocrx_word' id='word_1_540' title='bbox 542 5704 614 5757; x_wconf 77' lang='lat' dir='ltr'><strong>Is.</strong></span> <span class='ocrx_word' id='word_1_541' title='bbox 695 5706 714 5755; x_wconf 82' lang='lat' dir='ltr'><strong>f</strong></span> <span class='ocrx_word' id='word_1_542' title='bbox 749 5705 1106 5758; x_wconf 78' lang='lat' dir='ltr'><strong>Distinauitur.</strong></span> <span class='ocrx_word' id='word_1_543' title='bbox 1188 5708 1289 5758; x_wconf 71' lang='grc' dir='ltr'><strong>ΙιΝ.</strong></span> <span class='ocrx_word' id='word_1_544' title='bbox 1375 5706 1387 5743; x_wconf 88' lang='grc'><strong>¹</strong></span> <span class='ocrx_word' id='word_1_545' title='bbox 1426 5708 1487 5758; x_wconf 83' lang='grc' dir='ltr'><strong>Ν.</strong></span> <span class='ocrx_word' id='word_1_546' title='bbox 1566 5716 1602 5741; x_wconf 72' lang='grc' dir='ltr'><strong>η’</strong></span> <span class='ocrx_word' id='word_1_547' title='bbox 1629 5706 1689 5758; x_wconf 87' lang='grc' dir='ltr'><strong>Ν.</strong></span> <span class='ocrx_word' id='word_1_548' title='bbox 1768 5713 1794 5741; x_wconf 75' lang='grc'>³</span> <span class='ocrx_word' id='word_1_549' title='bbox 1821 5704 1885 5757; x_wconf 81' lang='grc' dir='ltr'><strong>Ν.</strong></span> <span class='ocrx_word' id='word_1_550' title='bbox 1965 5715 1987 5741; x_wconf 88' lang='grc' dir='ltr'><strong>ο</strong></span> <span class='ocrx_word' id='word_1_551' title='bbox 2024 5705 2066 5758; x_wconf 82' lang='grc' dir='ltr'><em>Η</em></span> 
     </span>
    </p>
   </div>
   <div class='ocr_carea' id='block_1_69' title="bbox 2168 5620 2603 5758">
    <p class='ocr_par' dir='ltr' id='par_1_69' title="bbox 2233 5635 2603 5693">
     <span class='ocr_line' id='line_1_72' title="bbox 2233 5635 2603 5693; baseline 0.014 -5"><span class='ocrx_word' id='word_1_552' title='bbox 2233 5645 2255 5673; x_wconf 80' lang='grc' dir='ltr'>ε</span> <span class='ocrx_word' id='word_1_553' title='bbox 2288 5635 2603 5693; x_wconf 75' lang='lat' dir='ltr'><strong>Dcstilerinr.</strong></span> 
     </span>
    </p>
   </div>
   <div class='ocr_carea' id='block_1_70' title="bbox 1965 5707 2183 5762">
    <p class='ocr_par' dir='ltr' id='par_1_70' title="bbox 1965 5707 2183 5762">
     <span class='ocr_line' id='line_1_73' title="bbox 1965 5707 2183 5762; baseline 0.018 -4"><span class='ocrx_word' id='word_1_554' title='bbox 1965 5715 1987 5741; x_wconf 86' lang='grc' dir='ltr'><strong>ο</strong></span> <span class='ocrx_word' id='word_1_555' title='bbox 2024 5707 2183 5762; x_wconf 82' lang='lat' dir='ltr'><strong>Hinc.</strong></span> 
     </span>
    </p>
   </div>
   <div class='ocr_carea' id='block_1_71' title="bbox 480 5704 1885 5787">
    <p class='ocr_par' dir='ltr' id='par_1_71' title="bbox 480 5704 1885 5787">
     <span class='ocr_line' id='line_1_74' title="bbox 480 5704 1885 5787; baseline -0.001 -30"><span class='ocrx_word' id='word_1_556' title='bbox 480 5704 614 5757; x_wconf 71' lang='lat' dir='ltr'><strong>‘Is.</strong></span> <span class='ocrx_word' id='word_1_557' title='bbox 695 5705 1106 5787; x_wconf 74' lang='lat' dir='ltr'><strong>iDiatiuguitttr.</strong></span> <span class='ocrx_word' id='word_1_558' title='bbox 1188 5708 1289 5760; x_wconf 72' lang='grc' dir='ltr'><strong>ΙιΝ.</strong></span> <span class='ocrx_word' id='word_1_559' title='bbox 1375 5706 1487 5760; x_wconf 82' lang='grc' dir='ltr'><strong>¹Ν.</strong></span> <span class='ocrx_word' id='word_1_560' title='bbox 1566 5704 1689 5759; x_wconf 55' lang='grc' dir='ltr'><strong>ηῖΝ.</strong></span> <span class='ocrx_word' id='word_1_561' title='bbox 1768 5704 1885 5757; x_wconf 66' lang='grc' dir='ltr'><strong>ηΝ.</strong></span> 
     </span>
    </p>
   </div>
   <div class='ocr_carea' id='block_1_72' title="bbox 2172 1872 3763 1942">
    <p class='ocr_par' dir='ltr' id='par_1_72' title="bbox 2172 1872 3763 1942">
     <span class='ocr_line' id='line_1_75' title="bbox 2172 1872 3763 1942; baseline -0.001 -14"><span class='ocrx_word' id='word_1_562' title='bbox 2172 1874 2225 1928; x_wconf 89' lang='lat' dir='ltr'><strong>id</strong></span> <span class='ocrx_word' id='word_1_563' title='bbox 2256 1883 2337 1928; x_wconf 91' lang='lat' dir='ltr'><strong>est</strong></span> <span class='ocrx_word' id='word_1_564' title='bbox 2361 1874 2429 1939; x_wconf 79' lang='grc' dir='ltr'><strong>Μ,</strong></span> <span class='ocrx_word' id='word_1_565' title='bbox 2456 1874 2618 1927; x_wconf 91' lang='lat' dir='ltr'><strong>distat</strong></span> <span class='ocrx_word' id='word_1_566' title='bbox 2644 1883 2790 1928; x_wconf 92' lang='lat' dir='ltr'><strong>tono.</strong></span> <span class='ocrx_word' id='word_1_567' title='bbox 2823 1873 2956 1927; x_wconf 89' lang='lat' dir='ltr'><strong>Nam</strong></span> <span class='ocrx_word' id='word_1_568' title='bbox 2984 1889 3103 1942; x_wconf 79' lang='lat' dir='ltr'><strong>qua:</strong></span> <span class='ocrx_word' id='word_1_569' title='bbox 3146 1884 3227 1927; x_wconf 91' lang='lat' dir='ltr'><strong>cst</strong></span> <span class='ocrx_word' id='word_1_570' title='bbox 3257 1888 3403 1927; x_wconf 89' lang='lat' dir='ltr'><strong>mese</strong></span> <span class='ocrx_word' id='word_1_571' title='bbox 3434 1874 3487 1927; x_wconf 94' lang='lat' dir='ltr'><strong>in</strong></span> <span class='ocrx_word' id='word_1_572' title='bbox 3523 1872 3701 1936; x_wconf 89' lang='lat' dir='ltr'><strong>dorio,</strong></span> <span class='ocrx_word' id='word_1_573' title='bbox 3726 1896 3763 1926; x_wconf 80' lang='grc' dir='ltr'>π</span> 
     </span>
    </p>
   </div>
   <div class='ocr_carea' id='block_1_73' title="bbox 2170 1965 3761 2035">
    <p class='ocr_par' dir='ltr' id='par_1_73' title="bbox 2170 1965 3761 2035">
     <span class='ocr_line' id='line_1_76' title="bbox 2170 1965 3761 2035; baseline -0.002 -15"><span class='ocrx_word' id='word_1_574' title='bbox 2170 1965 2360 2020; x_wconf 90' lang='lat' dir='ltr'><strong>eadem</strong></span> <span class='ocrx_word' id='word_1_575' title='bbox 2404 1967 2455 2019; x_wconf 94' lang='lat' dir='ltr'><strong>in</strong></span> <span class='ocrx_word' id='word_1_576' title='bbox 2504 1965 2730 2035; x_wconf 83' lang='lat' dir='ltr'><strong>phrygio</strong></span> <span class='ocrx_word' id='word_1_577' title='bbox 2787 1966 3042 2035; x_wconf 79' lang='lat' dir='ltr'><strong>lychanos</strong></span> <span class='ocrx_word' id='word_1_578' title='bbox 3088 1979 3295 2019; x_wconf 89' lang='lat' dir='ltr'><strong>meson.</strong></span> <span class='ocrx_word' id='word_1_579' title='bbox 3354 1965 3563 2019; x_wconf 82' lang='lat' dir='ltr'><strong>Rursus</strong></span> <span class='ocrx_word' id='word_1_580' title='bbox 3617 1979 3761 2017; x_wconf 67' lang='lat' dir='ltr'><strong>mese</strong></span> 
     </span>
    </p>
   </div>
   <div class='ocr_carea' id='block_1_74' title="bbox 2172 2053 3761 2129">
    <p class='ocr_par' dir='ltr' id='par_1_74' title="bbox 2172 2053 3761 2129">
     <span class='ocr_line' id='line_1_77' title="bbox 2172 2053 3761 2129; baseline -0.001 -18"><span class='ocrx_word' id='word_1_581' title='bbox 2172 2059 2379 2129; x_wconf 83' lang='lat' dir='ltr'><strong>phrygii</strong></span> <span class='ocrx_word' id='word_1_582' title='bbox 2404 2073 2524 2125; x_wconf 71' lang='lat' dir='ltr'><strong>qua:</strong></span> <span class='ocrx_word' id='word_1_583' title='bbox 2554 2067 2636 2113; x_wconf 89' lang='lat' dir='ltr'><strong>est</strong></span> <span class='ocrx_word' id='word_1_584' title='bbox 2656 2058 2724 2124; x_wconf 83' lang='grc' dir='ltr'><strong>Μ,</strong></span> <span class='ocrx_word' id='word_1_585' title='bbox 2748 2057 2816 2111; x_wconf 91' lang='lat' dir='ltr'><strong>ab</strong></span> <span class='ocrx_word' id='word_1_586' title='bbox 2842 2072 2903 2112; x_wconf 90' lang='lat' dir='ltr'><strong>ea</strong></span> <span class='ocrx_word' id='word_1_587' title='bbox 2936 2072 3081 2113; x_wconf 89' lang='lat' dir='ltr'><strong>mese</strong></span> <span class='ocrx_word' id='word_1_588' title='bbox 3108 2073 3228 2127; x_wconf 71' lang='lat' dir='ltr'><strong>qua:</strong></span> <span class='ocrx_word' id='word_1_589' title='bbox 3259 2063 3343 2111; x_wconf 90' lang='lat' dir='ltr'><strong>est</strong></span> <span class='ocrx_word' id='word_1_590' title='bbox 3369 2056 3523 2126; x_wconf 82' lang='lat' dir='ltr'><strong>lydii,</strong></span> <span class='ocrx_word' id='word_1_591' title='bbox 3550 2055 3604 2109; x_wconf 94' lang='lat' dir='ltr'><strong>id</strong></span> <span class='ocrx_word' id='word_1_592' title='bbox 3635 2065 3716 2109; x_wconf 91' lang='lat' dir='ltr'><strong>est</strong></span> <span class='ocrx_word' id='word_1_593' title='bbox 3742 2053 3761 2110; x_wconf 86' lang='grc' dir='ltr'>Ι</span> 
     </span>
    </p>
   </div>
   <div class='ocr_carea' id='block_1_75' title="bbox 2171 2134 3760 2219">
    <p class='ocr_par' dir='ltr' id='par_1_75' title="bbox 2171 2134 3760 2219">
     <span class='ocr_line' id='line_1_78' title="bbox 2171 2134 3760 2219; baseline -0.003 -16"><span class='ocrx_word' id='word_1_594' title='bbox 2171 2150 2335 2204; x_wconf 89' lang='lat' dir='ltr'><strong>distat</strong></span> <span class='ocrx_word' id='word_1_595' title='bbox 2360 2159 2507 2202; x_wconf 90' lang='lat' dir='ltr'><strong>tono.</strong></span> <span class='ocrx_word' id='word_1_596' title='bbox 2535 2148 2667 2202; x_wconf 86' lang='lat' dir='ltr'><strong>Nam</strong></span> <span class='ocrx_word' id='word_1_597' title='bbox 2693 2164 2812 2216; x_wconf 65' lang='lat' dir='ltr'><strong>qum</strong></span> <span class='ocrx_word' id='word_1_598' title='bbox 2835 2150 2884 2201; x_wconf 92' lang='lat' dir='ltr'><strong>in</strong></span> <span class='ocrx_word' id='word_1_599' title='bbox 2912 2148 3131 2219; x_wconf 74' lang='lat' dir='ltr'><strong>phrygio</strong></span> <span class='ocrx_word' id='word_1_600' title='bbox 3152 2157 3235 2202; x_wconf 87' lang='lat' dir='ltr'><strong>cst</strong></span> <span class='ocrx_word' id='word_1_601' title='bbox 3257 2134 3303 2200; x_wconf 77' lang='grc' dir='ltr'>Μ</span> <span class='ocrx_word' id='word_1_602' title='bbox 3327 2162 3502 2211; x_wconf 88' lang='lat' dir='ltr'><strong>mese,</strong></span> <span class='ocrx_word' id='word_1_603' title='bbox 3534 2149 3591 2201; x_wconf 91' lang='lat' dir='ltr'><strong>in</strong></span> <span class='ocrx_word' id='word_1_604' title='bbox 3622 2147 3760 2216; x_wconf 76' lang='lat' dir='ltr'><strong>lydto</strong></span> 
     </span>
    </p>
   </div>
   <div class='ocr_carea' id='block_1_76' title="bbox 2170 2237 3759 2310">
    <p class='ocr_par' dir='ltr' id='par_1_76' title="bbox 2170 2237 3759 2310">
     <span class='ocr_line' id='line_1_79' title="bbox 2170 2237 3759 2310; baseline -0.003 -15"><span class='ocrx_word' id='word_1_605' title='bbox 2170 2248 2253 2295; x_wconf 89' lang='lat' dir='ltr'><strong>est</strong></span> <span class='ocrx_word' id='word_1_606' title='bbox 2284 2241 2543 2310; x_wconf 87' lang='lat' dir='ltr'><strong>lychanos</strong></span> <span class='ocrx_word' id='word_1_607' title='bbox 2570 2254 2775 2293; x_wconf 88' lang='lat' dir='ltr'><strong>mesen.</strong></span> <span class='ocrx_word' id='word_1_608' title='bbox 2822 2237 3026 2292; x_wconf 80' lang='lat' dir='ltr'><strong>Rursus</strong></span> <span class='ocrx_word' id='word_1_609' title='bbox 3056 2253 3204 2293; x_wconf 88' lang='lat' dir='ltr'><strong>mese</strong></span> <span class='ocrx_word' id='word_1_610' title='bbox 3254 2238 3383 2307; x_wconf 80' lang='lat' dir='ltr'><strong>lydii</strong></span> <span class='ocrx_word' id='word_1_611' title='bbox 3417 2237 3566 2291; x_wconf 89' lang='lat' dir='ltr'><strong>modi</strong></span> <span class='ocrx_word' id='word_1_612' title='bbox 3607 2238 3676 2289; x_wconf 88' lang='lat' dir='ltr'><strong>ab</strong></span> <span class='ocrx_word' id='word_1_613' title='bbox 3704 2250 3759 2291; x_wconf 77' lang='lat' dir='ltr'><strong>ea</strong></span> 
     </span>
    </p>
   </div>
   <div class='ocr_carea' id='block_1_77' title="bbox 2171 2326 3760 2399">
    <p class='ocr_par' dir='ltr' id='par_1_77' title="bbox 2171 2326 3760 2399">
     <span class='ocr_line' id='line_1_80' title="bbox 2171 2326 3760 2399; baseline -0.004 -15"><span class='ocrx_word' id='word_1_614' title='bbox 2171 2344 2321 2384; x_wconf 89' lang='lat' dir='ltr'><strong>mese</strong></span> <span class='ocrx_word' id='word_1_615' title='bbox 2342 2344 2460 2399; x_wconf 77' lang='lat' dir='ltr'><strong>quze</strong></span> <span class='ocrx_word' id='word_1_616' title='bbox 2488 2338 2570 2384; x_wconf 85' lang='lat' dir='ltr'><strong>est</strong></span> <span class='ocrx_word' id='word_1_617' title='bbox 2598 2328 2928 2398; x_wconf 81' lang='lat' dir='ltr'><strong>ntyxolydii;</strong></span> <span class='ocrx_word' id='word_1_618' title='bbox 2962 2328 3012 2381; x_wconf 92' lang='lat' dir='ltr'><strong>id</strong></span> <span class='ocrx_word' id='word_1_619' title='bbox 3048 2336 3131 2382; x_wconf 89' lang='lat' dir='ltr'><strong>est</strong></span> <span class='ocrx_word' id='word_1_620' title='bbox 3162 2339 3214 2392; x_wconf 72' lang='grc' dir='ltr'><strong>ιι,</strong></span> <span class='ocrx_word' id='word_1_621' title='bbox 3249 2327 3544 2382; x_wconf 76' lang='lat' dir='ltr'><strong>sentitouio</strong></span> <span class='ocrx_word' id='word_1_622' title='bbox 3579 2326 3760 2380; x_wconf 88' lang='lat' dir='ltr'><strong>distat.</strong></span> 
     </span>
    </p>
   </div>
   <div class='ocr_carea' id='block_1_78' title="bbox 2169 2417 3761 2488">
    <p class='ocr_par' dir='ltr' id='par_1_78' title="bbox 2169 2417 3761 2488">
     <span class='ocr_line' id='line_1_81' title="bbox 2169 2417 3761 2488; baseline -0.001 -14"><span class='ocrx_word' id='word_1_623' title='bbox 2169 2420 2380 2475; x_wconf 85' lang='lat' dir='ltr'><strong>Etenim</strong></span> <span class='ocrx_word' id='word_1_624' title='bbox 2422 2419 2435 2456; x_wconf 77' lang='grc' dir='ltr'>ί</span> <span class='ocrx_word' id='word_1_625' title='bbox 2471 2420 2514 2474; x_wconf 88' lang='lat' dir='ltr'><strong>si</strong></span> <span class='ocrx_word' id='word_1_626' title='bbox 2543 2422 2676 2474; x_wconf 88' lang='lat' dir='ltr'><strong>ordo</strong></span> <span class='ocrx_word' id='word_1_627' title='bbox 2710 2420 2799 2488; x_wconf 89' lang='lat' dir='ltr'><strong>qui</strong></span> <span class='ocrx_word' id='word_1_628' title='bbox 2846 2428 3024 2474; x_wconf 91' lang='lat' dir='ltr'><strong>rectus</strong></span> <span class='ocrx_word' id='word_1_629' title='bbox 3055 2418 3184 2488; x_wconf 87' lang='lat' dir='ltr'><strong>lydii</strong></span> <span class='ocrx_word' id='word_1_630' title='bbox 3215 2419 3460 2472; x_wconf 91' lang='lat' dir='ltr'><strong>continet</strong></span> <span class='ocrx_word' id='word_1_631' title='bbox 3486 2433 3674 2472; x_wconf 74' lang='lat' dir='ltr'><strong>mesen</strong></span> <span class='ocrx_word' id='word_1_632' title='bbox 3715 2417 3761 2472; x_wconf 88' lang='lat' dir='ltr'><strong>ei</strong></span> 
     </span>
    </p>
   </div>
   <div class='ocr_carea' id='block_1_79' title="bbox 2168 2508 3763 2582">
    <p class='ocr_par' dir='ltr' id='par_1_79' title="bbox 2168 2508 3763 2582">
     <span class='ocr_line' id='line_1_82' title="bbox 2168 2508 3763 2582; baseline -0.003 -17"><span class='ocrx_word' id='word_1_633' title='bbox 2168 2512 2343 2565; x_wconf 91' lang='lat' dir='ltr'><strong>ordini</strong></span> <span class='ocrx_word' id='word_1_634' title='bbox 2388 2513 2479 2582; x_wconf 92' lang='lat' dir='ltr'><strong>qui</strong></span> <span class='ocrx_word' id='word_1_635' title='bbox 2521 2522 2698 2565; x_wconf 91' lang='lat' dir='ltr'><strong>rectus</strong></span> <span class='ocrx_word' id='word_1_636' title='bbox 2742 2511 3018 2581; x_wconf 86' lang='lat' dir='ltr'><strong>mixolydii</strong></span> <span class='ocrx_word' id='word_1_637' title='bbox 3064 2508 3249 2564; x_wconf 85' lang='lat' dir='ltr'><strong>mesen</strong></span> <span class='ocrx_word' id='word_1_638' title='bbox 3290 2510 3451 2565; x_wconf 88' lang='lat' dir='ltr'><strong>habet</strong></span> <span class='ocrx_word' id='word_1_639' title='bbox 3482 2524 3763 2578; x_wconf 81' lang='lat' dir='ltr'><strong>compara-</strong></span> 
     </span>
    </p>
   </div>
   <div class='ocr_carea' id='block_1_80' title="bbox 2168 2600 3762 2671">
    <p class='ocr_par' dir='ltr' id='par_1_80' title="bbox 2168 2600 3762 2671">
     <span class='ocr_line' id='line_1_83' title="bbox 2168 2600 3762 2671; baseline -0.001 -15"><span class='ocrx_word' id='word_1_640' title='bbox 2168 2610 2275 2668; x_wconf 93' lang='lat' dir='ltr'><strong>tus,</strong></span> <span class='ocrx_word' id='word_1_641' title='bbox 2308 2618 2416 2655; x_wconf 92' lang='lat' dir='ltr'><strong>non</strong></span> <span class='ocrx_word' id='word_1_642' title='bbox 2441 2601 2710 2671; x_wconf 88' lang='lat' dir='ltr'><strong>paginula,</strong></span> <span class='ocrx_word' id='word_1_643' title='bbox 2734 2600 2829 2655; x_wconf 89' lang='lat' dir='ltr'><strong>sed</strong></span> <span class='ocrx_word' id='word_1_644' title='bbox 2851 2615 3007 2655; x_wconf 90' lang='lat' dir='ltr'><strong>versu</strong></span> <span class='ocrx_word' id='word_1_645' title='bbox 3034 2602 3047 2650; x_wconf 84' lang='lat' dir='ltr'><strong>l</strong></span> <span class='ocrx_word' id='word_1_646' title='bbox 3080 2600 3424 2671; x_wconf 87' lang='lat' dir='ltr'><strong>disjungitur.</strong></span> <span class='ocrx_word' id='word_1_647' title='bbox 3448 2600 3525 2654; x_wconf 82' lang='lat' dir='ltr'><strong>Ea</strong></span> <span class='ocrx_word' id='word_1_648' title='bbox 3550 2616 3762 2669; x_wconf 86' lang='lat' dir='ltr'><strong>quoque</strong></span> 
     </span>
    </p>
   </div>
   <div class='ocr_carea' id='block_1_81' title="bbox 2167 2691 3760 2762">
    <p class='ocr_par' dir='ltr' id='par_1_81' title="bbox 2167 2691 3760 2762">
     <span class='ocr_line' id='line_1_84' title="bbox 2167 2691 3760 2762; baseline 0.001 -16"><span class='ocrx_word' id='word_1_649' title='bbox 2167 2706 2316 2747; x_wconf 88' lang='lat' dir='ltr'><strong>mese</strong></span> <span class='ocrx_word' id='word_1_650' title='bbox 2344 2708 2461 2761; x_wconf 62' lang='lat' dir='ltr'><strong>qua:</strong></span> <span class='ocrx_word' id='word_1_651' title='bbox 2493 2703 2575 2746; x_wconf 91' lang='lat' dir='ltr'><strong>est</strong></span> <span class='ocrx_word' id='word_1_652' title='bbox 2603 2692 2897 2762; x_wconf 79' lang='lat' dir='ltr'><strong>ntyxolydii</strong></span> <span class='ocrx_word' id='word_1_653' title='bbox 2946 2702 2981 2746; x_wconf 78' lang='lat' dir='ltr'><strong>ti</strong></span> <span class='ocrx_word' id='word_1_654' title='bbox 3027 2691 3093 2745; x_wconf 92' lang='lat' dir='ltr'><strong>ad</strong></span> <span class='ocrx_word' id='word_1_655' title='bbox 3132 2707 3249 2745; x_wconf 90' lang='lat' dir='ltr'><strong>eam</strong></span> <span class='ocrx_word' id='word_1_656' title='bbox 3292 2706 3478 2745; x_wconf 88' lang='lat' dir='ltr'><strong>mesen</strong></span> <span class='ocrx_word' id='word_1_657' title='bbox 3511 2706 3636 2759; x_wconf 71' lang='lat' dir='ltr'><strong>qua:</strong></span> <span class='ocrx_word' id='word_1_658' title='bbox 3685 2699 3760 2748; x_wconf 81' lang='lat' dir='ltr'><strong>est</strong></span> 
     </span>
    </p>
   </div>
   <div class='ocr_carea' id='block_1_82' title="bbox 2168 2781 3757 2855">
    <p class='ocr_par' dir='ltr' id='par_1_82' title="bbox 2168 2781 3757 2855">
     <span class='ocr_line' id='line_1_85' title="bbox 2168 2781 3757 2855; baseline -0.003 -17"><span class='ocrx_word' id='word_1_659' title='bbox 2168 2784 2671 2855; x_wconf 80' lang='lat' dir='ltr'><strong>hypertnyxolydii,</strong></span> <span class='ocrx_word' id='word_1_660' title='bbox 2715 2784 2767 2837; x_wconf 89' lang='lat' dir='ltr'><strong>id</strong></span> <span class='ocrx_word' id='word_1_661' title='bbox 2797 2792 2881 2839; x_wconf 84' lang='lat' dir='ltr'><strong>est</strong></span> <span class='ocrx_word' id='word_1_662' title='bbox 2914 2796 2986 2849; x_wconf 87' lang='grc' dir='ltr'><strong>Γ,</strong></span> <span class='ocrx_word' id='word_1_663' title='bbox 3020 2784 3127 2837; x_wconf 92' lang='lat' dir='ltr'><strong>toni</strong></span> <span class='ocrx_word' id='word_1_664' title='bbox 3177 2781 3541 2837; x_wconf 71' lang='lat' dir='ltr'><strong>differentiam</strong></span> <span class='ocrx_word' id='word_1_665' title='bbox 3592 2782 3757 2844; x_wconf 88' lang='lat' dir='ltr'><strong>facit;</strong></span> 
     </span>
    </p>
   </div>
   <div class='ocr_carea' id='block_1_83' title="bbox 2167 2874 3757 2945">
    <p class='ocr_par' dir='ltr' id='par_1_83' title="bbox 2167 2874 3757 2945">
     <span class='ocr_line' id='line_1_86' title="bbox 2167 2874 3757 2945; baseline -0.004 -13"><span class='ocrx_word' id='word_1_666' title='bbox 2167 2878 2372 2933; x_wconf 88' lang='lat' dir='ltr'><strong>idcirco</strong></span> <span class='ocrx_word' id='word_1_667' title='bbox 2394 2878 2645 2945; x_wconf 92' lang='lat' dir='ltr'><strong>quoniam</strong></span> <span class='ocrx_word' id='word_1_668' title='bbox 2674 2887 2707 2929; x_wconf 82' lang='lat' dir='ltr'><strong>tt</strong></span> <span class='ocrx_word' id='word_1_669' title='bbox 2730 2892 2847 2945; x_wconf 74' lang='lat' dir='ltr'><strong>qua:</strong></span> <span class='ocrx_word' id='word_1_670' title='bbox 2870 2876 2920 2928; x_wconf 90' lang='lat' dir='ltr'><strong>in</strong></span> <span class='ocrx_word' id='word_1_671' title='bbox 2954 2874 3246 2944; x_wconf 80' lang='lat' dir='ltr'><strong>mixolydio</strong></span> <span class='ocrx_word' id='word_1_672' title='bbox 3267 2889 3413 2928; x_wconf 90' lang='lat' dir='ltr'><strong>mese</strong></span> <span class='ocrx_word' id='word_1_673' title='bbox 3446 2884 3554 2937; x_wconf 91' lang='lat' dir='ltr'><strong>est,</strong></span> <span class='ocrx_word' id='word_1_674' title='bbox 3573 2874 3757 2927; x_wconf 85' lang='lat' dir='ltr'><strong>eadem</strong></span> 
     </span>
    </p>
   </div>
   <div class='ocr_carea' id='block_1_84' title="bbox 2166 2963 3757 3038">
    <p class='ocr_par' dir='ltr' id='par_1_84' title="bbox 2166 2963 3757 3038">
     <span class='ocr_line' id='line_1_87' title="bbox 2166 2963 3757 3038; baseline -0.003 -16"><span class='ocrx_word' id='word_1_675' title='bbox 2166 2968 2221 3022; x_wconf 91' lang='lat' dir='ltr'><strong>in</strong></span> <span class='ocrx_word' id='word_1_676' title='bbox 2260 2966 2726 3038; x_wconf 82' lang='lat' dir='ltr'><strong>hypermixolydio</strong></span> <span class='ocrx_word' id='word_1_677' title='bbox 2765 2966 3024 3037; x_wconf 84' lang='lat' dir='ltr'><strong>lycbanos</strong></span> <span class='ocrx_word' id='word_1_678' title='bbox 3065 2980 3251 3020; x_wconf 87' lang='lat' dir='ltr'><strong>meson</strong></span> <span class='ocrx_word' id='word_1_679' title='bbox 3296 2974 3401 3019; x_wconf 87' lang='lat' dir='ltr'><strong>est.</strong></span> <span class='ocrx_word' id='word_1_680' title='bbox 3435 2963 3595 3019; x_wconf 89' lang='lat' dir='ltr'><strong>Unde</strong></span> <span class='ocrx_word' id='word_1_681' title='bbox 3625 2964 3682 3017; x_wconf 83' lang='lat' dir='ltr'><strong>fit</strong></span> <span class='ocrx_word' id='word_1_682' title='bbox 3706 2973 3757 3018; x_wconf 88' lang='lat' dir='ltr'><strong>ut</strong></span> 
     </span>
    </p>
   </div>
   <div class='ocr_carea' id='block_1_85' title="bbox 2166 3053 3756 3125">
    <p class='ocr_par' dir='ltr' id='par_1_85' title="bbox 2166 3053 3756 3125">
     <span class='ocr_line' id='line_1_88' title="bbox 2166 3053 3756 3125; baseline -0.003 -13"><span class='ocrx_word' id='word_1_683' title='bbox 2166 3073 2314 3112; x_wconf 90' lang='lat' dir='ltr'><strong>mese</strong></span> <span class='ocrx_word' id='word_1_684' title='bbox 2340 3058 2476 3111; x_wconf 91' lang='lat' dir='ltr'><strong>dorii</strong></span> <span class='ocrx_word' id='word_1_685' title='bbox 2502 3057 2569 3110; x_wconf 90' lang='lat' dir='ltr'><strong>ab</strong></span> <span class='ocrx_word' id='word_1_686' title='bbox 2589 3072 2653 3110; x_wconf 91' lang='lat' dir='ltr'><strong>ea</strong></span> <span class='ocrx_word' id='word_1_687' title='bbox 2688 3072 2833 3111; x_wconf 90' lang='lat' dir='ltr'><strong>mese</strong></span> <span class='ocrx_word' id='word_1_688' title='bbox 2862 3072 2979 3125; x_wconf 72' lang='lat' dir='ltr'><strong>qua:</strong></span> <span class='ocrx_word' id='word_1_689' title='bbox 3007 3065 3090 3110; x_wconf 86' lang='lat' dir='ltr'><strong>est</strong></span> <span class='ocrx_word' id='word_1_690' title='bbox 3114 3055 3392 3125; x_wconf 82' lang='lat' dir='ltr'><strong>mixolydii</strong></span> <span class='ocrx_word' id='word_1_691' title='bbox 3422 3053 3756 3109; x_wconf 82' lang='lat' dir='ltr'><strong>diatessaron</strong></span> 
     </span>
    </p>
   </div>
   <div class='ocr_carea' id='block_1_86' title="bbox 2083 3135 3754 3218">
    <p class='ocr_par' dir='ltr' id='par_1_86' title="bbox 2083 3135 3754 3218">
     <span class='ocr_line' id='line_1_89' title="bbox 2083 3135 3754 3218; baseline -0.004 -11"><span class='ocrx_word' id='word_1_692' title='bbox 2083 3135 2130 3198; x_wconf 64' lang='grc' dir='ltr'><strong>δ</strong></span> <span class='ocrx_word' id='word_1_693' title='bbox 2165 3151 2515 3207; x_wconf 89' lang='lat' dir='ltr'><strong>consonantia</strong></span> <span class='ocrx_word' id='word_1_694' title='bbox 2542 3150 2726 3203; x_wconf 87' lang='lat' dir='ltr'><strong>distet.</strong></span> <span class='ocrx_word' id='word_1_695' title='bbox 2759 3148 2819 3202; x_wconf 90' lang='lat' dir='ltr'><strong>ld</strong></span> <span class='ocrx_word' id='word_1_696' title='bbox 2851 3150 3109 3218; x_wconf 90' lang='lat' dir='ltr'><strong>probatur</strong></span> <span class='ocrx_word' id='word_1_697' title='bbox 3139 3147 3240 3202; x_wconf 91' lang='lat' dir='ltr'><strong>hoc</strong></span> <span class='ocrx_word' id='word_1_698' title='bbox 3263 3147 3424 3201; x_wconf 89' lang='lat' dir='ltr'><strong>modo</strong></span> <span class='ocrx_word' id='word_1_699' title='bbox 3451 3164 3465 3199; x_wconf 90' lang='lat'><strong>:</strong></span> <span class='ocrx_word' id='word_1_700' title='bbox 3499 3162 3627 3200; x_wconf 85' lang='lat' dir='ltr'><strong>nam</strong></span> <span class='ocrx_word' id='word_1_701' title='bbox 3649 3161 3754 3200; x_wconf 62' lang='grc' dir='ltr'><strong>πιθα</strong></span> 
     </span>
    </p>
   </div>
   <div class='ocr_carea' id='block_1_87' title="bbox 2162 3237 3753 3319">
    <p class='ocr_par' dir='ltr' id='par_1_87' title="bbox 2162 3237 3753 3319">
     <span class='ocr_line' id='line_1_90' title="bbox 2162 3237 3753 3319; baseline -0.004 -23"><span class='ocrx_word' id='word_1_702' title='bbox 2162 3258 2261 3297; x_wconf 91' lang='lat' dir='ltr'><strong>son</strong></span> <span class='ocrx_word' id='word_1_703' title='bbox 2288 3257 2406 3312; x_wconf 72' lang='lat' dir='ltr'><strong>qua:</strong></span> <span class='ocrx_word' id='word_1_704' title='bbox 2437 3250 2519 3295; x_wconf 89' lang='lat' dir='ltr'><strong>est</strong></span> <span class='ocrx_word' id='word_1_705' title='bbox 2550 3240 2689 3319; x_wconf 86' lang='lat' dir='ltr'><strong>dorii</strong></span> <span class='ocrx_word' id='word_1_706' title='bbox 2709 3281 2724 3306; x_wconf 96' lang='lat'><strong>,</strong></span> <span class='ocrx_word' id='word_1_707' title='bbox 2758 3239 2810 3294; x_wconf 90' lang='lat' dir='ltr'><strong>id</strong></span> <span class='ocrx_word' id='word_1_708' title='bbox 2839 3249 2923 3295; x_wconf 90' lang='lat' dir='ltr'><strong>est</strong></span> <span class='ocrx_word' id='word_1_709' title='bbox 2948 3239 2973 3275; x_wconf 64' lang='grc' dir='ltr'><strong>ι</strong></span> <span class='ocrx_word' id='word_1_710' title='bbox 3001 3260 3061 3306; x_wconf 84' lang='grc' dir='ltr'><strong>π,</strong></span> <span class='ocrx_word' id='word_1_711' title='bbox 3096 3239 3283 3293; x_wconf 91' lang='lat' dir='ltr'><strong>eadem</strong></span> <span class='ocrx_word' id='word_1_712' title='bbox 3319 3245 3404 3292; x_wconf 82' lang='lat' dir='ltr'><strong>est</strong></span> <span class='ocrx_word' id='word_1_713' title='bbox 3444 3237 3753 3306; x_wconf 79' lang='lat' dir='ltr'><strong>mixolydii,</strong></span> 
     </span>
    </p>
   </div>
   <div class='ocr_carea' id='block_1_88' title="bbox 2165 3328 3755 3402">
    <p class='ocr_par' dir='ltr' id='par_1_88' title="bbox 2165 3328 3755 3402">
     <span class='ocr_line' id='line_1_91' title="bbox 2165 3328 3755 3402; baseline -0.006 -13"><span class='ocrx_word' id='word_1_714' title='bbox 2165 3335 2218 3389; x_wconf 90' lang='lat' dir='ltr'><strong>id</strong></span> <span class='ocrx_word' id='word_1_715' title='bbox 2263 3345 2348 3388; x_wconf 86' lang='lat' dir='ltr'><strong>est</strong></span> <span class='ocrx_word' id='word_1_716' title='bbox 2383 3331 2402 3369; x_wconf 80' lang='grc' dir='ltr'>ι</span> <span class='ocrx_word' id='word_1_717' title='bbox 2438 3356 2477 3387; x_wconf 87' lang='grc' dir='ltr'>π</span> <span class='ocrx_word' id='word_1_718' title='bbox 2510 3333 2706 3402; x_wconf 84' lang='lat' dir='ltr'><strong>hypate</strong></span> <span class='ocrx_word' id='word_1_719' title='bbox 2750 3346 2935 3385; x_wconf 89' lang='lat' dir='ltr'><strong>meson</strong></span> <span class='ocrx_word' id='word_1_720' title='bbox 2963 3372 2977 3396; x_wconf 96' lang='lat'><strong>,</strong></span> <span class='ocrx_word' id='word_1_721' title='bbox 3025 3344 3145 3400; x_wconf 72' lang='lat' dir='ltr'><strong>qua:</strong></span> <span class='ocrx_word' id='word_1_722' title='bbox 3176 3330 3241 3384; x_wconf 90' lang='lat' dir='ltr'><strong>ad</strong></span> <span class='ocrx_word' id='word_1_723' title='bbox 3276 3329 3571 3398; x_wconf 81' lang='lat' dir='ltr'><strong>cujuslibet</strong></span> <span class='ocrx_word' id='word_1_724' title='bbox 3611 3328 3755 3382; x_wconf 88' lang='lat' dir='ltr'><strong>modi</strong></span> 
     </span>
    </p>
   </div>
   <div class='ocr_carea' id='block_1_89' title="bbox 2162 3421 3755 3479">
    <p class='ocr_par' dir='ltr' id='par_1_89' title="bbox 2162 3421 3755 3479">
     <span class='ocr_line' id='line_1_92' title="bbox 2162 3421 3755 3479; baseline -0.002 0"><span class='ocrx_word' id='word_1_725' title='bbox 2162 3440 2346 3479; x_wconf 87' lang='lat' dir='ltr'><strong>mesen</strong></span> <span class='ocrx_word' id='word_1_726' title='bbox 2375 3423 2707 3477; x_wconf 90' lang='lat' dir='ltr'><strong>diatessaron</strong></span> <span class='ocrx_word' id='word_1_727' title='bbox 2753 3422 3157 3476; x_wconf 89' lang='lat' dir='ltr'><strong>consonantiam</strong></span> <span class='ocrx_word' id='word_1_728' title='bbox 3206 3429 3406 3476; x_wconf 89' lang='lat' dir='ltr'><strong>servat.</strong></span> <span class='ocrx_word' id='word_1_729' title='bbox 3447 3421 3581 3476; x_wconf 84' lang='lat' dir='ltr'><strong>item</strong></span> <span class='ocrx_word' id='word_1_730' title='bbox 3614 3437 3755 3476; x_wconf 84' lang='lat' dir='ltr'><strong>mese</strong></span> 
     </span>
    </p>
   </div>
   <div class='ocr_carea' id='block_1_90' title="bbox 2163 3516 3754 3587">
    <p class='ocr_par' dir='ltr' id='par_1_90' title="bbox 2163 3516 3754 3587">
     <span class='ocr_line' id='line_1_93' title="bbox 2163 3516 3754 3587; baseline 0 -16"><span class='ocrx_word' id='word_1_731' title='bbox 2163 3519 2323 3585; x_wconf 86' lang='lat' dir='ltr'><strong>dorii,</strong></span> <span class='ocrx_word' id='word_1_732' title='bbox 2353 3517 2404 3572; x_wconf 93' lang='lat' dir='ltr'><strong>id</strong></span> <span class='ocrx_word' id='word_1_733' title='bbox 2426 3528 2508 3572; x_wconf 90' lang='lat' dir='ltr'><strong>est</strong></span> <span class='ocrx_word' id='word_1_734' title='bbox 2537 3526 2648 3581; x_wconf 79' lang='grc' dir='ltr'><strong>ωπ,</strong></span> <span class='ocrx_word' id='word_1_735' title='bbox 2687 3517 2753 3570; x_wconf 92' lang='lat' dir='ltr'><strong>ad</strong></span> <span class='ocrx_word' id='word_1_736' title='bbox 2793 3532 2909 3571; x_wconf 89' lang='lat' dir='ltr'><strong>eam</strong></span> <span class='ocrx_word' id='word_1_737' title='bbox 2943 3531 3124 3571; x_wconf 90' lang='lat' dir='ltr'><strong>mesen</strong></span> <span class='ocrx_word' id='word_1_738' title='bbox 3155 3531 3272 3583; x_wconf 85' lang='lat' dir='ltr'><strong>quae</strong></span> <span class='ocrx_word' id='word_1_739' title='bbox 3301 3525 3384 3571; x_wconf 88' lang='lat' dir='ltr'><strong>est</strong></span> <span class='ocrx_word' id='word_1_740' title='bbox 3414 3516 3754 3587; x_wconf 80' lang='lat' dir='ltr'><strong>hypermixo-</strong></span> 
     </span>
    </p>
   </div>
   <div class='ocr_carea' id='block_1_91' title="bbox 2164 3607 3752 3678">
    <p class='ocr_par' dir='ltr' id='par_1_91' title="bbox 2164 3607 3752 3678">
     <span class='ocr_line' id='line_1_94' title="bbox 2164 3607 3752 3678; baseline 0.001 -17"><span class='ocrx_word' id='word_1_741' title='bbox 2164 3608 2296 3678; x_wconf 82' lang='lat' dir='ltr'><strong>lydii</strong></span> <span class='ocrx_word' id='word_1_742' title='bbox 2344 3623 2461 3677; x_wconf 75' lang='lat' dir='ltr'><strong>qute</strong></span> <span class='ocrx_word' id='word_1_743' title='bbox 2508 3617 2590 3662; x_wconf 91' lang='lat' dir='ltr'><strong>est</strong></span> <span class='ocrx_word' id='word_1_744' title='bbox 2618 3624 2644 3660; x_wconf 88' lang='lat' dir='ltr'><strong>r</strong></span> <span class='ocrx_word' id='word_1_745' title='bbox 2680 3607 2933 3676; x_wconf 91' lang='lat' dir='ltr'><strong>diapente</strong></span> <span class='ocrx_word' id='word_1_746' title='bbox 2976 3608 3379 3662; x_wconf 89' lang='lat' dir='ltr'><strong>consonantiam</strong></span> <span class='ocrx_word' id='word_1_747' title='bbox 3423 3618 3632 3663; x_wconf 79' lang='lat' dir='ltr'><strong>servat.</strong></span> <span class='ocrx_word' id='word_1_748' title='bbox 3685 3609 3752 3663; x_wconf 79' lang='lat' dir='ltr'><strong>Ea</strong></span> 
     </span>
    </p>
   </div>
   <div class='ocr_carea' id='block_1_92' title="bbox 2165 3690 3753 3768">
    <p class='ocr_par' dir='ltr' id='par_1_92' title="bbox 2165 3690 3753 3768">
     <span class='ocr_line' id='line_1_95' title="bbox 2165 3690 3753 3768; baseline -0.001 -16"><span class='ocrx_word' id='word_1_749' title='bbox 2165 3700 2307 3752; x_wconf 90' lang='lat' dir='ltr'><strong>enim</strong></span> <span class='ocrx_word' id='word_1_750' title='bbox 2330 3713 2479 3752; x_wconf 90' lang='lat' dir='ltr'><strong>mese</strong></span> <span class='ocrx_word' id='word_1_751' title='bbox 2507 3712 2627 3765; x_wconf 62' lang='lat' dir='ltr'><strong>quae</strong></span> <span class='ocrx_word' id='word_1_752' title='bbox 2654 3706 2739 3751; x_wconf 93' lang='lat' dir='ltr'><strong>est</strong></span> <span class='ocrx_word' id='word_1_753' title='bbox 2758 3698 2917 3762; x_wconf 92' lang='lat' dir='ltr'><strong>dorii,</strong></span> <span class='ocrx_word' id='word_1_754' title='bbox 2943 3697 2993 3751; x_wconf 92' lang='lat' dir='ltr'><strong>id</strong></span> <span class='ocrx_word' id='word_1_755' title='bbox 3020 3706 3102 3752; x_wconf 89' lang='lat' dir='ltr'><strong>est</strong></span> <span class='ocrx_word' id='word_1_756' title='bbox 3123 3706 3148 3733; x_wconf 77' lang='grc' dir='ltr'><strong>ιι</strong></span> <span class='ocrx_word' id='word_1_757' title='bbox 3178 3720 3239 3763; x_wconf 84' lang='grc' dir='ltr'><strong>π,</strong></span> <span class='ocrx_word' id='word_1_758' title='bbox 3264 3698 3314 3751; x_wconf 93' lang='lat' dir='ltr'><strong>in</strong></span> <span class='ocrx_word' id='word_1_759' title='bbox 3338 3690 3530 3752; x_wconf 77' lang='lat' dir='ltr'><strong>ordine</strong></span> <span class='ocrx_word' id='word_1_760' title='bbox 3564 3699 3753 3768; x_wconf 76' lang='lat' dir='ltr'><strong>hyper-</strong></span> 
     </span>
    </p>
   </div>
   <div class='ocr_carea' id='block_1_93' title="bbox 2164 3786 3751 3858">
    <p class='ocr_par' dir='ltr' id='par_1_93' title="bbox 2164 3786 3751 3858">
     <span class='ocr_line' id='line_1_96' title="bbox 2164 3786 3751 3858; baseline 0.001 -16"><span class='ocrx_word' id='word_1_761' title='bbox 2164 3787 2444 3858; x_wconf 83' lang='lat' dir='ltr'><strong>mixolydii</strong></span> <span class='ocrx_word' id='word_1_762' title='bbox 2496 3788 2752 3857; x_wconf 87' lang='lat' dir='ltr'><strong>lychanos</strong></span> <span class='ocrx_word' id='word_1_763' title='bbox 2797 3786 3030 3858; x_wconf 86' lang='lat' dir='ltr'><strong>hypaton</strong></span> <span class='ocrx_word' id='word_1_764' title='bbox 3087 3798 3211 3851; x_wconf 91' lang='lat' dir='ltr'><strong>est;</strong></span> <span class='ocrx_word' id='word_1_765' title='bbox 3259 3787 3521 3857; x_wconf 88' lang='lat' dir='ltr'><strong>lychanos</strong></span> <span class='ocrx_word' id='word_1_766' title='bbox 3578 3797 3751 3843; x_wconf 89' lang='lat' dir='ltr'><strong>autem</strong></span> 
     </span>
    </p>
   </div>
   <div class='ocr_carea' id='block_1_94' title="bbox 2164 3879 3754 3954">
    <p class='ocr_par' dir='ltr' id='par_1_94' title="bbox 2164 3879 3754 3954">
     <span class='ocr_line' id='line_1_97' title="bbox 2164 3879 3754 3954; baseline -0.002 -18"><span class='ocrx_word' id='word_1_767' title='bbox 2164 3884 2397 3952; x_wconf 77' lang='lat' dir='ltr'><strong>hypaton</strong></span> <span class='ocrx_word' id='word_1_768' title='bbox 2439 3881 2504 3935; x_wconf 89' lang='lat' dir='ltr'><strong>ad</strong></span> <span class='ocrx_word' id='word_1_769' title='bbox 2547 3896 2730 3935; x_wconf 88' lang='lat' dir='ltr'><strong>mesen</strong></span> <span class='ocrx_word' id='word_1_770' title='bbox 2775 3881 2828 3934; x_wconf 92' lang='lat' dir='ltr'><strong>in</strong></span> <span class='ocrx_word' id='word_1_771' title='bbox 2874 3880 3146 3954; x_wconf 72' lang='lat' dir='ltr'><strong>diatonico</strong></span> <span class='ocrx_word' id='word_1_772' title='bbox 3193 3894 3394 3949; x_wconf 90' lang='lat' dir='ltr'><strong>genere</strong></span> <span class='ocrx_word' id='word_1_773' title='bbox 3433 3879 3486 3933; x_wconf 91' lang='lat' dir='ltr'><strong>in</strong></span> <span class='ocrx_word' id='word_1_774' title='bbox 3516 3880 3754 3949; x_wconf 87' lang='lat' dir='ltr'><strong>quolibet</strong></span> 
     </span>
    </p>
   </div>
   <div class='ocr_carea' id='block_1_95' title="bbox 2165 3970 3751 4039">
    <p class='ocr_par' dir='ltr' id='par_1_95' title="bbox 2165 3970 3751 4039">
     <span class='ocr_line' id='line_1_98' title="bbox 2165 3970 3751 4039; baseline -0.001 -14"><span class='ocrx_word' id='word_1_775' title='bbox 2165 3972 2325 4026; x_wconf 92' lang='lat' dir='ltr'><strong>modo</strong></span> <span class='ocrx_word' id='word_1_776' title='bbox 2371 3971 2416 4025; x_wconf 90' lang='lat' dir='ltr'><strong>si</strong></span> <span class='ocrx_word' id='word_1_777' title='bbox 2464 3979 2844 4039; x_wconf 88' lang='lat' dir='ltr'><strong>comparetur,</strong></span> <span class='ocrx_word' id='word_1_778' title='bbox 2881 3970 3131 4038; x_wconf 86' lang='lat' dir='ltr'><strong>diapente</strong></span> <span class='ocrx_word' id='word_1_779' title='bbox 3173 3972 3526 4025; x_wconf 83' lang='lat' dir='ltr'><strong>consonantia</strong></span> <span class='ocrx_word' id='word_1_780' title='bbox 3572 3971 3751 4024; x_wconf 87' lang='lat' dir='ltr'><strong>distat.</strong></span> 
     </span>
    </p>
   </div>
   <div class='ocr_carea' id='block_1_96' title="bbox 2162 4061 3749 4133">
    <p class='ocr_par' dir='ltr' id='par_1_96' title="bbox 2162 4061 3749 4133">
     <span class='ocr_line' id='line_1_99' title="bbox 2162 4061 3749 4133; baseline -0.003 -16"><span class='ocrx_word' id='word_1_781' title='bbox 2162 4062 2270 4117; x_wconf 89' lang='lat' dir='ltr'><strong>Cur</strong></span> <span class='ocrx_word' id='word_1_782' title='bbox 2298 4070 2472 4116; x_wconf 90' lang='lat' dir='ltr'><strong>autem</strong></span> <span class='ocrx_word' id='word_1_783' title='bbox 2503 4070 2723 4116; x_wconf 89' lang='lat' dir='ltr'><strong>octavus</strong></span> <span class='ocrx_word' id='word_1_784' title='bbox 2753 4061 2962 4126; x_wconf 85' lang='lat' dir='ltr'><strong>modus,</strong></span> <span class='ocrx_word' id='word_1_785' title='bbox 3001 4062 3089 4129; x_wconf 85' lang='lat' dir='ltr'><strong>qui</strong></span> <span class='ocrx_word' id='word_1_786' title='bbox 3120 4071 3205 4117; x_wconf 88' lang='lat' dir='ltr'><strong>est</strong></span> <span class='ocrx_word' id='word_1_787' title='bbox 3230 4062 3749 4133; x_wconf 79' lang='lat' dir='ltr'><strong>hypermixolydius,</strong></span> 
     </span>
    </p>
   </div>
   <div class='ocr_carea' id='block_1_97' title="bbox 2163 4150 3749 4221">
    <p class='ocr_par' dir='ltr' id='par_1_97' title="bbox 2163 4150 3749 4221">
     <span class='ocr_line' id='line_1_100' title="bbox 2163 4150 3749 4221; baseline -0.002 -15"><span class='ocrx_word' id='word_1_788' title='bbox 2163 4154 2403 4220; x_wconf 88' lang='lat' dir='ltr'><strong>adjectus</strong></span> <span class='ocrx_word' id='word_1_789' title='bbox 2430 4159 2533 4219; x_wconf 91' lang='lat' dir='ltr'><strong>est,</strong></span> <span class='ocrx_word' id='word_1_790' title='bbox 2565 4160 2589 4185; x_wconf 88' lang='grc' dir='ltr'><strong><em>υ</em></strong></span> <span class='ocrx_word' id='word_1_791' title='bbox 2614 4150 2701 4205; x_wconf 86' lang='lat' dir='ltr'><strong>hic</strong></span> <span class='ocrx_word' id='word_1_792' title='bbox 2728 4159 2892 4219; x_wconf 88' lang='lat' dir='ltr'><strong>patet.</strong></span> <span class='ocrx_word' id='word_1_793' title='bbox 2924 4150 3005 4205; x_wconf 90' lang='lat' dir='ltr'><strong>Sit</strong></span> <span class='ocrx_word' id='word_1_794' title='bbox 3033 4150 3115 4206; x_wconf 89' lang='lat' dir='ltr'><strong>bis</strong></span> <span class='ocrx_word' id='word_1_795' title='bbox 3161 4151 3421 4221; x_wconf 80' lang='lat' dir='ltr'><strong>diapason</strong></span> <span class='ocrx_word' id='word_1_796' title='bbox 3452 4165 3749 4206; x_wconf 86' lang='lat' dir='ltr'><strong>consonan-</strong></span> 
     </span>
    </p>
   </div>
   <div class='ocr_carea' id='block_1_98' title="bbox 2165 4245 2772 4333">
    <p class='ocr_par' dir='ltr' id='par_1_98' title="bbox 2165 4245 2772 4333">
     <span class='ocr_line' id='line_1_101' title="bbox 2165 4245 2772 4333; baseline -0.008 -34"><span class='ocrx_word' id='word_1_797' title='bbox 2165 4246 2235 4299; x_wconf 89' lang='lat' dir='ltr'><strong>tia</strong></span> <span class='ocrx_word' id='word_1_798' title='bbox 2266 4245 2404 4298; x_wconf 71' lang='lat' dir='ltr'><strong>hatc.</strong></span> <span class='ocrx_word' id='word_1_799' title='bbox 2760 4317 2772 4333; x_wconf 49' lang='grc'><strong><em>⁸</em></strong></span> 
     </span>
    </p>
   </div>
   <div class='ocr_carea' id='block_1_99' title="bbox 2176 4413 3739 4502">
    <p class='ocr_par' dir='ltr' id='par_1_99' title="bbox 2176 4413 3739 4502">
     <span class='ocr_line' id='line_1_102' title="bbox 2176 4413 3739 4502; baseline -0.013 3"><span class='ocrx_word' id='word_1_800' title='bbox 2176 4413 3739 4502; x_wconf 55' lang='grc' dir='ltr'><strong>Μὶδιυιιικμιημιυιρι</strong></span> 
     </span>
    </p>
   </div>
   <div class='ocr_carea' id='block_1_100' title="bbox 2730 4642 3162 4698">
    <p class='ocr_par' dir='ltr' id='par_1_100' title="bbox 2730 4642 3162 4698">
     <span class='ocr_line' id='line_1_103' title="bbox 2730 4642 3162 4698; baseline -0.012 -1"><span class='ocrx_word' id='word_1_801' title='bbox 2730 4642 2959 4698; x_wconf 82' lang='lat' dir='ltr'><strong>CAPUT</strong></span> <span class='ocrx_word' id='word_1_802' title='bbox 3002 4642 3162 4697; x_wconf 81' lang='lat' dir='ltr'><strong>XVII.</strong></span> 
     </span>
    </p>
   </div>
   <div class='ocr_carea' id='block_1_101' title="bbox 2267 4734 3637 4807">
    <p class='ocr_par' dir='ltr' id='par_1_101' title="bbox 2267 4734 3637 4807">
     <span class='ocr_line' id='line_1_104' title="bbox 2267 4734 3637 4807; baseline -0.001 -19"><span class='ocrx_word' id='word_1_803' title='bbox 2267 4736 2417 4789; x_wconf 83' lang='lat' dir='ltr'><strong>Ratio</strong></span> <span class='ocrx_word' id='word_1_804' title='bbox 2446 4736 2679 4807; x_wconf 83' lang='lat' dir='ltr'><strong>superius</strong></span> <span class='ocrx_word' id='word_1_805' title='bbox 2718 4735 2983 4801; x_wconf 74' lang='lat' dir='ltr'><strong>disposita:</strong></span> <span class='ocrx_word' id='word_1_806' title='bbox 3026 4736 3292 4788; x_wconf 80' lang='lat' dir='ltr'><strong>modorum</strong></span> <span class='ocrx_word' id='word_1_807' title='bbox 3338 4734 3637 4803; x_wconf 80' lang='lat' dir='ltr'><strong>descriptio.</strong></span> 
     </span>
    </p>
   </div>
   <div class='ocr_carea' id='block_1_102' title="bbox 2238 4860 3744 4933">
    <p class='ocr_par' dir='ltr' id='par_1_102' title="bbox 2238 4860 3744 4933">
     <span class='ocr_line' id='line_1_105' title="bbox 2238 4860 3744 4933; baseline -0.004 -14"><span class='ocrx_word' id='word_1_808' title='bbox 2238 4865 2501 4932; x_wconf 84' lang='lat' dir='ltr'><strong>Diapason</strong></span> <span class='ocrx_word' id='word_1_809' title='bbox 2529 4864 2687 4933; x_wconf 85' lang='lat' dir='ltr'><strong>igitur</strong></span> <span class='ocrx_word' id='word_1_810' title='bbox 2706 4863 3107 4919; x_wconf 84' lang='lat' dir='ltr'><strong>consonantiam</strong></span> <span class='ocrx_word' id='word_1_811' title='bbox 3145 4869 3323 4916; x_wconf 80' lang='lat' dir='ltr'><strong>servat</strong></span> <span class='ocrx_word' id='word_1_812' title='bbox 3354 4865 3394 4916; x_wconf 82' lang='lat' dir='ltr'><strong>A</strong></span> <span class='ocrx_word' id='word_1_813' title='bbox 3428 4861 3494 4915; x_wconf 90' lang='lat' dir='ltr'><strong>ad</strong></span> <span class='ocrx_word' id='word_1_814' title='bbox 3528 4861 3581 4915; x_wconf 93' lang='lat' dir='ltr'><strong>id</strong></span> <span class='ocrx_word' id='word_1_815' title='bbox 3608 4860 3744 4929; x_wconf 85' lang='lat' dir='ltr'><strong>quod</strong></span> 
     </span>
    </p>
   </div>
   <div class='ocr_carea' id='block_1_103' title="bbox 2164 4953 3745 5023">
    <p class='ocr_par' dir='ltr' id='par_1_103' title="bbox 2164 4953 3745 5023">
     <span class='ocr_line' id='line_1_106' title="bbox 2164 4953 3745 5023; baseline -0.003 -14"><span class='ocrx_word' id='word_1_816' title='bbox 2164 4963 2247 5009; x_wconf 87' lang='lat' dir='ltr'><strong>est</strong></span> <span class='ocrx_word' id='word_1_817' title='bbox 2270 4956 2335 5023; x_wconf 89' lang='lat' dir='ltr'><strong>ll,</strong></span> <span class='ocrx_word' id='word_1_818' title='bbox 2374 4966 2495 5009; x_wconf 89' lang='lat' dir='ltr'><strong>octo</strong></span> <span class='ocrx_word' id='word_1_819' title='bbox 2522 4955 2664 5009; x_wconf 88' lang='lat' dir='ltr'><strong>enim</strong></span> <span class='ocrx_word' id='word_1_820' title='bbox 2696 4955 2918 5009; x_wconf 89' lang='lat' dir='ltr'><strong>vocibus</strong></span> <span class='ocrx_word' id='word_1_821' title='bbox 2955 4955 3257 5008; x_wconf 89' lang='lat' dir='ltr'><strong>continetur</strong></span> <span class='ocrx_word' id='word_1_822' title='bbox 3285 4970 3296 5006; x_wconf 91' lang='lat'><strong>:</strong></span> <span class='ocrx_word' id='word_1_823' title='bbox 3330 4953 3557 5021; x_wconf 90' lang='lat' dir='ltr'><strong>primam</strong></span> <span class='ocrx_word' id='word_1_824' title='bbox 3592 4953 3745 5019; x_wconf 86' lang='lat' dir='ltr'><strong>igitur</strong></span> 
     </span>
    </p>
   </div>
   <div class='ocr_carea' id='block_1_104' title="bbox 2163 5043 3747 5113">
    <p class='ocr_par' dir='ltr' id='par_1_104' title="bbox 2163 5043 3747 5113">
     <span class='ocr_line' id='line_1_107' title="bbox 2163 5043 3747 5113; baseline -0.002 -15"><span class='ocrx_word' id='word_1_825' title='bbox 2163 5045 2390 5099; x_wconf 86' lang='lat' dir='ltr'><strong>dicimus</strong></span> <span class='ocrx_word' id='word_1_826' title='bbox 2418 5050 2538 5099; x_wconf 85' lang='lat' dir='ltr'><strong>ess‘e</strong></span> <span class='ocrx_word' id='word_1_827' title='bbox 2586 5044 2819 5113; x_wconf 79' lang='lat' dir='ltr'><strong>speciem</strong></span> <span class='ocrx_word' id='word_1_828' title='bbox 2859 5044 3115 5113; x_wconf 87' lang='lat' dir='ltr'><strong>diapason</strong></span> <span class='ocrx_word' id='word_1_829' title='bbox 3148 5058 3208 5098; x_wconf 89' lang='lat' dir='ltr'><strong>ea</strong></span> <span class='ocrx_word' id='word_1_830' title='bbox 3236 5059 3355 5113; x_wconf 66' lang='lat' dir='ltr'><strong>quae</strong></span> <span class='ocrx_word' id='word_1_831' title='bbox 3382 5052 3467 5098; x_wconf 88' lang='lat' dir='ltr'><strong>est</strong></span> <span class='ocrx_word' id='word_1_832' title='bbox 3496 5044 3539 5098; x_wconf 85' lang='lat' dir='ltr'><strong>A</strong></span> <span class='ocrx_word' id='word_1_833' title='bbox 3565 5043 3627 5106; x_wconf 84' lang='grc' dir='ltr'><strong>Η,</strong></span> <span class='ocrx_word' id='word_1_834' title='bbox 3655 5057 3747 5095; x_wconf 84' lang='lat' dir='ltr'><strong>se-</strong></span> 
     </span>
    </p>
   </div>
   <div class='ocr_carea' id='block_1_105' title="bbox 2163 5133 3749 5203">
    <p class='ocr_par' dir='ltr' id='par_1_105' title="bbox 2163 5133 3749 5203">
     <span class='ocr_line' id='line_1_108' title="bbox 2163 5133 3749 5203; baseline -0.004 -14"><span class='ocrx_word' id='word_1_835' title='bbox 2163 5136 2391 5190; x_wconf 84' lang='lat' dir='ltr'><strong>cundam</strong></span> <span class='ocrx_word' id='word_1_836' title='bbox 2422 5150 2550 5191; x_wconf 85' lang='lat' dir='ltr'><strong>vero</strong></span> <span class='ocrx_word' id='word_1_837' title='bbox 2591 5135 2632 5188; x_wconf 86' lang='lat' dir='ltr'><strong>B</strong></span> <span class='ocrx_word' id='word_1_838' title='bbox 2659 5134 2698 5201; x_wconf 86' lang='grc' dir='ltr'>Ι,</span> <span class='ocrx_word' id='word_1_839' title='bbox 2728 5135 2938 5189; x_wconf 89' lang='lat' dir='ltr'><strong>tertiam</strong></span> <span class='ocrx_word' id='word_1_840' title='bbox 2969 5134 3009 5189; x_wconf 87' lang='lat' dir='ltr'><strong><em>C</em></strong></span> <span class='ocrx_word' id='word_1_841' title='bbox 3046 5134 3109 5198; x_wconf 86' lang='lat' dir='ltr'><strong>K,</strong></span> <span class='ocrx_word' id='word_1_842' title='bbox 3142 5145 3385 5203; x_wconf 86' lang='lat' dir='ltr'><strong>quartam</strong></span> <span class='ocrx_word' id='word_1_843' title='bbox 3416 5133 3460 5187; x_wconf 92' lang='lat' dir='ltr'><strong>D</strong></span> <span class='ocrx_word' id='word_1_844' title='bbox 3501 5134 3561 5196; x_wconf 85' lang='lat' dir='ltr'><strong>L,</strong></span> <span class='ocrx_word' id='word_1_845' title='bbox 3592 5134 3749 5202; x_wconf 86' lang='lat' dir='ltr'><strong>quin-</strong></span> 
     </span>
    </p>
   </div>
   <div class='ocr_carea' id='block_1_106' title="bbox 2165 5226 3749 5297">
    <p class='ocr_par' dir='ltr' id='par_1_106' title="bbox 2165 5226 3749 5297">
     <span class='ocr_line' id='line_1_109' title="bbox 2165 5226 3749 5297; baseline -0.004 -15"><span class='ocrx_word' id='word_1_846' title='bbox 2165 5238 2272 5282; x_wconf 90' lang='lat' dir='ltr'><strong>tam</strong></span> <span class='ocrx_word' id='word_1_847' title='bbox 2307 5230 2347 5283; x_wconf 82' lang='grc' dir='ltr'><strong>Ε</strong></span> <span class='ocrx_word' id='word_1_848' title='bbox 2378 5229 2447 5292; x_wconf 84' lang='grc' dir='ltr'><strong>Μ,</strong></span> <span class='ocrx_word' id='word_1_849' title='bbox 2485 5238 2690 5283; x_wconf 82' lang='lat' dir='ltr'><strong>sextam</strong></span> <span class='ocrx_word' id='word_1_850' title='bbox 2735 5226 2775 5281; x_wconf 84' lang='lat' dir='ltr'><strong>F</strong></span> <span class='ocrx_word' id='word_1_851' title='bbox 2800 5227 2865 5293; x_wconf 85' lang='lat' dir='ltr'><strong>N,</strong></span> <span class='ocrx_word' id='word_1_852' title='bbox 2913 5228 3192 5297; x_wconf 89' lang='lat' dir='ltr'><strong>septimam</strong></span> <span class='ocrx_word' id='word_1_853' title='bbox 3236 5227 3276 5282; x_wconf 72' lang='grc' dir='ltr'><strong>(ἶ</strong></span> <span class='ocrx_word' id='word_1_854' title='bbox 3304 5227 3369 5281; x_wconf 91' lang='grc' dir='ltr'><strong>Ο.</strong></span> <span class='ocrx_word' id='word_1_855' title='bbox 3408 5226 3749 5291; x_wconf 79' lang='lat' dir='ltr'><strong>Relinquitur</strong></span> 
     </span>
    </p>
   </div>
   <div class='ocr_carea' id='block_1_107' title="bbox 2159 5314 3750 5389">
    <p class='ocr_par' dir='ltr' id='par_1_107' title="bbox 2159 5314 3750 5389">
     <span class='ocr_line' id='line_1_110' title="bbox 2159 5314 3750 5389; baseline -0.005 -16"><span class='ocrx_word' id='word_1_856' title='bbox 2159 5318 2321 5388; x_wconf 88' lang='lat' dir='ltr'><strong>igitur</strong></span> <span class='ocrx_word' id='word_1_857' title='bbox 2339 5314 2487 5373; x_wconf 80' lang='lat' dir='ltr'><strong>extra</strong></span> <span class='ocrx_word' id='word_1_858' title='bbox 2514 5320 2553 5373; x_wconf 82' lang='grc' dir='ltr'><strong>Η</strong></span> <span class='ocrx_word' id='word_1_859' title='bbox 2576 5318 2635 5382; x_wconf 85' lang='grc' dir='ltr'><strong>Ρ,</strong></span> <span class='ocrx_word' id='word_1_860' title='bbox 2665 5335 2784 5389; x_wconf 69' lang='lat' dir='ltr'><strong>qute</strong></span> <span class='ocrx_word' id='word_1_861' title='bbox 2808 5328 2865 5373; x_wconf 89' lang='lat' dir='ltr'><strong>ut</strong></span> <span class='ocrx_word' id='word_1_862' title='bbox 2893 5328 3032 5375; x_wconf 91' lang='lat' dir='ltr'><strong>totus</strong></span> <span class='ocrx_word' id='word_1_863' title='bbox 3061 5319 3194 5374; x_wconf 90' lang='lat' dir='ltr'><strong>ordo</strong></span> <span class='ocrx_word' id='word_1_864' title='bbox 3218 5318 3504 5385; x_wconf 87' lang='lat' dir='ltr'><strong>impleatur</strong></span> <span class='ocrx_word' id='word_1_865' title='bbox 3528 5316 3750 5379; x_wconf 80' lang='lat' dir='ltr'><strong>adjecta</strong></span> 
     </span>
    </p>
   </div>
   <div class='ocr_carea' id='block_1_108' title="bbox 2161 5399 3752 5481">
    <p class='ocr_par' dir='ltr' id='par_1_108' title="bbox 2161 5399 3752 5481">
     <span class='ocr_line' id='line_1_111' title="bbox 2161 5399 3752 5481; baseline -0.005 -16"><span class='ocrx_word' id='word_1_866' title='bbox 2161 5422 2275 5479; x_wconf 86' lang='lat' dir='ltr'><strong>est,</strong></span> <span class='ocrx_word' id='word_1_867' title='bbox 2303 5424 2460 5481; x_wconf 89' lang='lat' dir='ltr'><strong>atque</strong></span> <span class='ocrx_word' id='word_1_868' title='bbox 2483 5399 2574 5466; x_wconf 86' lang='lat' dir='ltr'><strong>hic</strong></span> <span class='ocrx_word' id='word_1_869' title='bbox 2602 5404 2687 5467; x_wconf 80' lang='lat' dir='ltr'><strong>est</strong></span> <span class='ocrx_word' id='word_1_870' title='bbox 2726 5421 2946 5466; x_wconf 90' lang='lat' dir='ltr'><strong>octavus</strong></span> <span class='ocrx_word' id='word_1_871' title='bbox 2978 5411 3194 5477; x_wconf 85' lang='lat' dir='ltr'><strong>modus,</strong></span> <span class='ocrx_word' id='word_1_872' title='bbox 3223 5425 3382 5479; x_wconf 89' lang='lat' dir='ltr'><strong>quem</strong></span> <span class='ocrx_word' id='word_1_873' title='bbox 3424 5407 3752 5462; x_wconf 74' lang='lat' dir='ltr'><strong>Ptolemtens</strong></span> 
     </span>
    </p>
   </div>
   <div class='ocr_carea' id='block_1_109' title="bbox 2158 5503 2621 5572">
    <p class='ocr_par' dir='ltr' id='par_1_109' title="bbox 2158 5503 2621 5572">
     <span class='ocr_line' id='line_1_112' title="bbox 2158 5503 2621 5572; baseline 0.004 -17"><span class='ocrx_word' id='word_1_874' title='bbox 2158 5516 2321 5572; x_wconf 88' lang='lat' dir='ltr'><strong>super</strong></span> <span class='ocrx_word' id='word_1_875' title='bbox 2350 5503 2621 5557; x_wconf 80' lang='lat' dir='ltr'><strong>annexuit.</strong></span> 
     </span>
    </p>
   </div>
   <div class='ocr_carea' id='block_1_110' title="bbox 2689 5628 3729 5707">
    <p class='ocr_par' dir='ltr' id='par_1_110' title="bbox 2689 5628 3729 5707">
     <span class='ocr_line' id='line_1_113' title="bbox 2689 5628 3729 5707; baseline -0.011 -14"><span class='ocrx_word' id='word_1_876' title='bbox 2689 5636 2705 5675; x_wconf 70' lang='grc' dir='ltr'>ί</span> <span class='ocrx_word' id='word_1_877' title='bbox 2737 5639 3082 5707; x_wconf 78' lang='lat' dir='ltr'><strong>Qua’cunque.</strong></span> <span class='ocrx_word' id='word_1_878' title='bbox 3162 5644 3185 5681; x_wconf 76' lang='grc' dir='ltr'><strong>Β</strong></span> <span class='ocrx_word' id='word_1_879' title='bbox 3217 5633 3423 5687; x_wconf 73' lang='lat' dir='ltr'><strong>Modus.</strong></span> <span class='ocrx_word' id='word_1_880' title='bbox 3501 5628 3526 5667; x_wconf 74' lang='grc' dir='ltr'><strong>ιι</strong></span> <span class='ocrx_word' id='word_1_881' title='bbox 3554 5629 3729 5684; x_wconf 75' lang='lat' dir='ltr'><strong>Distat</strong></span> 
     </span>
    </p>
   </div>
  </div>
