4020 6352
253 302 387 358 1285

816 390 1041 470 ΟΑΡυΤ
1082 412 1267 468 xvnt.

248 506 691 575 Quemadmodum
718 506 1061 558 indubitanter
1088 507 1295 557 mnsit-ie
1338 505 1683 556 consonantia:
1709 520 1830 557 aure

774 576 1053 644 dijudicari
1092 577 1305 646 possit,

319 668 387 723 Ut
420 678 445 705 ι
477 683 605 723 vero
628 668 989 723 indubitanter
1020 669 1491 721 consonantiarum
1517 667 1654 720 ratio
1680 667 1829 721 colli-

243 773 421 826 gatur,
449 760 538 812 tali
568 759 887 813 brevissimo
908 775 971 813 ac
1000 759 1227 827 simplici
1252 759 1390 813 effici
1417 761 1608 824 poterit
1634 760 1828 813 instru-

246 862 447 905 mento.
476 852 557 906 Sit
589 852 749 920 igitur
784 852 964 921 regula
1013 852 1298 920 diligenter
1329 861 1546 905 extensa
1573 853 1609 903 Λ
1647 851 1708 914 D,
1741 852 1826 903 cui

244 943 352 995 duo
381 943 760 1011 bemispberia,
793 959 925 1011 quas
952 941 1203 1011 magadas
1242 942 1412 995 Gra'ci
1445 924 1652 1008 vocant,
1687 944 1830 995 insu-

242 1046 341 1100 per
367 1024 723 1100 apponantur,
748 1032 816 1085 ita
852 1043 909 1085 ut
935 1036 1003 1085 ab
1032 1048 1092 1085 ea
1125 1048 1242 1101 quae
1270 1042 1352 1085 est
1385 1033 1423 1084 Ε
1450 1043 1732 1085 curvatura
1764 1034 1827 1085 ad

242 1125 296 1178 id
329 1125 469 1193 quod
497 1134 579 1178 est
612 1128 648 1177 B
683 1126 909 1179 deducta
960 1126 1094 1179 linea
1144 1135 1319 1178 rectos
1348 1126 1489 1179 circa
1520 1141 1578 1178 se
1608 1128 1828 1194 angulos

241 1218 434 1271 reddat
464 1236 474 1269 :
506 1219 631 1272 item
673 1218 741 1270 ab
770 1233 829 1272 ea
872 1234 989 1287 qua:
1015 1227 1096 1272 est
1124 1219 1161 1271 [τ’
1191 1227 1474 1271 curvatura
1513 1220 1578 1271 ad
1612 1219 1661 1272 id
1689 1221 1827 1286 quod

240 1311 388 1365 estC
415 1322 665 1378 punctum
695 1312 919 1364 deducta
941 1311 1078 1365 linea
1104 1312 1278 1365 rectos
1299 1311 1501 1365 ciicum
1525 1327 1583 1365 se
1605 1313 1829 1381 angulos

240 1404 463 1458 efﬁciat.
497 1404 613 1457 Sint
640 1420 766 1458 vero
790 1405 871 1459 lia:
895 1404 1173 1474 aequaliter
1201 1405 1431 1473 undique
1462 1407 1737 1473 perpolita:
1763 1406 1827 1459 ad

238 1476 459 1548 eosdem
492 1510 640 1559 usus,
665 1496 771 1548 sint
793 1496 993 1571 eisdem
1017 1497 1134 1548 alia:
1158 1480 1390 1564 aequales
1415 1507 1634 1563 paratae,
1666 1510 1829 1565 super

246 1586 343 1640 bas
401 1587 705 1640 intendatur
749 1602 945 1640 nervus
993 1588 1213 1645 araualis
1262 1587 1513 1654 undique,
1548 1587 1592 1640 is
1623 1588 1710 1655 qui
1746 1597 1830 1641 est

238 1678 284 1729 A
313 1677 351 1729 Ε
376 1677 417 1730 F
442 1677 501 1730 Ι).
532 1676 587 1731 Si
624 1675 647 1713 δ
672 1678 832 1744 igitur
853 1678 1188 1731 diatessaron
1214 1680 1621 1732 consonantiam
1652 1681 1827 1746 qualis

238 1767 310 1821 sit
339 1768 576 1836 reperire
598 1770 841 1833 voluero,
869 1770 967 1824 hoc
1000 1771 1158 1823 modo
1192 1771 1378 1825 faciam
1407 1790 1418 1823 :
1445 1773 1510 1825 ab
1542 1772 1581 1825 E
1611 1783 1826 1840 puncto,
1862 1794 1908 1852 Β

236 1874 347 1927 quo
376 1875 569 1914 nervus
617 1860 1044 1930 semispltaerinm
1080 1864 1277 1930 tangit,
1316 1879 1480 1931 usque
1521 1864 1583 1916 ad
1627 1864 1663 1917 F
1688 1881 1823 1933 pun-

206 1950 382 2002 'ctum
403 1990 418 2013 ,
450 1965 554 2019 quo
585 1966 770 2006 rursus
801 1952 868 2003 ab
898 1953 1001 2005 alia
1035 1964 1180 2017 parte
1224 1956 1396 2007 altero
1427 1970 1623 2009 nervus
1662 1957 1826 2010 semi-

150 2100 159 2107 _
237 2040 476 2109 splimrio
499 2041 758 2109 jungitur,
779 2041 956 2095 divido
974 2043 1203 2110 Spatium
1226 2044 1366 2112 quod
1386 2056 1466 2097 est
1497 2046 1533 2097 E
1561 2046 1598 2098 F
1620 2055 1825 2114 septem

238 2132 502 2199 partibus,
535 2146 589 2185 et
611 2133 675 2185 ad
717 2144 921 2200 partem
949 2146 1191 2201 quartam
1238 2137 1587 2201 septimarum
1615 2152 1827 2206 appono

234 2234 491 2293 punctum
524 2224 667 2294 quod
693 2234 775 2279 est
800 2224 876 2289 K;
909 2234 991 2278 cst
1023 2227 1180 2293 igitur
1212 2227 1251 2278 E
1280 2226 1321 2278 K
1350 2227 1415 2280 ad
1449 2242 1566 2280 eam
1596 2242 1715 2295 quae
1743 2236 1826 2281 est

234 2320 278 2374 Κ
312 2322 349 2373 F
377 2323 737 2391 sesquitertia.
771 2322 825 2376 Si
863 2323 1023 2391 igitur
1051 2323 1115 2374 ad
1142 2322 1181 2375 Κ
1214 2339 1423 2390 a-qnnm
1463 2322 1826 2391 superioribus

233 2414 625 2481 semispbacriis
649 2428 970 2482 apposuero,
990 2422 1152 2481 atque
1176 2412 1433 2466 alterutra
1462 2415 1691 2467 vicissim
1726 2415 1765 2467 E
1785 2414 1827 2467 K

233 2514 291 2557 ct
319 2504 359 2558 Κ
392 2506 428 2557 F
454 2505 660 2575 plectro
680 2505 920 2559 adhibito
950 2506 1237 2573 pellantur,
1265 2507 1465 2558 diatess
1486 2522 1599 2558 iron
1628 2507 1831 2559 distan-

235 2595 369 2648 tiam
397 2597 732 2650 cunsonabit.
769 2596 862 2650 Siti
896 2611 1022 2649 vero
1062 2594 1220 2648 simul
1254 2606 1432 2663 partes
1461 2596 1603 2649 idem
1636 2595 1677 2650 C
1704 2595 1747 2649 K
1778 2606 1833 2650 et

236 2685 282 2738 Κ
315 2685 355 2738 F
388 2697 641 2755 utrasque
672 2701 1011 2767 percussero,
1042 2686 1381 2739 diatessaron
1425 2690 1830 2741 Consonantiam

1563 303 1650 357 DE
1687 301 1926 358 ttusm
1972 288 2094 355 Lm.
2142 302 2200 355 v.
2270 298 2273 303 λ

1861 417 1909 472 Λ
1937 446 2120 483 nosco.
2156 429 2309 497 Quod
2337 430 2381 484 si
2424 431 2674 500 diapente
2718 430 2932 486 efﬁcere
2972 432 3252 497 volumus,
3286 434 3522 505 quinque

3382 304 3522 361 1386

1935 523 2175 590 partibus
2209 531 2372 574 totam
2403 521 2658 576 cbordam
2682 566 2695 587 ,
2736 522 2786 576 id
2831 534 2913 577 est
2940 525 3168 591 spatium
3208 524 3276 578 ab
3313 526 3353 579 E
3377 525 3444 579 ad
3468 528 3522 580 ‘F

1932 612 2112 665 divido
2141 626 2203 663 ac
2254 622 2363 665 tres
2392 614 2483 665 uni
2536 615 2903 682 proportioni,
2950 615 3080 668 duas
3126 631 3256 671 vero
3303 620 3522 688 reliquie

1933 702 2091 764 dabo,
2119 713 2278 769 atque
2307 702 2374 755 ita
2406 706 2579 770 posito
2602 705 2993 773 semispltznrio,
3017 708 3310 761 secundum
3354 723 3512 776 supe-

1936 796 2049 849 rius
2100 794 2301 847 dicttnn
2348 796 2565 849 modum
2614 801 2993 852 consonantias
3048 800 3520 870 dissonantiasque

1933 888 2240 953 perpendo;
2276 887 2401 940 item
2445 889 2488 940 si
2523 890 2778 957 diapason
2826 891 3229 944 consonantiam
3262 894 3521 959 temptare

1934 976 2176 1041 voluero,
2207 987 2375 1030 totum
2417 978 2585 1031 tribus
2637 980 2875 1045 partibus
2904 996 3051 1046 seco,
3078 990 3237 1051 atque
3266 982 3319 1035 in
3362 999 3519 1038 unam

1932 1070 2172 1138 duasque
2220 1069 2549 1123 distribuens
2599 1071 2814 1125 easdem
2867 1075 3025 1127 simul
3078 1076 3156 1128 vel
3208 1076 3518 1131 alterutram

1935 1160 2148 1227 pulsans
2173 1170 2196 1197 ο
2227 1161 2351 1228 quid
2384 1171 2663 1225 consonet,
2710 1163 2793 1215 vel
2826 1166 2963 1231 quod
3013 1164 3255 1220 dissonet
3294 1180 3519 1237 Utraque

1932 1264 2219 1317 cognosco.
2243 1250 2420 1318 Tripla
2444 1267 2591 1313 vero,
2618 1268 2736 1319 qua:
2755 1268 2818 1306 ex
2848 1256 3126 1321 permixtis
3153 1260 3517 1313 consonantiis

1932 1342 2185 1397 nascitur.
2214 1342 2283 1393 ita
2316 1342 2581 1408 redditur,
2606 1343 2727 1396 utsi
2763 1352 2924 1398 totam
2958 1346 3009 1398 in
3038 1358 3263 1414 quatuor
3285 1350 3516 1417 partium

1931 1432 2285 1487 divisiombus
2317 1429 2342 1468 ἀ
2374 1436 2684 1502 partiamus,
2710 1443 2872 1504 atque
2905 1438 2955 1489 in
2991 1448 3099 1491 tres
3135 1449 3188 1492 et
3219 1454 3374 1494 unam
3406 1449 3514 1493 tota

1931 1524 2085 1575 nervi
2114 1522 2395 1591 prolixitas
2421 1523 2716 1587 dividatur,
2756 1524 2934 1594 itaque
2965 1527 3394 1595 semispbmrium
3420 1532 3515 1582 tri-

1930 1610 2029 1664 bus
2059 1613 2355 1681 appositum
2408 1614 2580 1681 triplze
2634 1616 2993 1684 proportionis
3023 1617 3409 1673 dissonantiam
3457 1627 3513 1673 et

1928 1704 2333 1756 eunsunantiatn
2362 1706 2573 1759 teddat.
2883 1693 2892 1703 ’

1332 2954 1711 3053 LIBER
1791 2953 2401 3075 QUINTUS.

1743 3122 2019 3133 _——_

302 3208 433 3263 l'ost
461 3206 814 3262 monochordi
849 3203 1109 3275 regularis
1150 3203 1469 3259 divisionem
1518 3205 1813 3273 adiicienda
1845 3207 1891 3269 C
1923 3204 2069 3257 tione
2090 3202 2664 3271 perpendens.Sensus
2682 3205 2824 3258 enim
2848 3220 2909 3260 ac
2926 3204 3510 3274 ratio,qnasiqu:edam

227 3300 466 3353 arbitror
511 3313 630 3353 esse
672 3313 732 3351 ea
780 3300 830 3351 in
865 3298 1059 3365 quibus
1084 3306 1295 3350 veteres
1320 3296 1539 3349 musicae
1567 3297 1821 3351 doctores

228 3389 517 3443 sententia!
563 3386 877 3441 diversitate
920 3382 1265 3451 discordant,
1309 3387 1718 3457 habendumque
1755 3389 1822 3443 de

228 3483 481 3535 omnibus
512 3481 703 3533 subtile
729 3480 988 3549 judicium
1012 3522 1025 3543 ,
1057 3490 1219 3549 atque
1264 3480 1313 3533 id
1356 3480 1498 3549 quod
1547 3482 1822 3550 proposito

231 3576 394 3628 deest
425 3573 605 3641 operi,
640 3574 927 3627 mediocris
970 3574 1229 3628 doctrinae
1260 3584 1282 3611 ε
1320 3573 1669 3642 dispositione
1697 3590 1822 3643 sup-

228 3667 484 3735 p'endnm
523 3674 624 3719 est.
660 3665 837 3719 Potest
868 3667 1010 3719 enim
1050 3666 1153 3720 alia
1187 3682 1400 3733 quoque
1441 3682 1563 3719 esse
1592 3668 1816 3730 divisio,

230 3758 288 3810 in
320 3771 419 3821 qua
451 3772 554 3809 non
593 3771 730 3807 unus
767 3758 1136 3808 tantummodo
1168 3772 1363 3809 nervus
1390 3759 1701 3823 assumitur,
1730 3760 1821 3826 qui

229 3852 425 3920 positis
469 3850 901 3917 proportionibus
941 3848 959 3886 τ
990 3850 1212 3901 dividat.
1246 3849 1440 3902 Verum
1475 3835 1821 3918 octoiatqne

230 3942 495 4011 ejusmodi
527 3941 747 4010 cythara
781 3940 905 4003 fiat,
940 3949 964 3986 ε
1002 3949 1090 3993 aut
1139 3941 1192 3994 in
1240 3940 1510 4008 pluribus,
1556 3950 1610 3993 et
1637 3942 1818 4009 quanti

231 4032 527 4087 necessarii
560 4041 681 4085 sunt
714 4032 883 4093 nervi,
919 4040 1024 4085 tota
1063 4031 1471 4100 proportionum
1499 4033 1638 4109 ratio
1666 4032 1819 4101 quasi

232 4123 404 4179 oculis
425 4122 664 4191 subjecta
694 4132 968 4175 cernatur.

657 4245 698 4295 E
1326 4241 1359 4283 ιδ

339 4439 415 4499 ΑΙ
449 4331 1707 4504 ,κη

753 4720 977 4777 CAPUT
1007 4725 1289 4780 PRIMUM.

248 4802 313 4856 9e
335 4804 379 4856 vi
408 4804 720 4862 harmoniae
759 4821 805 4863 et
853 4816 1097 4883 quw'sint
1128 4824 1240 4887 ejus
1268 4821 1607 4874 instrumenta
1628 4825 1820 4894 judicii

425 4909 472 4952 et
501 4918 721 4968 quonam
750 4921 907 4974 usque
932 4910 1157 4963 sensibus
1188 4922 1416 4979 oporteat
1453 4916 1612 4967 credi.

300 4996 406 5053 Sed
447 5001 513 5055 de
558 5002 642 5057 his
693 5008 849 5071 paulo
911 5020 1026 5076 post
1069 5012 1380 5078 loquemur;
1431 5032 1574 5071 nunc
1626 5018 1813 5073 dicen-

224 5089 355 5144 dum
388 5101 467 5145 est
499 5109 618 5159 quae
659 5097 728 5150 sit
757 5098 835 5152 vis
884 5101 1242 5162 barmonicm.
1282 5107 1348 5159 de
1406 5124 1507 5175 qua
1584 5121 1815 5167 tractare

223 5179 592 5248 instituen‘es,
643 5198 876 5255 quatuor
933 5192 1093 5245 libros
1153 5196 1512 5263 implevimus.
1560 5200 1815 5257 Naturam

224 5288 362 5325 ναι-ο
402 5275 518 5341 ejus
560 5275 587 5313 ¹³
621 5295 833 5349 unoque
878 5286 1281 5351 exprimendam
1336 5290 1387 5343 in
1444 5290 1601 5360 hujus
1646 5296 1815 5363 quinti

222 5362 515 5420 voluminis
542 5370 739 5424 seriem
763 5372 1093 5429 distulimus.
1134 5378 1452 5436 llarnionica
1480 5397 1563 5437 est
1592 5384 1816 5439 facultis
1842 5388 1851 5399 '

220 5455 557 5514 differentias
572 5471 851 5518 acutorum
873 5476 927 5520 et
945 5471 1181 5536 gravium
1200 5485 1457 5527 sonorum
1477 5490 1635 5531 sensu
1661 5496 1721 5532 ac
1740 5496 1815 5533 ra-

294 5667 322 5739 η
363 5659 528 5739 Ergo.
586 5664 625 5739 ff
678 5665 817 5739 Non,
848 5668 1051 5736 legitur.
1136 5684 1156 5711 ε
1201 5674 1367 5739 Quod.
1455 5676 1480 5713 ἀ
1520 5677 1841 5735 Potianzur..

226 5738 241 5766 ι
285 5728 451 5784 γει-οξ
517 5735 543 5793 1η
574 5733 695 5789 Non
720 5728 925 5805 legitur,
1005 5740 1028 5778 ιι
1062 5728 1239 5797 Nec.w
1279 5745 1291 5783 ι
1331 5728 1540 5817 Atque.—

1928 3295 2196 3349 facultatis
2230 3294 2558 3348 ltarmonicaa
2590 3296 2944 3351 instrumenta
2966 3306 3113 3350 sunt.
3133 3296 3337 3349 Sensus
3365 3312 3513 3351 nam-

1924 3400 2031 3453 que
2068 3383 2353 3439 confusum
2398 3384 2649 3453 quiddam
2701 3401 2763 3440 ac
2813 3388 3055 3453 proxime
3086 3386 3212 3450 tale,
3245 3388 3402 3455 quale
3431 3396 3514 3443 est

1926 3476 2054 3531 illud
2102 3477 2246 3547 qttod
2279 3481 2465 3535 sentit.
2500 3479 2749 3533 advertit.
2805 3479 2961 3533 Ratio
3005 3478 3014 3513 ί
3053 3491 3232 3532 autem
3261 3479 3516 3547 diiudicat
3595 3510 3602 3517 -

1926 3568 2287 3637 integritatem
2319 3580 2478 3639 atque
2508 3585 2641 3623 unas
2673 3572 3010 3639 persequitur
3034 3570 3383 3649 differentias.
3409 3571 3516 3624 ιω-

1922 3675 2025 3728 que
2055 3677 2243 3713 sensus
2274 3661 2480 3713 invenit
2511 3662 2727 3729 quidem
2756 3662 2978 3716 confusa
3004 3677 3067 3716 ac
3097 3664 3340 3730 proxima
3373 3663 3515 3717 veri-
3592 3704 3597 3710 .

1925 3750 2041 3813 tati,
2072 3752 2269 3817 accipit
2319 3766 2446 3804 vero
2494 3754 2704 3805 ratione
2744 3752 3124 3821 integritatem.
3178 3755 3337 3807 Ratio
3384 3771 3515 3809 vero

1924 3839 2037 3904 ipsa
2062 3840 2274 3906 quidem
2300 3841 2503 3894 invenit
2529 3844 2911 3911 integritatem,
2937 3844 3131 3910 accipft
3151 3860 3278 3897 vero
3307 3843 3320 3894 ἱ
3352 3859 3515 3901 sensu

1923 3927 2200 3982 confusam
2257 3944 2319 3983 ac
2368 3931 2667 3997 proximam
2702 3932 3244 3988 verisimilitudinem.
3277 3935 3514 4004 Namque

1922 4032 2113 4073 sensus
2137 4020 2268 4073 nihil
2294 4022 2527 4089 concipit
2555 4024 2899 4091 integritatis,
2923 4025 3015 4079 sed
3046 4042 3211 4094 usque
3237 4027 3304 4080 ad
3336 4030 3514 4095 proxi-

1910 4128 2071 4164 ‘tnum
2101 4113 2266 4165 venit.
2311 4112 2470 4167 Ratio
2500 4130 2627 4167 vero
2654 4114 2931 4183 dijudieat,
2966 4104 3109 4172 velut
3138 4117 3182 4171 si
3208 4120 3328 4186 quis
3353 4134 3514 4173 manu

1921 4204 2184 4258 circulum
2217 4207 2437 4267 scribat,
2468 4206 2697 4261 fortasse
2726 4224 2850 4261 eum
2880 4209 3140 4263 circulum
3170 4225 3298 4264 vere
3324 4213 3514 4265 oculus

1921 4297 2237 4351 arbitretur.
2258 4297 2412 4351 Ratio
2439 4314 2568 4352 vero
2590 4299 2736 4353 nullo
2759 4300 2915 4354 modo
2943 4316 3061 4355 esse
3084 4301 3134 4353 id
3166 4301 3309 4369 quod
3338 4303 3510 4356 simu-

1921 4388 2060 4441 latur
2090 4388 2358 4457 intelligit.
2396 4389 2504 4443 Iloc
2524 4405 2655 4444 vero
2686 4390 2884 4443 idcirco
2905 4400 3007 4455 est,
3034 4392 3285 4460 quoniam
3317 4406 3511 4447 sensus

1920 4484 2060 4537 circa
2094 4484 2373 4540 materiam
2412 4486 2665 4549 vertitur,
2696 4486 3012 4556 speciesque
3058 4486 3109 4538 in
3158 4501 3217 4539 ea
3250 4500 3513 4554 .compre-

1925 4572 2197 4640 benditur,
2254 4589 2371 4642 qua:
2426 4575 2493 4625 ita
2544 4581 2671 4626 sunt
2736 4572 2897 4627 ﬂuide
2961 4586 3122 4641 atque
3177 4574 3509 4642 imperfecte.

1927 4660 1949 4699 ¹ί
1986 4663 2166 4730 Neque
2215 4662 2592 4726 determinate,
2648 4671 2697 4715 et
2740 4661 2753 4699 ³
2796 4677 2963 4731 usque
2990 4664 3053 4715 ad
3084 4679 3312 4732 unguem
3348 4679 3513 4733 expo-

1923 4754 2036 4813 litc.
2068 4755 2203 4807 sicut
2247 4764 2335 4807 est.
2373 4754 2483 4821 ipsn
2534 4753 2781 4806 materia.
2815 4754 2993 4819 Quare
3025 4762 3062 4789 ω
3088 4753 3258 4820 ipsum
3304 4770 3514 4821 quoque

1923 4843 2168 4896 confusio
2226 4844 2487 4911 sequitur,
2546 4854 2779 4897 mentem
2832 4858 2962 4896 vero
3008 4853 3169 4913 atque
3221 4846 3510 4909 rationem,

1924 4930 2173 4999 quoniam
2223 4933 2444 4985 materia
2477 4947 2579 4987 non
2622 4941 2885 4999 moratur,
2926 4936 3135 5003 Species
3166 4951 3295 5003 quas
3325 4936 3513 5003 pra-vi-

1923 5022 2035 5086 det,
2079 5031 2273 5089 prmtcr
2321 5024 2546 5091 subjecﬁ
2591 5026 3023 5079 communionem
3071 5027 3322 5090 intuetur,
3352 5036 3512 5094 atque

1923 5112 2043 5166 ideo
2072 5129 2189 5165 eam
2218 5114 2499 5184 integritas
2525 5117 2812 5170 comitatur
2838 5132 2900 5170 ac
2923 5118 3138 5177 veritas,
3174 5125 3199 5151 ιι
3235 5116 3514 5186 potiusque

1923 5204 1974 5257 in
2006 5220 2222 5258 sensum
2257 5207 2399 5274 quod
2446 5220 2718 5276 peccatur,
2748 5220 2837 5263 aut
2868 5209 3042 5262 minus
3073 5219 3174 5271 est,
3204 5221 3290 5261 aut
3322 5225 3511 5264 emen-

1920 5297 2141 5364 dat,aut
2162 5300 2418 5367 complet.
2452 5301 2703 5356 Fortasse
2726 5310 2901 5354 autem
2935 5302 2985 5355 id
3018 5302 3157 5369 quod
3187 5318 3377 5355 sensus
3407 5318 3512 5356 non

1921 5391 2147 5458 integre,
2174 5392 2265 5445 sed
2295 5392 2540 5455 confuse,
2591 5405 2750 5463 atque
2774 5394 3000 5448 veritate
3025 5395 3201 5449 minus
3225 5396 3375 5464 quasi
3398 5396 3515 5464 qni~

1918 5482 2041 5537 dam
2075 5483 2357 5537 incallidus
2382 5485 2684 5539 mSIitnator
2708 5487 2972 5553 agnoscit,
3005 5486 3056 5538 in
3084 5486 3306 5555 singulis
3338 5486 3515 5541 minus

1919 5692 1941 5720 ε
1988 5684 2396 5745 Disitensalione.
2509 5684 2530 5724 ί
2561 5670 2863 5741 Βίτὶᾱηιυνί
2979 5698 3001 5735 ε
3038 5689 3121 5743 Ut.

3220 5689 3249 5726 δ
3280 5690 3512 5762 Vimque.

1992 5764 2015 5789 "
2052 5755 2332 5825 I’otiusquc
2361 5758 2496 5825 quod
2525 5759 2575 5813 in
2625 5775 2772 5814 κινέει
2816 5768 2904 5812 aut
2953 5770 3209 5829 peccatur.
