4020 6352
521 277 656 331 19.87

523 392 716 447 habeat
748 384 930 440 errati.
965 380 1201 436 Collecta
1249 390 1377 431 vero
1400 370 1818 441 multiplicantur
1863 365 1915 420 in
1961 381 2102 419 sunt-
2133 370 2185 427 Α

522 500 687 546 mam,
729 489 889 549 alque
927 475 1126 530 idcirco
1157 482 1182 508 α
1214 482 1458 539 magnam
1497 464 1697 519 faciunt
1720 459 2100 514 differentiam.

523 577 653 631 Nam
678 574 720 627 si
751 572 882 625 duas
915 568 1128 621 voculas
1156 573 1281 618 tono
1310 574 1499 615 sensus
1548 558 1751 611 distare
1795 554 2101 614 arbitretur,

525 663 946 735 nequedisteut,
980 671 1270 724 rursusque
1301 654 1367 707 ab
1398 667 1501 704 una
1531 663 1714 704 earum
1745 646 1771 683 δ
1802 654 1927 699 tono
1959 653 2106 710 putet

526 734 728 813 distare
759 754 990 813 tertiam,
1022 763 1195 817 neque
1223 748 1294 800 sit
1322 746 1523 812 integra
1553 756 1616 793 ac
1648 754 1773 793 vera
1800 738 1905 789 toni
1935 735 2004 788 sit
2028 734 2106 787 di—

525 848 739 903 stantia.
765 845 893 897 item
924 840 1094 895 tertire
1136 849 1442 906 quartteque
1478 831 1586 884 toni
1632 844 1821 907 sensus
1857 825 2108 879 differen-

528 941 655 991 tiam
685 943 855 1005 putet,
884 942 1042 1000 atque
1072 932 1122 981 in
1156 927 1341 981 eadem
1370 937 1579 990 quoque
1609 928 1809 980 errent,
1838 931 2010 984 neque
2040 914 2108 967 sit

526 1026 826 1083 differentia
859 1024 990 1080 toni,
1013 1021 1079 1073 ah
1100 1020 1199 1072 hac
1224 1017 1382 1069 etiam
1410 1022 1619 1082 quarta,
1638 1009 1875 1078 quintam
1909 1005 2107 1058 distare

526 1118 871 1189 semitouium
906 1121 1291 1181 putet,.neque
1320 1120 1468 1166 vere,
1500 1115 1673 1169 neque
1722 1100 1925 1166 integre
1964 1094 2108 1148 aesti-

530 1219 659 1273 iuet,
710 1209 761 1261 in
808 1204 1033 1273 singulis
1086 1202 1311 1252 fortasse
1363 1196 1538 1247 minus
1573 1193 1816 1243 videatur
1850 1196 2105 1269 erratum.

529 1300 684 1368 Quod
732 1313 859 1352 vero
917 1296 969 1348 in
1018 1292 1190 1360 primo
1233 1298 1356 1342 tono
1400 1298 1591 1340 sensus
1625 1280 1839 1347 reliquit
1867 1287 2025 1345 atque
2056 1274 2106 1328 id

528 1366 671 1462 quod
702 1392 753 1444 in
776 1386 1013 1442 secundo
1046 1393 1101 1437 et
1140 1382 1295 1435 tertio
1335 1389 1494 1445 atque
1524 1376 1579 1427 in
1611 1382 1801 1441 quarto
1823 1366 2108 1462 semitouio

532 1454 810 1552 peccatum
833 1486 933 1541 est,
972 1478 1023 1528 in
1049 1490 1209 1528 unum
1236 1474 1615 1537 congregatum
1646 1477 1803 1533 atque
1826 1454 2105 1514 collectum

513 1574 747 1636 .efficiet,
775 1581 831 1625 ut
861 1572 1027 1637 prima
1053 1582 1153 1619 vox
1180 1563 1245 1618 ad
1270 1564 1508 1633 quintam
1532 1572 1714 1611 vocem
1735 1556 1982 1620 diapente
2002 1566 2106 1603 non

530 1666 807 1719 ccutineat
835 1657 1261 1720 consonantiam,
1290 1653 1432 1722 quod
1476 1648 1755 1718 oportebat
1798 1645 1910 1698 fieri
1934 1644 1978 1698 si
2000 1654 2107 1695 tres

530 1769 685 1811 tonos
710 1771 771 1809 ac
797 1740 1138 1808 semitbuium
1162 1762 1352 1801 sensus
1382 1747 1589 1812 integre
1612 1740 1923 1809 iudicasset.
1954 1735 2106 1802 Quod
2138 1737 2185 1796 B

529 1849 689 1917 igitur
716 1847 767 1919 in
796 1844 1019 1913 singulis
1056 1839 1194 1894 tonis
1228 1838 1401 1891 minus
1429 1832 1831 1904 pervidebatur,
1860 1828 1913 1883 id
1944 1828 2110 1882 colle-

529 1948 673 1993 ctum
706 1939 757 1989 in
785 1930 1188 1989 eonsonantiam
1224 1927 1501 1983 evidenter
1538 1922 1806 1992 apparuit.
1850 1920 2024 1986 Atque
2054 1925 2111 1969 ut

534 2029 875 2099 pervideatur
908 2040 1125 2080 sensum
1154 2022 1370 2092 quidem
1400 2018 1625 2074 confusa
1657 2015 1933 2082 colligere,
1966 2011 2112 2065 nullo

533 2121 694 2175 modo
718 2128 896 2173 autem
927 2117 994 2170 ad
1026 2114 1386 2182 integritatem
1421 2109 1646 2163 rationis
1677 2104 1992 2166 ascendere,
2036 2102 2114 2155 sic
2152 2119 2155 2123 ·

538 2211 942 2266 consideremus
969 2224 982 2261 :
1012 2206 1158 2259 Data:
1181 2203 1324 2258 enim
1378 2201 1532 2253 linem
1566 2200 1823 2265 majorem
1854 2195 2112 2247 minorem

540 2312 563 2340 ο
596 2316 663 2354 ne
688 2300 847 2353 aliam
881 2297 1137 2364 reperire,
1169 2293 1300 2348 nihil
1332 2302 1414 2345 est
1439 2290 1657 2343 difficile
1688 2288 1888 2340 sensui.
1915 2285 2117 2352 Pr0po-

537 2392 638 2445 sita
663 2406 790 2444 vero
817 2403 1070 2443 mensura
1102 2386 1153 2439 in
1196 2394 1343 2437 tanto
1380 2384 1665 2449 majorem,
1701 2388 1915 2432 tantove
1945 2375 2116 2429 mino-

538 2496 652 2535 rem
680 2480 934 2547 reperiat,
968 2478 1018 2529 id
1058 2474 1355 2543 nonjfaciet
1384 2486 1573 2527 sensus
1611 2470 1783 2539 prima
1812 2454 2113 2533 conceptio,

535 2570 629 2625 sed
680 2572 851 2624 solers
903 2568 1125 2622 rationis
1167 2565 1424 2620 inventio.
1477 2563 1569 2616 Vel
1617 2563 1662 2616 si
1708 2574 1895 2614 rursus
1938 2559 2116 2611 datam

536 2663 729 2715 lineam
760 2661 1089 2729 propositum
1122 2658 1192 2711 sit
1230 2657 1316 2711 vel
1354 2655 1662 2723 duplicare,
1706 2652 1793 2706 vel
1834 2650 2112 2704 dimidiam

535 2770 742 2815 secare,
774 2755 824 2807 id
874 2753 1101 2806 fortasse
1140 2752 1265 2804 licet
1301 2750 1457 2818 paulo
1493 2747 1767 2800 difficilius
1797 2757 1955 2812 quam
1983 2757 2114 2796 con-

540 2846 656 2900 fuse
708 2845 964 2911 majorem
1019 2843 1351 2896 minoremve
1397 2840 1655 2907 reperire,
1696 2835 1892 2903 poterit
1939 2842 2117 2886 tamen

535 2951 728 2992 sensus
774 2936 1079 2989 inventione
1127 2933 1397 2986 constitui.
1448 2930 1503 2983 Si
1549 2942 1675 2981 vero
1709 2927 2022 2993 imperetur,
2061 2930 2120 2975 ut

542 3028 828 3097 prepositaa
863 3028 1014 3080 lineae
1046 3026 1200 3094 tripla
1231 3033 1479 3094 ponatur,
1511 3022 1593 3075 vel
1625 3021 1689 3073 al)
1720 3034 1779 3073 ea
1817 3032 1935 3086 pars
1965 3016 2119 3069 tertia

1726 258 1832 312 AV.
1877 253 2084 309 ΜΑΝΙ..
2127 250 2277 305 SET.
2322 249 2566 305 BOETII.

3659 235 3787 288 19.88

2281 360 2563 413 harmoniai
2604 368 2627 405 α
2662 356 2994 427 Pythagorici
3026 353 3101 407 vri
3124 354 3480 418 Aristoxenus,
3504 351 3586 403 vel
3610 346 3785 403 Ptole-

2280 438 2437 484 inteus
2466 446 2570 483 esse
2598 431 2790 482 dixere.

2283 524 2595 592 ilujusmodi
2656 524 2815 593 igitur
2865 522 3276 575 instrumentum
3324 519 3377 573 in
3418 532 3529 586 quo
3570 514 3786 569 rationis

2207 614 2443 668 adhibito
2494 614 2677 678 modo,
2713 629 2965 667 sonorum
3016 612 3330 666 differentiae
3384 609 3785 679 perquiruntur,

2208 716 2428 758 vocatur
2482 703 2789 757 harmonica
2845 702 3051 769 regula,
3101 702 3153 754 in
3195 715 3297 767 qua
3339 714 3396 753 re
3429 696 3457 733 ιι
3499 698 3786 750 multorum

2207 792 2488 845 doctorum
2527 793 2805 846 sententia:
2836 790 3104 844 discordia
3128 789 3247 842 fuit.
3280 788 3505 855 Quidam
3529 789 3672 840 enim
3704 785 3785 853 qui

2209 879 2573 949 Pythagoricis
2612 881 2906 949 disciplinis
2956 881 3193 934 maxime
3241 878 3617 939 crediderunt,
3659 876 3789 928 hanc

2210 972 2557 1026 intentionem
2610 974 2935 1027 harmonica:
2980 987 3101 1026 esse
3153 971 3443 1036 dicebant,
3488 978 3549 1023 ut
3598 979 3784 1023 cuncta

2208 1063 2399 1114 rationi
2427 1071 2784 1119 consentanea
2836 1071 3208 1130 sequerentur.
3239 1065 3465 1115 Sensum
3489 1060 3635 1114 enim
3668 1060 3788 1113 dare

2208 1153 2447 1220 quietiam
2476 1152 2704 1220 quodam
2743 1152 2900 1205 modo
2929 1152 3135 1205 semina
3161 1150 3506 1219 cognitionis,
3536 1149 3787 1199 rationein

2210 1260 2336 1297 vero
2361 1248 2633 1311 perlicere.
2666 1244 3017 1298 Aristoxenus
3051 1258 3178 1296 vero
3199 1242 3502 1296 econtrario
3535 1238 3789 1291 rationem

2210 1331 2425 1401 quidem
2450 1334 2699 1386 comitem
2729 1347 2791 1386 ac
2816 1332 3183 1386 secundarium
3206 1345 3325 1384 esse
3347 1330 3584 1390 dicebat,
3608 1338 3789 1381 cuncta

2212 1436 2341 1475 vero
2363 1436 2553 1476 senStts
2579 1422 2781 1490 judicio
2812 1422 3108 1483 terminari,
3136 1428 3191 1473 et
3226 1418 3290 1471 ad
3330 1420 3445 1486 ejus
3476 1417 3792 1470 modulatio-

2212 1526 2332 1565 nem
2381 1527 2811 1579 consensumque
2853 1528 2970 1565 esse
3014 1512 3031 1547 ί
3086 1512 3395 1565 tenendum.
3431 1512 3471 1561 A
3509 1508 3791 1561 Ptolemmo

2212 1615 2387 1660 autem
2419 1606 2648 1675 quodam
2692 1605 2851 1658 modo
2884 1602 3210 1657 liarmonicte
3254 1600 3508 1654 definitur
3551 1600 3791 1660 intentio,

2214 1710 2275 1749 ea
2328 1697 2533 1749 scilicet
2584 1707 2640 1749 ut
2684 1696 2815 1749 nihil
2864 1695 3082 1748 auribus
3124 1692 3426 1761 rationique
3475 1690 3650 1758 possit
3684 1703 3793 1742 esse

2214 1786 2563 1838 contrarium.
2609 1786 2662 1838 Id
2706 1786 2847 1839 enim
2879 1784 3172 1838 secundum
3202 1783 3559 1835 Ptoletuzcum
3586 1781 3793 1833 harmo-

2215 1875 2367 1929 nicus
2411 1875 2621 1929 videtur
2671 1874 2970 1938 intendere,
3004 1882 3061 1926 ut
3091 1872 3144 1926 id
3174 1875 3314 1939 quod
3366 1886 3565 1925 sensus
3598 1870 3796 1939 judieat

2213 1965 2349 2018 ratio
2391 1980 2601 2034 quoque
2657 1965 2971 2033 perpendat,
3016 1972 3071 2017 et
3114 1963 3186 2016 ita
3239 1962 3375 2015 ratio
3426 1962 3794 2029 provortiones

2216 2056 2451 2109 inveniat
2500 2064 2559 2109 ut
2604 2071 2669 2109 ne
2710 2070 2901 2108 sensus
2931 2054 3209 2117 reclamet,
3244 2054 3587 2120 duorumque
3619 2052 3793 2105 horum
3836 2072 3847 2077 ·

2217 2147 2503 2199 concordia
2579 2147 2753 2200 omnis
2805 2146 3132 2199 harmonicze
3201 2145 3427 2198 intentio
3495 2144 3792 2197 misceatur.

2220 2243 2395 2309 Atque
2426 2241 2477 2293 in
2517 2256 2581 2293 eo
2620 2242 2849 2294 maxime
2877 2240 3255 2293 Aristoxenum
3315 2253 3378 2291 ac
3420 2238 3795 2308 Pythagoricos

2218 2336 2584 2403 reprehendit,
2642 2335 2783 2403 quod
2845 2335 3198 2388 Aristoxenus
3242 2332 3371 2385 nihil
3436 2332 3656 2395 rationi,
3714 2330 3796 2383 sed

2222 2440 2428 2484 tantum
2460 2432 2709 2485 sensibus
2737 2430 2926 2493 credit,
2963 2429 3345 2499 Pythagoricos
3394 2438 3580 2480 autem
3614 2425 3627 2475 i
3670 2424 3797 2494 quod

2222 2524 2497 2576 minimum
2530 2524 2801 2588 sensibus,
2828 2521 3113 2590 plurimum
3157 2528 3331 2573 tamen
3365 2502 3800 2587 proportionibus

2202 2614 2443 2687 gratiOnis
2468 2615 2759 2683 invigilent.

2836 2724 3061 2780 CAPUT
3102 2723 3188 2776 III.

2224 2816 2289 2871 In
2335 2835 2433 2888 quo
2479 2820 2808 2870 Aristoxenus
2855 2817 2932 2869 vel
2982 2812 3314 2883 Pythagorici
3366 2812 3447 2863 vel
3496 2808 3801 2862 Ptolema’tu

2365 2890 2661 2958 gravitatem
2690 2900 2837 2955 atque
2858 2902 3070 2939 acumen
3105 2893 3339 2937 constare
3359 2889 3668 2951 posuerunt.

2294 3000 2554 3063 Quoniam
2578 3014 2705 3053 vero
2728 3013 2915 3052 sonum
2940 3012 3060 3051 esse
3081 3009 3268 3049 omnes
3298 2994 3653 3048 consentiunt
3676 2992 3805 3046 aeris

538 3120 831 3184 recidatur,
863 3118 945 3172 vel
969 3117 1259 3186 quadrupla
1283 3118 1656 3178 constituatur,
1678 3112 1762 3165 vel
1786 3126 1910 3179 pars
1930 3118 2116 3179 quarta

2224 3092 2643 3161 percussionem,
2673 3090 2945 3160 gravitatis
2976 3097 3132 3155 atque
3161 3086 3424 3139 acuminis
3454 3084 3806 3138 differentiam

536 3204 811 3262 resecetur
841 3222 1016 3261 nonne
1040 3205 1374 3274 impossibile
1400 3205 1467 3257 sit
1490 3202 1692 3263 sensui,
1714 3201 1813 3253 nisi
1841 3199 2119 3265 integritas

537 3278 760 3350 rationis
778 3281 1016 3357 accedat,
1036 3295 1136 3347 hoc
1164 3295 1304 3359 ideo,
1330 3294 1451 3361 quia
1480 3306 1572 3360 per
1598 3302 1879 3357 processus
1904 3287 2118 3356 quidem

537 3386 732 3438 rationi
766 3387 912 3439 locus
939 3386 1215 3458 accrescit,
1241 3383 1419 3437 deficit
1452 3381 1653 3435 sensui.
1699 3380 1755 3433 Si
1802 3381 1943 3432 enim
1975 3374 2122 3431 oeta-

537 3492 655 3529 vam
687 3485 887 3544 partem
922 3460 1208 3543 propositae
1236 3474 1390 3526 lineae
1418 3472 1629 3525 auferre
1659 3469 1852 3537 aliquis
1882 3469 2118 3536 impere-

539 3574 646 3629 tur,
682 3566 764 3621 vel
794 3564 1032 3632 ejusdem
1065 3566 1331 3631 octuplam
1363 3562 1509 3615 dare
1531 3571 1773 3629 cogatur,
1812 3559 1972 3612 t0tius
1998 3557 2119 3624 qui-

537 3657 659 3710 dem
704 3654 732 3693 ἀ
781 3656 1056 3710 dimidiam
1106 3670 1318 3710 sumere
1372 3652 1730 3720 compellitur,
1781 3649 2121 3717 dimidimque

536 3748 835 3817 dimidiam,
868 3758 927 3801 ut
953 3749 1244 3816 sitquarta,
1278 3755 1483 3814 quartm
1532 3754 1554 3780 θ
1587 3758 1707 3810 quae
1731 3740 2033 3805 dimidium,
2065 3748 2122 3792 ut

535 3840 607 3893 sit
634 3848 840 3893 octava.
876 3838 1189 3908 Rursusque
1234 3837 1395 3891 totius
1428 3835 1667 3902 duplam,
1703 3832 1987 3901 duplaeque
2025 3830 2121 3884 du-

535 3932 701 4000 plam,
735 3941 791 3983 ut
813 3931 883 3983 sit
910 3928 1226 3997 quadrupla,
1258 3926 1673 3996 quadruplreque
1703 3923 1938 3992 daplam,
1970 3929 2026 3973 ut
2054 3922 2123 3973 sit

534 4021 770 4087 octupla.
824 4018 1004 4085 Itaque
1050 4020 1100 4069 in
1149 4026 1293 4070 tanta
1349 4030 1527 4068 rerum
1574 4013 1958 4067 numerositate
1989 4011 2122 4065 nihil

537 4107 705 4161 efficit
733 4120 941 4160 sensus.
972 4104 1137 4173 Cujus
1179 4120 1338 4159 omne
1379 4104 1637 4172 judicium
1683 4104 1939 4165 subitum,
1963 4112 2123 4172 atque

535 4196 588 4251 in
612 4196 896 4264 superficie
926 4194 1156 4262 positum
1204 4194 1560 4263 integritatem
1592 4192 2123 4261 persecutionemque

534 4300 641 4340 non
666 4287 918 4354 explicat.
945 4285 1152 4341 Idcirco
1182 4300 1287 4339 non
1330 4293 1413 4339 est
1440 4284 1647 4337 aurium
1673 4283 1856 4337 sensui
1887 4282 2122 4336 dandum

532 4392 692 4430 omne
733 4376 1014 4445 judicium,
1057 4376 1149 4431 sed
1195 4375 1498 4430 exhibenda
1531 4383 1613 4428 est
1647 4375 1807 4427 etiam
1841 4375 1977 4427 ratio
2003 4388 2123 4442 quae

532 4472 798 4518 errantem
845 4480 1061 4521 sensqu
1123 4476 1275 4534 regat
1317 4480 1381 4519 ac
1433 4474 1719 4533 temperet,
1770 4480 1874 4533 qua
1935 4465 2121 4517 labens
2154 4483 2206 4541 Ι)

533 4567 726 4606 sensus
751 4553 1115 4623 deficiensque
1172 4556 1337 4608 veluti
1364 4554 1553 4607 baculo
1584 4552 1858 4605 innitatur.
1894 4551 2024 4605 Nam
2069 4560 2125 4605 ut

534 4642 758 4709 singulae
807 4653 949 4696 artes
989 4645 1184 4698 habent
1233 4646 1585 4697 instrumenta
1638 4642 1882 4710 qua-dam
1934 4642 2125 4711 quibus

536 4734 729 4799 partim
784 4733 1002 4787 confuse
1039 4733 1240 4803 aliquid
1290 4734 1581 4787 informent
1628 4740 1687 4784 ut
1737 4729 1754 4767 ί
1807 4732 2121 4799 asciculum,

534 4822 726 4891 partim
752 4836 881 4875 vero
911 4822 1051 4889 quod
1081 4832 1163 4876 est
1203 4823 1465 4889 integrum
1495 4820 1897 4888 deprehendat,
1929 4828 1988 4872 ut
2015 4819 2125 4872 cir-

532 4917 733 4971 cinum.
786 4916 861 4969 Ita
906 4917 1066 4971 etiam
1115 4916 1420 4969 harmouiea
1454 4916 1534 4967 vis
1565 4916 1725 4968 habet
1767 4914 1903 4966 duas
1938 4912 2126 4980 judicii

534 5015 716 5074 partes
749 5023 760 5057 :
798 5020 958 5058 unam
984 5003 1199 5073 quidem
1234 5003 1559 5072 hujusmodi,
1601 5017 1695 5071 per
1725 5016 1883 5070 quam
1934 5016 2126 5055 sensus

533 5095 941 5163 comprehendit
970 5093 1331 5162 subjectorum
1354 5092 1687 5147 differentias
1713 5106 1905 5145 vocum
1925 5132 1939 5157 ,
1968 5092 2126 5145 aliam

535 5207 666 5245 vero
693 5208 967 5260 perquam
1001 5192 1235 5259 ipsarum
1264 5190 1687 5245 differentiarum
1719 5189 1939 5243 modum
1970 5204 2126 5243 men-

458 5344 479 5365 ]
532 5296 819 5350 auramque
850 5280 1182 5335 considerat.

1164 5369 1391 5423 CAPUT
1432 5369 1501 5421 ΙΙ.

2224 3183 2429 3237 diversa
2454 3182 2660 3235 ratione
2686 3181 2971 3249 ponebant,
2998 3174 3368 3232 Aristoxenum
3398 3176 3572 3229 secuti
3617 3184 3673 3228 et
3711 3173 3807 3242 Py-

2226 3273 2503 3342 thagorici.
2563 3262 2913 3326 Aristoxenus
2959 3270 3153 3339 quippe
3197 3282 3453 3322 sonorum
3484 3266 3808 3320 differentias

2224 3366 2513 3419 secundum
2557 3365 2893 3433 gravitatem,
2925 3371 3081 3430 atque
3129 3374 3351 3414 acumen
3382 3358 3413 3395 ιι
3444 3359 3737 3412 arbitratur
3764 3360 3809 3411 in

2225 3455 2478 3523 qualitate
2507 3453 2838 3517 consistere;
2873 3449 3205 3522 Pythagorici
3251 3462 3379 3501 vero
3421 3447 3475 3501 in
3522 3447 3809 3517 quantitate

2226 3542 2511 3612 ponebant.
2565 3543 2882 3597 Ptolemaeus
2931 3549 3107 3594 autem
3172 3537 3545 3607 Pythagoricis
3604 3537 3809 3607 propior

2226 3633 2456 3687 videtur.
2517 3632 2716 3686 Idcirco
2770 3632 3018 3700 quoniam
3070 3630 3182 3697 ipse
3230 3642 3445 3696 quoque
3498 3628 3810 3695 gravitatem

2225 3730 2383 3791 atque
2411 3738 2632 3776 acumen
2663 3738 2768 3775 nou
2801 3723 2851 3775 in
2877 3720 3132 3790 qualitate
3166 3727 3335 3788 putat,
3368 3718 3464 3770 sed
3514 3719 3569 3770 in
3605 3720 3809 3786 quanti-

2226 3821 2333 3867 tate
2356 3812 2626 3867 constitui.
2663 3812 2872 3865 Etenim
2904 3811 3155 3880 spissiora
3191 3824 3255 3862 ac
3283 3807 3568 3862 subtiliora
3594 3821 3811 3875 corpora

2226 3916 2475 3965 acumen,
2492 3902 2696 3955 rariora
2722 3912 2774 3955 et
2798 3901 3028 3954 vastiora
3051 3898 3210 3953 edere
3237 3898 3581 3967 gravitatem,
3608 3907 3668 3950 ut
3688 3895 3813 3949 nihil

2227 4006 2369 4045 nunc
2414 3992 2481 4045 de
2521 3990 2836 4044 intensionis
2883 3988 3332 4056 relaxationisque
3377 3986 3543 4041 modo
3587 3987 3809 4052 dicatur.

2227 4080 2538 4147 Quanquam
2588 4078 2745 4132 etiam
2795 4092 2913 4129 cum
2967 4076 3235 4130 relaxatur
3269 4071 3286 4110 1
3318 4074 3496 4143 aliqua
3538 4074 3690 4143 quasi
3751 4074 3815 4126 sit

2227 4170 2399 4222 rarius
2440 4178 2598 4237 atque
2640 4166 2889 4230 crassius,
2932 4181 3051 4219 cum
3096 4179 3223 4220 vero
3262 4165 3557 4220 intenditur
3595 4164 3819 4234 spissius

2228 4260 2488 4325 redditur,
2520 4258 2871 4328 subtiiiusque
2904 4265 3170 4311 tenuatur.

2857 4372 3079 4427 CAPUT
3118 4371 3207 4425 IV.

2402 4466 2475 4519 De
2498 4482 2736 4519 sonorum
2763 4464 3070 4530 di/fercutiis
3100 4463 3370 4515 Ptolemwi
3400 4464 3678 4517 sententia.

2303 4555 2395 4608 Ilis
2416 4565 2452 4591 ω
2470 4555 2624 4623 igitur
2652 4555 2721 4607 ita
2742 4552 3022 4622 expeditis,
3056 4552 3382 4606 differentias
3412 4567 3676 4606 sonorum
3704 4552 3817 4606 Ptoo

2232 4645 2453 4699 lemaeus
2479 4654 2505 4679 υ
2535 4644 2723 4698 dividit
2759 4645 2858 4698 hoc
2900 4643 3060 4697 modo
3094 4660 3106 4696 :
3143 4643 3341 4697 Vocum
3364 4644 3489 4697 alia:
3534 4654 3664 4698 sunt
3708 4644 3821 4696 uni-

2234 4752 2400 4802 sona-,
2451 4738 2567 4790 alia:
2615 4737 2866 4790 minimae.
2916 4735 3167 4790 Unisona:
3209 4744 3353 4801 sunt,
3410 4752 3642 4803 quarum
3692 4750 3821 4790 unus

2234 4839 2396 4878 souus
2425 4834 2525 4891 est,
2558 4828 2637 4879 vel
2679 4826 2729 4878 iu
2760 4824 2923 4894 gravi,
2969 4825 3049 4880 vel
3098 4826 3151 4879 in
3195 4837 3372 4879 acuto.
3416 4826 3536 4879 Non
3585 4827 3822 4880 unisonz

2235 4932 2391 4980 vero;
2428 4915 2635 4984 quando
2672 4916 2769 4969 alia
2799 4925 2881 4969 est
2921 4916 3152 4984 gravior,
3200 4914 3303 4967 alia
3348 4915 3583 4969 acutior.
3630 4916 3824 4969 Ilarnm

2234 5009 2423 5077 partim
2454 5008 2523 5061 ita
2556 5018 2697 5073 sunt,
2728 5017 2784 5061 ut
2826 5023 3008 5062 earum
3040 5008 3178 5062 inter
3229 5023 3285 5061 se
3332 5008 3639 5062 differentia
3680 5022 3822 5061 com-

2234 5102 2379 5155 muni
2412 5100 2517 5155 fine
2551 5100 2822 5169 jungatur.
2877 5101 2990 5154 Non
3064 5101 3204 5154 enim
3253 5100 3484 5155 discreta
3537 5110 3641 5165 est,
3678 5102 3768 5153 sed
3798 5114 3823 5149 a

2234 5193 2380 5261 gravi
2412 5179 2461 5244 in
2487 5201 2698 5248 acutum
2743 5192 2812 5246 ita
2856 5192 3155 5256 deducitur,
3195 5202 3251 5244 ut
3277 5193 3531 5246 continua
3560 5192 3822 5244 videatur.

2235 5282 2369 5334 Alite
2419 5274 2546 5335 vero
2576 5272 2719 5335 sunt
2765 5297 2868 5335 non
2918 5282 3197 5343 unisonre,
3248 5297 3471 5349 quarum
3528 5281 3822 5335 differentia

2235 5373 2447 5427 silentio
2467 5374 2852 5428 interveniente
2874 5374 3234 5442 distinguitur,
3265 5383 3323 5426 ut
3352 5388 3479 5426 vero
3499 5389 3662 5425 voces
3684 5386 3823 5424 com-

536 5461 674 5524 Quid
725 5462 805 5514 sid
869 5461 1164 5514 Itarmouica
1214 5461 1423 5531 regula,
1478 5461 1553 5513 vel
1599 5476 1752 5527 quam
1801 5462 2127 5513 intentionem
2162 5526 2179 5533 7_
2233 5464 2377 5516 muni
2410 5463 2840 5534 finejungantur,
2878 5463 2934 5517 fit
2964 5464 3065 5516 hoc
3096 5463 3252 5515 modo
3286 5481 3300 5517 :
3335 5463 3483 5517 Sicut
3517 5463 3661 5516 enim
3706 5475 3822 5516 cum

611 5580 637 5650 ⁸.
672 5569 970 5650 Marianum.
1047 5570 1074 5608 δ
1104 5571 1319 5623 Tonum.
1384 5581 1404 5607 ⁸³
1442 5568 1536 5621 Ve.
1597 5568 1621 5604 d
1651 5568 2048 5623 Dimidielatem.

2224 5570 2304 5650 fon
2350 5574 2550 5650 legitur.
2636 5574 2662 5650 ίᾼ
2684 5576 2972 5650 Ascicplum
2998 5573 3274 5650 Calcpiuus
3307 5590 3326 5627 :
3354 5574 3629 5626 Asciacum
3660 5590 3687 5625 (-
3717 5583 3821 5641 post

538 5655 563 5721 ξ
590 5643 931 5721 ᾳςιει-ριιάρηιζυ
962 5644 1341 5721 tamenim-igni
1369 5642 1757 5721 instrurncntunt
1782 5652 1879 5721 est.
1932 5641 2106 5721 Hujus
2153 5643 2508 5696 diminutivum
2557 5646 2769 5697 asriola.
2820 5645 2948 5697 Inde
2972 5641 3157 5697 textui-tt
3183 5646 3264 5695 hic
3290 5655 3589 5708 corruptum
3622 5648 3817 5699 οιιὶηειν.

543 5718 565 5756 ⁸
598 5710 805 5778 ΡΨῙΜΞΓ
831 5716 919 5764 “‘-
998 5709 1415 5789 Ῐ¹Ιὺίι1οίλυιιιιιζι
1506 5710 1516 5747 ί
1552 5709 1898 5765 Τεηίίεηάιιηι.
1982 5709 2183 5781 Γρηὶα.
2248 5714 2267 5749 ιι
2295 5716 2669 5771 Arbitraba'ur.
2755 5715 3016 5783 ‘Aliquid.
3071 5725 3106 5751 η’
3134 5714 3256 5767 Non
3286 5716 3490 5781 tegitur.
3569 5724 3596 5751 υ
3621 5714 3817 5767 Dirisit.
