4020 6352
292 407 427 463 1289
1578 393 1665 447 DF.
1702 386 1920 444 IIL'SICt

2025 384 2112 439 .IB.
2160 384 2221 438 ν.
3416 370 3548 421 11ἲο

288 525 341 578 in
373 521 600 576 nubibus
637 531 792 573 arcus
828 514 1102 585 aspicitur,
1135 512 1205 567 lta
1249 510 1457 565 colores
1497 506 1710 561 sibimet
1748 507 1872 560 sunt
1902 497 1952 557 Α
1978 495 2146 551 modis
2202 496 2457 564 diapa~ou
2506 488 2722 561 quidem
2782 486 3002 585 duplici,
3046 483 3376 584 diatessaron
3420 496 3547 585 vero

290 613 515 684 proximi
550 631 562 667 :
588 623 640 665 nt
671 626 775 663 non
807 570 1235 668 sitcertuslinis,
1262 616 1381 657 cum
1409 600 1541 654 alter
1565 599 1630 651 ab
1651 597 1820 650 altero
1844 602 1866 628 ι
1972 586 2337 655 διιείιιιίιειιὶο,
2380 599 2442 639 ac
2476 584 2724 652 diapente
2765 576 3121 682 sesquialtero
3145 570 3548 684 e-j'ungtintlil’y-

670 702 775 757 Sed
805 703 873 755 ita
902 698 1047 755 verbi
1087 664 1254 767 gratia
1300 708 1329 747 a
1368 691 1529 747 rubro
1556 686 1780 744 discedit
1802 684 1868 739 ad
1974 677 2253 747 thagorici,
2280 691 2345 731 ex
2369 674 2604 731 secundo
2629 673 2785 742 hujus
2808 667 3157 725 institu'ionis
3177 665 3390 720 Blusit-ze
3420 664 3556 717 libro

291 768 565 867 paliidtim,
598 804 656 848 ut
690 792 790 863 ‘per
831 792 1137 845 continuam
1170 784 1515 847 mutationem
1561 781 1613 835 in
1648 793 1873 848 seqtten-
1977 779 2166 841 quarto
2193 768 2478 840 petendum
2507 778 2590 823 est

293 896 401 941 tem
427 895 665 941 vertatur
694 884 952 947 colorem,
982 880 1130 943 nullo
1158 872 1333 932 medio
1359 882 1613 942 certoque
1643 871 1876 924 interve-

294 979 493 1043 niente,
523 977 610 1048 qui
640 985 895 1046 utrosque
919 974 1242 1043 distinguat;
1268 970 1338 1022 ita
1388 966 1549 1023 etiam
1599 962 1711 1039 fieri
1743 961 1878 1017 solet

228 1128 235 1131 ,
294 1072 348 1125 in
372 1069 609 1134 vocibus,
633 1076 691 1121 ut
728 1068 771 1121 si
815 1067 933 1136 quis
965 1063 1223 1134 percutiat
1248 1072 1467 1114 nervum
1497 1068 1724 1123 cumque
1752 1052 1878 1105 dum

297 1162 530 1232 percutit
569 1168 831 1231 torqueat,
864 1158 1040 1213 evenit
1068 1166 1124 1211 ut
1171 1156 1223 1209 in
1270 1151 1527 1223 principio
1555 1148 1735 1219 pulsus
1762 1160 1879 1215 gra—

294 1254 413 1307 vior
436 1253 525 1320 sit,
547 1252 673 1307 dum
706 1260 980 1321 torquetur
1006 1263 1132 1304 vero
1159 1264 1262 1302 vox
1296 1245 1383 1300 illa
1408 1250 1679 1308 tenuetur,
1713 1238 1880 1303 conti-

298 1344 495 1414 nuique
528 1344 655 1397 fiant
679 1342 854 1413 gravis
880 1342 1024 1396 vocis
1055 1338 1259 1395 sonitus
1284 1348 1340 1392 et
1367 1343 1557 1391 acutte.

2586 968 2814 1025 CAPUT
2847 966 2957 1022 VII.

1956 1150 1967 1155 -
1988 1109 2134 1174 Quod
2161 1105 2491 1176 reprehendat
2528 1103 2832 1176 Ptolemauts
2868 1099 3233 1169 Pythagoricos
3274 1096 3326 1149 in
3357 1110 3564 1148 numero

2218 1174 2223 1201 Τ
2570 1174 2991 1244 propositionum.
3474 1179 3491 1196 '

2059 1311 2426 1382 Reprehendit
2507 1318 2683 1363 autem
2756 1306 3137 1377 Pythagoricos
3207 1303 3569 1361 Ptolemaeus.

1989 1414 2261 1473 totamque
2306 1416 2426 1457 eam
2484 1415 2641 1469 quam
2703 1397 2973 1468 praedictis
3028 1396 3177 1451 libris
3230 1395 3572 1463 exposuimus

1988 1492 2499 1550 demonstrationem
2532 1490 2773 1560 pluribus
2805 1487 2998 1554 modis,
3033 1486 3083 1540 in
3114 1500 3219 1555 quo
3250 1494 3416 1539 totum
3446 1481 3573 1536 illud

1990 1585 2148 1640 etiam
2186 1583 2330 1654 quod
2376 1582 2709 1637 diatessaron
2748 1596 2812 1636 ac
2858 1581 3109 1650 diapente
3146 1575 3497 1647 seSquialtero
3526 1582 3576 1629 et

1989 1675 2334 1745 sesquitertio
2364 1673 2723 1743 conjungunt,
2760 1673 2814 1727 in
2846 1670 3061 1741 reliquis
3097 1685 3225 1725 vero
3255 1666 3577 1737 supcrparti-

369 1780 504 1835 Cum
534 1779 693 1847 igitur
723 1793 828 1833 non
862 1778 1205 1833 unisonarum
1232 1788 1419 1829 vocum
1458 1772 1573 1826 alia:
1620 1771 1729 1826 sint
1758 1784 1886 1823 con-
1991 1766 2279 1834 cularibus,
2328 1780 2449 1820 cum
2484 1763 2726 1833 ejusdem
2758 1764 2862 1817 sint
2893 1760 3129 1833 generis,
3158 1759 3330 1814 nullas
3363 1759 3578 1812 omnino
3626 1776 3634 1787 ι

300 1872 490 1939 tinum,
526 1869 644 1923 aliae
670 1869 982 1939 disgregata:
1004 1913 1018 1936 ,
1048 1867 1313 1921 continuae
1337 1864 1549 1935 quidem
1583 1853 1715 1916 tales
1742 1870 1885 1927 sunt,
1921 1874 1968 1936 Β
1994 1862 2261 1932 applicent
2288 1856 2687 1915 consonantias.

302 1970 363 2015 ut
391 1961 530 2015 inter
551 1974 609 2013 se
634 1974 817 2014 earum
846 1958 1146 2013 differentia
1180 1954 1448 2011 communi
1495 1954 1599 2007 fine
1638 1952 1891 2023 jungatur

303 2066 403 2107 nec
448 2051 639 2105 habeat
679 2052 853 2105 locum
901 2050 1234 2119 designatum
1284 2063 1386 2101 vox
1424 2054 1578 2101 acuta
1610 2046 1892 2116 gravisque

301 2159 461 2214 quem
495 2152 728 2198 teneant.
766 2144 1017 2197 Discretze
1057 2156 1186 2197 vero
1214 2140 1413 2196 habent
1447 2138 1690 2210 proprios
1722 2138 1888 2202 locos,

306 2237 391 2291 vel
422 2237 497 2291 uti
526 2236 735 2290 colores
760 2228 1104 2305 impermixti,
1132 2248 1357 2303 quorum
1380 2231 1678 2287 differentia
1705 2228 1895 2284 visitur

308 2343 407 2382 suo
453 2326 680 2397 quodam
722 2327 839 2381 luco
886 2326 1193 2380 constituta.
1231 2324 1510 2379 Continuat
1546 2322 1761 2393 quidem
1788 2335 1892 2377 non
2666 2396 2671 2397 γ
3053 2392 3085 2397 η
3330 2382 3333 2385 Α

308 2418 548 2473 uuisona:
594 2431 751 2472 voces
790 2418 859 2472 ab
907 2418 1216 2471 harmonica
1260 2415 1511 2469 facultate
1554 2421 1893 2484 separantur.

2075 2400 2268 2456 Probat
2317 2408 2493 2454 antem
2543 2412 2609 2453 ex
2647 2396 2900 2465 diaptson
2943 2402 2996 2448 et
3036 2392 3366 2447 diatessaron
3395 2405 3587 2459 qnam-

308 2510 442 2565 Sunt
489 2510 630 2564 enim
680 2509 778 2563 sibi
828 2508 956 2577 ipsis
1000 2506 1305 2573 diasimilcs,
1353 2521 1453 2560 nec
1494 2482 1656 2559 unum
1697 2498 1923 2573 aliquid
2002 2494 2124 2549 dam
2169 2492 2546 2562 sympho.:iam
2598 2489 2713 2543 fieri
2757 2488 2859 2542 hoc
2898 2486 3075 2541 mado.
3112 2482 3427 2577 Quoniamd
3452 2485 3591 2537 enim

319 2610 687 2671 personantes.
729 2573 982 2653 Discreta:
1014 2613 1141 2653 vero
1173 2611 1330 2651 voces
1358 2596 1683 2650 Itarmonica:
1728 2594 1898 2663 subji-
2006 2586 2265 2653 diapason
2301 2579 2648 2637 consonantia
2701 2579 2860 2633 talem
2894 2577 3041 2632 vocis
3068 2574 3237 2631 efﬁcit
3266 2573 3593 2643 ccttjunctio-

313 2692 527 2747 cinntur
551 2693 672 2747 arti.
706 2692 889 2746 Potest
914 2692 1054 2746 enim
1086 2689 1397 2746 distantium
1429 2689 1641 2759 sibique
1662 2686 1899 2743 dissimi-
2007 2695 2152 2745 item,
2181 2686 2239 2732 ιιι
2268 2693 2404 2731 unus
2434 2685 2594 2747 atque
2619 2675 2759 2731 idem
2791 2689 2984 2729 nervus
3010 2688 3128 2728 esse
3146 2672 3409 2737 videatur,
3436 2671 3594 2740 idque

315 2786 443 2840 lium
493 2801 678 2840 vocum
726 2784 1025 2839 diti'erentia
1066 2782 1415 2852 deprehendi,
1458 2782 1510 2836 in
1556 2780 1747 2852 quibus
1782 2796 1902 2851 qua:
2010 2770 2346 2842 Pythagorici
2388 2784 2601 2839 quoque
2648 2767 3015 2834 consentiunt,
3047 2768 3297 2835 quocirca
3329 2764 3371 2818 si
3403 2778 3505 2832 qua
3546 2763 3595 2817 ei

318 2876 513 2947 iunctm
558 2868 773 2932 efficere
825 2876 994 2930 melos
1044 2876 1285 2946 possint,
1338 2876 1568 2946 ἐμμελεὶς
1632 2873 1901 2938 dicuntur,
2007 2862 2358 2918 COIISOllaniIiI
2391 2860 2550 2914 fuerit
2578 2860 2777 2926 addita,
2802 2860 3005 2928 integra
3032 2857 3388 2926 inviolataque
3419 2870 3595 2910 serva-

319 2969 537 3037 ἕκμιλεὶς
568 2977 742 3023 autem
771 2967 960 3038 quibus
988 2966 1184 3037 junctis
1214 2966 1351 3022 effici
1384 2981 1487 3020 non
1513 2975 1705 3036 potest.
2013 2964 2118 3008 tur.
2152 2954 2223 3007 Ita
2253 2953 2394 3008 enim
2424 2953 2677 3019 diapason
2709 2951 3075 3005 consonantiae
3105 2949 3321 3003 additur
3348 2961 3596 3017 tanquam

918 3050 930 3073 ‘
2011 3046 2103 3101 uni
2144 3061 2325 3100 nervo.
2352 3046 2432 3100 Sit
2472 3046 2632 3115 ig'tur
2656 3043 2913 3110 diagason
2953 3042 3301 3098 consonantia
3330 3057 3449 3111 qua:
3469 3056 3600 3095 eon-

2014 3138 2247 3193 tineatur
2268 3138 2403 3191 in'er
2431 3136 2663 3207 hypaton
2694 3150 2878 3189 meson
2902 3144 2953 3189 et
2978 3142 3136 3189 neten
3160 3134 3599 3197 diezeugmenmi.

2017 3229 2254 3299 Utraque
2306 3230 2419 3282 haec
2475 3229 2547 3281 ita
2618 3226 2719 3280 sibi
2771 3226 3058 3289 consentit,
3100 3234 3122 3261 ε’
3156 3233 3210 3277 at
3261 3224 3603 3293 coajungitnr

2020 3336 2175 3383 sono,
2203 3330 2259 3374 ut
2282 3336 2383 3373 una
2410 3334 2512 3373 vtix
2534 3319 2683 3388 quasi
2708 3317 2862 3371 unius
2886 3316 3054 3375 nervi,
3073 3330 3178 3369 non
3202 3314 3351 3385 quasi
3376 3313 3603 3368 duornnt

920 1509 1155 1595 'CAPUT
1198 1508 1262 1562 v.

595 1648 719 1714 Qua:
748 1662 889 1702 voces
912 1644 1259 1700 enharmonia’
1297 1650 1413 1695 sunt
1444 1650 1601 1711 aptae.

2590 2057 2820 2114 CAPUT
2866 2058 2995 2111 VIII.

1998 2196 2373 2251 Demonstratio
2413 2195 2689 2250 secundum
2740 2192 3074 2272 Ptoleiitwum
3122 2190 3373 2259 diapason
3401 2199 3446 2241 et
3473 2188 3587 2240 dia-

2494 2277 2721 2319 tessaron
2752 2272 3114 2317 εοηεοιιαηιιω.

946 3138 1172 3195 CAPUT
1218 3139 1302 3195 VI.

361 3271 527 3339 Quem
550 3287 812 3327 numerum
843 3272 1230 3340 praportionum
1264 3268 1592 3340 Pythagorici
1618 3250 1895 3325 statuunt.»
1937 3254 1983 3317 (ι

392 3403 658 3459 Consonze
702 3415 879 3459 autem
933 3413 1194 3459 vocantur
1240 3420 1358 3475 quae
1411 3406 1674 3475 c0pulatm
1715 3406 1919 3461 mixtos

228 3500 237 3507 ’
327 3510 623 3567 suavesque
655 3497 894 3552 el’ticinnt
924 3506 1103 3554 sonos.
1132 3498 1374 3554 Dissona:
1395 3514 1523 3553 vero
1542 3514 1658 3570 qna:
1678 3499 1916 3555 minime.

302 3586 402 3645 .Et
428 3587 527 3641 hoc
555 3588 769 3657 quidem
809 3598 893 3643 est
928 3588 1201 3643 Ptolemaei
1232 3589 1299 3644 de
1330 3604 1585 3645 sonorum
1616 3589 1918 3645 differentia

332 3678 612 3748 iudicium.
640 3680 787 3735 Nnnc
812 3690 992 3735 autem
1021 3682 1146 3751 quid
1173 3696 1205 3735 a
1235 3684 1443 3737 ceteris
1471 3683 1686 3737 musicis
1716 3683 1767 3736 in
1793 3698 1922 3738 con-

334 3772 697 3824 sonantiarum
734 3772 996 3840 positione
1035 3771 1301 3825 disteterit
1339 3772 1624 3827 dicendum
1664 3771 1875 3827 videtur
1909 3790 1920 3824 :

338 3862 674 3933 Pythagorici
710 3864 857 3917 enim
896 3865 1269 3916 consonantias
1296 3864 1545 3931 diapente
1573 3878 1635 3918 ac
1666 3856 1923 3918 diatessa-

335 3968 435 4008 ron
468 3953 738 4020 simplices
766 3952 1109 4016 arbitrantur,
1148 3961 1306 4022 atque
1334 3968 1397 4007 ex
1439 3953 1522 4006 his
1552 3968 1712 4008 unam
1742 3954 1925 4023 diapa-

334 4058 438 4098 son
487 4046 888 4098 consonantiam
932 4043 1181 4113 jungunt,
1210 4059 1330 4100 esse
1376 4045 1535 4100 etiam
1584 4046 1833 4115 diapente
1862 4060 1925 4099 ac

338 4138 619 4208 diapason,
646 4149 700 4192 et
728 4138 806 4193 bis
826 4138 1106 4209 diapason,
1139 4138 1280 4193 illam
1304 4138 1330 4176 δ
1355 4139 1598 4209 triplicis,
1625 4140 1763 4195 hanc
1790 4154 1925 4209 qua-

337 4209 538 4300 drup.li.
570 4230 835 4299 Diapason
878 4246 1010 4285 vero
1034 4246 1095 4285 ac
1141 4231 1475 4287 diatessaron
1521 4234 1926 4288 consonantiam

344 4338 465 4377 esse
493 4338 599 4376 non
629 4323 910 4402 aestimant,
938 4322 1136 4377 idcirco
1162 4325 1411 4393 quoniam
1437 4338 1540 4378 non
1570 4324 1786 4394 insuper
1809 4340 1930 4394 par-

347 4412 555 4465 tirulari
601 4412 685 4466 vel
735 4411 1011 4480 multiplici
1064 4411 1204 4466 cadit
1256 4417 1679 4481 comparatione,
1731 4414 1823 4469 sed
1874 4415 1926 4469 in

349 4503 625 4572 multiplici
672 4502 1115 4572 superpartiente.
1161 4501 1256 4556 Est
1295 4504 1437 4557 enim
1496 4503 1613 4558 lure
1658 4505 1930 4574 propertio

2020 3414 2183 3467 mixta
2217 3412 2377 3482 pellat
2411 3410 2673 3464 auditum.
2732 3408 3118 3476 Quatncunqne
3150 3406 3309 3476 igitur
3340 3404 3464 3459 huic
3493 3404 3607 3458 dia«

2025 3520 2188 3575 Iason
2231 3504 2598 3559 consonantia:
2636 3502 3040 3556 consonantiam
3094 3500 3449 3567 junxerimns,
3491 3515 3611 3553 ser-

2023 3606 2181 3651 Vatur
2213 3596 2439 3664 integra,
2457 3594 2579 3663 quia
2606 3592 2990 3662 itajungnntur
3009 3600 3259 3661 tanquam
3293 3592 3381 3645 ttni
3408 3592 3611 3645 vocnlta

2024 3705 2085 3744 ac
2118 3704 2299 3743 nervo.
2347 3687 2404 3741 Si
2446 3688 2604 3753 igitur
2642 3686 2836 3754 hypate
2877 3698 3060 3737 meson
3094 3693 3144 3737 et
3187 3697 3344 3737 ne:en
3392 3683 3612 3737 diezeu-

2025 3792 2252 3849 gmenon
2286 3776 2403 3829 dum
2449 3776 2499 3828 in
2535 3784 2749 3829 acutum
2781 3772 3118 3827 diatessaron
3150 3771 3351 3826 fuerint
3388 3771 3611 3841 jnnctm,

2032 3867 2051 3906 ί
2079 3870 2122 3922 si
2163 3867 2507 3936 conjungitur
2537 3876 2660 3919 nete
2692 3863 2911 3934 quidem
2941 3863 3006 3917 du
3028 3877 3362 3932 zeugmenon
3403 3877 3464 3917 ea
3495 3878 3613 3931 quae

2028 3968 2113 4015 est
2153 3969 2273 4015 nete
2324 3954 2710 4028 hyperboleon,
2745 3954 2941 4025 hypate
2972 3962 3149 4007 autem
3182 3967 3367 4008 meson
3396 3967 3456 4007 ea
3488 3948 3608 4022 quae

2028 4060 2111 4107 est
2143 4064 2309 4113 mese,
2353 4058 2577 4118 utraque
2608 4047 2672 4101 ad
2700 4054 2983 4116 utramque
3012 4044 3352 4109 consonabit,
3384 4054 3437 4099 et
3466 4059 3614 4099 mese

2031 4142 2097 4196 ad
2131 4150 2287 4196 neten
2329 4140 2772 4210 diezeugmenon,
2808 4146 2861 4192 et
2890 4137 3077 4191 eadem
3109 4151 3255 4191 mese
3286 4136 3350 4190 ad
3383 4136 3612 4206 hypaten

2032 4249 2239 4288 meson.
2274 4234 2400 4285 ltem
2434 4239 2556 4285 nete
2586 4228 2951 4299 hyperboleon
2979 4227 3045 4281 ad
3078 4237 3238 4281 neten
3270 4225 3615 4294 diezeugme—

2034 4338 2139 4378 non
2191 4331 2246 4376 et
2297 4320 2361 4373 ad
2414 4321 2639 4390 hypaten
2685 4334 2891 4374 meson.
2936 4317 3064 4372 Item
3117 4316 3159 4370 si
3205 4316 3270 4371 ad
3319 4315 3616 4386 graviorem

2008 4480 2009 4483 η
2036 4424 2242 4485 partem
2266 4423 2290 4460 8
2314 4415 2589 4483 utriusque
2617 4412 2947 4466 diatessaron
2981 4412 3347 4465 consonantee
3374 4410 3621 4465 relaxen-

2041 4518 2147 4572 tnr,
2178 4506 2279 4561 erit
2307 4504 2371 4559 ad
2406 4502 2430 4541 ιι
2462 4516 2635 4560 nteses
2662 4504 2873 4575 quidem
2911 4503 3143 4574 hypaton
3176 4502 3507 4557 diatessaron
3541 4518 3625 4557 re-

351 4611 540 4649 vocum
573 4606 628 4648 ut
656 4604 778 4649 octo
820 4593 885 4648 ad
933 4596 995 4659 3;
1040 4594 1085 4648 si
1106 4595 1223 4663 quis
1245 4596 1384 4648 enim
1415 4594 1602 4648 horum
1652 4595 1703 4648 in
1750 4595 1925 4649 medio
1962 4618 2014 4681 D
2042 4600 2215 4653 tinens
2241 4597 2645 4652 consonantiam
2671 4596 2866 4665 hypate
2890 4595 3145 4665 hypaton,
3173 4593 3239 4648 ad
3264 4604 3424 4650 neten
3447 4603 3622 4649 autem

350 4699 581 4753 quatuor
619 4694 803 4755 ponat,
826 4684 990 4739 efﬁcit
1048 4686 1304 4739 terminos
1344 4686 1441 4739 hos
1477 4686 1510 4740 8
1535 4686 1567 4738 4
1598 4686 1651 4740 5.
1697 4686 1933 4753 Quorum

353 4784 479 4830 octo
526 4774 591 4828 ad
631 4775 663 4828 ι
697 4776 950 4842 diapason
983 4776 1220 4830 efficiunt
1247 4777 1684 4842 consonantiam;
1719 4776 1752 4829 4
1780 4777 1844 4830 ad
1877 4777 1931 4843 5,

348 4866 719 4930 diatessaron;
747 4874 869 4919 octo
907 4879 1033 4919 vero
1061 4864 1127 4920 ad
1153 4868 1207 4931 '5,
1254 4867 1306 4920 in
1345 4867 1617 4934 multiplici
1655 4881 1939 4937 sttperpar-

358 4961 528 5015 tiente
556 4958 913 5013 constituitur.
957 4958 1088 5022 Qua:
1134 4966 1312 5011 autem
1348 4958 1413 5011 sit
1446 4958 1723 5027 multiplex
1754 4950 1939 5029 super-

359 5051 595 5121 partiens
648 5049 976 5119 comparatio
1026 5064 1095 5103 ex
1142 5050 1489 5104 arithmeticis
1546 5050 1696 5104 libris
1746 5064 1940 5120 cegno-

354 5140 614 5196 scendum
642 5148 743 5203 est,
789 5149 842 5194 et
874 5154 940 5193 ex
982 5138 1076 5216 his
1105 5154 1223 5207 qua:
1271 5140 1507 5193 secundo
1546 5140 1704 5210 hujus
1728 5140 1942 5195 institu-

356 5232 523 5285 tionis
553 5231 686 5285 librn
707 5231 1043 5300 digessimus.
1078 5230 1414 5302 Pythagorici
1445 5240 1621 5289 autem
1644 5248 1945 5290 consonan-

362 5324 471 5378 tias
498 5322 548 5375 in
595 5324 974 5393 mu'tiplicibus
1009 5339 1071 5378 ac
1118 5326 1691 5394 superparticularibus
1719 5336 1942 5397 ponunt,

361 5416 506 5469 sicut
532 5414 586 5467 in
609 5412 799 5467 eodem
830 5415 966 5466 libro
1011 5416 1245 5470 secundo
1298 5425 1592 5486 quartoque
1631 5418 1943 5486 praedictum

364 5514 471 5560 est.
495 5506 538 5558 Δ
559 5502 1076 5571 superpartientihus
1099 5512 1225 5557 vero
1254 5521 1315 5558 ac
1342 5508 1723 5578 multiplicibus
1759 5524 1944 5580 super-

367 5595 721 5666 partientibus
761 5594 1162 5647 consonantiam
1205 5603 1475 5665 separant.
1523 5598 1725 5665 Quibus
1774 5609 1946 5656 autem

444 5780 469 5807 ⁸
500 5771 847 5838 Disgregatttr.
924 5769 950 5806 δ
999 5768 1226 5839 Triplici.

374 5842 399 5879 δ
438 5840 631 5895 liram.
714 5841 727 5874 ¹
762 5843 803 5892 Α
828 5857 857 5892 ιι
894 5850 958 5893 te.

660 5955 932 6013 PATBOL.
982 5951 1207 6014 LXIII.

1339 5784 1359 5811 °
1415 5774 1761 5851 Conjttttgtmt.

1840 5777 1864 5815 ἀ
1911 5779 2031 5834 Non
2090 5780 2291 5849 I'gitur.

2043 4691 2462 4760 diezeugmenon
2511 4703 2811 4761 paramese.
2862 4686 3297 4758 Consonabitque
3336 4698 3392 4743 et
3432 4688 3627 4757 hypate

2046 4781 2280 4853 hypaton
2308 4781 2371 4834 ad
2401 4780 2631 4851 hypaten
2656 4794 2864 4845 meson,
2887 4786 2940 4832 et
2961 4778 3028 4833 ad
3058 4775 3075 4814 ί
3108 4790 3265 4833 neten
3290 4778 3627 4847 diezeugme-

2049 4872 2240 4927 nonad
2272 4885 2585 4942 paramesen
2625 4879 2679 4925 et
2708 4878 2830 4925 nete
2867 4869 3309 4941 diezeugmenon,
3338 4878 3393 4925 et
3420 4868 3486 4924 ad
3527 4868 3628 4939 hy-

2048 4974 2202 5034 paten
2246 4976 2451 5017 meson.
2486 4962 2593 5017 Sl'd
2640 4976 2705 5016 eo
2744 4963 2904 5017 modo
2949 4970 3003 5015 nt.
3042 4963 3255 5032 gravior
3291 4975 3411 5031 qua:
3446 4968 3531 5016 est
3561 4961 3626 5014 ad

2049 5053 2159 5108 sibi.
2198 5051 2411 5122 quidem
2459 5052 2755 5121 proximam
2804 5052 3137 5110 diates-aron
3184 5052 3415 5108 retineat
3438 5065 3625 5105 conso-

2048 5142 2307 5207 nantiam,
2333 5141 2397 5195 ad
2420 5142 2729 5197 ulteriorem
2756 5158 2888 5200 vero
2908 5144 3243 5199 diatessaron
3264 5156 3327 5198 ac
3348 5142 3628 5212 diapason,

2048 5244 2106 5287 ut
2138 5231 2335 5301 hypate
2368 5230 2622 5302 hypaton,
2658 5233 2725 5287 ad
2766 5232 2998 5304 hypaten
3049 5244 3236 5311 meson
3277 5230 3629 5294 diatessaron,

2050 5323 2115 5378 ad
2169 5331 2331 5377 neten
2378 5320 2797 5394 diezeugmenon
2851 5324 3186 5379 diatessaron
3244 5338 3306 5378 ac
3350 5324 3632 5392 diapason.

2048 5410 2180 5468 Item
2200 5420 2323 5467 nete
2341 5411 2725 5481 ltyperholeon,
2753 5428 2869 5481 qua:
2888 5421 2973 5467 est
2994 5412 3218 5478 acutior,
3242 5412 3304 5466 ad
3332 5412 3432 5466 sibi
3458 5412 3636 5481 proxi-

2054 5523 2194 5563 mam
2223 5517 2379 5563 neten
2404 5509 2821 5577 diezeugmenon
2845 5504 3180 5559 diatessaron
3208 5504 3635 5568 consonantiam,

2055 5600 2122 5656 ad
2147 5600 2379 5671 hypaten
2410 5615 2589 5655 meson
2623 5599 2956 5653 diatessaron
2988 5609 3051 5650 ac
3072 5594 3350 5665 diapason.

2709 5774 2727 5816 ί
2778 5778 2924 5833 Sicut
2966 5776 3228 5847 jungitur.

2372 5789 2395 5815 ⁸
2445 5780 2621 5849 Atque.
2709 5774 2727 5816 ί
2778 5778 2924 5833 Sicut
2966 5776 3228 5847 jungitur.
3307 5783 3331 5821 ε
3383 5773 3638 5845 Utrisque.

3083 5957 3157 6019 bl
