4020 6352
470 399 605 457 1291

1325 619 1450 667 Note
1476 618 1811 678 hypcrimleon

1326 707 1566 754 l’aranete
1610 706 1939 768 hyperboleon

1298 772 1815 853 much—WE

1324 882 1450 928 Nete
1470 882 1860 941 diezeugmenon

1324 972 1564 1018 l’aranete
1592 972 1980 1030 diezeugmenon

1321 1068 1456 1115 'l'rite
1482 1068 1870 1125 diezeugmenon

1326 1155 1587 1201 Paramcse

1324 1245 1461 1292 Mese

1316 1354 1570 1414 Lychauos
1594 1365 1761 1398 meson

1321 1468 1593 1527 Parliypate
1633 1477 1802 1513 meson

1318 1584 1505 1645 Hypate
1533 1596 1703 1634 meson

463 932 510 979 Ξ.

463 998 510 1063 ‘3

466 1063 512 1174 ..ἓ

476 1202 511 1226 η

471 1232 513 1327 ,ἓ

476 1331 526 1407 ξ.

465 1628 513 1697 Ξ

464 1702 514 1746 Ω

1317 1697 1559 1759 Lychanos
1582 1695 1788 1755 hypaton

1319 1792 1400 1838 Par
1412 1792 1590 1850 hypate
1614 1788 1823 1849 hypaton

1315 1889 1502 1950 Hypate
1526 1888 1738 1947 hypaton

1313 1985 1840 2035 Prmlamhanomenon

1066 668 1073 675 .
1107 630 1120 638 '
1170 668 1205 695 υ
1325 619 1450 667 tht-
1476 618 1811 678 hypcrlmleon

1298 707 1566 778 J’aranete
1610 706 1939 768 hyperboleon

1322 792 1459 841 'l‘rite
1485 794 1590 853 hypt
1612 772 2027 841 νυοιῇ

1140 869 1197 914 β
1324 882 1450 928 Nete
1470 882 1860 941 diezeugmenon

818 952 926 1071 υλς
1145 1007 1164 1013 -ρ
1324 972 1564 1018 l’aranete
1592 972 1980 1030 diezeugmenon

756 1055 847 1135 ᾖδ’
1143 1079 1199 1150 εξ
1321 1068 1456 1115 'l'rite
1482 1068 1870 1125 diezeugmenon

696 1133 748 1215 δ
867 1173 889 1217 ’,
1214 1196 1246 1229 ε
1326 1155 1587 1201 Paramcse

625 1236 716 1322 (δ
777 1277 857 1333 K‘
1133 1225 1181 1287 ὦ
1209 1233 1243 1289 Β
1324 1245 1461 1292 Mese

766 1324 839 1430 ξ-
888 1018 1201 1534 ι
1316 1354 1570 1414 Lychauos
1594 1365 1761 1398 meson

625 1433 679 1489 β
747 1440 809 1523 '5
1124 1428 1173 1533 ἕ
1292 1430 2029 1527 W

760 1598 857 1675 ις-
1318 1584 1505 1645 Hypate
1533 1596 1703 1634 meson

794 1682 868 1786 ξ
1317 1697 1559 1759 Lychanos
1582 1695 1788 1755 hypaton

592 1828 597 1833 .
827 1785 895 1863 Θ
1111 1774 1166 1842 ς

1181 1972 1213 2001 ’”
1313 1985 1840 2035 Prmlamhanomenon

737 2231 1230 2294 _
1273 2209 1399 2259 Nele
1431 2206 1765 2270 Ityperboleon

737 2296 1230 2460 Ε
1273 2340 1403 2391 Nete
1423 2339 1811 2399 diezeugmenon

737 2465 1230 2538 -
1274 2473 1539 2522 Paramese

735 2679 1231 2783 ὣ
1274 2711 1464 2774 Hypate
1491 2694 1659 2755 meson

735 2785 1230 2876 -I
1274 2808 1463 2872 Hypale
1487 2806 1692 2867 hypaton

620 3096 623 3099 ’
712 3109 1242 3198 κιμβε-

724 3378 1238 3446 ευ.-

734 3581 1234 3658 ειηιιημιῃιι

1091 3826 1313 3883 CAPUT
1357 3825 1441 3881 IX.

662 3918 787 3986 Qua:
817 3920 879 3971 ait
910 3919 1190 3989 prapo-ieras
1230 3920 1479 3986 diapason
1509 3918 1875 3971 consonantiw.

560 4016 667 4069 lioc
696 4030 824 4067 vero
850 4013 1049 4066 idcirco
1090 4014 1311 4066 evenire
1348 4011 1641 4076 contendit,
1667 4011 1913 4080 quoniam
1946 4011 2056 4067 dia-

484 4119 647 4174 pason
679 4117 813 4171 pene
844 4116 945 4155 una
978 4104 1161 4154 vocula
1190 4113 1292 4167 est,
1327 4103 1552 4170 talisque
1577 4103 1923 4156 consonantia
1954 4112 2054 4165 Cal,

483 4206 539 4248 nt
567 4210 729 4249 unum
759 4192 1147 4265 quodammodo
1174 4191 1389 4261 effingat
1411 4205 1624 4259 sonum,
1647 4200 1701 4244 et
1729 4190 1865 4245 sicut
1887 4190 2054 4245 dena-

493 4287 571 4339 rio
603 4299 847 4348 numero,
878 4283 965 4353 qui
1006 4283 1162 4337 fuerit
1190 4282 1398 4336 additus
1428 4282 1565 4335 intra
1593 4295 1714 4335 eum
1749 4279 1951 4350 positus
1982 4280 2061 4334 in-

492 4386 635 4444 teger
667 4384 692 4413 ι
724 4374 1005 4429 inviolatus
1031 4379 1315 4435 servatur;
1349 4385 1469 4425 cum
1521 4370 1573 4423 in
1615 4371 1825 4424 caeteris
1878 4369 1942 4423 ad
1990 4370 2060 4422 ita

487 4467 706 4520 minime
732 4466 962 4527 eveniat,
1010 4463 1082 4517 ita
1122 4462 1280 4516 etiam
1315 4462 1365 4515 in
1397 4462 1495 4539 Ita.c
1537 4459 1901 4514 consonantia.
1930 4457 2059 4512 Nam

491 4556 536 4609 si
583 4555 686 4608 duo
733 4554 902 4608 tribus
943 4552 1184 4621 adjicias,
1217 4551 1449 4621 quinque
1492 4550 1741 4605 continuo
1778 4548 1974 4616 reddis,
2008 4558 2062 4604 et

490 4644 697 4697 numeri
723 4643 925 4711 species
953 4642 1226 4696 immutata
1250 4648 1352 4698 est.
1377 4642 1432 4695 Si
1455 4656 1581 4695 vero
1606 4638 1820 4693 eosdem
1844 4638 2062 4694 denario

486 4733 678 4803 addas,
708 4733 987 4787 duodecim
1021 4732 1233 4798 feceris,
1260 4740 1315 4786 et
1340 4730 1576 4785 binarius
1600 4730 1815 4799 junctus
1844 4727 2061 4784 denario

490 4833 837 4881 conservatus
892 4832 993 4879 est.
1046 4825 1172 4877 item
1227 4822 1490 4878 ternarius
1541 4822 1828 4890 cazterique
1871 4820 2059 4877 eodem

416 4920 421 4925 ’
486 4917 686 4971 modo:
716 4917 785 4970 ita
823 4916 982 4985 igitur
1040 4914 1352 4984 symphonia
1399 4915 1652 4984 diapason
1692 4928 2059 4985 quamcunque

500 5016 656 5069 aliam
688 5012 979 5081 susceperit
1007 5010 1408 5067 consonantiam
1446 5019 1647 5075 servat,
1679 5024 1776 5065 nec
1802 5009 2067 5073 immutat,

497 5124 596 5164 nec
643 5125 707 5163 ex
758 5121 991 5161 consona
1034 5104 1305 5160 dissonam
1355 5103 1547 5157 reddit.
1591 5102 1722 5157 Nam
1771 5103 1909 5157 sicut
1958 5102 2069 5155 dia-

502 5209 661 5263 pente
707 5197 1025 5269 symphonia
1075 5195 1256 5264 juncta
1302 5191 1558 5263 diapason
1606 5192 1967 5248 consonantia:
2012 5193 2064 5247 in

496 5289 654 5359 tripla
686 5288 888 5343 scilicet
919 5285 1259 5355 proportione
1290 5282 1543 5351 diapason
1574 5297 1638 5337 ac
1665 5282 1912 5352 diapente
1940 5297 2067 5337 con-

494 5374 1019 5441 sonantiam'scrvat,
1048 5378 1115 5431 ita
1143 5376 1299 5431 etiam
1334 5373 1665 5429 diatesrar..n
1692 5389 1811 5428 cum
1842 5372 1911 5428 sit
1939 5388 2065 5428 eon-

494 5474 735 5527 sonantia
772 5471 955 5539 juncta
999 5484 1120 5523 cum
1159 5468 1435 5535 diapason,
1465 5465 1622 5518 aliam
1660 5466 2062 5519 consonantiam

491 5565 687 5629 reddit,
727 5574 779 5617 et
809 5564 864 5615 fit
904 5559 1191 5613 secundum
1231 5558 1573 5612 Ptolemmum
1600 5556 1818 5611 alterius
1873 5570 2063 5610 C0uso-

490 5654 688 5708 nantia:
714 5653 913 5707 additio
943 5650 971 5687 ι)
1001 5650 1222 5719 ejusque
1252 5658 1332 5703 est
1361 5650 1613 5718 diapason
1643 5662 1705 5702 ac
1736 5648 2065 5703 diatessaron

562 5855 589 5881 ⁴¹
623 5840 1015 5915 lnviolntmque.
1094 5850 1117 5888 ι)
1150 5848 1277 5917 Ejus
1306 5863 1436 5917 quw.
1520 5859 1539 5885 ο
1572 5846 1702 5901 Alia:
1726 5861 1977 5899 consume.
2056 5843 2078 5880 ά
2110 5843 2326 5897 Mittere.

1663 401 1768 454 AN.
1814 400 2018 455 MANL.
2059 402 2206 458 SEV.
2250 403 2467 459 ΒΟΕΤΙΙ

3613 408 3748 461 ΙΞΟΞ

2088 525 2135 582 Α
2164 520 2214 571 in
2275 519 2551 587 multiplici
2596 519 3020 589 superparticnte
3074 521 3378 576 constituta.
3416 519 3622 588 Estque
3684 536 3744 573 ca

2169 612 2439 677 prOportio
2493 609 2650 679 dupla
2702 611 3179 681 superbipartiens,
3223 616 3277 665 ut
3314 621 3436 664 octo
3482 609 3552 663 ad
3593 619 3743 669 tres;

2161 697 2357 753 habent
2385 700 2523 753 enim
2554 699 2842 755 ternarium
2866 710 2989 756 octo
3012 702 3112 771 bis,
3138 700 3373 771 duasque
3394 702 3513 771 ejus
3538 710 3743 771 partes,

2158 790 2209 844 id
2243 801 2323 845 est
2350 792 2480 846 duas
2512 792 2759 848 unitates.

2772 882 2995 942 CAPUT
3035 886 3100 940 X.

2267 976 2457 1042 Quibus
2480 976 2642 1029 modis
2667 975 2978 1031 Plolemazus
3009 977 3364 1030 consonantia;
3390 986 3607 1030 statuat.

2227 1065 2291 1119 Et
2314 1066 2380 1119 dc
2406 1064 2873 1136 Pythagoricorum
2896 1065 3112 1134 quidem
3140 1065 3392 1135 opinione
3416 1064 3739 1119 Plolemmns

2154 1158 2223 1212 ita
2250 1157 2505 1227 dijudicat
2536 1176 2549 1208 :
2585 1158 2777 1227 quibus
2812 1172 2940 1212 vero
2984 1158 3154 1211 modis
3200 1157 3312 1226 ipse
3352 1156 3735 1211 consonantia-

2154 1262 2270 1303 rum
2305 1249 2673 1318 proportiones
2705 1262 3065 1317 numerosque
3094 1247 3339 1316 vestiget,
3369 1245 3492 1300 hinc
3515 1246 3737 1299 ordien-

2152 1342 2274 1394 dum
2305 1353 2408 1396 est.
2438 1340 2629 1405 Voces,
2664 1340 2853 1410 inquit,
2888 1343 3025 1394 inter
3060 1354 3120 1393 se
3156 1338 3245 1404 vel
3294 1337 3539 1392 unisonre
3584 1350 3735 1399 sun',

2152 1435 2230 1485 vel
2266 1447 2366 1487 non
2394 1434 2648 1487 unisonae.
2676 1432 2790 1486 Non
2824 1432 3165 1487 unisonarum
3192 1438 3368 1485 autem
3401 1445 3590 1484 vocum
3616 1430 3736 1483 alia

2152 1526 2364 1594 quidem
2392 1535 2517 1581 sunt
2537 1526 2844 1597 aequisonr,
2872 1538 2892 1565 ε
2914 1527 3028 1581 alia:
3050 1528 3312 1593 emmclis,
3332 1527 3450 1581 aliae
3475 1526 3733 1588 dissonae,

2152 1621 2270 1674 alite
2302 1621 2543 1676 ecmelis.
2588 1621 2652 1674 Et
2695 1620 2932 1675 unisonte
2978 1620 3192 1691 quidem
3244 1631 3365 1675 sunt
3410 1634 3536 1690 quae
3572 1634 3735 1673 unum

2152 1724 2309 1783 atque
2360 1714 2605 1769 eumdem
2662 1714 2932 1783 sigillatim
2991 1714 3157 1784 pulsae
3218 1713 3448 1768 reddunt
3518 1727 3735 1765 sonum.

2152 1806 2461 1875 Equisonm
2495 1820 2623 1861 vero
2653 1822 2771 1875 qua:
2805 1805 2965 1860 simul
3015 1806 3179 1873 pulsae
3224 1819 3385 1858 unum
3417 1818 3482 1858 ex
3527 1803 3736 1856 duobus

2081 1890 2125 1951 Β
2154 1908 2310 1965 atque
2330 1897 2628 1967 simplicem
2653 1894 3046 1966 quodammodo
3069 1893 3306 1948 efficiunt
3333 1907 3549 1959 sonum,
3576 1901 3633 1944 ut
3653 1901 3736 1945 et

2158 1991 2433 2059 diapason,
2484 2002 2653 2057 eaque
2703 1986 2968 2057 duplicata
3032 1999 3151 2055 quin
3192 1996 3271 2038 est
3322 1985 3404 2037 bis
3448 1984 3732 2053 diapason.

2155 2082 2413 2136 Consonte
2439 2089 2615 2135 autem
2638 2086 2764 2134 sunt
2785 2092 2903 2147 qua:
2924 2075 3274 2145 compositum
3302 2073 3735 2142 permixtumque

2152 2186 2370 2225 suavem
2405 2179 2583 2225 tamen
2612 2169 2855 2225 efﬁciunt
2895 2182 3107 2232 sonum,
3151 2174 3209 2219 ut
3236 2164 3484 2233 diapente
3520 2178 3583 2217 ac
3619 2164 3735 2216 dia—

2154 2272 2414 2317 tessaron.
2453 2260 2710 2317 Emmelis
2741 2266 2918 2316 autem
2966 2264 3089 2313 sunt
3144 2263 3477 2326 quaecunque
3517 2253 3731 2323 quidem

2151 2366 2402 2408 consona:
2432 2366 2539 2408 non
2586 2360 2734 2418 sunt,
2776 2357 3001 2421 possunt
3040 2347 3210 2417 aptari
3258 2356 3433 2401 tamen
3479 2354 3629 2399 recte
3665 2343 3733 2396 ad

2153 2447 2343 2511 melos,
2376 2454 2432 2501 ut
2460 2454 2585 2500 sunt
2627 2444 2709 2498 ita:
2744 2456 2859 2513 qua:
2899 2439 3275 2503 consonantias
3309 2442 3560 2508 jungunt.
3617 2436 3734 2489 Dis-

2152 2553 2299 2592 sona:
2329 2552 2455 2593 vero
2482 2545 2604 2592 sunt
2630 2550 2749 2606 qum
2774 2549 2878 2589 non
2911 2533 3238 2602 permiscent
3258 2544 3439 2599 sonos,
3466 2539 3628 2598 atque
3659 2528 3735 2582 in-

2150 2623 2382 2679 suaviter
2404 2623 2601 2678 feriunt
2621 2635 2861 2677 sensum.
2893 2617 3125 2673 Ecmelis
3156 2630 3285 2672 vero
3310 2630 3430 2685 quae
3462 2627 3568 2667 non
3599 2611 3737 2668 reei-

2152 2722 2371 2790 piuntur
2397 2720 2449 2774 in
2487 2716 2959 2773 consonantiarum
2997 2710 3400 2787 conjunctione,
3445 2707 3512 2761 de
3542 2705 3737 2776 quibus

2153 2812 2311 2880 paulo
2336 2809 2602 2880 posterius
2626 2808 2676 2862 in
2700 2805 2961 2861 divisione
2979 2800 3447 2859 tetrachordorum
3472 2799 3736 2853 dicemus.

2152 2902 2415 2968 Quoniam
2470 2900 2628 2970 igitur
2684 2897 2924 2953 univocis
2976 2895 3188 2965 quidem
3244 2888 3737 2961 comparationibus

2154 2991 2397 3061 proxime
2422 2998 2545 3045 sunt
2572 2986 2881 3059 zequivocze,
2915 2981 3218 3040 necessarie
3248 2990 3329 3036 est
3353 2987 3414 3035 ut
3441 2978 3610 3048 aequis
3636 2992 3735 3030 nu-

2154 3082 2319 3136 meris
2356 3094 2418 3136 ea
2458 3092 2806 3134 numerorum
2858 3074 3191 3144 intequalitas
3230 3071 3576 3141 adjungatur,
3619 3081 3740 3136 qua:

2156 3184 2238 3228 est
2262 3172 2505 3242 proxima
2534 3167 2721 3238 requis.
2758 3167 3044 3221 Estautem
3069 3162 3129 3233 ju
3152 3170 3220 3216 .ta
3256 3159 3615 3228 aequalitatem
3643 3170 3736 3209 nu-

2081 3265 2128 3324 C
2162 3279 2427 3319 merorum
2462 3277 2521 3318 ea
2552 3276 2670 3332 qua:
2699 3270 2782 3315 est
2816 3259 2997 3329 dupla.
3042 3255 3173 3311 Nam
3205 3263 3257 3309 et
3280 3254 3451 3323 prima
3482 3250 3739 3318 multipli-
3780 3272 3786 3274 ~

2156 3358 2336 3412 citatis
2358 3355 2565 3425 species
2595 3362 2700 3418 est,
2730 3360 2783 3407 ct
2812 3350 2981 3420 major
3007 3354 3263 3403 numerus
3282 3360 3403 3400 cum
3436 3340 3460 3379 ἀ
3478 3343 3737 3396 minorem

2158 3463 2444 3506 numerum
2464 3446 2793 3517 supervenit,
2813 3458 2965 3513 ωε]υο
2985 3456 3107 3498 cum
3133 3442 3230 3511 ipsi
3251 3438 3443 3493 minori
3463 3444 3739 3492 transcen~

2157 3545 2256 3609 dit,
2300 3552 2359 3598 ut
2402 3541 2506 3597 duo
2547 3554 2710 3594 unum
2754 3551 2860 3593 uno
2906 3533 3387 3605 transgrediuntur,
3435 3530 3525 3600 qui
3570 3528 3738 3584 eidem

2159 3636 2353 3693 unitati
2404 3635 2625 3707 mqualis
2653 3643 2784 3698 est;
2832 3631 2952 3701 jure
3006 3628 3163 3698 igitur
3215 3624 3411 3693 duplex
3468 3621 3738 3691 proportio

2161 3730 2449 3801 aequisonis
2474 3734 2704 3796 aptatur,
2738 3724 2789 3779 id
2819 3732 2902 3778 est
2926 3722 3200 3791 diapason.
3228 3719 3315 3772 Bis
3334 3715 3595 3785 diapason
3617 3728 3739 3767 vero

2161 3821 2244 3874 bis
2266 3818 2489 3887 duplici,
2524 3816 2577 3871 id
2604 3824 2688 3872 est
2720 3812 3040 3885 quadruplo.
3074 3810 3201 3878 Qua:
3229 3816 3405 3862 autem
3442 3802 3739 3875 preportio-

2162 3926 2259 3967 nes
2289 3910 2539 3967 dividunt
2579 3907 2842 3976 duplicem
2879 3903 3283 3973 proportionem
3323 3899 3514 3968 prima;
3544 3910 3607 3949 ac
3633 3907 3737 3947 ma-

2163 4004 2341 4067 ximae,
2376 4002 2457 4055 Itis
2493 3999 2738 4069 aptanda:
2782 4005 2909 4052 sunt
2954 3991 3316 4049 consonantiis
3350 4002 3473 4058 qua:
3503 3985 3739 4041 dividunt

2163 4093 2419 4160 diapason
2449 4101 2471 4127 ι’
2509 4086 3076 4159 :equiconsonantiam.
3107 4082 3253 4139 Unde
3297 4081 3353 4134 ﬁt
3403 4089 3461 4134 ut
3499 4078 3739 4145 diapente

2163 4184 2378 4255 quidem
2422 4180 2807 4251 sesquialterae,
2856 4178 3192 4233 diatessaron
3224 4187 3352 4228 vero
3389 4162 3739 4239 sesquit'ertiai

2168 4272 2553 4344 comparationi
2597 4271 2934 4341 copulentur.
2965 4266 3173 4322 iunctae
3224 4276 3361 4344 vero
3395 4259 3415 4298 τ
3445 4272 3737 4315 consonan-

2166 4365 2252 4418 tia:
2295 4378 2415 4418 cum
2465 4358 2753 4431 tequisonis
2790 4357 2922 4412 alias
2950 4354 3195 4410 etiiciunt
3240 4332 3639 4412 con'sonantias,
3687 4354 3740 4399 ut

2166 4456 2412 4525 diapente
2440 4467 2504 4507 ac
2534 4453 2792 4521 diapason
2820 4450 2871 4503 in
2902 4447 3084 4517 triplo,
3112 4444 3445 4499 diatessaron
3471 4454 3535 4493 ac
3564 4439 3738 4505 diapa-

2172 4562 2267 4602 son
2296 4546 2347 4600 in
2370 4560 2433 4599 ea
2465 4543 2810 4614 preportione
2839 4556 2956 4612 quae
2980 4545 3063 4594 est
3093 4548 3219 4593 octo
3237 4536 3304 4590 ad
3331 4548 3459 4589 tres.
3494 4529 3738 4587 Emme'is

2095 4639 2147 4697 D
2174 4648 2349 4693 autem
2381 4646 2503 4691 sunt
2530 4650 2645 4705 quae
2669 4634 2918 4703 diapente
2938 4646 3000 4685 ac
3026 4630 3358 4684 diatessaron
3389 4625 3658 4681 dividunt,
3688 4624 3737 4669 ut

2174 4740 2330 4786 tonus
2388 4739 2704 4796 cmlermque
2763 4722 3164 4794 proportiones,
3223 4719 3291 4771 de
3334 4715 3530 4782 quibus
3592 4707 3735 4775 paulo

2172 4820 2438 4892 posterius
2491 4820 2542 4872 in
2592 4816 2855 4871 divisione
2902 4807 3365 4867 tetrachordorum
3419 4804 3733 4871 loquemur,

2172 4913 2441 4984 simplices
2466 4925 2647 4965 earum
2674 4908 2877 4963 scilicet
2903 4912 3098 4974 partes.
3210 4894 3220 4902 ’

2779 4996 3003 5054 CAPUT
3044 4993 3134 5048 x1.
3402 5062 3405 5065 _

2179 5102 2305 5168 Qua:
2331 5107 2447 5153 sunt
2469 5098 2759 5167 wquisonw,
2780 5092 2855 5147 vel
2875 5106 2989 5161 quae
3006 5099 3257 5143 comante,
3277 5081 3355 5135 vel
3369 5095 3481 5150 quae
3501 5074 3731 5129 cmmrlis.

2246 5194 2409 5263 Igitur
2436 5192 2722 5261 acquisonae
2749 5185 2961 5256 quidem
2990 5176 3115 5236 sunt
3142 5178 3397 5245 diapason
3429 5187 3491 5226 ac
3523 5171 3600 5224 bis
3633 5168 3731 5221 dia-

2174 5302 2360 5358 pason,
2410 5284 2659 5355 quoniam
2706 5293 2886 5334 earum
2943 5278 3363 5342 temperamento
3410 5264 3733 5327 mixturaquo

2172 5357 2309 5433 unus
2361 5388 2520 5445 atque
2564 5372 2789 5439 simplex
2844 5363 3236 5435 quodammodo
3276 5357 3507 5408 eﬂicitur
3554 5361 3728 5404 sonus.

2170 5444 2546 5526 Consonantia:
2572 5476 2747 5518 au'em
2770 5469 2915 5517 sunt,
2939 5456 3124 5522 prima:
3150 5446 3361 5518 quidem
3388 5444 3604 5509 insuper
3625 5456 3635 5504 ι
3657 5451 3734 5489 ar-

2175 5560 2480 5617 ticularibus
2526 5549 2875 5619 sesquialtera
2915 5555 2968 5599 et
3012 5537 3369 5609 sesqu'tertia,
3417 5535 3469 5588 id
3498 5543 3579 5587 est
3620 5530 3727 5583 dia-

2170 5661 2331 5722 pente
2375 5664 2436 5703 ac
2485 5647 2836 5703 diatessaron,
2881 5646 2937 5691 et
2982 5635 3238 5702 diapason
3280 5644 3341 5685 ac
3388 5628 3654 5694 diapente,
3684 5628 3730 5673 et

2434 5834 2928 5909 ¢.Equ'sonantiam.
3012 5827 3025 5864 ί
3060 5825 3326 5880 Consomr.
