4020 6352
266 374 436 461 μιρρῖ

1628 387 1716 442 DE
1758 380 2007 441 MUSICA
2046 383 2174 437 LIB.
2220 382 2283 435 V.

3378 418 3383 425 ν
3422 396 3561 447 1294

297 498 554 571 diapason
586 516 648 556 ac
686 499 1041 567 diatessaron,
1085 503 1169 559 ha:
1204 496 1330 558 ‘sunt
1369 504 1683 570 compositae
1715 511 1876 567 atque
1906 501 1956 560 Α
1981 496 2298 551 divisionem
2352 497 2607 567 diapason
2665 500 2804 553 intra
2869 514 2960 553 sex
3016 509 3169 552 tonos
3224 497 3415 554 cadere
3465 504 3565 555 huc

298 591 595 659 conjuncta:
624 580 689 645 ex
716 592 1005 660 aequisonis
1034 592 1545 647 eteonsonantibus.
1572 602 1595 629 η
1617 591 1873 646 Emmelis

298 691 474 736 autem
517 682 706 750 reliqui
748 683 885 736 inter
931 685 1027 736 has
1075 683 1197 752 poni
1231 693 1469 752 possunt,
1497 692 1555 737 ut
1595 682 1732 736 inter
1758 680 1875 733 dia-

298 782 541 827 tessaron
567 786 629 825 ae
659 772 909 842 diapente
941 773 1236 829 diﬁ‘erentia
1275 768 1451 837 tonus,
1480 776 1877 842 jungunturque

295 861 692 930 quodammodo
738 863 1024 931 tequisonte
1065 862 1279 932 quidem
1327 879 1391 917 ex
1438 862 1876 926 consonantibus,

300 969 357 1014 ut
386 960 637 1029 diapasmt
663 974 731 1015 ex
757 960 1086 1015 diatessaron
1117 969 1170 1014 et
1204 961 1474 1029 diapente.
1505 960 1880 1015 Cousonantim

296 1065 473 1107 autem
507 1068 571 1107 ex
603 1052 685 1106 his
711 1052 799 1121 qui
828 1052 1071 1107 emme'i’s
1106 1053 1225 1107 SOni
1264 1061 1545 1115 vocantur,
1590 1060 1647 1106 ut
1692 1050 1878 1105 eadem

297 1145 546 1213 diapente
589 1152 643 1199 et
687 1144 1022 1199 diatessaron
1072 1145 1209 1198 tonis
1255 1145 1572 1214 exterisque
1616 1142 1880 1211 posterius

299 1234 541 1289 dicendis
588 1234 1050 1304 proportionibus;
1095 1235 1189 1289 sed
1233 1236 1501 1304 quomodo
1531 1234 1745 1304 quidem
1786 1234 1881 1286 ho-

297 1343 415 1381 rum
468 1326 704 1381 omnium
751 1328 1026 1397 proportio
1083 1327 1501 1397 colligi-possit,
1543 1342 1606 1383 ex
1653 1340 1717 1381 eo
1762 1326 1881 1379 loco

295 1420 613 1473 sumendum
646 1427 727 1473 est
759 1434 917 1488 quem
944 1426 1133 1487 quarto
1160 1418 1435 1487 volumine
1467 1418 1519 1472 in
1554 1418 1657 1472 ﬁne
1682 1416 1881 1472 descri-

294 1512 521 1579 psimus,
550 1510 635 1565 ubi
669 1508 696 1549 δ
725 1526 979 1565 numerus
1010 1525 1171 1581 super
1209 1510 1577 1581 setnisplneria
1628 1509 1883 1565 tendeba-

295 1613 399 1657 tur.
432 1603 506 1658 lbi
544 1602 685 1658 enim
716 1602 1133 1673 deprehenditur
1169 1605 1580 1675 :cquisonantia,
1624 1604 1884 1675 diapason

292 1710 356 1748 ac
391 1695 471 1750 bis
499 1694 780 1764 diapason,
820 1704 874 1750 et
917 1696 1286 1751 consonantia:
1329 1696 1601 1765 simplices
1631 1696 1882 1766 diapente

293 1800 358 1840 ac
384 1784 742 1852 diatessaron,
774 1795 828 1839 et
857 1788 1226 1841 consonantia:
1257 1788 1589 1856 composita},
1622 1787 1878 1855 diapason

1980 586 2138 641 modo
2172 604 2185 639 :
2223 588 2566 644 intendantur
2603 591 2749 645 enim
2794 590 3152 652 octocliordae.
3182 590 3232 645 id
3262 601 3343 645 est
3382 594 3423 644 Α
3459 593 3494 644 Β
3523 591 3564 645 C

1979 677 2021 730 D
2055 677 2093 730 Ε
2125 675 2165 730 F
2195 676 2235 731 ϐ
2270 677 2335 741 II,
2370 678 2565 749 ﬁatque
2612 682 2982 750 sesquioctava
3025 685 3065 736 A
3101 681 3144 735 Κ
3170 682 3287 752 ejus
3328 698 3444 752 qua:
3485 690 3565 737 est

1981 768 2019 821 Β
2052 768 2112 834 L,
2143 778 2195 823 et
2221 770 2260 822 Β
2288 769 2330 823 L
2355 772 2470 838 ejus
2504 787 2620 841 qua:
2651 772 2802 827 estC
2840 773 2910 839 Μ,
2950 771 3067 827 etC
3106 772 3153 826 Μ
3198 774 3313 841 ejus
3341 790 3458 841 qum
3486 783 3569 826 est

1983 861 2023 915 D
2049 861 2112 927 N,
2148 873 2202 917 et
2232 861 2270 916 D
2301 862 2342 916 N
2370 863 2486 933 ejus
2512 880 2631 934 qua:
2664 876 2747 923 est
2777 866 2818 921 E
2849 866 2917 932 Χ,
2947 875 3001 921 et
3030 866 3070 920 E
3112 866 3155 919 Χ
3197 866 3312 935 ejus
3340 875 3568 936 qumest

1982 954 2022 1008 F
2052 956 2115 1023 0,
2147 964 2198 1011 et
2232 956 2271 1011 [ε’
2300 956 2344 1011 0
2376 958 2493 1028 ejus
2523 974 2641 1028 qua:
2663 970 2747 1015 est
2774 960 2819 1015 (ἓ
2848 960 2906 1015 l’.
2937 960 3104 1015 Erunt
3134 959 3292 1031 igitur
3313 975 3405 1015 sex
3433 962 3564 1013 toni.

1984 1049 2187 1103 Rursus
2229 1050 2369 1104 inter
2406 1049 2447 1104 F
2476 1052 2519 1104 0
2546 1061 2598 1106 et
2630 1052 2671 1107 G
2708 1052 2747 1104 Ρ
2776 1053 2819 1106 ll
2858 1052 3080 1106 ducatur
3119 1052 3325 1107 medius
3374 1067 3568 1107 nervus

1982 1139 2047 1192 ad
2095 1139 2156 1192 R.
2198 1139 2314 1195 Erit
2371 1141 2528 1210 igitur
2570 1142 2612 1196 A
2654 1141 2697 1195 Κ
2744 1142 2905 1212 dupla
2946 1142 3015 1197 ab
3049 1158 3115 1198 eo
3150 1144 3291 1213 quod
3318 1152 3400 1198 e.~t
3430 1144 3471 1197 II
3502 1145 3568 1200 R.

1984 1229 2157 1284 Pulsa:
2182 1232 2338 1301 igitur
2360 1235 2520 1288 simul
2552 1234 2594 1288 A
2626 1234 2669 1288 Κ
2704 1235 2742 1288 lI
2769 1235 2812 1289 R
2837 1236 3093 1304 diapason
3124 1237 3567 1305 mquisonantiam

1983 1323 2377 1379 consonabnnt.
2412 1325 2467 1378 Si
2503 1340 2631 1380 vero
2672 1325 2866 1395 aliquis
2892 1327 2935 1381 G
2972 1326 3013 1378 P
3046 1328 3322 1396 percutiat,
3357 1343 3571 1395 semper

1982 1412 2086 1465 erit
2114 1413 2268 1481 paulo
2292 1415 2500 1470 acutior
2524 1431 2682 1485 quam
2710 1424 2794 1471 est
2834 1417 2878 1471 Η
2918 1417 2982 1471 R.
3029 1419 3103 1473 Ac
3142 1434 3234 1487 per
3263 1419 3367 1474 hoc
3398 1431 3569 1473 trans-

1982 1505 2216 1559 cendunt
2249 1520 2341 1562 sex
2372 1510 2482 1563 toni
2522 1509 2775 1579 diapason
2798 1512 3231 1565 consonantiam.
3262 1510 3317 1565 Si
3350 1512 3490 1565 enim
3524 1513 3565 1565 A

1985 1596 2028 1650 Κ
2058 1605 2111 1651 et
2139 1598 2180 1652 G
2216 1597 2257 1652 P
2283 1600 2538 1673 diapason
2580 1603 2773 1671 pulsati
2816 1612 3153 1668 resonarcnt,
3191 1612 3434 1657 tonorum
3477 1618 3569 1658 sex

1986 1697 2132 1741 esset
2163 1688 2417 1758 diapason
2452 1676 2820 1746 consonantia.
2852 1692 2907 1747 Si
2938 1708 3067 1747 vero
3093 1692 3171 1747 Itis
3203 1692 3342 1746 idem
3374 1694 3417 1746 A
3445 1692 3486 1745 K
3518 1700 3573 1746 et

1985 1778 2028 1834 ϐ
2054 1778 2093 1832 Ρ
2123 1795 2228 1835 non
2252 1784 2672 1837 consonantibus
2713 1783 2755 1837 A
2786 1784 2829 1837 Κ
2860 1792 2914 1838 et
2945 1784 2986 1838 ll
3019 1783 3060 1836 R
3088 1784 3342 1852 diapason
3381 1796 3571 1838 conso-

292 1889 356 1929 ac
388 1874 658 1945 diapente,
692 1885 746 1931 et
786 1877 1041 1947 diapason
1077 1891 1139 1933 ac
1169 1877 1507 1933 diatessaron
1538 1889 1591 1934 et
1626 1881 1714 1949 qui
1760 1889 1884 1934 sunt
1912 1866 1960 1924 Β
1988 1886 2193 1937 narent,
2229 1887 2277 1931 et
2311 1877 2413 1931 HR
2440 1878 2643 1934 acutior
2671 1887 2815 1935 esset
2836 1878 3051 1949 quamG
3074 1878 3133 1945 P,
3161 1878 3417 1947 diapason
3441 1893 3571 1932 con-

293 1966 535 2021 emmelis
557 1966 693 2031 soni,
726 1976 781 2021 ut
813 1968 865 2022 in
894 1968 1006 2023 toni
1037 1967 1337 2025 dili‘erentia
1369 1971 1751 2025 consistentes.

891 2124 1119 2181 CAPUT
1156 2124 1267 2179 XII.

293 2255 738 2323 Quemadmodum
806 2256 1139 2310 Aristoxenus
1193 2256 1521 2311 intervallum
1576 2258 1879 2311 consideret.

362 2388 499 2456 Quid
529 2403 660 2444 vero
688 2389 755 2445 de
782 2388 866 2446 bis
892 2384 1245 2447 Aristoxenus
1274 2392 1471 2447 sentiat
1497 2392 1735 2449 breviter
1758 2409 1884 2464 ape-
1950 2404 1953 2409 '

291 2480 537 2536 riendum
567 2490 670 2536 est.
706 2491 727 2518 ε
754 2480 846 2536 Ille
872 2483 1015 2537 enim
1046 2484 1302 2553 quoniam
1344 2483 1563 2538 minime
1595 2493 1881 2541 tractatum

288 2570 482 2626 rationi
518 2570 817 2637 constituit,
846 2571 941 2627 sed
970 2575 1181 2627 aurium
1228 2571 1434 2641 judicio
1464 2573 1747 2641 permittit,
1800 2576 1882 2629 id.

290 2666 438 2718 circo
463 2663 796 2733 vocesgipsas
822 2662 983 2719 nullis
1011 2664 1250 2719 numeris
1278 2673 1446 2731 notat,
1473 2671 1529 2718 ut
1556 2679 1743 2720 earum
1772 2668 1883 2721 col-

285 2752 419 2823 ligat
441 2756 837 2824 proportiones,
872 2754 967 2812 sed
995 2769 1179 2811 earum
1218 2755 1270 2809 in
1312 2754 1492 2811 medio
1523 2755 1880 2813 diﬁ'erentiam

285 2845 474 2908 sumit,
503 2853 558 2898 ut
586 2844 1010 2913 speculationem
1050 2860 1155 2901 non
1192 2845 1249 2901 in
1285 2845 1416 2915 ipsis
1438 2846 1675 2914 vocibus,
1699 2848 1793 2904 sed
1827 2851 1878 2905 in
1948 2860 1951 2863 ‘

290 2952 359 2991 eo
388 2938 529 3006 quod
557 2937 698 2993 inter
720 2950 780 2992 se
801 2936 1076 3006 diﬁ'erunt,
1104 2939 1352 3007 collocet,
1378 2939 1539 2995 nimis
1561 2928 1876 3011 improvide,

292 3033 383 3103 qui
412 3032 766 3087 differentiam
815 3047 873 3089 se
913 3033 1054 3090 scire
1097 3034 1389 3103 arbitretur
1436 3048 1622 3090 earum
1666 3049 1875 3103 vocum,

288 3138 520 3195 quarum
554 3124 973 3195 magnitudinem
1016 3126 1219 3181 nullam
1267 3140 1646 3182 mensuramve
1680 3129 1881 3183 consti-

290 3226 427 3271 tuat.
456 3215 551 3271 Hic
581 3216 741 3285 igitur
770 3225 823 3270 et
853 3214 1191 3272 diatessaron
1216 3216 1625 3272 consonantiam
1653 3217 1877 3275 duorum
1910 3242 1953 3303 ρ

288 3323 540 3365 tonorum
590 3324 654 3364 ac
708 3309 980 3364 semitonii
1034 3324 1157 3366 esse
1202 3309 1472 3383 proponit,
1528 3319 1582 3365 et
1631 3310 1880 3381 diapente

286 3404 449 3458 trium
492 3411 738 3457 tonorum
781 3416 843 3456 ac
884 3402 1020 3459 senti
1047 3402 1178 3471 onii,
1212 3411 1265 3457 et
1295 3402 1554 3472 diapason
1593 3418 1686 3458 sex
1720 3412 1877 3460 tono-
1950 3418 1955 3423 ‘

287 3510 433 3558 rum,
466 3492 607 3563 quod
641 3493 755 3548 ﬁeri
784 3507 889 3548 non
923 3506 1087 3565 posse
1118 3492 1488 3565 superioribus
1518 3493 1877 3551 voluinibus

289 3587 709 3643 demonstratum
740 3594 841 3641 est.

888 5395 1113 5454 CAPUT
1149 5398 1285 5455 XIII.

282 5483 573 5553 Descriptio
616 5487 1057 5571 octocltordinqua
1087 5494 1367 5546 ostenditur
1398 5495 1642 5571 diapason
1681 5513 1861 5551 conso-

626 5567 850 5611 nantiam
875 5567 1119 5616 minorem
1139 5580 1244 5617 esse
1267 5581 1359 5618 sea:
1388 5567 1536 5619 tonis.

354 5666 524 5721 Docet
545 5679 719 5725 autem
738 5672 1065 5732 .Ptolemmus
1102 5692 1195 5743 per
1232 5678 1353 5749 cuju
1384 5678 1506 5734 dam
1545 5681 1857 5737 octochordi

351 5854 379 5884 ι
407 5846 655 5906 Eumelis
680 5862 846 5908 autem
873 5866 987 5911 sunt
1009 5858 1209 5924 relqui.
1285 5857 1311 5946 ξι
1344 5860 1564 5915 Nervus.

1645 5874 1664 5900 ε
1698 5862 1839 5929 Ipse.
1916 5862 1940 5901 ά
1972 5862 2141 5919 Intra.

1989 1971 2233 2024 sonantia
2257 1985 2353 2026 sex
2380 1980 2534 2027 tonos
2564 1972 2867 2029 excederet.
2899 1972 3047 2028 Nunc
3082 1988 3205 2027 vero
3226 1972 3345 2041 quia
3377 1985 3571 2025 conso-

1988 2059 2305 2115 nantibusA
2333 2061 2378 2115 K
2408 2071 2462 2116 et
2495 2062 2537 2117 Η
2569 2062 2611 2115 R
2640 2063 2825 2119 eadem
2854 2063 2898 2117 Η
2928 2062 2972 2116 Κ
3000 2062 3067 2116 ab
3093 2077 3155 2117 ea
3190 2077 3307 2131 quae
3344 2069 3427 2115 est
3455 2059 3498 2114 G
3531 2060 3571 2113 Ρ

1988 2151 2202 2218 gravior
2230 2152 2517 2220 invenitur,
2546 2170 2652 2210 non
2686 2164 2863 2225 potest
2890 2155 3119 2211 dubitari
3166 2155 3292 2224 quin
3334 2169 3424 2208 sex
3458 2154 3571 2207 toni

1988 2240 2241 2311 diapason
2293 2247 2700 2301 consonantiam
2752 2246 3032 2303 excedant.
3075 2246 3249 2315 Atque
3296 2245 3365 2297 ita
3408 2258 3571 2298 sensu

1987 2348 2201 2403 quoque
2236 2344 2415 2406 potest
2444 2336 2624 2406 colligi
2652 2337 2909 2407 diapason
2941 2336 3343 2393 consonantiam
3375 2330 3401 2371 (ι
3437 2336 3571 2388 inter

1986 2440 2077 2479 sex
2121 2434 2275 2482 tonos
2312 2429 2525 2484 cadere.
2575 2429 2665 2484 Sic
2709 2430 2866 2500 igitur
2910 2412 3215 2483 Aristoxeni
3264 2440 3417 2481 error
3458 2424 3571 2480 sine

1987 2516 2319 2575 dubitatione
2352 2520 2703 2575 convincitur.
2754 2522 2767 2527 ‘

2132 2839 2171 2886 Α
2314 2851 2353 2899 Β
2500 2865 2534 2916 C
2683 2880 2726 2929 Β
2863 2890 2900 2939 Ε
3046 2902 3085 2951 F
3232 2916 3431 2978 HG

2128 2904 3442 3447 Im

2573 3636 2803 3693 CAPUT
2832 3638 2970 3694 XIV.

2082 3787 2412 3841 Diatessaron
2444 3790 2828 3843 consOnantiam
2854 3790 3181 3848 tetrachordo
3210 3796 3477 3851 contineri.

2052 3940 2204 3997 Nune
2230 3941 2296 3997 de
2326 3940 2792 3997 tetrachordorum
2823 3943 3087 4004 divisione
3127 3948 3415 4007 dicendum
3458 3962 3561 4009 est.

1979 4033 2193 4089 Etenim
2253 4029 2588 4090 diatessaron
2639 4038 2989 4093 consonantia
3052 4050 3280 4111 quatuor
3338 4044 3565 4100 efﬁcitur

1980 4125 2194 4191 nervis;
2227 4125 2426 4181 idcirco
2453 4126 2611 4181 etiam
2640 4126 2975 4185 diatessaron
3002 4142 3356 4204 nuncupatur,
3389 4146 3445 4189 ut
3468 4136 3566 4205 igi-

1980 4230 2066 4274 tur
2096 4219 2307 4275 duobus
2338 4221 2516 4275 nervis
2544 4222 2866 4278 altrinsecus
2893 4224 3081 4292 positis
3105 4234 3128 4262 °
3151 4226 3215 4279 ad
3234 4227 3562 4284 diatessaron

1976 4315 2350 4385 symphoniam
2394 4315 2814 4371 consonantibus
2844 4317 3238 4374 tetrachordum
3284 4322 3393 4389 ﬁat,
3426 4321 3561 4377 duos

1976 4422 2199 4464 necesse
2221 4417 2304 4464 est
2324 4408 2481 4462 statui
2509 4409 2561 4463 in
2582 4409 2756 4463 medio
2783 4425 2994 4477 nervos,
3016 4411 3105 4481 qui
3134 4412 3198 4467 ad
3226 4428 3284 4467 se
3332 4414 3559 4471 invicem

1974 4513 2134 4574 atque
2160 4503 2227 4560 ad
2248 4513 2520 4562 extremos
2548 4514 2656 4561 tres
2686 4507 3060 4577 preportiones
3088 4509 3341 4566 efﬁciant.

2563 4697 2791 4756 CAPUT
2827 4699 2941 4756 XV.

1973 4829 2239 4896 Quomodo
2278 4831 2741 4913 Aristoxenus‘oel
2776 4842 2951 4913 tonum
2998 4838 3211 4913 dieidat,
3262 4842 3337 4896 rel
3374 4860 3560 4913 genera

2360 4902 2564 4973 ejusque
2590 4903 2853 4958 divisionis
2875 4906 3166 4977 dispositio.

2044 5034 2157 5088 lIoe
2185 5033 2348 5104 igitur
2375 5034 2706 5092 diatessaron
2732 5038 3091 5095 Aristoxenus
3114 5056 3210 5110 per
3237 5057 3433 5111 genera
3467 5046 3557 5101 [Αἰ

1972 5128 2179 5183 ratione
2214 5128 2465 5197 partitur.
2498 5130 2697 5185 Dividit
2726 5132 2867 5187 enim
2901 5141 3083 5189 tonum
3115 5133 3167 5189 in
3190 5135 3321 5190 duas
3353 5150 3556 5206 partes,

1970 5228 2129 5287 atque
2156 5218 2203 5272 id
2229 5220 2571 5274 semitonium
2602 5232 2775 5277 vocat.
2808 5224 2999 5279 Dividit
3029 5226 3079 5278 in
3108 5237 3213 5281 tres
3235 5238 3437 5297 partes,
3468 5246 3561 5285 cu-

1968 5314 2056 5384 jus
2088 5315 2298 5370 tertiam
2330 5314 2501 5370 diesin
2546 5328 2698 5374 vocat
2729 5318 3018 5373 ehromatis
3058 5322 3252 5388 mollis,
3284 5324 3475 5380 dividit
3506 5327 3558 5381 in

1971 5405 2025 5468 4,
2056 5407 2205 5475 cujus
2228 5416 2473 5476 quartam
2505 5425 2623 5464 cum
2659 5411 2869 5478 propria
2899 5410 3205 5477 medietate,
3239 5414 3290 5469 id
3320 5429 3402 5472 cst
3429 5434 3551 5473 cum

1968 5507 2155 5552 octava
2185 5498 2346 5553 totius
2379 5500 2511 5567 toni,
2536 5498 2765 5568 appellat
2788 5498 2959 5553 diesin
2983 5499 3273 5557 eliminatis
3295 5506 3551 5563 heniiulti.

1975 5588 1996 5626 ί
2032 5590 2235 5644 Rursus
2279 5591 2449 5644 solam
2498 5598 2739 5660 quartam
2787 5590 2905 5659 ejus
2945 5604 3099 5648 vocat
3143 5594 3313 5650 diesin
3358 5597 3555 5653 enhar-

1968 5683 2199 5737 monios.

2221 5876 2242 5927 ὲ
2273 5866 2363 5920 Ac.
2445 5864 2462 5903 ί
2497 5866 2621 5921 Haec
2646 5882 2746 5919 non
2772 5867 3027 5936 leguntur.
