4020 6352
1732 347 1842 402 AN.
1876 337 2090 397 MANL.

2188 334 2286 387 BV.
2327 332 2547 388 BOETII
3606 274 3741 372 υθέ

2079 452 2125 509 Α
2154 463 2311 502 unam
2337 449 2598 518 reliquam
2628 452 2874 514 poterunt
2906 454 3187 511 superare;
3223 447 3301 493 est
3330 441 3511 491 autem
3542 436 3741 489 enhar-

2150 540 2384 592 monium
2412 532 2466 591 et
2506 534 2889 590 citromaticum
2936 530 3190 599 spissum,
3224 528 3551 582 diatonicum
3602 538 3734 579 vero

2153 647 2257 685 non
2307 630 2561 698 spissum.
2604 628 2788 694 Itaque
2824 621 3235 677 enharmonium
3287 618 3585 673 secundum
3632 617 3749 669 Ari-

2154 734 2438 775 stoxenum
2490 717 2747 773 dividitur
2795 715 2873 768 sic
2916 715 2968 777 6,
3017 714 3071 778 6,
3111 712 3205 777 48,
3244 718 3301 763 ut
3350 711 3489 763 inter
3532 721 3748 776 gravem

2157 827 2382 866 nervum
2427 825 2489 864 ac
2521 823 2686 879 prope
2727 819 2945 877 gravem
2994 805 3063 858 sit
3089 810 3277 873 quarta
3312 815 3434 870 pars
3463 800 3597 863 toni,
3630 814 3746 868 qius

2158 903 2356 957 dicitur
2402 901 2569 957 diesis
2598 896 3001 963 enharmonios,
3030 910 3151 949 cum
3181 894 3252 947 sit
3281 901 3440 948 tonus
3469 892 3541 945 ει
3572 891 3749 944 unita-

2165 997 2306 1051 tihus
2331 997 2673 1077 constitutus.
2704 992 2830 1046 Item
2857 988 3151 1045 secundum
3181 986 3520 1040 intervallum
3550 998 3579 1036 a
3601 982 3751 1051 gravi

2165 1104 2335 1143 nervo
2360 1071 2425 1142 ad
2459 1086 2697 1150 tertium,
2730 1082 2798 1138 sit
2826 1082 3012 1137 eadem
3042 1086 3229 1148 Quarta
3268 1074 3295 1111 ἀ
3326 1089 3449 1143 pars
3479 1074 3617 1126 toni.
3650 1071 3752 1125 ιιε-

2165 1181 2293 1251 liqui
2324 1192 2453 1234 vero
2493 1178 2582 1247 qui
2619 1184 2823 1232 restant
2852 1188 2915 1229 ex
2964 1170 3245 1240 sexaginta
3285 1167 3376 1236 qui
3428 1168 3592 1219 totius
3641 1179 3757 1232 pro-

2168 1273 2435 1343 portionis
2461 1280 2587 1325 sunt
2617 1269 2757 1327 inter
2788 1267 3004 1323 tertium
3030 1279 3059 1317 a
3082 1262 3230 1333 gravi
3259 1274 3423 1315 nervo
3446 1268 3611 1327 atque
3638 1272 3758 1310 acu-

2172 1364 2439 1418 tissimum
2472 1370 2716 1431 quartum
2750 1368 3022 1428 ponuntur
3048 1354 3137 1421 ιε,
3159 1360 3213 1407 et
3237 1350 3358 1405 dua:
3383 1347 3759 1419 propor:iones

2172 1457 2236 1512 ad
2270 1472 2482 1526 gravem
2513 1454 2721 1523 positae,
2756 1452 2806 1506 id
2845 1460 2929 1506 est
2968 1451 3000 1504 6
3025 1462 3089 1503 ac
3117 1447 3171 1515 6,
3200 1459 3360 1500 unam
3406 1443 3668 1510 reliquam
3699 1440 3761 1493 ad

2176 1556 2388 1603 acutum
2419 1547 2672 1610 locatam,
2699 1543 2750 1598 id
2795 1552 2886 1598 est,
2918 1540 3011 1606 48,
3044 1555 3151 1594 non
3178 1539 3421 1592 vincunt.
3459 1532 3764 1588 Chromatis

2131 1649 2139 1659 ‘
2179 1657 2309 1696 vero
2350 1639 2526 1694 mollis
2562 1638 2702 1692 hanc
2748 1633 2876 1690 facit
2912 1632 3228 1689 divisionem
3263 1630 3318 1694 8,
3350 1628 3405 1697 8,
3442 1626 3529 1691 Η,
3566 1637 3623 1679 ιιι
3649 1634 3767 1678 octo

2180 1743 2340 1803 atque
2367 1740 2491 1785 octo
2516 1729 2623 1785 sint
2654 1727 2829 1783 tertia:
2872 1733 3051 1797 partes
3095 1733 3376 1785 tonorum;
3405 1726 3490 1773 est
3519 1716 3665 1771 enim
3695 1726 3769 1769 to-

482 389 616 447 I295

928 475 1162 528 FIGL'IIA
1202 466 1539 523 GLAIIEANI.

591 526 935 603 Semitonluut,
956 526 1079 589 'l‘onl
1107 536 1346 584 medietas
1419 526 1744 578 Semitoniutn

761 1068 1116 1148 παῖ
1131 1084 1255 1138 οιιχυ
1286 1068 1490 1148 lemma.

764 1112 882 1148 WJU
914 1112 988 1130 UH
1008 1112 1105 1129 Uluu
1131 1112 1249 1138 vuJ...
1299 1112 1337 1119 -.

764 1142 956 1195 litamus:
1106 1112 1183 1208 itu
1212 1135 1345 1185 muli

1526 682 1601 734 Ζ

776 823 986 893 Etim.
1053 812 1276 885 fuisse"
1320 808 1527 876 nam...
1603 798 1774 874 mia?

850 938 883 977 ιο
1136 924 1171 962 λι
1398 919 1438 957 λι

854 1014 888 1048 3
1277 999 1314 1035 δ
1685 986 1717 1020 ιδ

764 1142 956 1195 inuitauit
1130 1158 1183 1187 tu
1212 1135 1348 1185 nulla
1499 1121 1763 1177 ωιωπιοηυ,

1412 1187 1847 1381 .._.

826 1402 869 1454 ⁴
971 1395 1037 1473 ’δ’
1228 1418 1381 1491 Dufts
1412 1381 1597 1471 egrum

853 1463 1220 1659 mw
1307 1480 1541 1537 sbcnuolt

1011 1596 1181 1661 ιηιιοιι

1174 1689 1337 1744 'T'ohuf

580 1842 805 1894 Omnium
831 1834 1198 1891 intervallorum
1222 1845 1331 1895 quia
1358 1833 1403 1880 in
1431 1836 1546 1880 tono
1571 1836 1684 1880 sunt
1709 1829 1980 1879 secundum

997 1897 1344 1949 Aristoxenum
1368 1895 1557 1941 divisio.

1081 1997 1148 2035 AD
1186 1992 1489 2034 LI'CTOBEII.

564 2078 793 2134 Minutas
805 2074 1076 2129 divisiones
1102 2073 1306 2141 pingere
1326 2085 1427 2141 non
1464 2066 1740 2141 potuimus,
1764 2078 1881 2115 care
1903 2063 2083 2141 lector;

486 2168 611 2205 nam
652 2151 985 2205 Aristoxenus
1028 2131 1213 2194 tonum"
1259 2143 1314 2192 in
1353 2131 1617 2192 duodecim
1664 2142 1832 2199 partes
1872 2131 2081 2205 scindit.

496 2203 663 2276 Diesis
682 2235 799 2287 ergo
815 2214 1169 2287 enharinonios
1193 2209 1404 2287 habebit
1424 2220 1553 2271 tres;
1576 2206 1913 2287 diesisoutem
1937 2203 2086 2254 citro-

491 2274 642 2345 ntatis
671 2274 839 2342 mollis
870 2284 1063 2337 habebit
1090 2292 1333 2351 quatuor,
1371 2280 1575 2331 demum
1603 2274 1934 2351 hemitonium
1966 2286 2085 2351 seat;

490 2343 651 2415 diesis
678 2372 794 2413 vero
822 2343 1322 2411 chromatis'ltemioli
1344 2359 1558 2416 quatuor
1584 2357 1629 2399 et
1654 2346 1802 2416 semis
1826 2343 2087 2397 obtinebit.

498 2432 652 2497 Quod
676 2432 720 2483 si
749 2429 985 2500 dupletur
1009 2425 1252 2500 spatium,
1281 2430 1335 2474 ut
1364 2418 1519 2500 paulo
1548 2415 1911 2500 poit‘Boetius,
1941 2422 2088 2466 erunt

496 2485 613 2573 qua:
665 2485 887 2573 dirim'us
935 2485 1202 2573 intervalla
1243 2485 1415 2573 omnia
1451 2485 1714 2573 duplantlu
1748 2485 1819 2573 Ιοὺ
1856 2498 2091 2537 numeros

500 2556 896 2633 c'ommodiores,
922 2567 1057 2635 quod
1078 2564 1262 2635 doctus
1286 2562 1438 2630 facile
1468 2559 1621 2612 videt.
1662 2556 1808 2609 Vale.

575 2623 706 2698 tium
740 2642 809 2710 igi
840 2623 899 2693 ur
934 2623 1047 2691 inec
1072 2634 1142 2688 ita
1171 2623 1309 2710 sint,
1332 2645 1563 2700 cumque
1606 2641 1863 2697 genesnm
1898 2623 2096 2679 divisio

505 2734 800 2790 secundum
832 2744 953 2785 eum
985 2727 1057 2781 sit
1092 2704 1311 2793 duplex;
1352 2736 1518 2775 unum
1550 2718 1767 2789 quidem
1810 2729 1979 2786 genus
2015 2722 2099 2767 est

508 2827 754 2890 mollius;
787 2820 931 2877 aliud
968 2833 1099 2874 vero
1127 2815 1420 2872 incitatius.
1458 2812 1525 2865 Et
1549 2811 1761 2865 mollius
1782 2806 1996 2878 quidem
2019 2813 2100 2859 est

502 2915 943 2975 enharmonium,
979 2908 1250 2965 incitatius
1278 2919 1402 2959 vero
1430 2902 1784 2958 diatonicum.
1818 2899 1964 2952 Inter
1988 2896 2101 2949 haec

511 3025 639 3066 vero
686 3005 935 3063 consistit
983 3000 1375 3058 chromaticum
1413 2993 1721 3050 incitatione
1771 2989 2103 3057 mollitieque

515 3100 858 3172 participans;
898 3097 1030 3150 ﬁunt
1056 3093 1217 3162 igitur
1237 3087 1531 3146 secundum
1564 3086 1706 3139 hunc
1731 3082 1977 3138 ordinem
2004 3078 2105 3133 dif-

2108 1814 2156 1873 B
2184 1842 2282 1880 nus
2314 1829 2329 1888 (
2341 1832 2398 1877 ut
2428 1823 2629 1877 dictum
2654 1822 2757 1889 est)
2784 1819 2854 1873 24
2883 1818 3169 1878 unitatum,
3202 1822 3257 1866 et
3283 1810 3480 1865 dicitur
3511 1808 3625 1862 toni
3651 1820 3771 1875 pars

2182 1918 2339 1972 tertia
2384 1915 2546 1969 diesis
2586 1911 2879 1968 chromatis
2929 1908 3130 1963 mollis.
3179 1906 3306 1960 Item
3346 1901 3646 1957 chromatis
3686 1900 3773 1951 he-

2186 2027 2215 2061 n
2241 2007 2349 2062 iolii
2381 2006 2716 2060 diatessaron
2746 2002 2817 2056 ita
2845 2001 3091 2070 partitur,
3126 1997 3180 2061 9,
3212 1997 3269 2061 9,
3292 1995 3379 2048 42.
3418 1993 3515 2047 Est
3547 2000 3571 2027 ε
3598 2000 3772 2044 autem

2186 2101 2351 2155 d‘esis
2407 2098 2702 2153 chromatis
2759 2093 2998 2149 hemiolii
3073 2105 3199 2160 pars
3252 2098 3439 2144 octava
3491 2086 3604 2140 toni
3659 2099 3775 2138 cum

2187 2200 2396 2261 quarta,
2429 2190 2479 2244 id
2510 2196 2595 2244 est
2623 2203 2689 2242 ex
2717 2186 2786 2239 24
2818 2200 2910 2240 sex
2943 2198 3065 2239 cum
3094 2181 3288 2236 tribus.
3328 2180 3458 2233 Item
3489 2177 3778 2231 chromats

2190 2287 2405 2340 ttionimi
2442 2286 2561 2339 talis
2584 2282 2876 2339 secundum
2902 2281 3281 2335 Aristoxenum
3314 2276 3531 2346 partitio
3555 2283 3659 2339 est,
3695 2272 3778 2337 I2,

2194 2377 2282 2443 I2,
2311 2376 2398 2429 δὴ.
2419 2374 2636 2429 Scilicet
2662 2373 2794 2426 utin
2827 2370 3037 2425 duobus
3068 2366 3360 2422 intervallis
3383 2364 3596 2433 singula
3628 2362 3780 2417 semi-

2195 2471 2339 2525 tonia
2386 2467 2702 2530 constituat,
2745 2472 2799 2519 et
2836 2461 2981 2533 quod
3030 2460 3294 2529 reliquum
3338 2465 3423 2511 est
3479 2456 3533 2508 in
3577 2454 3779 2507 ultimo.

2198 2569 2267 2619 At
2289 2578 2371 2631 ,ue
2401 2562 2451 2616 in
2476 2561 2561 2615 his
2578 2558 2826 2614 omnibus
2853 2557 2972 2610 duae
2997 2553 3388 2625 proportiones,
3412 2563 3535 2617 qua:
3555 2544 3784 2616 graviori

2199 2670 2365 2711 nervo
2395 2664 2515 2708 sunt
2545 2651 2823 2721 proximae,
2854 2648 3115 2717 reliquam
3144 2658 3262 2715 qua:
3283 2642 3348 2697 ad
3371 2651 3589 2695 acutum
3620 2638 3785 2708 posita
3847 2688 3856 2697 ,

2199 2758 2301 2817 est,
2341 2747 2359 2787 ί
2396 2744 2765 2816 magnitudine
2803 2742 3023 2796 minime
3062 2746 3335 2809 superant,
3371 2745 3496 2789 sunt
3535 2735 3680 2787 enim
3712 2735 3789 2797 (ut

2201 2836 2541 2915 dictum_est)
2574 2826 2869 2906 spissorum
2898 2845 3176 2902 generum.
3225 2827 3410 2896 Spissa
3454 2824 3657 2893 quippe
3705 2837 3791 2889 εει

2205 2946 2333 2986 nera
2364 2926 2487 2985 sunt
2514 2926 2930 2983 enharmonium
2973 2932 3133 2992 atque
3162 2919 3575 2975 cltromaticum.
3621 2916 3795 2968 Dialo-

2206 3026 2323 3079 nica
2352 3037 2480 3077 vero
2510 3020 2705 3076 divisio
2743 3019 2863 3089 ipsa
2903 3029 3117 3086 quoque
3156 3021 3237 3069 est
3266 3010 3483 3079 duplex.
3516 3008 3584 3062 Et
3624 3006 3797 3059 mollis

2210 3116 2427 3189 quidem
2467 3112 2721 3169 diatonici
2760 3108 2952 3165 divisio
2980 3119 3061 3164 ρει
3102 3107 3202 3162 hoc
3247 3103 3429 3167 modo,
3465 3103 3556 3165 12,
3598 3100 3679 3165 18,
3710 3099 3794 3161 30,

512 3194 756 3250 menum
786 3193 1170 3261 permmmum
1195 3197 1450 3255 generum
1473 3196 1589 3236 ⁸⁸³⁸
1624 3178 1741 3234 una
1772 3175 1983 3245 quidem
2007 3188 2102 3266 en'.
2131 3184 2177 3246 Ο
2212 3175 2271 3262 ut
2292 3208 2357 3263 I2
2383 3203 2725 3261 semitonium
2768 3201 2860 3266 sit,
2889 3200 3076 3254 decem
3114 3207 3169 3252 et
3196 3204 3320 3251 octo
3348 3191 3720 3253 semitonium,
3749 3197 3798 3241 et

515 3284 800 3349 liarmonii,
859 3283 891 3335 ὅ
934 3288 1110 3334 autem
1163 3274 1501 3337 cliromatici,
1550 3272 1601 3325 id
1660 3279 1742 3325 est
1789 3264 2104 3322 chromatici

520 3376 719 3439 mollis,
744 3382 796 3429 et
819 3369 1131 3426 chromatici
1157 3365 1421 3433 hemiolii,
1446 3373 1500 3417 et
1526 3359 1843 3417 cliromatici
1865 3357 2106 3412 thonitei.

517 3469 645 3523 Dum
688 3478 818 3519 vero
860 3462 1077 3530 reliquae
1120 3456 1395 3521 diatonici,
1446 3454 1624 3509 mollis
1669 3462 1826 3521 atque
1877 3450 2105 3505 incitati.

518 3558 757 3624 Quorum
780 3552 1018 3607 omnium
1045 3548 1166 3604 talis
1182 3545 1477 3602 secundum
1509 3543 1887 3597 Aristoxenum
1917 3540 2109 3595 divisio

521 3659 622 3705 est.
646 3646 907 3716 Quoniam
938 3642 1081 3697 enim
1113 3646 1301 3709 quarta
1335 3650 1458 3706 pars
1490 3636 1598 3689 toni
1628 3633 1795 3688 diesis
1820 3632 2107 3687 enharmo-

522 3742 643 3795 nios
670 3734 966 3803 nuncupari
1001 3731 1254 3802 praedicta
1287 3736 1390 3789 est,
1432 3726 1792 3806 quoniamque
1835 3725 2113 3777 Aristoxe-

524 3846 628 3886 nus
659 3844 763 3883 non
791 3840 950 3881 voces
978 3825 1119 3892 ipsas
1147 3821 1288 3875 inter
1309 3833 1367 3873 se
1393 3827 1687 3885 comparat,
1729 3813 1821 3870 sed
1854 3812 2111 3868 dilTeren-

527 3924 654 3979 tiam
692 3934 883 3974 vocum
940 3912 1387 3980 intervallumque
1433 3908 1675 3971 metitur,
1722 3914 1775 3965 el,
1817 3904 2111 3960 secundum

524 4029 647 4070 eum
679 4022 833 4065 t-tnua
861 4017 942 4062 est
972 4004 1254 4060 duodecim
1285 4002 1568 4064 unitatum,
1613 3998 1774 4064 hujus
1815 3997 1976 4065 igitur
2013 3995 2118 4050 erit

531 4118 654 4174 pars
685 4110 868 4172 quarta
900 4096 1065 4151 diesis
1096 4092 1479 4149 enharmonios
1522 4102 1654 4143 tres.
1692 4086 1954 4155 Quoniam
1989 4100 2117 4140 Vero

532 4212 599 4251 ex
629 4195 838 4249 duobus
872 4190 1014 4246 tonis
1046 4204 1105 4242 ac
1130 4186 1415 4242 semitonio
1445 4183 1783 4238 diatessaron
1815 4192 2119 4233 consonan-

534 4290 603 4341 tia
625 4287 886 4357 jungitur,
917 4283 1020 4339 erit
1042 4288 1148 4335 tota
1180 4278 1511 4333 diatessaron
1542 4290 1606 4329 ex
1635 4274 1720 4327 his
1748 4270 2032 4328 duodecim
2056 4283 2118 4323 ac

534 4398 628 4436 sex
660 4377 949 4434 unitatihus
974 4373 1289 4428 const'tuta.
1317 4367 1425 4424 Sed
1460 4367 1713 4437 quoniam
1738 4379 1880 4435 saepe
1913 4364 1969 4417 Iit
1997 4372 2053 4417 ut
2074 4361 2118 4417 si

536 4488 704 4541 usque
720 4471 783 4525 ad
799 4480 1013 4524 octavas
1036 4466 1261 4521 velimus
1277 4461 1544 4517 deducere
1565 4468 1767 4530 partes,
1784 4473 1887 4512 non
1911 4460 1962 4511 in
1986 4457 2120 4511 inte—

2211 3308 2399 3369 quarta
2438 3311 2559 3366 pars
2584 3295 2729 3358 toni,
2764 3301 2789 3340 κ
2817 3291 2887 3347 52
2914 3305 3041 3345 vero
3068 3287 3209 3359 quod
3233 3286 3497 3355 reliquum
3526 3292 3630 3338 est.
3662 3280 3801 3347 Quo-

2211 3406 2328 3447 rum
2352 3389 2538 3444 decem
2570 3396 2623 3442 et
2643 3394 2767 3442 octo
2795 3395 2847 3439 et
2878 3383 2945 3439 12
2971 3382 3206 3437 efﬁciunt
3231 3378 3319 3444 30,
3354 3391 3453 3431 nec
3479 3386 3802 3445 superantur

2212 3486 2281 3538 ab
2314 3497 2376 3537 ea
2407 3490 2522 3536 arte
2561 3494 2677 3549 quae
2724 3478 2928 3547 reliqua
2969 3483 3072 3530 est.
3114 3473 3245 3528 Item
3286 3469 3547 3526 diatonici
3599 3466 3801 3522 incitati

2216 3578 2336 3631 talis
2369 3574 2581 3642 partitio
2611 3580 2714 3635 est,
2749 3580 2804 3626 ut
2826 3568 3166 3626 semitonium
3188 3579 3250 3620 ac
3279 3563 3417 3618 duos
3448 3562 3646 3616 habeat
3675 3560 3803 3613 inte-

2213 3682 2337 3738 gros
2370 3676 2524 3721 tonos
2554 3664 2639 3728 I2,
2672 3664 2762 3728 2i,
2795 3663 2888 3726 24,
2911 3676 2975 3717 ex
3007 3659 3200 3730 quibus
3222 3655 3293 3710 ει
3326 3666 3379 3710 et
3410 3654 3494 3720 12,
3522 3654 3575 3708 id
3608 3664 3693 3708 est
3715 3652 3801 3713 56,

2216 3775 2321 3814 non
2350 3765 2673 3827 superantur
2701 3769 2729 3808 a
2757 3754 2961 3823 reliqua
2993 3760 3147 3822 parte
3180 3763 3299 3818 qua:
3330 3746 3395 3801 ad
3443 3756 3661 3801 acutum
3702 3754 3800 3805 est,

2222 3848 2317 3904 sed
2352 3847 2527 3916 potius
2576 3847 2819 3899 vincunt.
2853 3844 2948 3898 Est
2986 3842 3151 3912 igitur
3194 3838 3489 3894 secundum
3539 3836 3803 3891 Aristote-

2218 3958 2345 3997 nuut
2377 3937 2839 3995 tetrachordorum
2869 3935 3123 4005 prcedicta
3154 3931 3395 4003 partitio,
3427 3943 3551 3999 qua:
3574 3926 3804 3994 sub;ecta

2219 4033 2583 4103 descriptione
2615 4036 2963 4084 monstratur.

2282 4250 2468 4300 Divisio
2489 4246 2715 4296 diatonici
2777 4243 2963 4295 Divisio
2987 4239 3219 4290 diatonicl
3281 4237 3473 4288 Divisio
3494 4234 3776 4285 chromatiri

2405 4310 2591 4357 incitati
2932 4302 3091 4355 mollis
3432 4298 3629 4347 thoniei

2405 4322 2591 4358 IIICIlaU

2346 4392 2656 4443 Dialessaron

3432 4298 3629 4347 thoniei

3376 4381 3695 4432 Dialessaron

2932 4302 3091 4365 mollis

2831 4438 2835 4441 _
2853 4388 3169 4439 Dialessaron

535 4581 661 4634 gros
691 4576 964 4627 numeros,
994 4559 1085 4613 sed
1121 4558 1173 4612 in
1205 4556 1410 4624 aliquas
1442 4553 1727 4621 particulas
1764 4552 2118 4611 incurramus,
2156 4560 2210 4621 ι)

538 4659 739 4714 idcirco
770 4666 795 4693 ι
824 4655 1039 4726 quidem
1079 4648 1319 4706 facienda
1352 4656 1435 4701 est
1466 4653 1573 4700 tota
1612 4644 1948 4697 diatessaron
1994 4656 2123 4696 con-

539 4750 786 4805 sonantia
818 4748 909 4803 60.
957 4748 1024 4799 At
1066 4758 1193 4798 vero
1220 4740 1292 4795 ει
1324 4748 1500 4803 tonus,
1540 4735 1883 4790 semitonium
1924 4730 2130 4787 duode-

538 4846 668 4912 4-im,
712 4856 834 4911 pars
875 4845 1087 4908 quarta,
1129 4848 1249 4904 qua:
1291 4832 1456 4887 dicsis
1501 4828 1883 4883 enharmonios
1915 4825 2134 4889 dicitur,

542 4950 665 4997 εει,
723 4941 912 4987 octava
968 4935 1146 4982 autem
1198 4934 1338 4986 tres;
1387 4921 1570 4991 juncta
1610 4933 1737 4974 vero
1784 4926 1971 4973 οοιδντι
2014 4931 2135 4969 cum

541 5038 752 5097 quarta,
778 5038 872 5079 sex
894 5019 1106 5077 scilicet
1132 5029 1251 5071 cum
1282 5013 1472 5077 tribus,
1503 5021 1559 5067 ut
1588 5010 1753 5067 faciat
1773 5008 1946 5065 diesin
1975 5009 2133 5063 chro-

543 5120 699 5175 rnatis
723 5111 987 5180 hemiolii,
1020 5117 1179 5166 erunt
1205 5121 1418 5163 novem.
1453 5105 1544 5160 llis
1588 5104 1747 5174 igitur
1775 5101 1845 5159 ita
1876 5100 2134 5157 constitu-

544 5216 633 5277 tis,
671 5210 768 5265 tria
808 5219 1005 5278 genera
1028 5198 1497 5259 enharmonicum,
1526 5192 1937 5258 chromaticum,
1965 5189 2136 5245 diato-

546 5307 746 5367 nicum,
780 5300 875 5353 has
907 5296 1229 5353 Aristoxeno
1257 5288 1503 5344 videntur
1535 5285 1732 5339 habere
1759 5280 2137 5352 proprietates,

547 5406 603 5451 ut
647 5396 751 5449 alia
793 5404 980 5446 eorum
1025 5386 1272 5441 dicantur
1299 5381 1496 5451 spissa,
1536 5377 1640 5429 alia
1681 5374 1923 5430 minime.
1956 5370 2142 5439 Spissa

548 5499 690 5556 sunt,
718 5485 745 5525 ιν
779 5497 1004 5554 quorum
1047 5478 1168 5533 dua:
1218 5472 1493 5546 graviores
1526 5468 1935 5539 proportiones:
1979 5477 2138 5518 unam

542 5597 667 5636 eam
698 5593 818 5648 qua:
867 5574 934 5627 ad
981 5581 1194 5626 acutum
1225 5565 1464 5637 apposita
1511 5570 1592 5617 est
1628 5558 1995 5628 magnitudine
2037 5570 2143 5608 non

545 5677 789 5729 vincunt.
821 5668 936 5723 Non
967 5667 1136 5734 Spissa
1162 5675 1290 5716 vero
1317 5670 1337 5697 ε
1380 5669 1607 5727 quorum
1632 5651 1749 5706 dua:
1775 5649 2146 5719 proportiones

1109 5796 1136 5837 ι)
1168 5796 1303 5863 Qua.
1383 5802 1401 5830 ε
1429 5791 1561 5858 Qua.
1640 5786 1662 5823 δ
1694 5787 1745 5842 6.

2314 4509 2686 4656 Ζῶ
2980 4528 3029 4565 (η
3502 4523 3551 4556 ι.

2303 4576 3731 4818 mmemew

2653 5052 2957 5098 θιιιιηκιε
2996 5051 3062 5089 ΑΙ)
3103 5042 3403 5086 ιεετοιιει.

2320 5270 2431 5325 Nos
2466 5274 2625 5321 totum
2664 5258 2921 5329 negotium
2965 5255 3019 5307 in
3048 5244 3356 5304 telracltordi
3390 5234 3729 5311 hyperbolen
3757 5231 3825 5277 ita

2251 5358 2521 5437 (utspero)
2547 5324 2941 5413 declaravimus,
2970 5356 3023 5399 ut
3055 5342 3207 5411 facile
3229 5340 3381 5392 lector
3407 5331 3690 5386 consideret
3712 5324 3825 5391 quid

2247 5418 2326 5517 ine
2352 5418 2669 5511 lieus'voluit
2700 5445 2984 5501 elaborare.
3010 5436 3178 5489 Multa
3202 5442 3369 5485 tamen
3392 5443 3457 5481 ea:
3485 5418 3826 5494 superioribus

2248 5542 2691 5626 prwsupponenda
2730 5546 2867 5600 sunt,
2902 5541 2958 5586 ut
2985 5525 3242 5601 quomodo
3280 5538 3334 5626 se
3373 5518 3558 5571 divisio
3592 5520 3829 5626 perurunt

2252 5604 2465 5707 λοιβαί,
2492 5631 2684 5703 alioqui
2724 5626 2920 5682 inutilis
2949 5622 3042 5677 erit
3092 5617 3253 5672 labor.
3293 5611 3513 5676 Cretera,
3553 5607 3621 5657 mi
3661 5604 3830 5658 lector,

628 5821 651 5846 °
684 5808 805 5862 Non
829 5804 1035 5873 legitur.
1109 5796 1136 5837 ι)
1168 5796 1303 5863 Qua.
1383 5802 1401 5830 ε
1429 5791 1561 5858 Qua.
1640 5786 1662 5823 δ
1694 5787 1745 5842 6.
1828 5793 1851 5819 ⁸
1884 5782 2060 5836 Enim.

2200 5771 2627 5840 Maqnitttdinem.
2708 5774 2730 5810 π
2758 5764 2844 5819 30.
