4020 6352
297 335 423 390 1301

1195 333 1237 388 Ν
1265 334 1460 390 COLAI
1507 332 1740 389 JUDl-LCI
1795 334 2127 390 EI‘ISTOLA
2168 331 2647 390 ΡΒᾸΞΡΑΤΟΒΙΑ.

3040 276 3075 311 ’ἰ

3437 328 3609 385 1307'

296 455 501 506 tandem
527 455 627 520 fuei
642 451 699 513 it,
731 469 757 504 e
788 451 999 503 barbara
1027 452 1203 522 lingua
1219 451 1399 505 Gra‘ca
1428 453 1685 504 volumina
1714 462 1883 504 trans-
1918 452 1968 511 Α
1994 450 2220 501 omnibus
2249 466 2387 519 irque
2417 445 2861 519 diligentissimus)
2898 443 3213 516 pra’termitti
3236 441 3569 513 quandoque,

297 548 465 614 ferens
494 546 781 597 semilatina
810 544 1049 595 reddidit.
1098 544 1232 596 Nam
1270 542 1515 607 vocabula
1544 542 1777 609 qua’tlam
1808 544 1881 593 ita

296 650 348 689 ut
368 637 541 704 jacent
584 636 800 686 barbara
848 634 1071 693 dimittit.
1106 649 1218 685 cum
1260 644 1424 685 tamen
1470 630 1640 684 Latini
1671 650 1764 685 sua
1790 635 1883 684 ha-

296 731 442 781 beant
489 735 536 778 et
563 725 762 793 quidem
792 726 983 789 optima
1028 739 1090 775 ac
1118 724 1494 792 probatissima.
1534 722 1697 787 Quam
1751 725 1883 775 enim

295 818 699 882 quadrilateram
749 814 1286 885 ﬁguram‘rhambum
1319 824 1365 865 et
1413 812 1578 866 (ἔναυσὶ
1626 824 1671 865 et
1730 815 1886 866 nostri

296 910 577 980 appellant,
605 908 692 958 ille
716 905 862 959 verba
890 905 1113 975 quodam
1144 904 1219 973 (ut
1250 906 1319 955 ita
1348 904 1537 962 dicam)
1560 904 1755 955 exotico
1778 904 1886 956 hel-

297 1003 489 1055 muaim
522 1010 695 1061 vocat,
721 1008 766 1051 et
794 998 912 1049 huic
935 996 1151 1064 afﬁnem,
1187 1012 1337 1065 quant
1366 994 1529 1047 ϐτανεί
1560 994 1891 1046 rltombo'den

296 1094 495 1155 dicunt,
527 1089 742 1144 similem
772 1089 1067 1142 helmuaim.
1116 1086 1249 1139 Sunt
1279 1095 1325 1138 et
1355 1086 1473 1139 alia:
1498 1089 1733 1153 quwdam
1762 1102 1890 1154 qua-

298 1184 552 1237 drilateraz
582 1180 783 1253 ﬁgura’,
814 1196 940 1250 quas
979 1176 1145 1232 στιεεί
1168 1176 1389 1241 trapezia
1410 1219 1424 1243 ,
1451 1175 1610 1227 nostri
1638 1177 1891 1227 mensutas

298 1274 585 1329 nominant.

511 1383 1733 1759 ac:

374 1840 487 1894 Has
514 1848 683 1895 noster
701 1842 784 1895 hic
808 1844 1055 1914 interpres
1084 1844 1255 1899 Latini
1292 1854 1443 1915 atque
1464 1845 1633 1900 Graeci
1657 1847 1885 1901 vocabuli

300 1948 532 2002 perceque
555 1932 785 2003 ignarus,
828 1933 1165 2005 helmuarifas
1191 1937 1360 1989 dicere
1399 1953 1498 1990 non
1537 1947 1747 1996 veretur.
1781 1938 1885 1993 Sed

298 2026 400 2076 sint
423 2040 545 2078 sane
564 2024 673 2079 hcec
698 2026 825 2079 levia
853 2036 902 2080 et
929 2043 1033 2081 non
1057 2028 1218 2081 nmlta
1236 2029 1677 2084 animadversione
1703 2031 1881 2103 digna.

302 2111 449 2167 Illud
479 2125 609 2170 certe
634 2116 710 2188 (ni
739 2116 918 2189 fallor)
948 2119 1153 2188 defendi
1170 2118 1315 2172 nulla
1341 2122 1667 2175 excusatione
1693 2130 1881 2189 potest,

300 2209 439 2277 quod
487 2225 655 2263 rerum
702 2210 1056 2280 deﬁnitiones,
1106 2212 1288 2281 quibus
1324 2222 1379 2265 ut
1419 2212 1686 2282 principiis
1731 2214 1887 2267 totius

299 2305 525 2360 scientiae
564 2306 775 2371 utimur,
804 2314 855 2361 et
890 2306 1251 2376 confundenda
1280 2308 1438 2377 falsas
1484 2308 1636 2376 facit,
1667 2314 1715 2359 et
1761 2322 1887 2373 quas

300 2395 543 2452 Euclides
571 2398 776 2452 minime
806 2399 1071 2452 somniavit
1112 2399 1163 2452 in
1205 2415 1379 2453 earum
1420 2400 1586 2453 locum
1616 2414 1729 2467 quae
1748 2397 1887 2451 illius

300 2496 467 2552 erant,
496 2488 765 2543 temerario
791 2488 1011 2558 quodam
1033 2503 1161 2541 ausu
1192 2489 1450 2559 supponit.
1474 2486 1615 2541 Nam
1639 2488 1808 2541 statim
1836 2489 1889 2540 in

300 2580 446 2634 initio
494 2581 659 2651 operis
689 2581 873 2634 lineam
911 2580 1267 2651 hujuscemodi
1318 2579 1632 2647 deﬁnitionis
1675 2579 1889 2633 termino

300 2672 516 2725 claudit.
552 2669 712 2725 Linea
740 2680 813 2725 est
855 2671 1119 2741 longitudo
1146 2672 1255 2724 sine
1284 2670 1575 2736 latitudine,
1608 2671 1753 2741 cujus
1779 2670 1892 2740 qui-
1920 2738 1936 2751 ’

300 2764 416 2816 dem
442 2764 781 2818 extremitates
815 2774 932 2817 sunt
970 2764 1073 2817 dua
1104 2773 1313 2835 puncta.
1349 2761 1473 2817 llaec
1501 2777 1616 2816 vero
1654 2762 1817 2829 ﬁnitio
1845 2779 1890 2832 ei

300 2857 451 2909 linea:
479 2857 853 2910 accommodari
888 2857 1093 2910 minime
1140 2863 1302 2925 potest
1351 2872 1501 2923 quam
1551 2854 1890 2926 peripheriam

302 2948 469 3004 ϐητεὶ
527 2950 826 3015 nominant,
867 2964 981 3002 cum
1030 2949 1122 3003 illa
1169 2950 1408 3003 extremis
1454 2948 1612 3003 nullis
1654 2948 1886 3015 ﬁniatur,

300 3060 588 3114 quanquam
614 3044 823 3113 quidam
865 3059 928 3096 ex
978 3042 1344 3096 recentioribus
1387 3041 1519 3112 falsa
1555 3040 1892 3094 translatione

301 3136 520 3204 decepti,
549 3135 678 3189 hanc
703 3143 945 3203 tanquam
972 3131 1203 3193 Euclidis
1232 3148 1402 3209 veram
1431 3132 1778 3200 deﬁnitionem
1800 3131 1887 3184 de-

300 3199 515 3297 fe'ndere
532 3199 814 3293 conantur,
835 3226 1057 3280 dicentes
1090 3206 1431 3297 peripheriam
1471 3225 1675 3295 quidem
1718 3232 1884 3277 extre-
1918 3199 1962 3260 Ο

302 3321 398 3374 mis
446 3328 492 3374 et
524 3321 707 3388 ﬁnibus
756 3330 869 3375 actu
900 3336 1103 3387 carere,
1136 3319 1425 3391 aptitudine
1462 3335 1577 3372 vero
1610 3318 1684 3385 (ut
1711 3333 1888 3371 eorum

301 3423 418 3466 utar
448 3412 712 3483 vocabulo)
743 3413 871 3482 ﬁnes
906 3422 952 3467 et
981 3413 1222 3466 terminos
1242 3427 1535 3482 agnoscere,
1563 3411 1699 3480 quod
1728 3411 1890 3477 perri-

301 3503 529 3557 dicutum
559 3511 651 3558 est.
690 3503 955 3574 Siquidem
985 3501 1158 3557 eodem
1204 3502 1431 3573 exempla
1454 3502 1638 3555 lineam
1664 3502 1773 3569 ipse
1800 3499 1889 3554 de-

302 3596 473 3664 ﬁniant
520 3597 890 3666 longitudinem
965 3597 1091 3650 citra
1136 3595 1483 3660 latitudinem,
1535 3609 1650 3664 qua:
1684 3594 1888 3661 quidem

300 3705 363 3742 es:
387 3690 535 3743 remis
565 3700 767 3755 careat,
793 3690 931 3757 quod
962 3691 1004 3742 si
1034 3688 1334 3743 reclamabis
1371 3696 1418 3742 et
1464 3688 1652 3741 lineam
1682 3687 1891 3758 objicies

298 3794 487 3835 rectam
515 3782 745 3847 ﬁnitam,
769 3780 1082 3847 respondebo
1112 3797 1223 3833 eam
1268 3782 1357 3847 ﬁn?
1364 3780 1454 3833 bus
1502 3780 1767 3833 liabilitate
1794 3797 1881 3848 po-

295 3873 553 3938 tentiaque
580 3887 783 3935 vacare,
811 3872 1040 3940 quamvis
1061 3881 1178 3923 actu
1210 3888 1310 3925 non
1348 3881 1508 3925 vacet.
1542 3873 1888 3939 Quamobrem

296 3972 383 4016 aut
412 3971 626 4031 utraque
646 3961 876 4029 deﬁnitio
896 3961 1189 4029 recipienda
1211 3971 1304 4027 est,
1330 3978 1428 4029 qua
1455 3962 1582 4015 nihil
1603 3972 1762 4032 potest
1786 3980 1891 4019 esse

298 4052 568 4106 absurdius
587 4092 602 4117 ,
631 4060 718 4104 aut
747 4062 954 4120 utraque
979 4052 1277 4123 rejicienda.
1316 4052 1464 4118 Quod
1494 4054 1775 4107 rectissima
1804 4072 1888 4106 ra-

299 4145 437 4197 tione
462 4143 573 4210 ﬁeri
604 4142 850 4197 constabit
873 4183 887 4208 ,
918 4144 960 4196 si
999 4144 1112 4212 quis
1151 4144 1522 4207 animadvertat
1563 4161 1717 4215 quam
1744 4148 1888 4200 incu-

300 4240 434 4290 riose
459 4236 687 4306 egregius
716 4236 810 4289 iste
845 4220 1093 4306 interpres
1133 4236 1260 4289 duas
1291 4252 1459 4290 rerum
1492 4236 1639 4307 longe
1668 4239 1890 4292 aliarum

302 4329 623 4396 deﬁnitiones
650 4329 702 4382 in
736 4346 889 4382 unam
929 4331 1075 4397 quasi
1107 4330 1321 4398 formam
1350 4332 1671 4402 conjunxerit
1693 4374 1707 4398 ,
1739 4341 1892 4403 atque

303 4424 369 4475 ad
406 4439 563 4475 unam
606 4431 803 4475 tantum
834 4438 937 4474 rem
977 4422 1320 4491 deliniendam
1360 4426 1711 4492 assumpserit.
1750 4424 1889 4477 Nam

305 4511 547 4567 Euclides
568 4530 684 4566 cum
713 4514 897 4566 lineam
926 4513 1230 4582 deﬁnivisset
1261 4516 1634 4585 longitudinem
1665 4518 1790 4570 citra
1812 4520 1887 4571 la-

305 4607 600 4673 titudinem,
633 4615 891 4675 essentque
918 4622 979 4659 ex
1018 4607 1167 4660 lineis
1190 4607 1425 4676 quwdam
1462 4610 1604 4677 ﬁnite
1642 4619 1689 4662 ct
1722 4612 1892 4663 termi-
1926 4587 1975 4644 Ῑ)

305 4708 441 4764 nate,
475 4714 595 4751 mox
638 4698 914 4752 declaravit
959 4697 1046 4767 qui
1075 4707 1235 4751 essent
1267 4699 1412 4752 linea:
1438 4700 1565 4767 ﬁnes
1594 4710 1639 4753 et
1670 4703 1887 4768 termini,

305 4792 556 4860 inquiens,
590 4792 736 4844 linea:
758 4806 869 4844 vero
897 4800 1119 4843 extrema
1148 4800 1337 4858 puncta
1360 4800 1498 4844 sunt.
1532 4794 1593 4844 At
1620 4792 1703 4845 hic
1726 4804 1891 4848 uoster

305 4894 408 4936 tam
440 4883 625 4952 lepida!
653 4882 987 4937 traductionis
1014 4892 1192 4935 auctor
1218 4898 1280 4937 ex
1300 4884 1519 4937 duarum
1540 4886 1892 4952 deﬁnitionum

304 4977 641 5044 permixtione
677 4977 1074 5047 confusioneque
1113 4994 1269 5031 unum
1308 4980 1453 5047 quasi
1494 4996 1678 5051 corpus
1710 4982 1893 5048 deﬁni-

304 5069 457 5122 tionis
486 5068 724 5139 collegit,
756 5088 816 5122 ac
844 5071 943 5123 soli
984 5071 1131 5124 linea!
1155 5088 1431 5143 congruere
1455 5074 1719 5143 aptarique
1749 5092 1896 5143 posse

306 5165 520 5234 putavit.
553 5166 631 5218 Ad
653 5165 854 5235 plenam
876 5166 1031 5237 igitur
1051 5166 1202 5219 linea:
1227 5166 1573 5235 deﬁnitionem
1596 5169 1723 5221 nihil
1749 5168 1895 5221 aliud

304 5257 680 5328 carragandum
721 5258 825 5324 est,
874 5268 1055 5335 prwter
1084 5259 1137 5313 id
1175 5260 1314 5328 quod
1361 5262 1552 5313 dictum
1598 5269 1668 5313 est
1709 5260 1893 5315 lineam

307 5350 680 5421 longitudinem
709 5368 815 5404 esse
843 5352 969 5405 citra
1005 5352 1346 5406 latitudinem.
1382 5355 1472 5408 Sic
1516 5356 1651 5408 enim
1678 5356 1895 5408 circum-

307 5452 566 5497 currentss
595 5444 753 5497 lineas
784 5452 945 5497 rectas
969 5486 981 5506 ,
1004 5453 1052 5497 et
1086 5437 1343 5513 flexuosas
1371 5447 1742 5515 complectitur,
1777 5448 1895 5499 iten

308 5532 483 5600 ﬁnitas
515 5535 706 5601 pariter
742 5544 894 5604 atque
932 5534 1185 5601 inﬁnitas.
1223 5534 1304 5594 Ex
1332 5536 1513 5605 quibus
1542 5539 1745 5604 quidem
1782 5540 1900 5607 inﬁ-

311 5627 445 5678 nitas
477 5628 636 5680 lineas
680 5629 820 5702 prior
856 5628 1000 5681 nobis
1022 5631 1136 5699 jam
1176 5628 1439 5696 inﬁrmata
1469 5630 1698 5700 deﬁnitio
1738 5634 1902 5685 mani-

312 5720 577 5784 festsssime
613 5737 642 5771 n
681 5737 711 5771 η
758 5721 1050 5787 recipiebat.
1090 5722 1196 5791 Age
1225 5723 1547 5774 ostendamus
1587 5740 1721 5777 nunc
1748 5724 1901 5777 etiam

316 5812 547 5867 Euclidis
580 5813 895 5883 deﬁnitiotss
928 5816 988 5868 ab
1013 5815 1107 5869 hoc.
1134 5823 1309 5870 nostra
1342 5818 1609 5886 interprete
1636 5820 1715 5888 (ut
1749 5830 1818 5872 est
1847 5820 1901 5872 in

1994 548 2041 590 et
2070 539 2202 590 alias
2231 542 2477 608 quasdam
2505 555 2599 608 pro
2624 539 2727 592 illis
2755 537 3007 602 adhiberi,
3046 537 3097 588 in
3127 553 3222 602 quo
3245 535 3447 600 quidem
3474 551 3574 588 non

1993 628 2213 679 multum
2240 630 2545 698 inquirendo
2584 628 2948 701 laborabimus.
2982 627 3123 681 Nam
3151 628 3321 681 statim
3353 635 3467 693 post
3498 628 3576 679 di-

1992 713 2099 773 ctas
2144 720 2505 787 descriptiones
2552 721 2734 775 lineam
2778 736 2970 775 rectam
3018 719 3098 773 his
3146 720 3305 773 verbis
3345 719 3519 787 deﬁnit
3558 735 3575 771 :

1997 809 2153 863 Linea
2181 819 2317 864 recta
2345 822 2413 864 est
2450 814 2510 864 ab
2541 828 2641 865 uno
2672 821 2856 879 puncto
2887 810 2956 863 ad
2983 810 3141 863 aliunt
3172 810 3459 863 brevissima
3485 824 3577 861 e1:-

1997 902 2177 964 tensio,
2207 902 2260 955 in
2290 903 2630 956 extremitates
2660 920 2779 955 suas
2808 913 3075 971 utrumque
3106 918 3282 955 eorum
3309 902 3575 971 recipiens.

2003 990 2121 1043 Non
2163 992 2236 1044 ita
2274 990 2549 1056 Euclides,
2582 994 2670 1046 sed
2699 993 3047 1059 deﬁnitionem
3078 992 3365 1045 universam
3398 992 3581 1044 brevis-

1999 1083 2123 1135 sime
2151 1080 2346 1153 colligit
2388 1082 2441 1135 in
2478 1081 2612 1134 hunc
2644 1083 2894 1136 modum:
2928 1082 3084 1137 Recta
3113 1083 3246 1136 linea
3275 1093 3347 1135 est
3382 1096 3494 1149 qua:
3518 1097 3581 1135 ex

2001 1188 2147 1241 (aqua
2178 1189 2272 1227 sua
2314 1181 2504 1244 puncta
2541 1173 2826 1242 interjacet.
2861 1172 2979 1226 Non
3024 1189 3168 1226 secus
3206 1174 3259 1225 in
3289 1172 3583 1239 deﬁnitione

2004 1262 2154 1331 plane
2181 1264 2468 1331 superﬁciei
2509 1264 2740 1328 aberrat,
2776 1280 2893 1316 nam
2920 1280 3034 1317 cum
3078 1262 3319 1316 Euclides
3357 1264 3428 1315 sic
3457 1261 3584 1326 defi-

2006 1354 2113 1405 niat
2142 1369 2160 1408 :
2192 1352 2359 1408 Plana
2394 1355 2688 1423 superﬁcies
2728 1362 2802 1409 est
2843 1370 2955 1423 qua:
2997 1369 3061 1408 ex
3098 1370 3242 1425 wqua
3269 1371 3387 1408 suas
3426 1355 3585 1407 lineas

2006 1447 2295 1516 interjacet,
2322 1449 2410 1501 ille
2430 1448 2705 1519 quamdam
2728 1446 3049 1519 longe‘aliam
3070 1458 3381 1502 commentus
3404 1457 3478 1501 est
3500 1447 3584 1499 de-

2008 1537 2288 1603 ﬁnitionem
2330 1539 2424 1593 hoc
2470 1540 2670 1593 modo:
2718 1538 2889 1594 Plana
2932 1539 3224 1611 superﬁcies
3268 1547 3345 1593 est»
3378 1541 3439 1591 ab
3488 1554 3587 1590 una

2009 1627 2143 1680 linea
2172 1630 2240 1682 ad
2276 1628 2433 1683 aliam
2464 1632 2682 1685 extensio
2712 1632 2764 1684 in
2805 1632 3145 1685 extremitates
3171 1647 3293 1685 suas
3322 1631 3586 1700 recipiens.

2012 1719 2116 1775 Sed
2146 1721 2253 1776 hccc
2280 1731 2429 1792 atque
2454 1723 2558 1777 alia
2582 1723 2928 1796 hujuscemodi
2955 1722 3103 1793 plura
3134 1724 3321 1790 partim
3345 1724 3519 1775 inscite
3542 1732 3587 1777 et

1926 1823 1972 1882 Β
2008 1814 2211 1867 indocte
2240 1816 2511 1882 translata,
2540 1817 2727 1885 partim
2751 1817 2901 1869 etiam
2926 1817 3191 1870 immutata
3219 1824 3263 1870 et
3287 1817 3503 1869 inversa.
3530 1813 3587 1868 Si

1993 1914 2265 1975 utrumque
2291 1906 2561 1977 diligenter
2583 1909 2743 1978 legere
2766 1907 3047 1979 aliquando
3071 1908 3158 1960 tibi
3182 1906 3466 1976 contigerit,
3497 1920 3585 1972 per

1992 2007 2040 2052 te
2063 1999 2171 2068 ipse
2200 2001 2447 2072 facillime
2476 2001 2841 2069 deprehendes.
2877 1999 3031 2053 Nunc
3072 2016 3184 2067 qua:
3214 2001 3265 2052 in
3306 1999 3586 2066 expositam

1994 2088 2257 2158 Campano
2291 2092 2342 2145 in
2372 2093 2599 2160 primum
2637 2092 2999 2147 elementorum
3047 2093 3231 2146 librum
3266 2094 3460 2155 notari,
3495 2108 3586 2145 ex-

1994 2181 2188 2242 plicare
2236 2183 2326 2236 tibi
2367 2184 2659 2255 aggredior.
2709 2184 2773 2238 In
2816 2202 2914 2251 qua
2954 2185 3155 2254 quidem
3186 2202 3238 2239 re
3267 2184 3329 2237 ab
3360 2187 3586 2239 omnibus

1995 2272 2117 2326 viris
2146 2272 2329 2339 doctis,
2360 2274 2541 2344 quibus
2570 2276 2676 2329 haec
2711 2284 2886 2329 nostra
2923 2277 3088 2347 legere
3117 2276 3275 2329 otium
3303 2277 3429 2341 erit,
3458 2277 3587 2345 peti-

1995 2372 2101 2416 tum
2143 2365 2566 2436 impetratumque
2607 2382 2711 2421 esse
2755 2366 2932 2433 velim,
2966 2383 3026 2420 ne
3066 2382 3149 2419 eas
3182 2366 3275 2419 viri
3314 2368 3587 2422 auctoritas

1994 2454 2153 2523 magis
2186 2462 2402 2522 moveat,
2426 2473 2580 2525 quam
2607 2457 2739 2509 ratio
2769 2457 2879 2525 ipsa
2908 2466 2953 2509 et
2981 2472 3049 2510 ve.
3066 2456 3181 2509 itas.
3213 2454 3473 2525 Leguntur
3494 2458 3589 2509 ita-

1992 2558 2087 2611 que
2114 2542 2192 2612 (ut
2222 2544 2288 2595 ad
2320 2561 2427 2597 rem
2468 2547 2636 2613 ipsam
2665 2549 2779 2617 jam
2815 2545 3042 2614 veniam)
3072 2548 3211 2615 apud
3245 2546 3509 2601 Euclidem
3539 2548 3588 2601 in

1993 2634 2158 2703 primo
2189 2634 2544 2691 elementorum
2576 2637 2706 2689 libro
2737 2637 2839 2689 duo
2871 2637 3213 2704 theoremata,
3246 2656 3461 2709 quorum
3506 2644 3587 2693 al-

2000 2732 2164 2777 terum
2190 2726 2469 2794 reciprocat
2518 2734 2668 2796 atque
2688 2729 2903 2780 recurrit
2934 2728 3002 2781 ad
3028 2729 3265 2780 alterum.
3296 2729 3452 2782 Ambo
3474 2746 3589 2784 vero

1995 2816 2297 2871 deductione
2345 2820 2413 2871 ad
2460 2820 2837 2873 incommodum
2868 2836 2899 2872 a
2942 2819 3205 2891 Campana
3247 2823 3586 2877 demonstrata

1994 2916 2132 2962 sunt.
2166 2908 2272 2962 Sed
2299 2918 2351 2962 ut
2374 2910 2495 2981 quid
2522 2912 2698 2963 ordiar
2751 2910 2956 2976 planius
2984 2911 3261 2982 intelligas,
3289 2914 3465 2981 accipe
3485 2917 3585 2981 pri-

1994 3015 2133 3052 mum
2160 3000 2469 3054 theoremata
2502 3002 2613 3070 ipsa
2640 3017 2754 3055 cum
2788 3018 2964 3055 eorum
2992 3002 3399 3068 deductionibus,
3434 3006 3503 3057 ita
3536 3017 3585 3058 ut

1992 3089 2084 3143 illa
2115 3090 2234 3162 legit
2284 3101 2431 3163 atque
2457 3093 2637 3145 astruit
2663 3090 2972 3162 Campanus.
3003 3091 3198 3145 Deinde
3227 3093 3349 3162 quid
3377 3094 3586 3165 fortasse

1995 3184 2269 3251 peccaverit
2301 3183 2418 3247 ille,
2448 3186 2667 3253 quidque
2695 3201 2784 3239 nos
2813 3185 3120 3251 sentiamus,
3151 3184 3362 3240 breviter
3386 3188 3585 3250 audies,

1997 3277 2306 3331 theoremata
2334 3278 2486 3347 igitur
2512 3279 2619 3332 Ιηιέ
2648 3288 2788 3333 sunt.
3610 3266 3613 3267 ν

2125 3365 2313 3422 Omnis
2343 3367 2592 3438 trianguli
2629 3366 2839 3435 longius
2871 3368 3009 3422 latus
3036 3369 3222 3437 majori
3260 3369 3452 3436 angulo

2561 3439 2868 3509 oppositum
2898 3448 3001 3493 est.

2066 3529 2151 3583 Sit
2171 3539 2223 3583 ut
2242 3530 2499 3601 triangula
2524 3530 2565 3583 Α
2586 3530 2630 3584 Β
2651 3528 2710 3597 C,
2736 3532 2952 3602 angulus
2975 3530 3016 3583 A
3038 3531 3102 3584 sit
3126 3533 3291 3601 major
3313 3530 3502 3601 angulo
3525 3526 3583 3585 C.

1998 3621 2123 3676 Dico
2161 3625 2296 3694 quod
2329 3625 2461 3677 latus
2489 3622 2529 3677 C
2554 3623 2593 3675 Β
2620 3626 2779 3695 majus
2810 3625 2903 3677 erit
2940 3623 3096 3677 latere
3125 3624 3168 3675 Α
3191 3621 3263 3687 Β;
3289 3623 3333 3675 si
3366 3625 3495 3675 enim
3522 3624 3585 3675 sit

1993 3717 2220 3784 a’quale,
2254 3719 2348 3770 erit
2377 3733 2467 3786 per
2494 3717 2527 3771 5
2551 3717 2773 3786 angulus
2807 3714 2847 3768 Α
2877 3716 3092 3785 α’(μιαῖὶδ
3128 3716 3318 3783 angulo
3350 3714 3422 3779 C,
3452 3718 3586 3781 quod

1994 3818 2065 3860 est
2104 3817 2284 3860 contra
2315 3808 2655 3877 hypathesim.
2699 3806 2759 3861 Si
2786 3815 2953 3859 autent
2982 3808 3022 3859 Α
3045 3806 3087 3859 Β
3117 3806 3179 3860 sit
3220 3808 3386 3875 majus
3406 3846 3421 3871 ,
3453 3821 3583 3859 rese-

1994 3906 2132 3949 cetur
2172 3900 2239 3951 ad
2267 3898 2608 3967 wqualitatem
2644 3897 2749 3952 CB
2796 3915 2885 3967 per
2912 3897 2964 3951 ὃ.
3015 3895 3195 3964 Sitque
3247 3896 3289 3948 D
3312 3896 3356 3948 B
3399 3899 3586 3965 a'quale

1988 3990 2035 4040 (Σ
2056 3988 2120 4053 Β,
2164 3991 2257 4043 erit
2299 4007 2420 4060 ergo
2467 4007 2555 4058 per
2598 3992 2631 4045 5
2671 3990 2890 4062 angulus
2938 3986 3105 4043 DCB
3146 3988 3357 4058 a'qualis
3398 3991 3585 4059 angulo

1996 4079 2041 4132 B
2065 4081 2110 4134 D
2131 4080 2201 4143 C;
2232 4082 2321 4134 sed
2352 4080 2393 4133 Β
2417 4080 2460 4134 D
2485 4080 2525 4136 C
2545 4092 2616 4135 est
2640 4083 2807 4152 major
2830 4080 3018 4152 angulo
3043 4078 3085 4132 Β
3108 4079 3146 4133 Α
3172 4078 3211 4133 C
3234 4097 3324 4150 per
3348 4080 3441 4144 16;
3471 4096 3586 4149 ergo

1996 4173 2101 4228 BC
2124 4173 2168 4225 ι)
2200 4184 2268 4227 est
2316 4178 2481 4245 major
2528 4173 2571 4227 Β
2596 4175 2635 4226 Α
2661 4175 2698 4227 C
2734 4193 2744 4226 :
2778 4191 2935 4244 quare
2980 4174 3137 4226 multo
3198 4172 3377 4239 fortius
3422 4176 3580 4245 major

1997 4264 2037 4317 Α
2062 4262 2101 4317 C
2123 4262 2165 4315 Β
2194 4281 2312 4333 pars
2341 4273 2466 4327 toto,
2498 4266 2633 4333 quod
2654 4276 2725 4318 est
2761 4264 3087 4333 imposs‘bile.

2759 4375 2762 4378 ~
2792 4382 2797 4383 ν
3056 4358 3092 4407 c

2485 5002 2599 5073 u_
2825 5001 2866 5049 υ
3058 5002 3101 5049 Α

2147 5104 2332 5157 Omnis
2358 5105 2601 5175 trianguli
2637 5106 2821 5186 majori
2853 5107 3046 5174 angulo
3075 5105 3280 5175 longius
3315 5106 3451 5159 latus

2568 5185 2869 5243 ορροειιιιιι]
2909 5186 3008 5229 est.

2074 5267 2153 5320 Sit
2172 5267 2287 5321 utin
2309 5268 2564 5337 triangula
2586 5269 2626 5320 Α
2644 5267 2683 5319 Β
2697 5267 2735 5320 C
2757 5268 2888 5320 latus
2906 5265 3003 5324 BC
3024 5268 3083 5319 sit
3104 5269 3269 5338 majus
3288 5267 3447 5319 latere
3472 5270 3509 5318 Α
3529 5267 3587 5318 ll.

2003 5356 2131 5410 Dico
2162 5359 2294 5427 quod
2322 5358 2544 5426 angulus
2575 5358 2615 5410 Α
2648 5360 2741 5411 erit
2770 5358 2941 5426 major
2965 5358 3155 5428 angulo
3184 5358 3223 5411 C
3243 5400 3257 5421 ,
3289 5368 3334 5411 et
3365 5369 3434 5411 cst
3466 5375 3589 5409 cou-

2003 5464 2152 5501 versa
2173 5448 2522 5517 prmeedeutis.
2557 5450 2617 5502 Si
2639 5450 2772 5501 enim
2794 5449 2857 5501 sit
2879 5452 3112 5518 (ζημίαις,
3143 5456 3262 5503 tunc
3286 5465 3374 5517 per
3400 5450 3431 5503 6
3460 5450 3591 5502 latus

2006 5542 2045 5594 Α
2072 5541 2114 5593 Β
2138 5550 2207 5595 est
2239 5541 2434 5607 mquale
2463 5542 2608 5593 lateri
2637 5539 2681 5592 Β
2704 5539 2743 5594 C
2773 5542 2907 5610 quod
2936 5551 3009 5594 est
3047 5554 3221 5595 contra
3250 5540 3588 5612 hypathesim.

2009 5637 2067 5689 Si
2095 5646 2260 5689 autem
2290 5635 2330 5689 C
2357 5638 2421 5689 sit
2444 5639 2630 5706 major,
2663 5648 2780 5690 tunc
2810 5654 2897 5705 per
2928 5638 3292 5703 prcccedrntem
3333 5638 3463 5689 latus
3494 5643 3531 5684 Α
3556 5631 3601 5685 Β

2007 5738 2075 5781 est
2101 5730 2265 5797 majus
2294 5727 2449 5780 latere
2472 5728 2514 5779 Β
2536 5729 2575 5780 (ἱ
2604 5730 2741 5796 quod
2768 5738 2839 5783 est
2869 5738 3042 5781 contra
3076 5727 3413 5798 hypothesim,
3439 5739 3593 5794 quare

2007 5823 2253 5876 astruitur
2281 5822 2615 5889 proposiittm.
3406 5820 3409 5823 ⁷
