4020 6408
452 342 508 393 11
1120 325 1177 381 S.
1215 322 1491 381 JOANNIS
1519 315 1987 377 Clll‘xYSOSTOfiil
2030 309 2341 366 ARCillEP.
2382 310 2912 367 CONSTANTINOP.
3662 314 3732 368 ω

453 454 809 516 adversarios,
837 462 931 504 cur
967 457 1073 499 non
1103 441 1169 495 ad
1207 438 1422 495 Judieos
1460 454 1487 490 a
1526 436 1635 490 Deo
1678 434 1874 486 missus
1918 426 2025 483 sit?

455 548 581 618 quia
644 560 710 600 eo
765 538 980 597 nomine
1036 535 1310 605 praecipue
1366 529 1466 598 ipsi
1499 554 1502 557 λ
1534 527 1761 618 fuissent
1810 518 2025 575 infensi.

458 613 592 694 Cum
638 636 738 689 hoc
785 630 944 699 igitur
983 625 1261 696 praesciret
1304 621 1461 682 Deus,
1508 626 1561 671 et
1596 613 1735 685 quod
1767 626 1887 667 cum
1922 624 2027 663 non

460 738 636 785 essent
660 719 978 785 admissuri;
1009 715 1341 783 Proficiscere
1374 710 1442 762 ad
1467 715 1656 779 gentes,
1689 702 1880 772 inquit,
1910 699 2029 770 quia

456 822 535 875 illi
567 833 665 870 non
706 812 949 882 accipient
976 805 1316 862 testimonium
1348 813 1488 855 tuum
1527 798 1590 850 de
1629 812 1707 849 me
1754 795 1893 865 (Act.
1935 789 2027 845 22.

459 909 569 982 18).
594 906 728 962 Tum
756 904 882 958 ille:
918 894 1369 962 Edam,Domine,
1410 891 1507 959 ipsi
1550 888 1712 942 sciunt
1759 885 1897 982 quod
1939 896 2031 982 ego

457 975 753 1065 vinciebant,
797 1004 843 1049 et
890 989 1211 1046 verberabam
1239 1002 1325 1055 per
1354 997 1640 1054 synagogas
1684 977 1939 1030 credentes
1976 975 2031 1029 in

455 1106 523 1163 te,
556 1102 601 1148 et
630 1106 744 1145 cum
766 1085 1107 1158 effunderetur
1145 1078 1350 1149 sanguis
1380 1073 1629 1143 Stephani
1657 1071 1793 1124 testis
1820 1068 1922 1163 tui,
1939 1082 2031 1135 ego

457 1158 652 1258 quoque
707 1180 915 1235 aderam
966 1172 1256 1244 approbans
1303 1182 1414 1221 eam
1448 1163 1688 1227 ‘ctedem,
1734 1158 2031 1258 “custodiens

455 1251 611 1332 ὦεειέε
646 1268 1040 1329 interimendum
1086 1263 1231 1316 illum
1275 1256 1436 1331 (Ibid.
1474 1270 1522 1308 υ.
1560 1253 1647 1308 is.
1689 1251 1806 1319 eo).
1858 1251 2033 1317 Atque

455 1370 562 1423 hoc
586 1367 633 1420 ei
660 1366 867 1434 signum
908 1372 1028 1413 esse
1071 1351 1305 1410 ostendit
1350 1357 1404 1404 et
1448 1354 1841 1417 argumentum,
1890 1341 2031 1412 quod

455 1476 564 1518 non
612 1453 868 1512 credituri
910 1452 1017 1505 sint
1061 1447 1183 1503 sibi.
1239 1443 1329 1499 Sic
1380 1442 1523 1497 enim
1575 1453 1634 1494 se
1684 1451 1771 1493 res
1824 1435 2030 1490 habet:

455 1548 669 1623 quando
690 1546 809 1623 quis
834 1558 864 1597 a
889 1549 1049 1612 gente
1079 1536 1326 1608 quapiam
1354 1530 1635 1595 defecerit,
1666 1529 1712 1623 si
1741 1528 1913 1623 sit-ex
1955 1526 2035 1623 in:

455 1614 597 1697 limis
640 1614 944 1693 etvriuilius
1001 1625 1436 1690 existimationis,
1487 1637 1594 1675 non
1643 1617 1928 1673 admodum
1980 1616 2035 1672 id

456 1735 744 1795 molestum
774 1738 857 1784 est
893 1726 958 1780 iis
985 1738 1120 1794 quos
1147 1718 1386 1776 deseruit
1414 1735 1428 1770 :
1458 1713 1600 1786 quod
1626 1713 1669 1766 si
1708 1712 1848 1767 idem
1878 1710 2036 1765 faciat

456 1826 689 1884 eximius
710 1820 905 1889 aliquis
933 1826 986 1872 et
1006 1816 1123 1873 zelo
1152 1812 1347 1867 ardens
1376 1816 1432 1865 et
1464 1808 1553 1878 qui
1582 1805 1788 1877 pridem
1817 1803 2035 1858 illorum

457 1916 739 1973 sententiae
781 1909 971 1972 luerat,
1013 1906 1065 1959 id
1104 1917 1235 1958 vero
1262 1901 1380 1955 illos
1406 1898 1545 1952 male
1572 1896 1755 1962 habet,
1788 1902 1844 1949 et
1872 1906 2034 1962 supra

457 2005 677 2061 modum
727 2013 959 2058 maerore
1003 1994 1240 2058 conficit,
1271 1988 1501 2062 utquod
1546 1986 1780 2042 maxime
1822 1984 2036 2038 illorum

457 2100 653 2168 dogma
681 2090 968 2154 convellat,
1002 2084 1291 2142 resiliendo
1316 2081 1384 2136 ad
1416 2080 1571 2134 alios.
1613 2077 1751 2145 Quin
1792 2083 1845 2130 et
1891 2074 2035 2129 aliud

456 2191 651 2253 inerat,
708 2183 849 2255 quod
903 2178 1210 2235 incredulos
1262 2173 1531 2231 redderet.
1586 2169 1851 2239 Quidnam
1897 2168 2037 2223 hoc?

458 2279 613 2348 Quod
638 2278 828 2335 Petrus
861 2282 915 2328 et
940 2270 1133 2340 reliqui
1164 2283 1286 2324 cum
1313 2265 1529 2321 Christo
1570 2262 1943 2327 convixerant,
1983 2270 2039 2316 et

458 2372 695 2444 prodigia
729 2369 848 2438 ejus
877 2381 937 2419 ac
967 2362 1222 2417 miracula
1251 2358 1494 2413 viderant
1521 2374 1534 2409 :
1569 2355 1655 2409 hic
1684 2364 1865 2412 autem
1898 2352 2036 2407 nihil

458 2469 673 2529 horum,
699 2460 793 2516 sed
810 2473 930 2515 cum
949 2462 1093 2512 esset
1110 2456 1162 2507 in
1190 2450 1433 2522 partibus
1456 2447 1792 2513 Judznorum,
1819 2453 2040 2514 repente

460 2556 743 2627 transfugit
789 2553 856 2608 ad
902 2560 1162 2605 nostros:
1213 2544 1266 2600 id
1305 2541 1447 2614 quod
1498 2540 1650 2595 valde
1690 2554 1778 2594 res
1828 2548 2040 2594 nostras

459 2645 811 2705 confirmavit.
857 2640 935 2695 [lli
979 2639 1121 2693 enim
1167 2635 1250 2691 vel
1289 2634 1357 2689 ad
1398 2632 1623 2703 gratiam
1676 2628 2037 2684 testimonium

463 2745 601 2800 ferre
636 2738 802 2794 videri
845 2740 1113 2806 poterant,
1147 2730 1301 2800 quasi
1340 2726 1410 2781 ob
1437 2723 1672 2793 Magistri
1708 2721 2039 2777 desiderium

459 2838 839 2889 attestarentur
882 2826 1003 2881 talia
1040 2841 1053 2876 :
1086 2830 1140 2875 at
1182 2821 1271 2875 hic
1305 2816 1717 2873 resurrectionis
1762 2814 1934 2879 testis,
1992 2813 2039 2867 is

461 2929 580 2997 ipse
607 2939 794 2979 vocem
836 2920 1006 2975 solam
1048 2916 1166 2986 ejus
1204 2913 1500 2967 audiverat.
1532 2909 1867 2981 QuaprOpter
1892 2907 2041 2963 vides

461 3034 555 3075 eos
604 3018 727 3071 huic
770 3029 832 3069 ex
876 3011 1054 3065 animo
1100 3005 1345 3072 infestos,
1374 3003 1667 3058 seditiones
1689 3000 2039 3066 concitantes,

462 3122 516 3167 et
556 3109 684 3164 nihil
716 3121 820 3161 non
848 3106 901 3158 in
931 3101 1223 3172 perniciem
1266 3099 1383 3166 ejus
1425 3096 1732 3150 molientes.
1776 3093 2040 3149 Cseterum

462 3200 769 3258 incredulos
811 3194 1027 3251 Judmos
1075 3191 1190 3246 bzrc
1239 3204 1401 3245 causa
1453 3187 1872 3251 abalienaverat,
1920 3200 2042 3241 cre-

463 3294 654 3348 dentes
680 3304 807 3344 vero
836 3282 1121 3356 quamam?
1149 3280 1287 3349 Quia
1333 3292 1557 3334 necesse
1602 3276 1830 3332 habebat
1871 3277 2046 3347 genti-

463 3390 565 3443 bus
606 3396 745 3453 pure
789 3378 1083 3450 praedicare
1121 3374 1479 3430 Christianam
1526 3370 1861 3441 religionem,
1907 3380 1962 3425 et
1998 3366 2045 3424 si

464 3477 683 3547 quando
722 3473 774 3526 in
819 3468 1126 3525 Juda-orum
1167 3465 1391 3535 regione
1441 3472 1766 3527 versaretur,
1807 3462 1940 3515 nihil
1992 3460 2046 3515 id

464 3569 704 3626 curabat.
747 3565 936 3620 Petrus
985 3559 1128 3616 enim
1175 3568 1230 3613 et
1265 3557 1419 3622 socii,
1464 3565 1524 3610 ut
1567 3555 1659 3625 qui
1695 3554 2048 3627 Jerosolymis

466 3658 846 3733 praedicabant,
880 3655 964 3709 ubi
992 3652 1126 3723 legis
1155 3650 1366 3707 fervens
1387 3648 1631 3705 studium
1656 3657 1794 3715 erat,
1827 3665 2049 3706 necesse

468 3754 737 3810 habebant
772 3764 889 3805 eam
929 3747 1121 3818 jubere
1168 3743 1371 3799 servari
1402 3762 1416 3797 :
1460 3750 1516 3796 at
1556 3742 1645 3799 hic
1674 3753 1857 3799 noster
1885 3744 2050 3801 multa

467 3848 716 3901 libertate
760 3840 1021 3895 utebatur.
1065 3836 1257 3892 Plures
1290 3835 1452 3891 etiam
1490 3843 1646 3891 erant
1684 3850 1716 3891 e
1763 3837 2052 3907 gentilibus

467 3950 627 4008 quam
666 3931 856 3995 Judcei,
906 3936 1087 3999 utpote
1128 3928 1220 3997 qui
1269 3927 1478 3982 externi
1527 3936 1741 3992 essent;
1771 3943 1875 3982 non
1910 3938 2052 3984 tanta

469 4027 606 4098 legis
652 4022 907 4093 religione
953 4018 1302 4083 tenebantur,
1334 4032 1507 4088 eoque
1536 4017 1743 4073 facilius
1769 4034 1828 4075 se
1856 4020 1923 4076 ab
1961 4022 2051 4076 illa

474 4116 852 4180 absolvebant,
884 4113 1048 4168 Paulo
1077 4110 1253 4166 omnia
1285 4125 1416 4181 pure
1444 4111 1785 4180 praedicante.
1819 4112 1889 4167 Et
1931 4130 2056 4183 vere

473 4224 535 4264 ea
555 4207 621 4263 de
647 4220 803 4262 causa
826 4205 971 4259 illum
1000 4202 1255 4257 inducere
1284 4201 1552 4269 videntur,
1580 4212 1637 4256 ut
1660 4205 2056 4263 multitudinem

477 4306 819 4353 revereantur
848 4311 861 4345 :
906 4291 1074 4357 Vides,
1100 4291 1363 4359 inquiunt,
1393 4296 1572 4361 frater,
1610 4301 1729 4363 quot
1770 4296 1933 4349 millia
1957 4300 2059 4353 sint

471 4391 773 4444 Judteorum
815 4384 1165 4439 credentium!
1206 4384 1293 4454 qui
1338 4383 1399 4437 ob
1446 4383 1541 4437 hoc
1576 4392 1624 4439 le
1660 4385 1895 4458 oderunt,
1922 4392 2058 4460 quod

474 4483 725 4538 audierint
751 4491 797 4534 te
820 4479 1147 4550 defectionem
1174 4493 1205 4528 α
1226 4476 1335 4547 lege
1363 4476 1559 4530 docere.

543 4573 647 4630 Cur
688 4572 880 4624 Paulus
923 4566 1206 4637 Epistolam
1248 4567 1317 4619 ad
1350 4564 1590 4622 Hebrceos
1634 4571 1915 4640 scripserit,
1959 4592 2060 4645 quo

474 4681 721 4737 tempore,
760 4679 861 4731 qua
893 4660 1174 4714 occasione.
1196 4688 1266 4699 ——
1290 4657 1399 4713 Cur
1422 4659 1581 4729 igitur
1614 4660 1813 4718 Judtnis
1851 4668 2058 4736 scribit,

473 4777 598 4817 cum
630 4774 734 4814 non
761 4756 831 4811 sit
866 4768 1050 4810 eorum
1094 4749 1328 4805 doctor?
1354 4760 1445 4805 aut
1472 4766 1702 4821 quonam
1731 4755 1797 4810 ad
1825 4772 1918 4813 eos
1947 4760 2062 4829 epi-

473 4856 669 4910 stolam
699 4849 897 4906 mittit?
936 4846 1051 4901 Mea
1079 4843 1334 4913 opinione
1360 4842 1755 4915 Jerosolymam
1799 4858 1853 4901 et
1880 4849 1933 4903 in
1962 4850 2061 4905 Pa-

472 4946 762 5002 jmsumm,
795 4941 900 4998 Sed
929 4937 1200 5012 quomodo
1246 4936 1474 4992 scribit?
1501 4937 1962 5005 Quemadmodum
2010 4956 2064 5000 et

474 5037 803 5109 baptizabat,
852 5049 958 5087 non
984 5032 1169 5102 jussus
1216 5028 1525 5098 baptizare;
1560 5031 1633 5083 ait
1674 5031 1818 5085 enim
1866 5049 1925 5089 se
1956 5052 2063 5093 non

476 5132 702 5187 missum
731 5128 795 5182 ad
827 5123 1202 5197 baptizandum
1236 5123 1317 5192 (1.
1348 5119 1467 5176 Cor.
1502 5123 1552 5177 1.
1584 5124 1675 5193 17)
1707 5146 1719 5179 :
1755 5142 1855 5181 nec
1888 5137 2065 5186 tamen

475 5224 678 5279 vetitus
704 5228 843 5283 erat,
876 5217 971 5273 scd
1003 5232 1183 5285 opera:
1217 5213 1512 5269 auctarium
1541 5214 1645 5270 hoc
1675 5215 1821 5273 fecit.
1864 5219 1934 5275 Et
1970 5239 2067 5279 cur

475 5315 561 5369 his
592 5329 697 5368 non
729 5310 1010 5374 scriberet,
1044 5322 1139 5376 pro
1167 5306 1357 5375 quibus
1383 5306 1667 5361 anathema
1708 5325 1829 5366 esse
1856 5315 2069 5372 volebat

478 5407 657 5476 (Rom.
688 5404 743 5459 9.
766 5405 862 5474 5)?
888 5402 1226 5470 Quapropter
1252 5399 1386 5454 dixit
1411 5417 1424 5453 :
1454 5398 1633 5455 Nostis
1661 5404 1871 5473 fratrem
1900 5407 2068 5465 Timo-

481 5496 654 5549 theum
678 5495 920 5557 solutum,
941 5508 1192 5561 cumquo,
1211 5491 1256 5544 si
1280 5490 1532 5545 maturius
1560 5495 1771 5561 venerit,
1804 5500 1961 5551 visam
1982 5517 2068 5555 vos

484 5586 669 5660 (Hebr.
705 5587 791 5643 15.
826 5586 942 5655 25).
977 5584 1219 5639 Nondum
1270 5584 1411 5637 enim
1452 5586 1881 5656 comprehensus
1927 5602 2063 5647 erat.

484 5681 619 5735 Cum
662 5679 821 5750 igitur
858 5678 1137 5733 biennium
1183 5677 1368 5731 Roma:
1419 5680 1685 5747 exegisset
1719 5680 1773 5733 iu
1818 5681 2064 5749 vincuiis,

492 5774 707 5827 tandem
738 5772 984 5827 dimissus
1016 5782 1126 5839 cst;
1156 5773 1348 5828 deinde
1380 5775 1431 5827 in
1458 5773 1738 5843 Hispanias
1763 5782 2065 5845 prolectus;

2140 434 2321 493 postea
2351 423 2403 476 in
2428 422 2666 478 Judream
2700 425 2864 485 venit,
2916 432 2969 478 et
3004 423 3218 478 Judznos
3265 424 3479 491 invisit;
3522 441 3583 481 ac
3612 438 3729 479 tum

2135 530 2319 570 rursus
2363 515 2588 570 Romam
2626 531 2874 571 reversus
2905 526 3007 577 cst,
3043 517 3257 587 quando
3300 525 3351 571 et
3399 517 3727 587 supplicium

2130 608 2280 676 jussu
2333 607 2561 662 Neronis
2594 608 2831 676 pertulit.
2866 608 3101 663 Proinde
3147 609 3370 676 epistola
3418 611 3483 663 ad
3537 609 3729 663 Timo-

2137 702 2316 755 theum
2362 701 2633 768 antiquior
2665 701 2763 755 hac
2808 710 2924 765 est;
2958 700 3065 755 illic
3093 702 3236 755 enim
3265 702 3415 766 dicit,
3450 702 3559 773 Ego
3591 704 3728 756 enim

2124 794 2238 863 jam
2278 794 2549 857 immolor;
2595 802 2649 847 et
2691 808 2931 856 rursum,
2979 791 3045 845 In
3086 794 3249 863 prima
3294 810 3405 847 utea
3435 794 3727 861 defensione

2136 902 2277 940 nemo
2320 886 2443 938 milii
2470 886 2635 955 adfuit
2671 884 2743 954 (9..
2789 884 2921 937 Tim.
2953 886 3008 939 4.
3050 886 3101 939 6.
3147 897 3192 939 et
3224 885 3334 957 16).
3368 886 3524 954 Sznpe
3564 902 3721 941 nam-

2134 993 2237 1047 que
2271 976 2520 1041 certavit,
2559 975 3012 1045 quemadmodum
3057 985 3112 1031 et
3148 977 3729 1031 Thessalonicensiluis

2137 1070 2318 1125 scribit
2374 1088 2387 1123 :
2437 1069 2729 1122 Imitatores
2778 1071 2902 1139 facti
2956 1071 3073 1123 estis
3125 1068 3478 1125 Ecclesiarum
3526 1071 3729 1125 ludant

2140 1164 2213 1231 (1.
2248 1161 2423 1215 Thess.
2454 1162 2507 1214 2.
2535 1162 2646 1230 14).
2676 1161 2813 1227 Quin
2838 1170 2890 1215 et
2920 1161 3047 1231 ipsis
3071 1163 3331 1228 scribens,
3357 1162 3484 1217 Cum
3512 1164 3721 1233 gaudio,

2136 1254 2328 1323 inquit,
2382 1252 2718 1320 direptionem
2767 1252 3073 1323 facultatum
3126 1263 3408 1307 vestrarum
3461 1255 3726 1323 accepistis

2138 1346 2321 1420 (Hebr.
2376 1347 2461 1403 10.
2510 1348 2621 1417 34).
2660 1347 2821 1401 Vides
2867 1362 3053 1401 eorum
3097 1348 3429 1401 certamina?
3481 1346 3630 1414 Quod
3678 1347 3723 1400 si

2136 1438 2410 1509 apostolos
2453 1440 2523 1493 ila
2556 1438 2881 1504 tractabant,
2934 1454 3041 1493 nou
3090 1439 3140 1493 in
3172 1438 3356 1493 Judaca
3405 1439 3585 1502 modo,
3628 1439 3723 1491 scd

2140 1532 2461 1602 ubicumque
2504 1531 2645 1585 inter
2696 1530 2923 1601 gentiles
2967 1530 3235 1600 degebant
3274 1529 3442 1600 :quid
3488 1546 3592 1585 non
3646 1528 3723 1582 fa-

2137 1625 2271 1680 cturi
2302 1631 2457 1679 erant
2484 1623 2698 1677 eat-teris
2726 1622 3013 1677 ﬁdelibus?
3042 1622 3165 1677 Ideo
3198 1622 3347 1677 vides
3375 1638 3495 1676 eum
3532 1622 3726 1676 horum

2138 1731 2323 1773 curam
2356 1730 2545 1785 gerere
2588 1715 2932 1784 praecipuam.
2963 1713 3095 1767 Cum
3141 1714 3284 1767 enim
3315 1714 3463 1777 dicit,
3502 1713 3726 1782 Proﬁci-

2138 1794 2250 1863 scor
2278 1808 2658 1861 ministraturus
2684 1806 2872 1859 sanctis
2892 1803 3229 1874 Jerosolymar
3255 1804 3432 1875 (Rom.
3472 1805 3559 1859 15.
3592 1805 3684 1873 95)
3710 1823 3724 1869 ;

2141 1910 2197 1955 et
2220 1914 2432 1953 rursum
2459 1913 2580 1952 cum
2622 1896 2938 1951 adhortatur
2974 1895 3281 1950 Corinthios
3325 1895 3392 1950 ad
3421 1896 3728 1949 beneficen-

2141 1993 2290 2059 tiam,
2339 1991 2582 2046 scribens
2630 1989 2947 2045 Macedonas
2992 1989 3102 2059 jam
3146 1989 3486 2043 collationem
3536 1988 3731 2044 fecisse

2141 2086 2217 2157 (2.
2245 2083 2362 2141 Cor.
2382 2085 2436 2140 8.
2466 2085 2541 2155 1),
2573 2083 2774 2139 addens
2804 2097 2861 2137 se
2886 2097 3097 2153 quoque
3122 2083 3167 2137 si
3198 2097 3332 2152 opus
3363 2084 3434 2136 sit
3466 2081 3733 2149 profectu-

2138 2193 2277 2233 rum.
2306 2177 2370 2232 Et
2398 2191 2518 2231 cum
2562 2175 2709 2239 dicit,
2738 2173 2959 2229 Tantum
2996 2186 3049 2228 ut
3075 2192 3355 2244 pauperum
3384 2192 3625 2229 memores
3654 2192 3732 2229 es-

2140 2284 2326 2334 semus,
2364 2268 2419 2321 id
2465 2267 2601 2335 quod
2648 2266 2913 2335 diligenter
2963 2268 3138 2319 curavi
3167 2266 3307 2337 (Gal.
3340 2266 3392 2319 9..
3428 2267 3539 2336 10),
3592 2268 3730 2321 idem

2140 2360 2287 2417 dicit.
2342 2360 2571 2414 Rursum
2629 2357 2814 2416 dicens
2845 2398 2859 2420 ,
2916 2355 3136 2411 Dextras
3187 2358 3429 2411 dederunt
3480 2359 3733 2412 societatis

2140 2455 2266 2509 mihi
2293 2464 2339 2507 et
2360 2452 2630 2528 Barnabag
2662 2460 2715 2503 ut
2745 2466 2834 2503 nos
2872 2450 3073 2518 quidem
3111 2449 3178 2502 ad
3205 2460 3393 2520 gentes,
3423 2451 3521 2518 ipsi
3565 2462 3733 2503 autent

2139 2547 2208 2601 ad
2253 2546 2572 2600 circumcisos
2615 2541 2777 2610 (Ibid.
2809 2557 2855 2595 υ.
2889 2541 2971 2612 9),
3002 2541 3141 2595 idem
3189 2540 3335 2595 dicit.
3395 2544 3463 2595 At
3508 2556 3611 2594 non
3657 2543 3736 2596 sic

2141 2639 2209 2695 de
2235 2638 2558 2710 pauperibus
2588 2635 2697 2689 illic
2719 2633 3024 2704 agentibus,
3058 2636 3153 2687 sed
3178 2632 3291 2687 vult
3316 2649 3413 2687 nos
3442 2634 3732 2702 participes

2143 2744 2265 2785 esse
2318 2743 2442 2799 erga
2496 2727 2615 2780 illos
2661 2724 3047 2779 beneficentim.
3100 2723 3217 2777 Non
3262 2727 3406 2779 enim
3452 2735 3508 2777 ut
3540 2724 3735 2791 prmdi-

2149 2818 2304 2875 candi
2329 2858 2343 2882 ,
2370 2818 2447 2872 sic
2472 2830 2762 2886 Paupcrum
2796 2830 2978 2869 curam
3027 2815 3097 2868 ita
3144 2815 3248 2869 illis
3278 2817 3640 2869 commisimus
3682 2826 3739 2872 ut

2146 2912 2200 2967 hi
2252 2910 2545 2971 Gentibus,
2575 2910 2644 2963 illi
2691 2909 2889 2964 Iudaeis
2919 2910 3304 2978 prospicerent.
3342 2910 3501 2965 Vides
3541 2912 3738 2982 ubique

2144 3017 2304 3076 quam
2336 3002 2687 3061 sitsollicitus
2720 3021 2733 3056 :
2763 3012 2817 3057 et
2848 3003 3059 3056 merito.
3092 3003 3247 3055 Aliud
3279 3003 3420 3057 enim
3455 3013 3570 3057 erat
3599 3005 3737 3073 apud

2147 3103 2371 3152 cacteras
2419 3103 2622 3162 gentes,
2660 3093 2746 3146 ubi
2802 3088 2970 3148 Judzei
3022 3108 3143 3146 cum
3184 3091 3385 3148 Cra-cis
3437 3096 3740 3165 promiscue

2146 3188 2542 3245 versabantur:
2576 3187 2627 3240 in
2680 3184 2865 3241 Judma
2918 3200 3045 3240 vero
3100 3186 3351 3255 quoniam
3406 3188 3568 3241 etiam
3625 3198 3739 3244 tum

2148 3280 2387 3353 quaedam
2434 3279 2701 3334 libertatis
2729 3278 2941 3348 species
2990 3278 3261 3343 manebat,
3297 3294 3396 3333 nec
3422 3282 3741 3336 vctcbanlur

2151 3375 2265 3428 suis
2308 3373 2513 3444 legibus
2568 3372 2750 3427 vivere
2805 3370 3039 3426 nomium
3091 3370 3350 3425 Romanis
3401 3372 3468 3426 ad
3526 3373 3738 3442 plenum

2150 3466 2371 3531 subditi,
2404 3481 2513 3520 non
2563 3465 2756 3519 mirum
2788 3464 2832 3517 si
2876 3478 3126 3534 magnam
3156 3464 3257 3519 sibi
3290 3465 3628 3522 vindicabant
3655 3478 3740 3538 ty-

2152 3558 2454 3615 rannidem.
2484 3558 2540 3614 Si
2568 3558 2709 3613 enim
2742 3566 2797 3613 et
2829 3557 2884 3611 in
2914 3557 3105 3611 alienis
3124 3557 3364 3624 urbibus,
3394 3558 3531 3613 sicut
3553 3560 3745 3614 Corin-

2155 3650 2253 3717 thi,
2284 3650 2566 3720 pulsabant
2617 3650 3098 3721 arcbisynagogum
3128 3661 3253 3704 ante
3294 3650 3465 3718 ipsum
3510 3652 3741 3707 tribunal

2156 3742 2510 3812 proconsulis,
2557 3741 2798 3797 Gallione
2848 3757 2960 3795 rem
3014 3740 3147 3795 nihil
3199 3750 3422 3797 curante
3464 3742 3617 3813 (Aet.
3652 3746 3740 3801 13.

2157 3837 2281 3907 17);
2314 3851 2489 3891 annon
2514 3836 2683 3906 magis
2708 3835 2760 3889 in
2792 3833 3017 3890 Juda'a?

2227 3928 2282 3981 2.
2325 3926 2487 3982 Vides
2512 3928 2673 3997 igitur
2698 3926 2971 3997 quomodo
2996 3926 3047 3980 in
3082 3926 3186 3981 illis
3217 3926 3439 3981 urbibus
3471 3929 3744 4000 apostolos

2158 4019 2223 4074 ad
2265 4019 2609 4090 magistratus
2648 4015 2946 4083 adducunt,
2989 4027 3044 4073 et
3071 4020 3310 4089 gentium
3357 4036 3513 4090 opem
3559 4031 3743 4077 contra

2159 4128 2254 4169 eos
2284 4112 2596 4183 postulant:
2629 4111 2777 4167 domi
2820 4129 2950 4167 vero
2999 4111 3131 4166 nihil
3174 4113 3279 4167 tale
3318 4111 3604 4176 faciebant.
3652 4115 3747 4170 sed

2162 4207 2284 4277 ipsi,
2313 4214 2609 4260 convocato
2636 4205 2887 4271 concilio,
2912 4205 2965 4258 in
2992 4218 3360 4275 quoscumque
3391 4205 3605 4260 libuerit
3634 4208 3753 4262 ani-

2162 4297 2521 4352 madvertunt.
2555 4295 2644 4352 Sic
2682 4295 3011 4366 Stephanum
3058 4296 3467 4363 interfecerunt,
3497 4299 3578 4353 sic
3607 4315 3739 4370 apo-

2164 4390 2331 4445 stolos
2357 4388 2535 4460 ﬂagris
2578 4390 2978 4459 castigaveruut
3022 4390 3339 4452 inconsultis
3384 4390 3749 4459 praesidibus:

2164 4484 2241 4537 sic
2286 4491 2340 4535 et
2382 4481 2602 4535 Paulum
2646 4482 2874 4536 occisuri
2921 4490 3094 4545 erant,
3146 4482 3246 4535 nisi
3280 4481 3525 4536 tribunus
3568 4482 3647 4537 eis
3694 4499 3754 4540 se

2166 4574 2469 4642 objccisset.
2498 4571 2626 4628 Hcce
2655 4573 2797 4627 enim
2829 4572 3030 4627 ﬁebant
3068 4583 3326 4627 manente
3364 4573 3539 4628 adhuc
3569 4585 3755 4629 aucto-

2166 4665 2324 4720 ritate
2350 4664 2685 4734 pontificum,
2718 4664 2973 4719 incolumi
3003 4665 3205 4734 templo
3245 4681 3366 4719 cum
3393 4680 3491 4720 suo
3522 4667 3669 4721 cultu
3696 4678 3752 4723 et

2167 4756 2463 4811 sacrificiis.
2510 4757 2705 4825 Aspice
2737 4757 2908 4826 ipsum
2956 4756 3177 4811 Paulum
3205 4757 3414 4826 judicio
3459 4761 3758 4815 sacerdotis

2169 4850 2380 4919 subjici,
2409 4849 2697 4913 dicentem,
2730 4850 3031 4905 Nesciebam
3053 4867 3159 4905 esse
3180 4852 3471 4921 pontificem
3504 4853 3640 4922 (Act.
3663 4855 3758 4911 ‘25.

2170 4945 2265 5015 5);
2300 4944 2459 5015 idque
2506 4960 2685 5000 coram
2718 4945 2961 5000 Romano
2989 4946 3238 5015 prtnside.
3290 4945 3460 5001 Tanta
3511 4947 3618 5001 illis
3649 4959 3760 5004 tum

2171 5049 2287 5093 erat
2312 5040 2546 5094 licentia.
2579 5036 2766 5110 Cogita
2813 5040 2974 5111 igitur
3016 5057 3178 5110 quam
3213 5042 3412 5095 misera
3447 5051 3574 5095 tunc
3603 5042 3763 5098 fuerit

2175 5132 2408 5185 fidelium
2444 5132 2781 5203 Jerosolyma
2824 5142 3184 5204 cmteramque
3227 5134 3469 5189 Judmam
3517 5135 3764 5190 habitan-

2176 5226 2309 5279 tium
2350 5228 2607 5289 conditio.
2641 5227 2817 5295 Quare
2855 5227 2981 5298 quid
3016 5229 3207 5282 mirum
3249 5229 3317 5294 si,
3358 5230 3447 5298 qui
3479 5231 3765 5286 anathema

2177 5338 2296 5377 CSSc
2325 5338 2419 5393 pro
2443 5323 2729 5378 incredulis
2758 5324 3023 5394 cupiebat,
3048 5323 3188 5378 etde
3217 5325 3492 5379 conversis
3516 5324 3581 5377 ad
3606 5324 3764 5379 fidem

2179 5425 2286 5469 tum
2333 5422 2447 5469 erat
2493 5416 2778 5481 sollicitus,
2810 5426 2864 5469 nt
2892 5418 2934 5470 si
2965 5430 3052 5470 res
3086 5424 3351 5485 posceret,
3383 5414 3765 5483 profccuonvn:

2177 5524 2279 5560 non
2312 5508 2654 5573 detrectaret,
2683 5508 2747 5562 ad
2783 5508 3198 5561 ministrandom
3236 5523 3421 5561 eorum
3470 5509 3767 5561 necessus-

2178 5597 2319 5650 tibus
2363 5599 2608 5667 dignatur
2652 5615 2745 5652 eos
2774 5598 3143 5653 consolatione
3190 5614 3289 5669 per
3328 5597 3558 5664 litteras,
3607 5608 3659 5650 ct
3687 5600 3765 5653 la-

2179 5687 2361 5742 bamcs
2420 5688 2568 5743 fulcit
2615 5691 2725 5743 suis
2769 5688 3249 5742 adhortationibus.
3282 5688 3336 5742 lu
3377 5674 3581 5741 tantum
3624 5704 3767 5743 cnnn

2178 5784 2637 5852 opprimebantur,
2670 5792 2723 5837 ut
2778 5797 2914 5853 pene
2966 5782 3253 5838 deficerent
3287 5803 3298 5837 :
3332 5782 3381 5835 id
3442 5783 3580 5852 quod
3628 5783 3765 5839 ritu
