4020 6402
208 381 275 439 ιε
1112 338 1179 418 tit
1217 355 1431 417 smsr.
1472 353 1568 413 an
1605 347 1974 411 assumus.
2015 349 2172 406 CAP.
2213 350 2255 408 1.
2295 350 2525 409 1103111..
2570 348 2610 405 t.
3439 341 3507 394 tt

205 492 452 567 epistola
482 474 651 545 linem
670 484 754 539 his
779 478 959 537 verbis
986 476 1187 533 indicat
1215 492 1229 529 ε
1262 474 1589 567 Quapropter
1608 483 1800 567 manus

207 558 453 647 remissas
479 593 528 638 et
554 592 719 652 genua
762 573 933 629 soluta
974 570 1215 639 surrigite
1238 564 1422 638 (Hebr.
1450 562 1537 619 ιε.
1574 558 1700 634 12);
1749 566 1807 614 et

208 690 453 737 rursum,
496 668 676 725 Adhuc
704 660 1041 735 perpusillum
1082 655 1343 724 temporis,
1372 665 1420 707 et
1445 652 1537 723 qui
1563 658 1804 704 uenturus

206 778 282 824 est
308 765 490 828 ueniet,
520 770 568 815 et
586 774 688 813 non
708 753 963 817 tardabit;
984 760 1037 806 et
1063 752 1279 812 iterum,
1308 745 1372 802 Si
1398 753 1541 799 extra
1566 741 1801 810 discipli—

207 873 332 913 3qu
358 854 501 917 estis,
545 850 699 923 igitur
727 843 891 915 spurii
932 843 1072 903 estis,
1112 856 1214 895 non
1250 838 1346 908 ﬁlii
1378 835 1541 910 (Ibid.
1589 834 1677 890 1ο.
1708 833 1799 889 57.

207 958 257 1003 et
292 946 379 1001 t2.
407 944 485 1013 8).
515 939 783 1011 Quoniam
807 934 953 992 enim
982 930 1153 988 Judt-i
1196 937 1371 991 erant,
1418 936 1476 981 et
1501 941 1533 981 a
1564 923 1806 995 patribus

206 1038 328 1094 suis
356 1035 657 1091 didicerant
683 1045 715 1086 e
734 1028 960 1098 vestigio
980 1020 1368 1095 exspectandas
1391 1034 1514 1076 esse
1542 1019 1805 1074 malorum

206 1139 266 1186 et
313 1130 580 1184 bonorum
619 1119 1038 1184 vicissitudines,
1086 1116 1273 1184 sicque
1308 1128 1432 1169 esse
1470 1109 1803 1175 vivendum;

210 1234 343 1277 tunc
384 1233 515 1274 vero
550 1230 646 1285 spe
687 1213 952 1268 bonorum
984 1219 1101 1281 post
1152 1215 1383 1263 mortem
1430 1204 1616 1271 dilata,
1663 1203 1805 1259 mala

209 1321 423 1368 tantum
450 1315 605 1363 erant
634 1306 688 1361 in
718 1303 1003 1369 manibus,
1030 1308 1085 1355 et
1108 1297 1369 1355 credibile
1399 1306 1517 1352 erat
1546 1306 1665 1367 post
1685 1296 1807 1350 lon-

207 1419 333 1474 gam
362 1396 703 1455 tolerantiam
732 1392 993 1466 quosdam
1040 1392 1096 1446 in
1141 1388 1635 1461 pusillanimitatem
1670 1386 1808 1443 inci-

206 1496 395 1559 disse;
427 1492 653 1548 multum
685 1488 784 1543 hac
810 1487 880 1542 de
910 1501 968 1541 re
994 1484 1257 1540 sollicitus
1280 1491 1382 1539 est.
1416 1479 1523 1536 Sed
1549 1479 1665 1535 hzec
1707 1493 1807 1534 suo

210 1598 461 1656 tempore
487 1584 818 1639 disseremus
858 1577 1154 1649 prolixius;
1199 1590 1341 1631 nunc
1385 1574 1518 1630 satis
1560 1574 1628 1628 sit
1672 1572 1810 1628 indi-

209 1692 393 1743 casse,
434 1673 575 1745 quod
617 1684 841 1727 necesse
881 1669 960 1723 illi
991 1668 1153 1723 luerit
1194 1666 1262 1722 ad
1291 1681 1388 1722 eos
1433 1665 1698 1731 scribere,
1740 1663 1810 1720 de

208 1770 414 1841 quibus
441 1778 558 1822 erat
587 1773 867 1833 tantopere
891 1760 1179 1817 sollicitus.
1211 1758 1364 1814 Licet
1391 1757 1536 1815 enim
1565 1757 1710 1811 notis
1740 1755 1811 1812 de

208 1861 397 1921 causis
425 1859 494 1921 ad
520 1860 667 1930 ipsos
697 1858 892 1912 missus
925 1869 1033 1910 non
1078 1853 1170 1919 sit,
1204 1850 1338 1907 nihil
1360 1860 1565 1907 tamen
1596 1850 1811 1905 vetabat

207 1970 337 2013 eum
373 1953 633 2009 scribere.
666 1947 821 2018 Quod
863 1956 1041 2003 autem
1071 1944 1138 1999 ad
1168 1943 1664 2014 pusillanimitatem
1692 1957 1815 1998 ver-

207 2052 432 2122 gereut,
467 2041 672 2098 indicat
698 2039 781 2094 his
806 2036 987 2093 verbis
1020 2053 1033 2089 :
1065 2033 1327 2089 Remissas
1366 2049 1547 2088 ntanus
1574 2042 1620 2087 et
1644 2033 1813 2088 soluta

208 2152 382 2215 genua
426 2133 685 2203 surrigite,
736 2139 783 2185 et
825 2144 1031 2201 gressus
1066 2135 1229 2182 rectos
1268 2126 1453 2199 facile;
1500 2135 1554 2181 et
1593 2125 1811 2191 iterum,

211 2226 343 2283 Non
380 2226 514 2281 enim
553 2225 773 2295 iujustus
798 2230 873 2276 est
901 2219 1062 2286 Deus,
1087 2228 1143 2272 ut
1171 2218 1496 2272 obliviscatur
1532 2218 1701 2286 operis
1724 2233 1814 2272 re-

208 2319 307 2376 stri
349 2328 396 2372 et
434 2316 661 2377 caritatis
710 2311 895 2385 (Ibid.
942 2311 1031 2370 12.
1078 2308 1167 2364 19..
1212 2309 1279 2364 1⁸5
1324 2318 1372 2362 et
1414 2308 1470 2364 6.
1520 2307 1633 2379 10).
1679 2308 1814 2364 Nam

210 2409 398 2464 anima
442 2406 647 2462 crebris
687 2412 936 2475 quassata
988 2400 1394 2463 tentationibus,
1448 2413 1595 2460 saepe
1636 2397 1813 2453 dimo-

212 2508 375 2557 t'etur
425 2513 457 2553 a
498 2497 627 2552 ﬁde.
668 2496 791 2551 Ideo
844 2492 1130 2550 conﬁrmat
1163 2506 1259 2547 eos
1304 2492 1501 2547 talibus
1565 2491 1819 2547 adhorta-

213 2589 479 2651 tionibus.
524 2603 593 2643 ne
650 2587 759 2643 sint
802 2584 968 2641 corde
1012 2583 1309 2639 incredula.
1344 2586 1519 2653 Atque
1570 2584 1689 2640 btee
1734 2593 1820 2639 est

212 2698 379 2743 causa
425 2697 523 2739 cur
564 2682 615 2737 in
649 2680 748 2735 hac
774 2678 1115 2752 petissimum
1148 2676 1375 2746 epistola
1408 2677 1573 2731 multa
1605 2676 1675 2733 de
1715 2677 1821 2734 ﬁde

213 2776 473 2840 disserat,
497 2784 553 2829 et
576 2773 761 2828 multis
784 2770 961 2826 allatis
986 2770 1246 2839 exemplis
1276 2768 1417 2824 circa
1452 2769 1613 2824 linem
1637 2778 1821 2825 osten-

214 2866 322 2932 dit,
354 2864 598 2933 patribus
626 2876 841 2933 quoque
864 2875 969 2915 non
999 2868 1381 2930 repraesentata
1408 2875 1529 2929 qua:
1554 2858 1819 2929 promissa

215 2966 379 3014 erant
404 2972 435 3010 e
459 2955 685 3025 vestigio
711 2961 961 3009 secutura
990 2950 1153 3006 bona.
1184 2950 1268 3005 Ad
1301 2952 1437 3013 tunc,
1470 2965 1536 3005 ne
1574 2964 1635 3006 se
1661 2961 1819 3021 puta-

215 3057 345 3104 rent
367 3045 660 3101 derelictos
696 3044 751 3099 in
789 3042 1226 3107 adversitatibus,
1260 3040 1470 3097 duobus
1508 3042 1686 3099 modis
1726 3056 1822 3099 eos

216 3138 441 3195 instruit
472 3156 487 3193 :
519 3138 693 3207 primo
723 3150 1081 3207 quacumque
1127 3134 1423 3190 acciderint
1444 3134 1643 3205 jubens
1677 3135 1823 3193 ferre

216 3230 439 3287 fortiter
464 3270 481 3295 ,
540 3227 737 3284 deinde
777 3241 999 3298 sperare
1047 3236 1255 3282 eertum
1279 3228 1576 3297 prarmium
1610 3246 1623 3283 :
1654 3228 1822 3284 Deum

218 3323 370 3378 enim
393 3336 503 3377 non
534 3320 905 3391 neglecturum
938 3317 1319 3373 inhonoratum
1352 3317 1599 3385 Abelem,
1641 3329 1697 3375 et
1733 3334 1821 3375 re-

1916 465 2112 536 liquam
2139 467 2395 538 deinceps
2417 468 2691 537 jttstorttm
2721 463 2944 521 seriem.
2992 463 3060 519 Et
3087 460 3356 535 triplicem
3401 457 3510 513 illis

1912 559 2338 615 consolationem
2392 558 2616 615 adhibet
2658 574 2675 611 :
2720 571 2883 611 unam
2935 556 3186 626 exemplo
3241 554 3512 625 passionis

1912 651 2111 709 Christi
2143 670 2157 707 :
2189 652 2380 708 dicens
2416 668 2523 707 non
2564 666 2685 706 esse
2715 651 2980 721 potiorem
3006 662 3224 703 servum
3255 660 3419 717 quam
3440 646 3511 701 sit

1913 746 2081 816 ipsius
2106 746 2358 801 dominus
2390 762 2404 797 :
2437 744 2663 797 alteram
2692 748 2967 796 ostentato
3003 738 3340 795 credentium
3370 751 3511 807 pra:-

1912 840 2024 895 mio
2050 856 2065 895 :
2099 838 2308 900 tertiam
2334 836 2462 892 dum
2490 836 2651 891 docet
2675 835 2977 905 qualisnam
3022 832 3092 888 sit
3132 833 3246 887 lucc
3266 832 3513 887 adversi-

1913 942 2017 988 tas.
2045 930 2155 987 Nec
2183 945 2279 1000 per
2304 930 2482 984 lutura
2508 929 2683 983 solum
2712 942 2807 982 eos
2834 925 3118 982 malit-mat
3145 968 3159 991 ,
3192 924 3387 995 quibus
3415 924 3517 978 mi-

1914 1041 2017 1084 nus
2054 1024 2255 1081 moveri
2310 1032 2593 1094 poterant,
2644 1036 2831 1077 verum
2879 1021 3039 1075 etiam
3096 1033 3190 1089 per
3242 1018 3514 1088 praeterita

1914 1136 2035 1193 qua:
2059 1118 2374 1174 acciderunt
2416 1118 2658 1187 ipsorum
2697 1114 2959 1185 patribus.
2986 1112 3134 1169 Idem
3173 1120 3229 1167 et
3266 1110 3513 1166 Christus

1915 1213 2062 1278 facit,
2088 1226 2232 1268 nunc
2252 1225 2455 1282 negans
2473 1224 2687 1264 servum
2706 1206 2966 1277 majorem
2992 1220 3117 1262 esse
3142 1220 3241 1258 suo
3271 1202 3506 1266 domino,

1915 1322 2059 1364 nunc
2103 1307 2299 1360 multas
2328 1318 2452 1360 esse
2481 1302 2791 1359 mansiones
2820 1298 2960 1371 apud
3007 1299 3220 1353 Patrem
3248 1311 3403 1351 suum
3428 1308 3518 1349 as-

1915 1413 2193 1461 severans,
2216 1404 2272 1451 et
2292 1410 2581 1465 numquam
2611 1409 2720 1449 non
2750 1389 3041 1449 incredulis
3063 1404 3147 1443 va:
3168 1387 3511 1442 denuntians.

1918 1491 2090 1547 Porro
2143 1488 2437 1558 Apostolus
2491 1487 2740 1541 crebram
2792 1483 3123 1539 mentionem
3168 1478 3514 1536 lacit'l‘esta-

1917 1583 2083 1641 menti
2113 1582 2244 1637 Novi
2275 1579 2433 1636 simul
2454 1588 2509 1637 et
2540 1577 2751 1635 Veteris
2775 1594 2789 1632 :
2816 1575 2957 1648 quod
2981 1575 3031 1630 id
3063 1573 3517 1631 auhnadverteret

1915 1678 1985 1735 ad
2030 1673 2447 1733 resurrectionis
2488 1671 2891 1743 persuasionem
2944 1666 3099 1723 valde
3151 1664 3514 1721 conducibile.

1916 1770 1997 1828 Ne
2024 1769 2168 1855 enim
2195 1776 2417 1838 propter
2441 1764 2747 1835 passionem
2778 1758 2991 1816 Domini
3020 1757 3089 1814 de
3122 1757 3519 1812 resurrectione

1919 1862 2039 1934 ejus
2057 1847 2325 1925 dubitent,
2351 1855 2732 1928 pr0phetarum
2764 1868 2885 1909 eam
2918 1848 3241 1907 testimoniis
3267 1847 3519 1911 adstruit,

1920 1957 2185 2026 docetque
2208 1952 2406 2007 nostris
2428 1949 2589 2005 rebus
2611 1944 3019 2023 venerationem
3042 1940 3251 2007 deberi,
3283 1955 3389 1993 non
3420 1938 3519 1995 Ju-

1920 2047 2090 2103 daicis
2118 2063 2131 2098 :
2165 2044 2343 2100 adhuc
2367 2042 2511 2096 enim
2538 2038 2798 2109 templum
2825 2035 3001 2090 stabat
3019 2048 3142 2089 cum
3173 2032 3287 2087 suis
3312 2030 3521 2085 sacrili-

1921 2139 2022 2201 ciis
2049 2156 2063 2193 :
2093 2145 2422 2209 quapropter
2448 2132 2579 2190 dicit
2613 2149 2627 2187 :
2660 2128 2921 2185 Exeamus
2961 2127 3120 2197 igitur
3144 2136 3290 2181 extra
3328 2135 3519 2188 castra,

1922 2229 2254 2300 opprobrium
2282 2227 2395 2297 ejus
2422 2232 2680 2296 portantes
2704 2219 2890 2291 (llebr.
2924 2219 3010 2273 13.
3044 2217 3156 2285 13).
3189 2216 3405 2271 Paterat
3429 2229 3525 2269 au-

1927 2336 2035 2381 tem
2055 2322 2155 2379 hac
2186 2329 2337 2393 parte
2366 2314 2697 2373 contradici:
2719 2313 2775 2369 Si
2800 2310 2920 2367 hate
2947 2310 3136 2365 umbra
3170 2317 3373 2363 tantum
3398 2315 3524 2362 sunt

1924 2427 1981 2474 et
2030 2415 2205 2484 imago
2254 2411 2343 2482 qui
2377 2408 2434 2464 lit
2461 2417 2521 2463 ut
2572 2421 2679 2461 non
2707 2410 3076 2475 prmtereant,
3108 2414 3285 2470 neque
3329 2398 3528 2455 cedant

1922 2510 2036 2580 jam
2066 2514 2266 2562 exorta:
2297 2501 2402 2557 luci
2435 2497 2697 2563 veritatis,
2731 2495 2825 2551 sed
2853 2495 2906 2548 in
2934 2506 3034 2547 suo
3059 2492 3241 2562 vigore
3268 2502 3528 2560 perseve-

1926 2601 2085 2659 rent?
2110 2598 2234 2655 ldeo
2266 2596 2369 2651 hoc
2388 2606 2603 2664 quoque
2635 2598 2954 2645 eventurum
2983 2600 3082 2640 suo
3111 2595 3353 2652 tempore
3396 2582 3528 2637 sub-

1928 2693 2147 2749 indicat.
2176 2688 2330 2759 Quod
2357 2696 2537 2741 autem
2578 2682 2689 2753 jam
2738 2692 2886 2744 ante,
2929 2678 3089 2748 longo
3137 2687 3398 2745 tempore.
3434 2689 3531 2744 per

1928 2787 2088 2842 [idem
2133 2784 2187 2840 in
2234 2776 2614 2836 afﬂictionibus
2649 2780 2961 2830 constanter
2987 2769 3398 2840 perduraveriut
3426 2767 3526 2821 dc-

1926 2882 2095 2937 elarat
2114 2877 2302 2935 dicens
2344 2892 2358 2929 :
2396 2871 2524 2929 Cum
2570 2869 2793 2924 debeatis
2822 2883 2917 2935 pro
2946 2863 3185 2935 temporis
3212 2863 3410 2916 ratione
3437 2862 3533 2913 do-

1928 2983 2089 3029 ctores
2115 2986 2255 3034 esse;
2275 2977 2354 3034 et,
2379 2964 2462 3021 Ne
2482 2965 2615 3034 [orte
2628 2962 2694 3017 sit
2714 2962 2768 3015 in
2789 2960 2962 3029 aliquo
2982 2965 3199 3011 vestrum
3226 2969 3316 3008 cor
3340 2952 3533 3005 malum

1928 3061 2287 3133 inﬁdelitatis;
2332 3067 2408 3124 et,
2441 3055 2737 3109 Imitatores
2762 3052 2885 3121 facti
2935 3050 3055 3104 estis
3094 3064 3290 3113 eorum,
3333 3045 3417 3117 qui
3444 3059 3534 3108 per

1930 3157 2087 3227 ﬁdem
2126 3168 2188 3207 ac
2213 3149 2514 3223 patientiam
2554 3144 2888 3199 hereditatem
2921 3141 3315 3213 promissionum
3352 3153 3533 3193 conse-

1929 3247 2075 3321 quuti
2102 3254 2219 3300 sunt
2247 3240 2412 3312 (Ibid.
2455 3239 2510 3295 5.
2543 3237 2629 3293 12.
2660 3247 2709 3291 et
2734 3236 2787 3291 5.
2818 3234 2903 3289 12.
2935 3242 2985 3288 et
3015 3232 3069 3288 ϐ.
3104 3230 3217 3302 12).

1029 3496 3503 3527 W

1710 3614 2053 3679 HOMlLlA
2098 3613 2143 3673 l.

222 3760 357 3818 Cu.
391 3761 443 3815 1.
472 3775 525 3814 v.
560 3760 609 3814 1.
642 3758 989 3825 Multifariam
1024 3754 1300 3829 multisque
1338 3756 1502 3810 modis
1536 3756 1657 3810 olim
1684 3756 1823 3811 Deus

300 3853 512 3921 loquens
534 3850 763 3919 patribus
784 3849 836 3902 in
869 3848 1154 3918 prophetis,
1201 3848 1474 3901 nouissime
1502 3847 1681 3901 diebus
1715 3847 1828 3901 i-tis

299 3944 545 4013 loquutus
575 3952 647 3995 cst
677 3941 896 3994 nobisin
929 3936 1073 3992 Filio
1102 3953 1121 3991 :
1143 3937 1198 3991 2.
1225 3954 1374 4007 quem
1390 3939 1646 3992 constituit
1676 3938 1822 3993 liere-

302 4036 419 4088 dem
443 4034 809 4094 uniuersorum,
843 4047 933 4101 per
960 4046 1107 4100 quent
1127 4031 1245 4101 fecit
1275 4039 1323 4083 et
1341 4028 1550 4083 saecula.

303 4124 357 4179 1.
402 4122 612 4178 Revera
640 4122 725 4175 ubi
757 4119 1047 4174 abundavit
1083 4128 1381 4188 peccatum,
1413 4117 1828 4189 superabunda-

228 4216 384 4270 vitet
412 4215 581 4284 gratia
615 4212 792 4285 (Rom.
824 4212 874 4267 5.
911 4210 1027 4281 20).
1061 4210 1173 4265 lloc
1201 4210 1361 4279 igitur
1402 4210 1488 4264 hic
1528 4225 1744 4280 quoque
1777 4210 1831 4264 in

232 4308 499 4379 prttmltlit)
538 4304 845 4361 subindicat
876 4305 1063 4359 beatus
1095 4302 1312 4365 Paulus,
1340 4303 1586 4357 scribens
1623 4303 1690 4357 ad
1726 4304 1831 4360 lle-

229 4400 429 4454 lineas.
454 4396 586 4452 Nam
616 4396 867 4467 quoniam
889 4402 1007 4448 erat
1027 4392 1317 4448 verisimile
1334 4394 1759 4461 ipsoserneiatos
1783 4406 1837 4447 et

232 4500 263 4540 ι
296 4483 455 4537 malis
486 4491 726 4543 vexatos,
760 4488 817 4535 et
845 4492 932 4533 res
960 4493 1022 4532 ex
1047 4477 1131 4531 his
1155 4474 1483 4547 judicantes,
1513 4474 1830 4529 existimare

231 4574 452 4642 seipsos
480 4572 732 4627 omnibus
760 4570 879 4623 aliis
910 4569 1170 4631 minores,
1213 4566 1452 4621 ostendit
1490 4564 1590 4620 hac
1620 4564 1834 4619 ratione

231 4677 331 4719 eos
360 4663 541 4734 potius
571 4659 831 4728 majorem
860 4665 1177 4727 assequutos
1198 4670 1320 4711 esse
1344 4656 1569 4727 gratiam
1596 4664 1651 4710 et
1678 4654 1835 4709 valde

232 4762 687 4822 exsuperantem,
736 4766 803 4805 ex
852 4750 969 4818 ipso
1011 4748 1234 4803 exordio
1276 4748 1539 4803 orationis
1586 4747 1836 4803 excitans

234 4847 561 4901 auditorem.
612 4844 905 4914 Propterea
949 4841 1079 4896 dicit
1107 4861 1121 4897 :
1153 4840 1504 4913 Multifariam
1549 4840 1829 4911 multisque

235 4938 402 4991 modis
437 4937 559 4990 olim
582 4933 722 4988 Deus
749 4935 961 5004 loquens
984 4934 1215 5003 patribus
1244 4934 1299 4986 in
1330 4934 1591 5004 prapltetis
1616 4947 1635 4988 :
1659 4933 1716 4987 in
1736 4950 1840 4987 uo-

235 5034 454 5089 uissimis
481 5034 561 5088 his
586 5031 760 5086 diebus
782 5030 1020 5101 loquutus
1046 5041 1119 5086 est
1145 5034 1287 5089 nobis
1308 5034 1361 5087 in
1382 5032 1540 5092 Filio.

310 5108 515 5177 Paulus
553 5124 718 5192 major
747 5122 1029 5189 pmphetis.
1055 5152 1127 5163 —
1161 5122 1267 5178 Cur
1301 5140 1408 5179 non
1442 5127 1681 5193 seipsum
1727 5138 1827 5190 0p-

237 5214 416 5284 posuit
448 5214 725 5284 prophetis
760 5212 785 5268 ?
819 5212 966 5283 atqui
1016 5222 1135 5268 erat
1175 5213 1282 5269 illis
1312 5214 1471 5285 longe
1514 5213 1715 5284 major,
1747 5227 1854 5283 quo

242 5306 403 5361 etiam
450 5306 653 5375 majora
684 5304 893 5361 fuerant
935 5305 982 5359 ei
1015 5305 1240 5360 credita.
1279 5304 1386 5361 Sed
1417 5306 1519 5360 hoc
1550 5322 1657 5360 non
1702 5305 1849 5359 l'aeit.

237 5398 462 5466 Quare?
492 5399 731 5454 Primum
765 5399 982 5466 quidem
1016 5415 1206 5469 magna
1248 5398 1317 5455 tle
1356 5415 1416 5455 se
1462 5399 1645 5454 dicere
1688 5414 1849 5455 recu-

238 5504 365 5545 sans
390 5508 404 5545 :
438 5489 678 5545 secundo
705 5499 885 5545 autem
909 5532 923 5553 ,
952 5490 1095 5561 quod
1140 5490 1378 5545 nondum
1414 5490 1634 5561 perfecti
1664 5500 1851 5546 essent

237 5583 554 5639 auditores:
583 5587 777 5651 tertio,
810 5599 906 5639 eas
934 5584 1104 5654 magis
1136 5583 1328 5639 volens
1354 5584 1651 5651 extollere,
1682 5595 1739 5640 et
1760 5598 1844 5639 os-

238 5676 461 5732 tendere
492 5690 742 5745 magnam
774 5690 897 5732 esse
930 5676 1373 5747 praeellentiam.
1401 5675 1566 5745 Quasi
1597 5675 1805 5731 diceret
1832 5694 1845 5729 :

237 5763 374 5835 Quid
414 5783 674 5838 magnum
718 5776 804 5825 est
843 5770 985 5842 quod
1030 5768 1324 5842 prophetas
1365 5769 1515 5827 tnisit
1555 5769 1623 5828 ad
1665 5779 1849 5843 patres

1938 3728 2153 3787 nostros
2172 3728 2198 3783 τ
2218 3725 2286 3783 ad
2313 3742 2413 3784 nos
2438 3726 2585 3785 enim
2611 3724 2759 3782 misit
2780 3724 2976 3781 Filium
3004 3738 3163 3781 suum
3191 3722 3550 3794 unigenitum.

1937 3818 2175 3877 Pulchre
2224 3829 2405 3875 autem
2450 3819 2533 3875 sie
2580 3818 2819 3889 incepit,
2874 3816 3221 3889 Multifariam
3276 3817 3553 3886 multisque

1935 3915 2100 3970 modis
2122 3930 2142 3969 :
2170 3913 2413 3970 ostendit
2435 3914 2579 3969 enim
2608 3913 2753 3985 quod
2783 3927 2852 3969 ne
2882 3912 2983 3982 ipsi
3014 3910 3233 3981 quidem
3268 3910 3554 3981 pmphctte

1939 4007 2108 4062 Deum
2158 4006 2438 4074 viderunt;
2469 4005 2640 4062 Filius
2671 4022 2802 4061 vero
2830 4005 2984 4061 vidit.
3020 4005 3157 4060 Illud
3189 4005 3333 4059 enim
3360 4047 3375 4071 ,
3407 4002 3553 4058 Mul-

1937 4100 2167 4169 tifariam
2198 4101 2474 4168 multisque
2502 4100 2701 4165 modis,
2736 4100 2842 4154 hoc
2884 4109 3000 4166 est,
3042 4099 3257 4154 diverse
3297 4108 3351 4152 et
3380 4098 3550 4152 varie.

1942 4192 2055 4264 Ego
2076 4194 2222 4250 enim
2245 4236 2260 4259 ,
2289 4195 2485 4265 inquit,
2518 4194 2859 4264 multiplican
2890 4194 3130 4261 visiones,
3157 4201 3201 4247 et
3232 4193 3285 4246 in
3316 4192 3553 4246 manibus

1936 4287 2309 4359 prophetarum
2354 4304 2469 4342 sum
2493 4288 2809 4343 assimilatus
2836 4285 2992 4356 (Osee
3020 4286 3106 4341 12.
3135 4285 3244 4357 10).
3276 4284 3554 4354 Quamob-

1936 4396 2050 4433 rem
2096 4396 2204 4435 non
2236 4380 2291 4435 in
2341 4382 2447 4436 hoc
2491 4382 2667 4437 solum
2713 4390 2798 4436 est
2846 4380 3250 4451 prmcellentia,
3294 4378 3437 4449 quod
3482 4377 3555 4433 ad

1936 4473 2058 4530 illos
2080 4474 2297 4544 quidem
2328 4474 2479 4530 missi
2505 4485 2631 4529 sunt
2665 4474 2943 4545 propheta:
2965 4516 2980 4537 ,
3022 4473 3091 4527 ad
3123 4490 3221 4527 nos
3249 4482 3429 4527 autem
3463 4471 3553 4525 Fi-

1935 4565 2071 4628 lius;
2120 4566 2214 4622 sed
2266 4566 2430 4622 etiam
2461 4566 2607 4637 quod
2657 4566 2872 4621 illorum
2920 4565 3139 4636 quidem
3193 4564 3372 4617 nullus
3418 4562 3555 4617 vidit

1937 4661 2142 4729 Deum,
2170 4661 2305 4717 vidit
2330 4671 2510 4717 autem
2537 4661 2706 4716 Filius
2734 4660 3068 4731 unigenitus.
3103 4659 3169 4714 Et
3200 4658 3305 4715 hoc
3332 4658 3551 4729 quidem

1936 4768 2044 4808 non
2074 4755 2254 4808 statim
2286 4754 2461 4826 ponit.
2492 4754 2688 4825 probat
2714 4762 2896 4809 autem
2928 4769 3023 4824 per
3050 4768 3112 4809 ea
3140 4769 3262 4824 qua!
3291 4752 3553 4821 deinceps

1936 4857 2239 4918 sequuntur
2268 4866 2281 4902 :
2314 4863 2511 4917 nempe
2540 4848 2759 4917 quando
2791 4847 2920 4901 dicit
2949 4846 3017 4903 de
3044 4846 3383 4901 humanitate
3410 4865 3422 4899 :
3456 4846 3555 4901 Cui

1936 4943 2074 4996 enim
2108 4942 2413 5013 angelorum
2454 4942 2627 4997 dixit:
2660 4941 2829 4996 Filius
2856 4959 2997 4996 meus
3022 4959 3075 4997 es
3103 4951 3157 4995 tu
3184 4942 3210 4995 ?
3238 4950 3321 5008 et,
3359 4940 3494 4997 Sede
3519 4958 3553 4996 η

1939 5032 2133 5089 dextris
2176 5034 2301 5088 meis
2334 5036 2405 5107 (υ.
2434 5035 2490 5090 5.
2516 5044 2563 5089 et
2590 5033 2723 5107 15)?
2758 5033 2892 5090 Vide
2922 5044 3103 5089 autem
3152 5049 3403 5105 magnam
3434 5033 3553 5103 ejus

1940 5126 2279 5196 prudentiam
2309 5146 2321 5181 :
2350 5142 2380 5179 a
2404 5126 2683 5199 prophetis
2710 5128 2948 5199 primum
2976 5126 3213 5183 ostendit
3239 5129 3555 5197 prmcellen-

1939 5217 2067 5271 tiam
2093 5235 2106 5271 :
2127 5217 2325 5274 deinde
2351 5234 2475 5274 cum
2502 5219 2633 5275 illud
2656 5221 3038 5277 conﬁrmasset
3061 5229 3333 5291 tamquam
3354 5221 3422 5276 de
3443 5236 3553 5291 quo

1938 5319 2249 5375 eonstaret,
2281 5314 2598 5381 pronuntiat
2621 5312 2767 5384 quod
2800 5313 2908 5368 illis
2934 5312 3151 5383 quidem
3187 5314 3444 5383 lnquutus
3470 5324 3554 5369 est

1939 5417 2035 5469 per
2071 5401 2396 5471 prophetas,
2434 5403 2593 5459 nobis
2634 5416 2815 5459 autem
2867 5420 2964 5473 per
2994 5404 3363 5475 Unigenitnm.
3398 5406 3554 5473 Quod

1938 5494 1983 5548 si
2018 5496 2124 5549 illis
2156 5496 2317 5549 etiam
2348 5510 2442 5563 per
2472 5496 2695 5566 angelos
2724 5495 2894 5571 (nam
2921 5498 3099 5567 angeli
3130 5512 3351 5567 quoque
3378 5500 3553 5552 collo-

1938 5586 2089 5655 quuti
2137 5598 2263 5641 sunt
2303 5602 2427 5641 cum
2466 5586 2668 5643 Judzeis
2694 5589 2751 5658 ):
2783 5598 2837 5642 at
2864 5589 2915 5642 in
2950 5589 3050 5643 hoc
3079 5604 3297 5658 quoque
3345 5589 3464 5643 illos
3500 5590 3552 5643 in

1935 5689 2144 5736 tantum
2172 5697 2511 5751 superamus,
2544 5682 2689 5753 quod
2718 5684 2998 5739 nobiscum
3026 5682 3241 5752 quidem
3267 5684 3550 5749 Dominus,

1932 5789 2060 5831 cunt
2092 5774 2203 5832 illis
2247 5784 2428 5840 autem
2476 5776 2620 5832 servi
2660 5792 2830 5834 :nam
2864 5788 2914 5833 et
2950 5776 3130 5850 augt'li
3178 5786 3231 5832 et
3274 5780 3553 5851 propheta:
