4020 6402
560 345 630 402 i5
1285 342 1340 398 S.
1379 340 1655 398 JOANNIS
1690 343 2158 401 CHRYSOSTOMI
2198 345 2515 400 ARtillliiP.
2549 347 3081 411 CONSTANTINUP.
3762 367 3832 426 16

559 448 829 505 Conservi.
861 449 1085 505 Pulchre
1110 459 1286 505 autem
1317 451 1448 508 dicit
1476 471 1491 509 :
1522 454 1589 509 In
1615 457 1896 517 novissimis
1918 464 2092 519 diebus
2117 484 2136 521 .-

561 554 685 594 nam
730 539 831 594 hoc
876 555 1087 615 quoque
1134 540 1281 611 ipsos
1310 545 1539 610 excitat,
1590 555 1645 602 et
1693 551 2002 609 consolatur
2025 556 2137 626 jam

556 632 820 689 defessos.
853 630 1164 688 Sicutenim
1192 632 1324 690 dicit
1348 635 1509 691 alibi:
1534 636 1787 696 Dominus
1829 660 1989 715 prope
2022 658 2096 701 est
2118 691 2134 710 ,

557 724 689 778 nihil
719 723 925 778 solliciti
961 725 1070 779 sitis
1115 724 1378 798 (Philipp.
1423 728 1478 784 ι.
1510 720 1605 797 6);
1636 740 1691 787 et
1718 749 1904 791 rursus
1924 778 1939 801 ,
1983 736 2133 794 Nunc

555 817 687 871 enim
722 817 933 887 propior
961 826 1035 872 est
1062 828 1237 873 nostra
1280 820 1457 889 salus,
1505 839 1659 893 quam
1688 841 1802 879 cum
1828 828 2135 883 credidimus

555 906 732 975 (Rom.
780 907 864 963 l5.
903 908 993 977 ll)
1015 925 1028 962 :
1054 909 1127 963 ita
1156 908 1245 966 hic
1274 925 1505 982 quoque.
1541 913 1678 981 Quid
1714 925 1953 989 estergo
1990 922 2133 990 quod

554 995 894 1064 dicit‘lQuod
920 1000 1011 1068 qui
1044 1001 1098 1055 in
1136 1003 1429 1059 certamine
1453 1013 1536 1060 est
1562 1019 1914 1079 consumptus
1958 1024 2013 1067 et
2038 1029 2134 1068 ex-

553 1084 794 1154 haustus,
814 1100 1091 1160 postquam
1125 1092 1350 1149 audierit
1388 1096 1547 1152 tinem
1574 1102 1901 1170 certaminis,
1942 1106 2131 1174 paulu-

552 1176 661 1231 lum
679 1179 929 1247 respirat,
954 1190 1010 1235 ut
1035 1184 1122 1253 qui
1144 1184 1278 1240 sciat
1295 1185 1435 1242 illius
1452 1189 1665 1258 quidem
1682 1206 1801 1249 esse
1823 1194 2004 1262 linem,
2032 1199 2136 1253 ini-

552 1267 682 1322 tium
714 1279 892 1325 autem
917 1272 1128 1341 quietis.
1172 1274 1239 1328 In
1280 1277 1561 1334 novissimis
1598 1282 1772 1338 diebus
1797 1285 2031 1354 loquutus
2060 1300 2131 1344 est

549 1357 765 1415 nobisin
790 1360 951 1418 Filio.
984 1364 1121 1419 Ecce
1151 1382 1368 1435 rursus,
1399 1368 1465 1424 In
1491 1370 1651 1427 Filio.
1682 1374 1785 1431 Per
1810 1375 2026 1447 Filium,
2052 1381 2132 1435 in-

546 1451 695 1518 quit,
739 1454 995 1515 adversus
1024 1470 1116 1512 eos
1146 1460 1236 1528 qui
1278 1460 1462 1517 dicunt
1489 1464 1541 1519 id
1567 1469 1857 1541 convenire
1885 1471 2128 1542 Spiritui.

546 1539 710 1598 Vides
733 1545 874 1612 quod
903 1547 1043 1603 istud
1071 1548 1141 1604 In
1168 1560 1249 1606 est
1277 1553 1397 1607 Per.
1430 1555 1498 1610 Et
1522 1556 1676 1623 illud,
1703 1539 1860 1629 Olim,
1890 1539 1945 1618 et
1972 1565 2124 1636 illud,

546 1630 614 1686 In
640 1635 921 1701 novissimis
945 1639 1154 1708 diebus,
1186 1642 1385 1714 aliquid
1415 1647 1558 1703 aliud
1589 1649 1779 1708 innuit.
1810 1630 2129 1721 Quodnami

543 1723 748 1797 Nempe
770 1743 893 1784 cum
925 1731 1152 1787 multum
1188 1737 1444 1805 temporis
1469 1738 1886 1813 intercessisset,
1923 1764 1993 1804 ex
2020 1766 2127 1821 quo

544 1831 756 1875 eramus
781 1823 1099 1893 castigandi,
1130 1840 1196 1881 ex
1222 1842 1330 1896 quo
1356 1828 1667 1887 defecerant
1690 1835 2033 1907 charismata,
2059 1858 2124 1900 ex

542 1923 651 1977 quo
674 1924 780 1966 non
803 1922 917 1968 erat
945 1930 1067 1985 spes
1091 1917 1297 1987 salutis,
1328 1935 1395 1975 ex
1417 1937 1524 1992 quo
1550 1928 1991 1994 exspectabamus
2010 1933 2125 1990 fore

541 2006 601 2053 ut
624 1998 951 2057 detrimento
980 2005 1213 2076 undique
1232 2006 1589 2077 alliceremur,
1614 2022 1741 2071 tunc
1769 2018 1941 2087 majus
1970 2023 2122 2078 nobis

539 2088 732 2160 obtigit
770 2092 1216 2151 emolumentum.
1265 2098 1398 2155 Vide
1424 2111 1604 2159 autem
1634 2120 1795 2174 quam
1828 2110 2123 2177 prudenter

536 2179 642 2238 hoc
669 2181 886 2239 dixerit.
912 2184 1027 2241 Non
1058 2189 1201 2244 enim
1241 2190 1407 2258 dixit,
1447 2193 1696 2252 Christus
1726 2199 1975 2271 loquutus
2003 2215 2083 2260 est
2103 2248 2116 2271 ,

537 2289 857 2347 quamquam
889 2277 1003 2347 ipse
1040 2289 1155 2335 erat
1184 2281 1470 2352 loquutus;
1511 2286 1606 2342 sed
1645 2292 1897 2358 quoniam
1955 2294 2121 2350 imbe-

535 2368 645 2425 cilli
670 2384 857 2425 eorum
884 2371 1085 2439 animi,
1112 2388 1211 2429 nec
1236 2390 1356 2445 quae
1380 2376 1448 2432 de
1476 2376 1695 2435 Christo
1724 2382 1945 2439 dicenda
1968 2384 2119 2443 erant

534 2459 709 2514 adhuc
749 2459 933 2516 audire
971 2471 1231 2531 poterant,
1280 2466 1452 2522 dicit:
1496 2467 1563 2523 In
1590 2469 1730 2526 Filio
1766 2473 2003 2543 loquutus
2045 2488 2119 2532 est

533 2549 694 2605 nobis.
715 2551 849 2619 Quid
865 2552 1019 2617 dicis,
1046 2554 1184 2611 Deus
1196 2570 1290 2626 per
1310 2556 1505 2614 Filium
1526 2560 1774 2632 loquutus
1794 2568 1915 2622 est?
1934 2569 2113 2625 Certe.

535 2640 636 2698 Ubi
662 2657 791 2713 ergo
815 2645 1174 2702 excellentia?
1206 2648 1293 2703 hic
1319 2651 1463 2705 enim
1501 2654 1783 2711 ostendisti
1815 2669 1869 2713 et
1908 2659 2113 2717 Novum

532 2744 589 2791 ct
614 2734 778 2793 Vetus
806 2751 928 2793 esse
958 2739 1117 2795 unius
1153 2750 1208 2795 et
1236 2742 1479 2810 ejusdem
1503 2785 1518 2809 ,
1561 2747 1704 2816 quod
1734 2750 1951 2819 quidem
2004 2769 2117 2808 ma-

530 2840 650 2897 gnas
680 2842 785 2882 non
808 2835 891 2883 est
912 2829 1265 2886 excellentiae.
1299 2831 1586 2904 Propterea
1614 2835 1717 2893 hoc
1746 2841 1966 2896 verbum
1993 2858 2116 2913 per—

530 2918 773 2989 sequitur
820 2928 876 2975 et
913 2922 1167 2991 exponit,
1196 2923 1381 2979 dicens
1420 2924 1724 2995 :Loquutus
1765 2943 1837 2986 est
1874 2934 2018 2989 nobis
2060 2936 2114 2991 in

532 3008 691 3064 Filio.
729 3010 857 3066 Vide
880 3013 1149 3083 quomodo
1170 3013 1220 3068 id
1246 3029 1529 3073 commune
1551 3018 1703 3075 faciat
1722 3062 1738 3087 ,
1777 3031 1833 3077 et
1863 3024 2104 3096 discipu—

530 3102 612 3158 los
641 3102 742 3158 sibi
770 3114 1018 3176 exasquat
1048 3105 1247 3163 Paulus
1271 3106 1457 3165 dicens
1494 3127 1509 3163 :
1538 3109 1805 3183 Loquulus
1831 3126 1903 3173 est
1943 3120 2107 3178 nobis.

530 3201 688 3270 Atqui
723 3214 829 3254 non
855 3211 936 3254 est
965 3207 1012 3255 el
1045 3207 1291 3272 loquutus
1312 3243 1328 3267 ,
1360 3202 1455 3258 sed
1494 3204 1786 3274 apostolis,
1818 3214 1875 3260 et
1902 3221 1995 3276 per
2019 3208 2098 3276 ip-

526 3301 617 3341 sos
656 3289 856 3344 multis.
894 3289 997 3346 Sed
1031 3292 1172 3363 ipsos
1214 3294 1455 3360 extollit,
1502 3303 1556 3349 et
1584 3294 1816 3350 ostendit
1848 3295 1990 3367 quod
2020 3296 2101 3351 eis

525 3390 737 3449 quoque
787 3379 858 3433 sit
912 3380 1188 3450 loquutus;
1236 3382 1303 3437 Et
1355 3382 1513 3438 simul
1568 3383 1783 3439 Judmos
1838 3386 2101 3456 perstrin-

523 3469 600 3534 git
642 3485 654 3520 :
689 3475 809 3523 nam
861 3484 1048 3527 omnes
1107 3472 1247 3540 fere,
1301 3475 1493 3544 quibus
1551 3476 1757 3547 loquuti
1794 3488 1921 3534 sunt
1974 3493 2099 3549 pro-

522 3557 719 3629 phetae,
761 3563 1005 3617 scelerati
1057 3573 1210 3619 erant
1260 3575 1315 3621 et
1356 3568 1688 3622 exsecrandi.
1741 3569 1807 3624 Et
1856 3570 2095 3625 nondum

520 3649 589 3703 de
630 3651 711 3707 his
748 3653 907 3710 verba
943 3654 1113 3723 llunt;
1141 3656 1352 3713 interim
1398 3669 1574 3715 autem
1624 3662 1856 3730 loquitur
1881 3662 1949 3719 de
1994 3664 2093 3719 do-

520 3744 604 3797 nis
623 3758 740 3814 qutc
760 3758 790 3799 a
815 3744 924 3800 Deo
951 3755 1075 3801 sunt
1100 3748 1326 3813 collata;
1351 3749 1576 3821 ideoque
1600 3752 1907 3825 subjungit:
1933 3753 2094 3820 Quem

516 3836 768 3890 constituit
791 3838 1023 3893 heredem
1044 3841 1409 3896 universorum.
1440 3842 1537 3901 llic
1563 3844 1693 3900 dicit
1716 3862 1934 3903 cariiem
1954 3867 1966 3900 :
1984 3848 2092 3905 sic-

517 3936 573 3979 ut
600 3937 653 3979 et
693 3926 855 3981 David
883 3928 1019 3984 dixit
1049 3928 1101 3985 in
1153 3931 1391 3989 secundo
1419 3934 1653 4004 psalmo,
1686 3935 1898 3992 Postulo
1928 3956 1961 3992 a
1990 3956 2090 4006 me,

513 4025 561 4072 et
587 4016 717 4070 dabo
742 4017 831 4071 tibi
854 4027 1025 4089 gentes
1064 4020 1392 4077 hereditatem
1426 4034 1564 4078 tuam
1584 4027 1753 4097 (Psal.
1782 4027 1830 4080 2.
1869 4028 1948 4097 8).
1976 4027 2092 4084 Non

514 4114 597 4161 est
616 4109 758 4162 enim
785 4110 1013 4180 amplius
1041 4126 1163 4181 pars
1182 4113 1397 4169 Domini
1421 4115 1605 4184 Jacoh,
1638 4132 1811 4191 neque
1838 4136 1953 4177 sors
1974 4125 2090 4194 ejus

512 4207 597 4252 est
640 4198 830 4267 Israel,
862 4202 957 4258 sed
998 4218 1205 4260 omnes.
1251 4204 1387 4273 Quid
1429 4208 1531 4264 sibi
1572 4212 1684 4266 vult
1714 4213 1880 4281 illud,
1929 4216 2089 4283 Quem

510 4290 771 4346 constituit
794 4294 1024 4351 heredem
1046 4296 1200 4352 lﬂoc
1227 4307 1329 4366 est,
1362 4297 1489 4355 fecit
1515 4317 1638 4357 eum
1666 4304 1947 4361 Dominum
1971 4323 2090 4363 om-

509 4381 679 4439 nium.
708 4381 857 4450 Quod
887 4386 1048 4440 etiam
1092 4386 1284 4445 Petrus
1323 4391 1456 4446 dixit
1502 4393 1554 4449 in
1600 4395 1775 4462 Actis,
1810 4396 2085 4454 EtDomi-

509 4490 631 4526 num
662 4484 709 4529 et
735 4474 989 4531 Christum
1019 4496 1133 4534 eum
1160 4483 1277 4551 fecit
1304 4481 1443 4538 Deus
1473 4485 1608 4558 (Act.
1632 4487 1687 4541 2.
1717 4489 1831 4560 36).
1862 4491 2086 4549 Herodis

507 4574 685 4624 autem
714 4569 931 4625 nomine
956 4586 1085 4627 usus
1105 4581 1215 4635 est.
1239 4574 1346 4629 duo
1372 4577 1701 4646 significans,
1730 4597 1920 4653 nempe
1941 4586 2084 4654 quod

506 4657 755 4725 proprius
793 4669 847 4714 et
890 4675 1181 4730 germanus
1226 4677 1369 4721 esset
1413 4666 1608 4736 Filius,
1655 4680 1709 4726 et
1737 4674 1877 4743 quod
1923 4676 2084 4735 abeo

504 4746 661 4801 avelli
704 4763 809 4802 non
841 4760 1021 4819 posset
1053 4752 1369 4811 dominium.
1400 4756 1654 4814 Heredem
1692 4765 2038 4822 universorum
2062 4812 2080 4839 ,

506 4834 607 4894 hoc
637 4844 752 4903 est,
787 4840 949 4895 totius
978 4844 1183 4899 mundi.
1217 4844 1449 4902 Rursum
1481 4850 1547 4903 ad
1578 4851 1630 4906 id
1656 4856 1797 4923 quod
1823 4866 1907 4913 est
1933 4834 2081 4930 prius

502 4930 671 4986 refert
697 4934 998 4990 orationem
1029 4955 1044 4991 :
1078 4936 1182 4993 Per
1204 4957 1347 5009 quem
1378 4942 1495 5011 fecit
1523 4954 1569 4999 et
1593 4950 1797 5003 sa’cula.

573 5023 625 5077 2.
667 5022 855 5080 Contra
905 5028 1344 5087 Arianos.—-Ubi
1372 5044 1495 5089 sunt
1547 5039 1635 5107 qui
1690 5041 1895 5114 dicunt,
1957 5046 2081 5105 Erat

502 5115 716 5183 quando
758 5132 865 5173 non
896 5120 1050 5174 erat?
1080 5121 1283 5179 Deinde
1332 5135 1489 5181 utens
1527 5131 1778 5199 gradibus
1799 5176 1815 5201 ,
1843 5136 1978 5194 dixit
2023 5141 2078 5197 id

498 5206 643 5277 quod
664 5217 746 5263 est
773 5208 930 5281 longe
952 5212 1143 5281 majus.
1172 5216 1225 5271 5.
1254 5214 1355 5283 Qui
1381 5235 1496 5273 cum
1517 5222 1582 5275 sit
1607 5224 1846 5290 splendor
1876 5230 2074 5300 gloria,

497 5314 544 5357 et
583 5300 753 5371 ﬁgura
779 5305 1073 5361 substantia:
1096 5311 1225 5378 ejus,
1259 5322 1569 5382 portamque
1594 5320 1766 5372 omnia
1793 5324 1941 5377 verbo
1970 5328 2075 5379 vir-

495 5394 615 5445 tutis
660 5410 785 5462 suce,
829 5400 1179 5467 purgationem
1220 5415 1537 5473 peccatorum
1580 5412 1791 5479 faciens,
1832 5415 1969 5471 sedet
2008 5424 2077 5474 ad

494 5483 751 5537 dexteram
780 5489 1061 5557 majestatis
1087 5492 1139 5544 in
1170 5496 1379 5549 excelsis
1407 5514 1427 5551 :
1452 5497 1504 5552 4.
1536 5509 1676 5554 tanto
1717 5505 1895 5560 melior
1919 5526 2073 5581 ange-

494 5574 559 5631 lis
600 5575 825 5643 e/fectus,
856 5592 1045 5649 quanto
1074 5583 1390 5649 differentias
1420 5605 1527 5658 pra:
1566 5593 1668 5647 illis
1712 5612 1893 5653 nomen
1932 5574 2074 5657 here-

492 5666 682 5719 ditauit.
716 5668 891 5738 Papus,
937 5684 1131 5743 quanta
1171 5687 1253 5731 cst
1294 5681 1585 5748 apostolica
1629 5688 1928 5757 sapientia!
1965 5692 2073 5751 imo

494 5772 621 5812 vero
652 5775 759 5815 non
791 5761 959 5825 Pauli,
984 5767 1075 5823 sed
1114 5767 1342 5839 Spiritus
1380 5783 1459 5829 cst
1491 5774 1575 5832 hic
1606 5779 1916 5840 admiranda
1944 5801 2068 5859 gra-

2230 460 2319 510 tia.
2350 456 2463 511 Non
2501 457 2645 510 enim
2685 472 2751 511 ex
2789 472 2889 512 suo
2927 472 3087 511 sensu
3135 456 3247 512 haec
3287 470 3365 512 est
3410 460 3683 529 loquutus.
3721 482 3824 519 m-c

2232 553 2429 597 tantam
2478 559 2543 598 ex
2588 559 2646 599 se
2690 544 2895 601 invenit
2942 548 3258 617 sapientiam
3292 568 3303 601 :
3338 550 3479 605 unde
3516 554 3712 607 enim?
3754 571 3822 610 ex

2230 635 2401 690 cultro
2427 645 2479 690 et
2504 637 2754 707 pellibus,
2787 647 2877 693 aut
2899 655 2964 695 ex
2992 640 3246 696 officina?
3271 643 3363 697 sed
3394 644 3587 699 divina:
3614 648 3669 702 id
3698 660 3823 704 erat

2228 729 2576 796 Operationis.
2624 729 2739 785 Non
2782 733 2926 786 enim
2974 731 3091 787 haec
3130 735 3361 805 cogitata
3404 738 3649 807 pariebat
3695 744 3821 809 ejus

2228 818 2597 888 intelligentia,
2646 836 2766 890 qua:
2814 832 2938 877 tunc
2976 822 3191 894 quidem
3238 837 3356 881 erat
3408 828 3544 884 adeo
3589 831 3714 885 vilis
3766 841 3824 887 et

2226 908 2452 977 ahjecta,
2484 920 2542 964 ut
2582 909 2713 965 nihil
2761 912 2983 968 haberet
3023 915 3253 984 amplius
3294 933 3451 987 quam
3496 920 3689 989 plebeii
3724 922 3820 991 qui

2225 998 2279 1051 in
2309 997 2423 1054 foro
2449 1011 2730 1057 versantur
2758 1020 2772 1056 :
2800 1004 3068 1073 quomodo
3099 1006 3240 1060 enim
3271 1008 3389 1076 plus
3418 1009 3663 1077 haberet,
3691 1028 3822 1082 qua:

2224 1088 2281 1143 in
2308 1092 2691 1155 contractibus,
2727 1101 2782 1147 et
2808 1094 3035 1162 pellibus
3063 1106 3317 1165 perpetuo
3352 1111 3561 1153 versata
3592 1112 3645 1155 et
3676 1117 3822 1157 con-

2223 1194 2432 1251 sumpta
2454 1183 2652 1239 fuerat?
2675 1184 2768 1239 sed
2792 1185 3018 1254 Spiritus
3047 1190 3211 1257 gratia
3237 1207 3330 1259 per
3355 1208 3490 1263 quos
3521 1196 3629 1249 vult
3656 1211 3819 1251 suam

2222 1272 2329 1325 vim
2360 1274 2616 1329 ostendit.
2654 1275 2805 1331 Sicut
2838 1280 2981 1332 enim
3022 1280 3066 1333 si
3096 1282 3215 1350 quis
3243 1298 3461 1351 parvum
3491 1301 3719 1354 puerum
3762 1290 3818 1342 in

2224 1362 2391 1417 altum
2438 1368 2723 1434 quemdam
2767 1368 2964 1435 locum,
2993 1381 3047 1426 et
3076 1374 3165 1442 qui
3201 1373 3267 1428 ad
3320 1375 3492 1444 ipsum
3543 1380 3822 1451 pertingat

2222 1456 2338 1511 οξειί
2378 1459 2653 1525 verticem,
2708 1461 2835 1515 velit
2876 1462 3163 1531 adducere,
3205 1467 3405 1521 sensim
3446 1478 3499 1523 et
3550 1472 3820 1541 paulatim

2224 1546 2325 1603 hoc
2344 1546 2492 1615 facit,
2524 1567 2621 1621 per
2640 1553 2836 1622 gradus
2859 1555 2946 1622 qui
2969 1567 3093 1609 sunt
3121 1555 3329 1613 inferne
3352 1573 3476 1614 eum
3508 1561 3815 1629 adducens;

2221 1638 2415 1695 deinde
2453 1650 2733 1711 postquam
2769 1659 2891 1698 eum
2918 1660 3077 1713 supra
3108 1649 3370 1713 statuerit,
3404 1660 3459 1703 et
3479 1650 3706 1718 jusserit
3738 1656 3810 1707 ad

2223 1728 2473 1785 inferiora
2507 1733 2744 1786 animum
2786 1735 3097 1800 advertere,
3129 1736 3423 1807 videritque
3452 1741 3775 1811 caligantem
3798 1786 3813 1810 ,

2222 1822 2598 1876 conturbatum
2646 1831 2700 1877 et
2747 1824 3131 1878 circumfusum
3187 1829 3443 1896 tenebris,
3487 1846 3607 1885 eum
3662 1836 3813 1888 acci-

2222 1913 2373 1981 piens
2403 1913 2549 1968 ducit
2590 1914 2835 1982 inl'erius,
2872 1918 3171 1973 concedens
3214 1930 3270 1973 ut
3309 1923 3576 1990 respiret;
3610 1924 3817 1982 deinde

2220 2010 2498 2072 postquam
2530 2004 2702 2072 ipsum
2728 2006 3007 2071 recrearit,
3036 2023 3222 2063 rursus
3248 2012 3503 2077 sustollit,
3533 2021 3590 2067 et
3618 2030 3814 2071 rursus

2218 2092 2471 2149 deorsum
2511 2095 2656 2150 ducit
2686 2116 2699 2150 :
2730 2098 2799 2151 ita
2832 2099 2989 2153 etiam
3021 2100 3147 2155 fecit
3184 2102 3372 2159 beatus
3413 2105 3628 2168 Paulus,
3658 2120 3713 2164 et
3755 2111 3812 2164 in

2219 2183 2457 2240 llebrteis
2482 2194 2536 2241 et
2574 2187 2787 2257 ubique,
2820 2196 2880 2242 ut
2922 2189 3012 2258 qui
3059 2190 3159 2245 hoc
3185 2207 3215 2246 a
3255 2192 3505 2264 Magistro
3535 2197 3809 2254 didicerit.

2218 2272 2432 2329 Etenim
2465 2274 2580 2344 ipse
2608 2291 2819 2347 quoque
2862 2280 2939 2333 sic
2988 2279 3112 2335 fecit
3140 2299 3154 2336 :
3185 2283 3476 2353 aliquando
3500 2288 3717 2357 quidem
3752 2292 3808 2345 in

2218 2365 2383 2420 altum
2422 2367 2656 2435 sustulit,
2692 2369 2980 2439 aliquando
3007 2382 3185 2429 autem
3244 2375 3380 2431 infra
3410 2376 3629 2435 demisit
3652 2382 3811 2436 audi-

2219 2466 2381 2521 tores,
2422 2472 2527 2512 non
2556 2460 2737 2514 sinens
2776 2470 2832 2514 ut
2872 2461 2960 2516 diu
2991 2464 3179 2519 eodem
3210 2468 3260 2521 in
3289 2478 3433 2524 statu
3462 2485 3809 2529 morarentur

2220 2543 2316 2615 (a).
2352 2545 2484 2601 Vide
2521 2562 2654 2618 ergo
2692 2550 2777 2605 hic
2805 2566 3037 2622 quoque,
3070 2563 3350 2625 postquam
3382 2559 3526 2629 ipsos
3556 2562 3607 2615 in
3636 2563 3805 2620 altum

2214 2635 2491 2693 eduxisset
2518 2639 2794 2708 gradibus,
2822 2652 2876 2696 et
2902 2645 3179 2700 statuisset
3214 2646 3269 2700 in
3299 2648 3415 2716 ipso
3453 2652 3654 2706 vertice
3683 2654 3803 2722 pie-

2216 2728 2379 2791 tatis,
2409 2729 2715 2799 priusquam
2763 2732 3054 2803 caligarent
3102 2746 3156 2790 et
3200 2738 3449 2807 gravibus
3493 2741 3803 2801 circumfusi

2213 2826 2397 2872 essent
2434 2821 2690 2887 tenebris,
2722 2825 2990 2892 quomodo
3034 2840 3129 2881 cos
3172 2844 3361 2885 rursus
3402 2832 3618 2889 deducit
3662 2836 3803 2892 inle-

2212 2908 2346 2975 rius,
2376 2918 2433 2965 et
2458 2912 2759 2967 concedens
2788 2924 2847 2969 ut
2872 2917 3220 2987 respirarent,
3253 2921 3405 2989 dicit,
3441 2923 3704 2996 Loquutus
3729 2942 3803 2984 est

2212 2999 2354 3053 nobis
2393 3002 2447 3054 in
2492 3000 2631 3057 Filio
2656 3020 2676 3067 ;
2704 3014 2758 3060 et
2802 3022 3009 3073 rursus,
3047 3010 3206 3077 Quem
3253 3017 3512 3069 constituit
3555 3019 3789 3075 heredem

2212 3091 2578 3146 universorum.
2626 3094 2831 3150 Nomen
2886 3098 3029 3152 enim
3082 3100 3203 3155 Filii
3260 3103 3474 3159 interim
3520 3120 3603 3161 eat
3644 3124 3796 3164 cmu-

2217 3202 2400 3244 mune.
2431 3188 2535 3245 Ubi
2577 3191 2720 3245 enim
2769 3192 3072 3247 intelleCtus
3116 3191 3276 3248 fuerit
3318 3194 3569 3265 proprius
3597 3206 3651 3253 et
3677 3212 3804 3267 ger-

2220 3294 2429 3345 manus,
2462 3289 2546 3335 est
2570 3282 2819 3352 superior
2843 3285 3113 3341 universis
3143 3304 3155 3339 :
3186 3286 3398 3341 interim
3426 3298 3628 3357 autem,
3661 3305 3801 3361 quo-

2212 3369 2605 3441 modocumque
2630 3375 2720 3439 sit,
2749 3376 2977 3429 adstruit
3001 3376 3141 3444 quod
3164 3377 3287 3433 site
3315 3381 3546 3448 superis.

2283 3458 2484 3514 Paulus
2512 3463 2767 3532 gradatim
2789 3465 2853 3518 de
2879 3466 3081 3520 Christo
3110 3468 3352 3536 loquitur.
3371 3468 3590 3525 —Vide
3615 3480 3796 3526 autem

2211 3557 2268 3601 ut
2294 3549 2344 3603 in
2374 3549 2661 3610 humiliore
2684 3556 2851 3625 gradu
2876 3558 3047 3626 primo
3073 3567 3291 3625 statuat,
3317 3561 3480 3625 Quem
3506 3566 3791 3631 constituit,

2206 3638 2409 3707 dicens,
2430 3642 2661 3698 heredem
2682 3647 3063 3714 universorum;
3086 3649 3214 3703 illud
3233 3651 3397 3715 enim,
3414 3652 3683 3708 Constituit
3704 3657 3793 3711 he-

2204 3732 2395 3798 redem,
2436 3743 2521 3789 est
2550 3734 2750 3793 humile
2776 3748 2831 3793 et
2859 3738 3179 3808 subjectum.
3216 3740 3416 3798 Deinde
3445 3745 3494 3797 in
3523 3746 3787 3815 superiori
3862 3742 3877 3755 ’

2202 3824 2369 3894 gradu
2392 3841 2513 3881 enm
2539 3829 2837 3897 constituit,
2883 3831 3212 3903 subjungens
3240 3851 3254 3888 :
3287 3832 3390 3888 Per
3421 3851 3569 3904 quem
3593 3839 3712 3909 fecit
3741 3850 3789 3893 et

2198 3919 2425 3974 sarcula:
2452 3920 2645 3976 deinde
2680 3922 2732 3975 in
2748 3922 3023 3987 altiori.et
3043 3935 3163 3995 post
3183 3942 3340 3997 quem
3359 3942 3463 3985 non
3489 3940 3571 3985 est
3598 3931 3736 3987 alius
3767 3950 3781 3987 :

2206 4008 2307 4074 Qui
2330 4025 2445 4063 cum
2471 4012 2537 4065 sit
2561 4010 2804 4083 splendor
2831 4015 3009 4085 gloria:
3054 4028 3103 4070 et
3131 4018 3300 4088 ﬁgura
3327 4021 3623 4078 substantiis
3649 4026 3779 4095 ejus.

2198 4098 2403 4159 Revera
2426 4103 2657 4160 duxitad
2677 4107 2845 4162 lucem
2868 4110 3309 4176 inarecssibilem,
3329 4114 3393 4166 ad
3415 4114 3584 4183 ipsum
3606 4116 3782 4185 splen.

2197 4189 2404 4247 dorem.
2445 4194 2514 4250 Et
2543 4197 2852 4268 priusquam
2904 4200 3138 4255 tenebrae
3175 4201 3453 4269 accedant,
3498 4205 3620 4262 vide
3646 4223 3776 4277 quo-

2195 4283 2357 4337 modo
2376 4300 2558 4340 rursus
2578 4303 2697 4342 eum
2721 4290 2919 4345 sensim
2943 4291 3191 4356 demittit,
3214 4292 3395 4348 dicens
3419 4312 3434 4348 :
3462 4294 3777 4368 Portunsque

2193 4374 2365 4428 omnia
2405 4378 2554 4431 verba
2602 4380 2801 4434 virtutis
2845 4396 2971 4442 suis,
3014 4398 3127 4434 cum
3172 4400 3264 4451 per
3312 4386 3533 4453 seipsum
3579 4391 3775 4457 fecisset

2189 4468 2541 4536 purgationem
2574 4482 2890 4538 peccatorum
2922 4483 3230 4539 nostrorum,
3261 4476 3389 4529 sedit
3417 4476 3486 4530 ad
3510 4477 3772 4534 demerunt

2188 4557 2487 4625 majestatis.
2514 4558 2628 4614 Non
2657 4561 2789 4615 dixit
2817 4562 3079 4623 absolute.
3110 4563 3278 4630 Sedit,
3308 4567 3403 4621 sed
3430 4567 3555 4622 Post
3578 4584 3770 4638 purga-

2184 4648 2385 4703 tionem
2430 4651 2587 4706 sedit.
2622 4654 2987 4723 Apprehendit
3025 4657 3168 4712 enim
3217 4659 3637 4715 incarnationem
3670 4681 3684 4717 :
3715 4672 3768 4717 et

2180 4754 2365 4794 rursus
2394 4741 2626 4813 loquitur
2651 4744 2893 4799 humilia.
2926 4746 3127 4803 Deinde
3156 4765 3340 4804 rursus
3365 4768 3485 4805 eum
3512 4767 3767 4822 magnum

2180 4830 2305 4897 quid
2342 4843 2485 4888 esset
2513 4834 2783 4905 loquutus,
2816 4837 2896 4889 Ad
2923 4838 3182 4892 dexteram
3227 4842 3392 4908 enim,
3423 4845 3613 4913 inquit,
3646 4864 3758 4901 ma-

2173 4923 2373 4991 icstalis
2396 4925 2448 4979 in
2476 4927 2706 4993 excelsis,
2738 4932 3024 4985 revertitur
3051 4933 3116 4986 ad
3150 4934 3198 4988 id
3226 4935 3367 5005 quod
3394 4946 3478 4991 est
3508 4937 3708 4995 humile
3743 4960 3756 4995 :

2174 5013 2341 5070 Tanto
2387 5020 2567 5073 melior
2604 5024 2800 5092 angelis
2843 5028 3033 5092 factus,
3063 5038 3251 5094 quanto
3297 5027 3615 5094 differentius
3651 5048 3764 5100 pro:

2174 5105 2279 5159 illis
2306 5123 2487 5162 nomen
2534 5109 2848 5167 hereditavit.
2894 5112 2988 5168 llic
3030 5114 3285 5187 deinceps
3322 5117 3555 5187 loquitur
3592 5121 3660 5175 de
3690 5138 3758 5176 co

2172 5195 2314 5263 quod
2346 5199 2577 5263 pertinet
2600 5201 2666 5254 ad
2698 5218 2937 5257 carnem.
2971 5203 3104 5259 Illud
3133 5205 3298 5271 enim,
3332 5205 3526 5262 Factus
3553 5210 3753 5275 melior,

2171 5293 2448 5352 paternam
2498 5305 2604 5343 non
2654 5291 2916 5362 signiﬁcat
2959 5296 3282 5361 essentiam;
3334 5298 3419 5352 illa
3470 5302 3612 5354 enim
3648 5318 3752 5357 nun

2170 5379 2327 5443 facta,
2366 5381 2459 5435 sed
2490 5383 2666 5452 genita
2696 5394 2777 5440 est
2808 5402 2823 5442 :
2856 5386 2949 5441 sed
2977 5390 3247 5444 carnalem
3280 5394 3603 5459 essentiam;
3635 5396 3747 5465 ipsa

2173 5468 2313 5519 enim
2342 5479 2421 5522 est
2451 5470 2606 5525 facta.
2633 5473 2735 5527 Sed
2764 5490 2868 5529 non
2894 5492 3036 5531 nunc
3063 5480 3237 5546 agitur
3264 5481 3331 5535 de
3360 5496 3588 5538 essentia
3614 5502 3627 5551 ;
3658 5490 3752 5541 sed

2171 5557 2311 5611 sicut
2337 5558 2574 5617 Joaniies
2602 5562 2817 5630 dicens,
2846 5566 2946 5633 Qui
2972 5580 3082 5635 post
3121 5588 3200 5624 me
3226 5574 3360 5626 venit
3379 5617 3393 5637 ,
3426 5587 3543 5629 ante
3568 5594 3647 5630 me
3674 5581 3749 5648 fa-

2174 5658 2283 5702 ctus
2315 5661 2409 5718 est,
2439 5654 2559 5719 quia
2584 5665 2655 5707 est
2692 5657 2834 5723 prior
2863 5657 3042 5727 (Joan.
3072 5660 3256 5730 1.15),
3280 5664 3327 5717 id
3362 5665 3579 5731 indicat,
3607 5671 3747 5738 quod

2245 5785 2318 5849 (α)
2342 5784 2447 5836 llus
2470 5786 2647 5837 desinit
2674 5787 2864 5837 liomilia
2892 5787 3042 5850 prima
3065 5789 3112 5839 in
3148 5785 3323 5839 Codice
3348 5788 3643 5842 (ἴρηκι-ϋηο.
