4020 6396
588 352 657 412 I7
1366 340 1424 398 S.
1463 336 1750 396 JOANNIS
1788 332 2277 392 CHRYSOSTUMI
2316 332 2637 392 ARCIIIEP.
2678 323 3234 391 CONSTANTINOP.
3815 328 3882 384 IS

584 469 777 539 Λόγος,
808 465 896 519 ἀεὶ
949 457 1115 532 εἶχεν,
1146 460 1247 532 οὐχ
1278 458 1505 529 ὕστερον
1535 454 1998 526 ἐκληρονόμησεν,
2042 454 2163 507 οὐδὲ

578 564 701 617 τότε
757 560 865 613 τῶν
918 556 1166 625 ἀγγέλων
1233 552 1498 624 κρείττων
1550 551 1787 619 ἐγένετο,
1835 551 1923 631 ὅτε
1983 549 2159 602 καθα-

583 651 782 724 ρισμὸν
818 649 927 703 τῶν
981 643 1265 719 ἁμαρτιῶν
1323 644 1481 714 ήμῶν
1540 643 1852 713 ἐποιήσατο,
1915 642 2032 695 ἀλλ’
2076 642 2165 695 ἀεὶ

577 736 849 816 κρείττων
875 735 968 812 ἦν,
995 738 1089 793 καὶ
1120 732 1385 807 κρεῖττων
1410 734 1781 805 ἀσυγκρίτως.
1819 734 1957 804 Περὶ
1986 733 2043 786 δὲ
2068 731 2163 787 τοῦ

576 835 724 890 κατά
751 834 930 905 σάρκα
954 829 1112 885 τοῦτο
1140 828 1373 900 εἴρηται.
1404 826 1563 881 Οὕτω
1585 827 1718 894 γοῦν
1756 826 1854 879 καὶ
1884 826 2017 898 ήμῖν
2045 823 2167 889 ἔθος

576 926 710 998 περὶ
731 922 1021 993 ἀνθρώπου
1043 917 1475 990 διαλεγομένοις,
1498 916 1593 971 καὶ
1613 914 1793 987 ὑψηλά
1817 915 1913 969 καὶ
1932 914 2167 969 ταπεινά

577 1014 936 1087 φθέγγεσθαι.
956 1014 1127 1067 Ὀταν
1164 1010 1264 1083 μὲν
1295 1009 1405 1082 γάρ
1433 1008 1705 1078 λέγωμεν,
1734 1006 1903 1061 Οὐδὲν
1949 1006 2165 1078 ἄνθρωα-

578 1125 701 1173 πος,
737 1108 809 1179 γῆ
847 1105 1155 1177 ἄνθρωπος,
1194 1102 1391 1166 σποδὸς
1433 1101 1741 1173 ἄνθρωπος,
1777 1100 1887 1153 ἀπὸ
1918 1098 2014 1153 τοῦ
2054 1099 2168 1169 χεί-

581 1217 735 1271 ρονος
770 1198 833 1254 τὸ
854 1200 964 1253 πᾶν
986 1195 1262 1268 καλοῦμεν
1283 1213 1295 1227 ·
1319 1195 1448 1249 ὅταν
1478 1194 1536 1248 δὲ
1568 1193 1843 1263 λέγωμεν,
1872 1192 2167 1246 Ἀθάνατον

577 1290 718 1355 ζῶον
756 1290 784 1343 6
809 1288 1118 1364 ἄνθρωπος,
1167 1287 1263 1341 καὶ
1308 1285 1527 1353 λογικὸς
1554 1284 1582 1338 6
1620 1284 1927 1354 ἄνθρωπος,
1958 1285 2053 1337 καί
2084 1285 2166 1338 ὅτι

573 1380 686 1435 τῶν
706 1379 820 1435 ἀνω
853 1378 1145 1447 συγγενὴς,
1177 1376 1286 1429 ἀπὸ
1311 1374 1403 1429 τοῦ
1433 1373 1746 1445 κρείττονος
1775 1375 1836 1428 τὸ
1865 1377 1972 1428 πᾶν
2004 1376 2166 1430 πάλιν

575 1469 873 1542 καλοῦμεν.
917 1468 1074 1523 υῦτω
1114 1468 1211 1521 καὶ
1259 1470 1391 1537 περὶ
1438 1465 1535 1518 τοῦ
1573 1465 1834 1536 Χριστοῦ,
1888 1466 2021 1519 ποτὲ
2067 1466 2166 1535 μὲν

574 1561 688 1615 ἀπὸ
716 1560 810 1615 τοῦ
846 1559 1151 1624 ἐλάττονος,
1187 1556 1320 1611 ποτὶ
1347 1555 1404 1609 δὲ
1435 1554 1544 1608 ἀπὸ
1575 1556 1669 1609 τοῦ
1709 1557 2018 1627 κρείττονος
2052 1555 2165 1609 δια-

574 1650 795 1721 λέγεται
819 1650 849 1704 δ
880 1648 1113 1713 Παῦλος,
1163 1648 1258 1701 καὶ
1286 1646 1383 1716 τὴν
1408 1646 1725 1717 οἰκονομίαν
1748 1647 2014 1718 συστῆσαι
2042 1647 2168 1720 βου.

572 1741 824 1814 λόμενος,
859 1741 957 1795 καὶ
986 1740 1116 1811 περί
1148 1739 1245 1811 τῆς
1273 1739 1555 1809 ἀκηράτου
1578 1738 1786 1805 διδάξαι
1817 1737 2056 1807 φύσεως.

644 1915 717 1985 7'.
761 1916 919 1971 Ἐπεὶ
967 1911 1061 1973 οῦν
1106 1917 1455 1991 καθαρισμὸν
1486 1919 1711 1991 εποίησε
1750 1919 1857 1973 τῶν
1877 1918 2165 1992 ἀμαρτιῶν

573 2007 755 2078 ήμῶν,
798 2009 1053 2080 μένωμεν
1101 2010 1357 2082 καθαροὶ,
1404 2012 1497 2065 καὶ
1554 2012 1829 2083 μηδεμίαν
1877 2010 2164 2083 δεξώμεθα

573 2100 790 2171 κηλῖδα,
809 2100 944 2155 ἀλλά
966 2101 1027 2156 τὸ
1042 2101 1259 2167 κάλλος,
1280 2103 1563 2175 δπερήμῖν
1585 2104 1832 2175 ἐνέθηκε,
1860 2105 1951 2158 καὶ
1962 2103 2165 2175 τὴνεύ-

573 2190 846 2262 πρέπειαν
866 2192 1251 2263 διαφυλάττειν
1272 2193 1415 2249 οὕτω
1444 2195 1839 2273 σπουδάζωμεν
1864 2195 2163 2267 ἀμόλυντον

571 2282 673 2337 καὶ
692 2282 1117 2355 καθαράν,ῶστε
1146 2284 1352 2357 μηδένα
1384 2287 1571 2340 σπῖλον
1601 2286 1749 2359 ἔχειν
1777 2286 1810 2357 ἦ
1831 2286 2041 2357 ῥυτίδα,
2060 2286 2095 2355 ἡ
2110 2302 2162 2338 τι

570 2373 687 2429 τῶν
706 2374 985 2431 τοιούτων.
1021 2376 1219 2440 Σπῖλος
1256 2376 1368 2447 γάρ
1392 2376 1507 2431 εστι
1535 2379 1631 2432 καὶ
1660 2378 1817 2449 ῤυίς
1852 2378 1947 2433 καὶ
1978 2377 2047 2431 τά
2071 2394 2163 2447 μι-

572 2465 689 2537 κρά
713 2464 822 2520 τῶν
842 2466 1275 2539 ἁμαρτημάτων*
1299 2462 1410 2523 οἷόν
1431 2487 1483 2523 τι
1504 2470 1668 2538 λέγω,
1692 2469 1949 2539 λοιδορία,
1982 2466 2162 2541 ὕϐρις,

568 2555 787 2626 ψεῦδοςο
818 2545 1020 2627 μᾶλλον
1052 2557 1108 2610 δέ
1132 2558 1255 2613 οὐδὲ
1276 2557 1451 2614 ταῦτα
1487 2559 1687 2631 μικρά,
1730 2559 1868 2614 ἀλλά
1899 2558 1994 2613 καὶ
2026 2558 2161 2627 σφό-

566 2644 671 2718 δρα
695 2646 931 2719 μεγάλα,
960 2649 1053 2702 καί
1081 2647 1226 2703 οὕτω
1259 2650 1493 2721 μεγάλα,
1521 2650 1597 2715 ώς
1621 2649 1718 2705 καὶ
1749 2650 1849 2721 τῆς
1880 2648 2157 2720 βασιλείας

567 2740 894 2813 ἀποστερεῖν
918 2741 1029 2797 τῶν
1078 2743 1346 2815 οὐρανῶν.
1383 2744 1509 2810 Πῶς
1542 2746 1638 2799 καὶ
1657 2745 1764 2799 τίνι
1812 2746 2037 2816 τρόπεως
2099 2743 2160 2797 '0

567 2830 752 2887 καλῶν
778 2832 869 2889 τὸν
918 2834 1151 2905 ἀδελφὸν
1180 2834 1349 2889 αὑτοῦ
1381 2835 1588 2907 μωρὸν,
1641 2836 1826 2907 ἔνοχός
1876 2837 2015 2902 ἐστι,
2054 2853 2159 2909 φη·

570 2924 677 2987 σὶν,
707 2925 789 2988 εἰς
816 2925 918 2995 τὴν
954 2925 1183 2996 γέενναν
1218 2928 1314 2981 τοῦ
1350 2930 1543 3001 πυρός.
1584 2926 1648 2983 Εἰ
1678 2929 1734 2982 δὲ
1766 2931 1796 2983 6
1836 2928 2021 3001 μωρὸν
2054 2946 2157 2983 και

566 3013 699 3079 λῶν,
730 3015 761 3072 δ
797 3017 1202 3073 δοκεῖ’πάντων
1235 3016 1375 3075 εἶναι
1425 3008 1775 3095 κουφότερον,
1810 3022 1907 3075 καὶ
1946 3022 2155 3076 παίδων

565 3104 775 3174 ὁμιλία·
805 3109 835 3161 6
867 3108 1118 3180 κακοήθη
1148 3109 1333 3163 καλῶν
1357 3109 1452 3164 καὶ
1480 3112 1795 3182 κακοῦργον
1818 3111 1913 3166 καὶ
1943 3111 2153 3183 βάσκα-

565 3215 681 3265 νον,
713 3200 808 3256 καὶ
841 3201 1057 3273 μυρίοις
1095 3202 1310 3275 ἑτέροις
1350 3203 1562 3275 βάλλων
1593 3204 1859 3272 ὀνείδεσι,
1888 3206 2013 3261 τίνα
2053 3206 2152 3278 οὐχ

566 3289 936 3361 ύποστήσεται
975 3292 1251 3358 κολάσεως
1278 3294 1466 3365 δίκην;
1492 3296 1543 3349 τί
1569 3295 2008 3368 φρικωδέστερον
2028 3288 2153 3352 τοῦ·

563 3396 696 3449 τους
730 3382 869 3436 Ἀλλ’
892 3385 1214 3457 ἀνάσχεσθε,
1252 3387 1579 3459 παρακαλῶ,
1610 3388 1704 3442 τοῦ
1735 3388 1914 3457 λόγου.
1952 3388 2016 3443 Εἰ
2043 3389 2152 3461 γὰρ

556 3471 595 3526 6
641 3473 810 3528 ποιῶν
843 3474 928 3529 ένί
962 3475 1072 3530 τῶν
1100 3476 1424 3550 ἐλαχίστων,
1459 3480 1611 3550 αὐτῷ
1648 3482 1828 3548 ποιεῖ,
1864 3481 1960 3537 καὶ
2005 3484 2034 3537 6
2072 3484 2150 3555 μὴ

563 3566 738 3619 ποιῶν
764 3566 845 3620 ἑνὶ
879 3564 997 3639 [10]
1026 3566 1133 3622 τῶν
1160 3569 1484 3640 ἐλαχίστων,
1525 3570 1673 3643 αὐτῷ
1706 3574 1768 3625 οὐ
1803 3575 1983 3627 ποιεῖ·
2025 3574 2148 3639 πῶς

562 3658 686 3729 οὐχὶ
716 3657 814 3712 καὶ
841 3659 935 3711 ἐπὶ
963 3660 1063 3731 τῆς
1091 3660 1392 3731 εὐφημίας,
1429 3663 1523 3716 καὶ
1552 3666 1648 3718 επὶ
1676 3666 1778 3735 τῆς
1812 3667 2150 3738 κατηγορίας

562 3748 758 3802 ταύτόν
786 3748 973 3816 ὲστινς
1035 3749 1095 3805 '0
1131 3750 1373 3821 ὑϐρίζων
1401 3752 1513 3824 γάρ
1546 3756 1641 3808 τὸν
1676 3755 1910 3825 ἀδελφὺν
1938 3756 2104 3810 αὑτοῦ
2127 3798 2145 3823 ,

560 3837 655 3893 τὸν
682 3838 815 3894 Θεὸν
848 3839 1041 3913 ὕϐρισε
1066 3857 1083 3874 ’
1132 3843 1229 3899 καί¹
1269 3845 1300 3898 6
1349 3845 1528 3915 τιμῶν
1565 3845 1657 3900 τὸν
1692 3846 1920 3918 ἀδελφὸν
1947 3848 2144 3915 αὐτοῦ,

558 3930 657 3986 τὸν
678 3930 811 3986 Θεὸν
836 3935 993 4004 τιμᾷ.

628 4083 693 4137 δ’.
736 4084 1094 4158 Παιδεύωμεν
1120 4082 1214 4142 οῦν
1256 4088 1359 4161 τὴν
1409 4091 1658 4161 γλῶτταν
1704 4092 1951 4166 εὔφημον
1980 4094 2142 4152 εἶναι’

559 4171 813 4227 Παῦσον
842 4173 974 4245 γὰρ,
1010 4176 1167 4249 φησὶ,
1184 4176 1301 4245 τὴν
1323 4177 1614 4247 γλῶσσάν
1636 4196 1754 4237 σου
1781 4184 1901 4238 ἀπὸ
1929 4186 2141 4241 κακοῦ.

560 4264 638 4318 Οὐ
653 4264 761 4337 γάρ
786 4265 876 4319 διὰ
902 4266 1065 4321 τοῦτο
1097 4268 1267 4339 αὐτὴν
1286 4268 1488 4324 ἔδωκεν
1503 4272 1531 4325 6
1546 4272 1698 4337 Θεὸς,
1717 4273 1807 4328 ῖνα
1823 4278 2146 4349 κατηγορῶ-

562 4371 684 4423 μεν,
718 4356 805 4411 ῐνα
829 4357 1166 4430 ὑϐρίζωμεν,
1198 4360 1285 4415 ἵνα
1310 4361 1573 4434 ἀλλήλους
1602 4362 2001 4441 διαϐάλλωμεν·
2027 4371 2143 4426 ἀλλ’

558 4441 650 4497 ἵνα
680 4442 771 4499 τὸν
793 4444 926 4502 Θεὸν
955 4448 1237 4521 ὑμνῶμεν,
1271 4450 1360 4505 ἴνα
1388 4452 1564 4508 ταῦτα
1616 4454 1866 4531 λαλῶμεν
1891 4462 1929 4517 ἃ.
1959 4462 2144 4526 δίδωσι

560 4538 725 4610 χάριν
758 4543 872 4607 τοῖς
900 4543 1197 4627 ἀκούουσι,
1246 4546 1314 4601 τά
1350 4547 1487 4620 πρὸς
1530 4549 1848 4623 οἰκοδομὴν,
1887 4553 1956 4609 τά
2005 4556 2143 4627 πρὸς

558 4626 850 4697 ὠφέλειαν.
879 4626 1048 4697 Eius;
1085 4634 1176 4689 τὸν
1204 4634 1353 4690 δεῖνα
1387 4640 1610 4705 κακῶς;
1642 4642 1696 4693 τί
1721 4642 2018 4712 κερδαίνεις
2048 4626 2141 4700 καὶ

558 4718 761 4774 σαυτὸν
794 4723 911 4792 μετ’
957 4724 1166 4778 ἐκείνου
1207 4725 1381 4801 βλάϐῃ
1420 4730 1795 4801 περιϐάλλωνς
1829 4732 1989 4801 δόξαν
2030 4736 2139 4809 γὰρ

556 4808 749 4877 ἔλαϐες
800 4814 1137 4889 κακηγόρου.
1169 4819 1243 4871 Οὐ
1283 4819 1392 4891 γάρ
1422 4820 1592 4888 ἐστιν,
1644 4824 1745 4879 οὐκ
1787 4826 1938 4882 ἐστιν
1984 4808 2138 4884 οὐδὲν

555 4899 747 4967 κακὸν,
781 4900 811 4957 δ
840 4904 1003 4977 μέχρι
1030 4906 1126 4960 τοῦ
1156 4907 1458 4979 πάσχοντος
1490 4912 1728 4978 ἵσταται,
1757 4915 1894 4972 ἀλλά
1922 4921 2017 4971 καὶ
2046 4920 2137 4974 τὸν

555 4992 817 5050 ποιοῦντα
849 4996 1268 5069 περιλαμϐάνειο
1304 4996 1435 5068 οἷον,
1470 5006 1499 5059 6
1538 5006 1807 5075 βάσκανος
1838 5009 1988 5064 δοκεῖ
2036 5012 2137 5083 μὲν

554 5085 927 5142 επιϐουλεύειν
950 5090 1143 5162 ἑτέρῳ,
1174 5093 1439 5166 πρότερος
1462 5096 1520 5151 δὲ
1544 5099 1705 5164 αὐτὸς
1736 5103 2002 5159 ἀπολαύει
2033 5107 2137 5177 τῆς

550 5180 803 5250 ἀδικίας,
860 5183 1160 5255 τηκόμενος
1220 5187 1315 5242 καὶ
1386 5188 1783 5263 φθειρόμενος,
1838 5198 1934 5251 καὶ
1981 5200 2135 5270 παρά

551 5270 769 5325 πάντων
808 5274 1157 5344 μισούμενος.
1213 5278 1270 5331 '0
1298 5277 1626 5351 πλεονέκτης
1663 5285 1967 5358 ἀποστερεῖ
1998 5292 2135 5361 χρή-

552 5378 701 5431 ματα
726 5362 934 5435 ἕτερον,
959 5367 1093 5421 ἀλλά
1135 5369 1230 5423 καὶ
1263 5370 1324 5424 τὸ
1374 5373 1647 5441 φιλεῖσθαι
1674 5376 1888 5433 ἑαυτόνο
1933 5383 2133 5452 μᾶλλον

548 5453 606 5506 δὲ
654 5455 804 5526 παρά
862 5458 1081 5514 πάντων
1131 5464 1275 5515 ποιεῖ
1330 5469 1780 5537 κακηγορεῖσθαι.
1835 5473 2023 5546 Πολλῷ
2072 5478 2130 5531 δὲ

550 5546 815 5615 κρείττων
855 5549 1035 5621 ἀγαθὴ
1081 5551 1208 5620 δόξα
1255 5557 1585 5625 χρημάτων·
1632 5560 1731 5631 τήν
1773 5561 1871 5632 μὲν
1898 5565 2007 5635 γάρ
2066 5571 2127 5621 οὐ

550 5636 731 5707 ῥᾴδιον
772 5640 1179 5712 ἀπονίψασθαι,
1229 5646 1299 5699 τά
1350 5646 1409 5698 δὲ
1444 5650 1623 5720 ῥᾴδιον
1675 5653 2124 5726 ἀποκτήσασθαι·

551 5727 751 5796 μᾶλλον
792 5731 885 5794 δὲ,
936 5733 1006 5787 τά
1065 5735 1164 5806 μὲν
1229 5740 1291 5791 οὐ
1349 5739 1591 5804 παρόντα
1643 5744 1796 5799 οὐδὲν
1870 5747 1960 5801 τὸν
2024 5753 2124 5806 οὐκ

544 5818 731 5888 ἕγοντα
793 5822 1126 5903 έϐλαψενοή
1187 5828 1237 5884 6E
1302 5831 1375 5903 μὴ
1454 5834 1695 5906 παροῦσα
1762 5838 2119 5899 ἐπονεὲξιπτον

2275 456 2418 507 ποιεῖ
2454 455 2549 508 καὶ
2590 455 3023 524 καταγέλαστον,
3058 448 3157 504 καὶ
3195 446 3362 499 πᾶσιν
3394 442 3589 514 ἐχθρὸν
3643 441 3749 497 καὶ
3786 458 3883 498 τεο-

2266 545 2477 615 λέμιον.
2526 546 2586 600 ⁸0
2622 545 2839 617 ὀργίλος
2873 543 3040 598 πάλιν
3081 540 3350 610 πρότερον
3382 535 3576 589 ἑαυτὸν
3604 536 3883 605 τιμωρεῖ-

2264 654 2356 689 ται
2382 636 2730 708 σπαράττων,
2755 636 2853 691 καλ
2877 635 3002 688 τότε
3035 634 3250 687 ἐκεῖνον
3275 624 3320 699 ᾧ
3342 627 3650 701 ὀργίζεται.
3683 626 3884 691 οὕτως

2265 732 2294 785 6
2334 731 2655 802 κακήγορος
2682 729 2950 801 πρότερον
2986 722 3183 779 ἑαυτὸν
3208 720 3475 792 αἰσχύνει,
3509 722 3603 772 καὶ
3624 717 3759 772 τότε
3789 717 3885 771 τὸν

2266 820 2769 893 κακηγορούμενον·
2801 820 2834 891 ἢ
2870 817 2992 873 οὐδὲ
3029 815 3193 870 τοῦτο
3235 815 3367 878 ίσως
3398 812 3723 883 δεδύνηται,
3762 809 3883 864 ἀλλ’

2268 914 2512 988 ἀπῆλθεν
2552 908 2709 978 οὗτος
2755 912 2856 984 μὲν
2897 908 3096 981 μιαροῦ
3146 923 3294 969 τινος
3344 908 3438 959 καὶ
3483 902 3883 960 καταπτύστου

2265 1008 2424 1075 δόξαν
2443 1004 2647 1072 λαϐὼν,
2670 1007 2877 1060 ὲκεῖνον
2903 1003 2959 1057 δὲ
2987 1000 3189 1074 μᾶλλον
3214 998 3496 1070 φιλεῖσθαι
3517 995 3884 1067 παρασκευά-

2265 1099 2394 1165 ζων.
2427 1100 2595 1154 Ὅταν
2615 1097 2726 1169 γὰρ
2747 1096 2965 1151 ἀκούων
2994 1091 3205 1156 κακῶς,
3238 1090 3316 1163 μὴ
3347 1092 3460 1154 τοῖς
3492 1089 3679 1151 αὐτοῖς
3702 1086 3882 1141 αὐτὸν

2266 1191 2562 1262 ἀμύνηται,
2599 1189 2715 1244 ἀλλ’
2763 1189 2963 1259 ἔπαινῇ
3021 1188 3115 1239 καὶ
3162 1182 3463 1255 θαυμάζῃ⁸
3499 1182 3603 1236 οὐκ
3656 1182 3882 1234 ἐκεῖνον

2266 1283 2610 1338 ἐπαινέσεται
2632 1322 2647 1347 ,
2689 1282 2805 1336 ἀλλ’
2843 1279 3063 1334 ἑαυτόν.
3099 1278 3315 1349 Ὠσπερ
3344 1270 3455 1348 γάρ
3480 1318 3495 1344 ,
3528 1277 3666 1345 ὅπερ
3693 1274 3882 1344 ῑφθην

2265 1378 2457 1443 εἰπὼν,
2490 1380 2545 1432 αἰ
2583 1377 2728 1432 κατὰ
2762 1375 2874 1430 τῶν
2904 1374 3138 1446 πλησίον
3192 1371 3537 1444 κακηγορίαι
3586 1369 3701 1423 τῶν
3754 1369 3883 1421 επι-

2265 1469 2634 1524 ϐουλευόντων
2667 1468 2933 1523 ἀπτονται
2961 1465 3199 1538 πρῶτονο
3230 1463 3375 1516 οὕτω
3404 1462 3502 1515 καὶ
3529 1460 3596 1514 τὰ
3626 1462 3710 1523 εἰς
3741 1462 3881 1522 τοὺς

2264 1561 2495 1633 πλησίον
2518 1560 2703 1630 ἀγαθά
2718 1561 2847 1622 τοὺς
2869 1556 3285 1630 ἔργαζομένους
3310 1553 3596 1626 εὐφραίνει
3620 1552 3879 1625 πρῶτον.

2275 1654 2334 1708 '0
2367 1654 2475 1724 769
2506 1653 2707 1707 τίκτων
2744 1652 2840 1705 καὶ
2872 1650 2935 1705 τὸ
2965 1648 3131 1704 καλὸν
3161 1648 3260 1701 καὶ
3306 1646 3369 1700 τὸ
3403 1645 3596 1710 κακὸν,
3637 1644 3881 1708 εἰκότως

2263 1741 2483 1812 πρῶτος
2514 1738 2679 1805 αὐτδς
2717 1737 3005 1796 ἀπολαύει⁸
3038 1739 3135 1792 καί
3164 1737 3418 1806 καθάπερ
3445 1736 3591 1807 ὓδωρ
3623 1738 3878 1805 πηγαῖον

2258 1833 2320 1887 τό
2340 1849 2399 1887 τε
2425 1830 2692 1902 ἁλμυρὸν,
2718 1830 2779 1884 τό
2813 1828 2927 1903 [ll]
2954 1848 3013 1883 τε
3050 1829 3301 1900 πότιμον,
3330 1828 3426 1881 καὶ
3452 1829 3520 1881 τὰ
3551 1825 3663 1880 τῶν
3692 1842 3877 1898 προσ·

2262 1924 2506 1993 αγόντων
2563 1924 2765 1991 ἀγγεῖα
2790 1922 3011 1995 πληροῖ,
3044 1921 3141 1974 καὶ
3163 1920 3262 1992 τὴν
3294 1919 3482 1990 πηγὴν
3508 1918 3609 1972 οὐκ
3641 1917 3874 1971 ἐλαττοῖ

2258 2016 2359 2089 τὴν
2398 2016 2773 2089 ἐκφέρουσαν·
2800 2013 2945 2069 οὕτω
2968 2014 3033 2083 δὴ
3063 2014 3161 2068 καὶ
3190 2011 3364 2067 κακία
3394 2012 3491 2064 καὶ
3521 2010 3716 2083 ἀρετὴ,
3740 2009 3875 2064 ὅθεν

2262 2110 2329 2165 ἂν
2366 2110 2485 2183 ἐξίῃ
2511 2152 2527 2177 ,
2579 2111 2789 2164 ἰκεῖνον
2828 2108 2924 2163 καί
2955 2108 3245 2180 εὐφραίνει
3278 2107 3375 2161 καὶ
3409 2105 3703 2160 ἀπόλλυσι.
3753 2104 3876 2160 Καὶ

2260 2202 2436 2259 ταῦτα
2481 2202 2584 2275 μὲν
2607 2200 2867 2257 ἐνταῦθα.

2331 2349 2413 2403 T6
2439 2349 2497 2404 δὲ
2525 2350 2643 2403 ἐκεῖ
2664 2348 2748 2412 τίς
2769 2348 3093 2420 διηγήσεται
3119 2344 3301 2416 λόγος,
3334 2346 3369 2418 ἢ
3398 2344 3468 2400 τὰ
3493 2345 3696 2415 ἀγαθά,
3726 2344 3765 2417 ἢ
3796 2345 3875 2401 τά

2260 2442 2445 2509 κακά;
2489 2441 2606 2496 Οὐκ
2648 2440 2796 2495 ἔστιν
2836 2438 3035 2504 οὐδείς.
3082 2439 3165 2494 Τά
3208 2438 3423 2513 χρηστά
3472 2439 3574 2509 μὲν
3603 2438 3712 2508 γάρ
3764 2439 3873 2492 καὶ

2259 2535 2439 2589 πάντα
2466 2532 2593 2590 νοῦν
2629 2532 2972 2606 ὑπερϐαίνει,
3003 2532 3125 2604 οὐχὶ
3161 2530 3321 2603 λόγον
3366 2531 3529 2604 μόνον
3551 2547 3566 2563 ’
3596 2530 3668 2585 τά
3697 2532 3869 2584 ἀναν-

2258 2627 2349 2683 τία
2370 2627 2425 2684 δὲ
2447 2630 2665 2700 εἴρηται
2697 2626 2798 2698 μὲν
2820 2628 2935 2690 τοῖς
2966 2625 3195 2696 ὀνόμασι
3220 2626 3335 2689 τοῖς
3350 2623 3679 2695 συντρόφοις
3697 2624 3866 2694 ήμῖν·

2258 2719 2373 2792 πῦρ
2410 2719 2542 2792 γὰρ,
2578 2718 2777 2791 φησιν,
2821 2718 2970 2773 ἐστὶν
3003 2718 3122 2771 ἐκεῖ
3169 2717 3266 2772 καὶ
3315 2715 3512 2780 σκότος
3554 2715 3651 2770 καὶ
3678 2714 3867 2787 δεσμά

2254 2812 2353 2868 καὶ
2392 2812 2610 2884 σκώληξ
2651 2810 3011 2885 ἀτελεύτητος
3036 2827 3051 2841 ·
3082 2811 3144 2865 οὐ
3186 2808 3363 2864 ταῦτα
3403 2809 3461 2863 δι
3506 2809 3670 2881 μόνον
3709 2825 3866 2881 παρ-

2257 2904 2488 2975 ίστησιν,
2523 2905 2670 2976 άπερ
2716 2903 2963 2977 εἴρηται,
2990 2903 3107 2957 ἀλλ’
3134 2903 3299 2976 ἕτερα
3323 2903 3707 2976 χαλεπώτερα.
3741 2901 3871 2959 Καὶ

2254 2996 2341 3052 ἵνα
2384 2997 2602 3071 μάθῃς,
2648 2995 2855 3061 εὐθέως
2893 2994 3058 3050 τοῦτο
3098 2995 3378 3068 σκόπησον
3426 2994 3665 3067 πρῶτον.
3714 2992 3864 3048 Εἰπὲ

2250 3091 2383 3157 769,
2409 3088 2459 3141 εἰ
2489 3085 2602 3159 πῦρ
2627 3087 2748 3140 ἔστι
2770 3126 2786 3153 ,
2817 3086 2938 3152 πῶς
2970 3086 3069 3143 καὶ
3114 3086 3307 3151 σκότος
3339 3086 3488 3141 ἐστίν
3514 3103 3531 3151 ;
3570 3086 3740 3158 Ὁρᾷς
3767 3085 3861 3141 ὅτι

2249 3177 2629 3251 χαλεπώτερον
2653 3178 2847 3233 τούτου
2878 3178 2940 3233 τὸ
2961 3177 3074 3253 πῦρ
3108 3180 3287 3234 έκεῖνο
3311 3197 3326 3247 ;
3346 3178 3412 3234 οὐ
3434 3178 3545 3249 γάρ
3571 3178 3685 3250 εχει
3708 3177 3859 3247 φῶς.

2249 3269 2317 3323 Εἰ
2342 3270 2451 3343 πῦρ
2490 3272 2627 3334 εστι,
2664 3270 2783 3347 πῶς
2824 3272 2911 3327 ἀεὶ
2960 3272 3307 3339 κατακαίεις
3351 3273 3516 3345 Ὁρᾷς
3558 3273 3642 3327 ὅτι
3688 3271 3861 3343 χαλε-

2248 3360 2498 3435 πώτερον
2534 3362 2729 3417 τούτου
2772 3364 3076 3434 τυγχάνεις
3122 3363 3185 3418 οὐ
3225 3364 3338 3437 γάρ
3381 3365 3671 3419 σϐέννυται
3708 3381 3725 3397 ⁸
3758 3363 3859 3419 διὰ

2246 3453 2357 3524 γάρ
2376 3453 2534 3507 τοῦτο
2553 3453 2814 3509 ἄσϐεστον
2834 3455 3085 3524 λέγεται.
3107 3456 3490 3529 Ἐννοήσωμεν
3514 3456 3702 3513 τοίνυν
3722 3457 3857 3511 ὅσον

2246 3543 2364 3599 ἐστί
2389 3544 2560 3599 κακὸν
2582 3546 2987 3603 κατακαίεσθαι
3016 3548 3332 3615 διαπαντὸς,
3368 3550 3465 3605 καί
3488 3551 3548 3604 εν
3574 3551 3751 3621 σκότῳ
3772 3545 3861 3605 εῐ-

2246 3652 2376 3701 ναι,
2410 3628 2506 3689 καί.
2534 3637 2705 3708 μυρία
2732 3637 3015 3709 οἰμώζειν,
3048 3641 3144 3694 καὶ
3186 3640 3412 3713 βρύκειν
3448 3642 3574 3703 τούς
3602 3642 3851 3707 ὀδόντας,

2246 3728 2343 3781 καὶ
2376 3728 2510 3798 μηδὲ
2538 3727 2855 3783 ἀκούεσθαι.
2889 3731 2952 3785 Εἰ
2981 3731 3092 3802 γάρ
3116 3733 3198 3796 εἰς
3225 3733 3602 3805 δεσμωτήριόν
3622 3750 3708 3797 τις
3734 3734 3852 3805 ιμ-

2247 3818 2467 3888 ϐ).ηθείς
2495 3818 2728 3874 ένταῦθα
2744 3821 2852 3874 τῶν
2878 3822 3114 3892 εὐγενῶς
3128 3823 3550 3896 τεθραμμένων,
3579 3826 3679 3898 τὴν
3712 3827 3849 3882 δυσ-

2242 3909 2407 3965 ωδίαν
2444 3911 2625 3983 μόνον,
2658 3913 2755 3967 καὶ
2792 3914 2855 3967 τὸ
2910 3916 2970 3967 ἐν
3001 3916 3180 3989 σκότῳ
3209 3919 3445 3986 κεῖσθαι,
3476 3920 3572 3974 καὶ
3603 3919 3664 3973 τὸ
3699 3920 3851 3986 μετά

2243 4002 2584 4073 ἀνδροφόνων
2623 4002 2913 4070 δεδέσθαι,
2948 4005 3152 4070 παντὸς
3190 4006 3424 4062 θανάτου
3458 4007 3849 4079 χαλεπώτερον

2243 4090 2385 4149 εἷναί
2412 4112 2579 4167 φησιν
2608 4118 2625 4135 ο
2668 4096 2922 4168 ὸννόιησον
2963 4098 3017 4151 τί
3047 4100 3219 4162 ἐστιν,
3260 4100 3390 4154 ὅταν
3424 4101 3565 4172 μετὰ
3604 4102 3713 4155 τῶν
3738 4102 3849 4172 τῆς

2242 4185 2570 4257 οἰκουμένης
2590 4185 2940 4257 ἀνδροφόνων
2963 4188 3417 4261 κατακαιώμεθα,
3435 4193 3583 4268 μήτε
3601 4192 3848 4263 ὁρῶντες

2245 4276 2385 4346 μήτε
2431 4273 2699 4347 ὁρώμενοι
2723 4315 2739 4339 ,
2774 4276 2892 4331 ἀλλ’
2918 4279 2976 4333 ἐν
3024 4278 3222 4352 πλήθει
3252 4282 3494 4353 τοσούτῳ
3526 4280 3846 4352 νομίζοντες

2242 4364 2384 4421 εἶναι
2436 4368 2611 4438 μόνοι.
2657 4368 2733 4422 Τὸ
2779 4367 2890 4440 γάρ
2935 4368 3128 4435 σκότος
3179 4372 3273 4425 καὶ
3320 4372 3381 4426 τὸ
3434 4372 3688 4444 ἀλαμπὲς
3738 4375 3847 4427 οὐκ

2241 4457 2468 4529 ἀφίησιν
2492 4457 2613 4512 οὐδὲ
2650 4457 2779 4522 τούς
2821 4459 3052 4533 πλησίον
3081 4462 3230 4533 ἡμᾶς
3266 4461 3651 4532 διαγινώσκειν
3676 4477 3692 4494 ’
3721 4464 3845 4519 ἀλλ’

2240 4547 2317 4612 ώς
2349 4548 2509 4618 μόνος
2539 4549 2699 4603 τοῦτο
2722 4550 2952 4621 πάσχων
2984 4550 3217 4617 ῑκαστος
3243 4594 3258 4617 ,
3288 4552 3434 4608 οὕτω
3475 4550 3841 4614 διακείσεται.

2240 4640 2304 4693 Εἰ
2332 4640 2389 4694 δὲ
2425 4641 2615 4705 σκότος
2661 4641 2836 4696 θλίϐει
2866 4643 2990 4698 καθ’
3014 4646 3177 4699 ἑαυτὸ
3206 4646 3309 4710 τὰς
3349 4648 3628 4720 ἡμετέρας
3656 4649 3845 4721 ψυχάς

2241 4734 2334 4787 καὶ
2361 4734 2584 4805 θορυϐεῖ
2608 4752 2620 4765 ⁸
2655 4736 2709 4790 τί
2746 4736 2900 4791 ἔσται
2947 4740 3080 4811 ἀρα,
3117 4741 3247 4794 ὅταν
3297 4742 3444 4811 μετάι
3477 4742 3573 4797 τοῦ
3609 4748 3843 4813 σκότους

2241 4826 2339 4880 καὶ
2362 4826 2549 4882 ὀδύναι
2572 4828 2833 4883 τοσαῦται
2868 4824 2973 4884 ὦσι
3000 4832 3097 4885 καὶ
3127 4834 3450 4907 ὲμπρησμοί
3476 4854 3491 4903 ;
3520 4836 3612 4891 Διὸ
3644 4837 3840 4910 δέομαι

2238 4921 2411 4976 ταῦτα
2438 4923 2731 4989 διαπαντὸς
2762 4926 3019 4996 στρέφειν
3049 4928 3180 5000 παρ’
3203 4930 3439 4996 ἑαυτοῖς,
3474 4932 3569 4985 καὶ
3593 4932 3695 5003 τῆς
3724 4935 3839 4988 ἀπὸ

2236 5018 2344 5071 τῶν
2376 5018 2639 5090 ῥημάτων
2666 5020 2844 5091 λύπης
2882 5022 3173 5093 ἀνέχεσθαι
3198 5065 3212 5085 ,
3250 5026 3336 5079 ῖνα
3371 5028 3446 5099 μὴ
3482 5029 3582 5100 τὴν
3604 5029 3694 5084 διὰ
3722 5032 3837 5084 τῶν

2236 5111 2581 5181 πραγμάτων
2598 5113 2985 5187 ὑπομείνωμεν
3008 5117 3302 5189 τιμωρίαν.
3329 5121 3556 5186 Πάντως
3574 5124 3691 5195 769
3707 5123 3839 5178 ταῦ.

2234 5218 2304 5256 τα
2338 5203 2515 5257 πάντα
2544 5203 2720 5269 ἔσται,
2758 5209 2853 5262 καὶ
2890 5209 3019 5272 τοὺς
3049 5210 3174 5276 ἀξια
3212 5211 3529 5282 πράξαντας
3574 5215 3684 5269 τῶν
3715 5218 3837 5272 ἐκεῖ

2233 5294 2613 5369 κολαστηρίων
2641 5297 2813 5362 οὐδεὶς
2853 5296 3223 5371 ἐξαιρήσεται,
3269 5305 3330 5357 οὐ
3377 5304 3582 5375 πατὴρ,
3610 5308 3672 5359 οὐ
3722 5308 3835 5377 μή·

2232 5403 2360 5457 τηρ,
2389 5389 2489 5441 οὐκ
2521 5388 2753 5457 ἀδελφὸς
2778 5430 2792 5453 ,
2823 5390 2926 5445 κᾶν
2970 5394 3177 5464 πολλὴν
3203 5396 3519 5469 παρρησίαν
3547 5397 3647 5471 ἔχῃ
3671 5441 3685 5463 ,
3724 5401 3832 5453 κᾶν

2234 5479 2447 5549 μεγάλα
2493 5480 2652 5552 ἰσχύῃ
2703 5482 2841 5552 πρὸς
2891 5483 2985 5537 τὸν
3030 5486 3184 5539 Θεόν.
3231 5488 3523 5558 Ἀδελφὸς
3589 5493 3698 5560 γάρ
3752 5495 3828 5546 οὐ

2230 5572 2583 5639 λυτροῦται,
2634 5575 2806 5645 φησί·
2850 5578 3219 5645 λυτρώσεται
3257 5580 3611 5650 ἇνθρωπος;
3657 5583 3829 5647 Αὐτὸς

2232 5660 2344 5733 [12]
2378 5663 2485 5733 γάρ
2528 5664 2681 5717 ἐστιν
2729 5667 2757 5718 ὁ
2802 5667 3085 5732 ἀποδιδοὺς
3130 5672 3349 5742 ἑκάστῳ
3379 5676 3519 5729 κατά
3570 5673 3639 5728 τὰ
3684 5675 3826 5746 ἔργα

2228 5752 2393 5805 αὐτοῦ
2420 5794 2435 5817 ,
2470 5754 2561 5807 καὶ
2605 5754 2712 5811 ἀπὸ
2752 5756 2956 5812 τούτων
3002 5760 3097 5813 καί
3142 5760 3377 5832 σωθῆναι
3413 5764 3490 5819 ἔνι
3536 5765 3629 5820 καὶ
3659 5764 3823 5825 κολση

2235 5845 2446 5915 ἰθῆναι.
