4020 6402
147 383 215 439 ΓΙ
1014 363 1080 421 IN
1120 358 1337 420 EPIST.
1390 356 1481 414 AD
1518 350 1889 412 llEBBEOS.
1932 348 2083 407 CAP.
2130 348 2170 405 l.
2216 345 2449 404 llOMlL.
2493 341 2535 399 l.
3386 336 3456 395 η

148 476 219 527 sit
252 467 569 525 honoratior
609 476 662 524 et
701 464 1036 538 splendidior
1066 480 1083 519 :
1116 466 1187 520 ita
1234 462 1322 519 hic
1360 475 1574 533 quoque
1603 459 1744 515 Pau-

150 566 256 631 lus,
285 579 410 620 cum
432 564 583 629 dicit,
616 560 778 616 Tanto
804 561 984 614 melior
1008 559 1206 630 angelis
1227 558 1412 627 factus,
1445 556 1547 611 hoc
1575 556 1747 626 signi-

147 657 295 722 ﬁcat,
327 654 471 726 quod
496 654 720 725 probior
742 660 798 708 et
824 651 1154 723 prmclarior,
1184 658 1379 721 quanto
1418 646 1746 703 excellentius

149 764 259 817 prae
296 747 403 801 illis
430 762 613 801 nomen
640 743 959 799 hereditarii.
994 740 1157 796 Vides
1194 738 1338 811 quod
1378 738 1555 809 agitur
1581 735 1650 790 tie
1677 748 1744 789 eo

146 837 294 911 quod
340 839 571 908 pertinet
613 834 680 890 ad
721 832 978 890 carnem?
1023 831 1126 886 hac
1163 831 1308 887 enim
1355 842 1573 892 nomen,
1608 827 1748 881 Deus

147 929 414 994 Verbum,
447 942 663 996 semper
689 924 899 992 habuit,
928 939 1035 979 non
1076 932 1259 994 postea
1295 921 1501 991 accepit
1529 917 1746 975 heredi-

148 1022 372 1083 tarium;
396 1034 571 1089 neque
594 1028 722 1073 tunc
748 1016 939 1072 melior
968 1014 1175 1086 angelis
1200 1012 1373 1068 factus
1394 1020 1500 1078 est,
1531 1008 1748 1080 quando

148 1111 278 1167 fecit
324 1108 696 1180 purgationem
742 1114 1054 1176 nostrorum
1100 1109 1469 1175 peccatorum,
1509 1099 1606 1156 sed
1650 1097 1747 1153 fuit

148 1216 367 1272 semper
396 1200 608 1263 melior,
640 1208 696 1254 et
720 1198 911 1253 melior
948 1192 1464 1265 incdmparabiliter.
1502 1189 1607 1247 Sed
1643 1187 1747 1245 hoc

147 1293 354 1349 dictum
399 1302 484 1347 est
524 1297 787 1362 quantum
835 1287 901 1342 ad
949 1301 1169 1342 carnem
1201 1284 1417 1339 attinet.
1458 1282 1548 1339 Sic
1589 1281 1746 1336 nobis

147 1397 366 1454 quoque
393 1396 511 1437 mos
533 1388 638 1445 est,
662 1394 785 1434 eum
816 1377 1086 1448 loquimur
1110 1374 1178 1431 de
1203 1370 1532 1439 hominibus,
1558 1379 1614 1426 et
1637 1370 1746 1425 alta

146 1489 201 1533 et
244 1475 471 1532 humilia
509 1473 707 1527 dicere.
741 1470 874 1526 Nam
903 1468 1122 1541 quando
1152 1466 1405 1531 dicimus,
1446 1463 1620 1519 Homo
1660 1462 1746 1516 ui—

148 1569 269 1635 hili,
293 1548 456 1622 homo
484 1564 647 1629 terra,
676 1561 839 1617 homo
868 1548 1025 1625 cinis,
1052 1558 1121 1613 ab
1142 1572 1209 1614 eo
1228 1555 1370 1628 quod
1394 1564 1478 1611 est
1507 1552 1747 1610 deterius

149 1668 325 1717 totum
357 1670 651 1721 vocamus;
694 1653 912 1725 quando
941 1660 1121 1707 autem
1152 1649 1402 1713 dicimus,
1435 1643 1747 1721 lmutortale

149 1750 352 1808 animal
394 1749 580 1814 homo,
614 1745 946 1801 rationabilis
985 1752 1042 1799 et
1068 1750 1331 1812 cognatus
1355 1752 1743 1810 supernorum,

150 1848 220 1902 ab
270 1859 340 1900 eo
393 1841 539 1913 quod
607 1848 692 1896 est
755 1839 952 1894 melius
1004 1850 1194 1892 rursus
1238 1844 1407 1890 totum
1462 1846 1742 1888 vocamus.

152 1938 225 1994 Ita
268 1937 431 1991 etiam
487 1935 555 1991 de
608 1932 859 1996 Christo,
914 1929 1204 2000 aliquando
1276 1925 1496 1998 quidem
1553 1940 1621 1981 ex
1677 1938 1746 1978 eo

151 2028 293 2100 quod
330 2034 415 2083 est
456 2027 669 2091 minus,
744 2019 1038 2092 aliquando
1107 2027 1287 2073 autem
1342 2032 1413 2073 ex
1474 2031 1540 2072 eo
1599 2014 1745 2085 quod

150 2130 231 2177 cst
297 2118 491 2176 melius
575 2115 809 2186 loquitur
880 2112 1109 2177 Paulus,
1170 2118 1225 2165 et
1284 2107 1742 2179 dispensationem

150 2210 338 2267 volens
360 2208 714 2273 constituere,
743 2214 798 2261 et
828 2204 1024 2261 docere
1051 2202 1120 2259 de
1147 2211 1334 2257 natura
1366 2200 1420 2256 in
1448 2215 1608 2272 quam
1636 2215 1744 2255 non

149 2302 295 2361 cadit
322 2300 591 2357 interitus.

215 2394 272 2450 5.
301 2389 607 2446 Ea'hortatio
631 2389 700 2445 ad
734 2388 1076 2444 innocentiam
1098 2386 1421 2442 servandam.
1463 2382 1745 2439 Maledicta

148 2482 201 2539 ξπ
228 2477 522 2545 proximam
550 2487 754 2547 quauta-
780 2494 942 2548 paenae
962 2478 1201 2533 obnoxia.
1229 2504 1300 2517 -—
1319 2476 1583 2546 Quoniam
1612 2476 1745 2546 ergo

146 2575 497 2638 peccatorum
522 2578 830 2624 nostrorum
856 2569 981 2625 fecit
1010 2569 1403 2640 purgationem,
1427 2582 1745 2623 maneamus

144 2660 265 2730 puri
306 2668 363 2715 et
410 2658 632 2726 mundi,
665 2660 863 2716 nullam
910 2662 1267 2731 suscipiamus
1312 2660 1609 2725 maculam;
1649 2658 1743 2713 sed

144 2768 311 2825 quam
342 2753 505 2809 nobis
530 2752 722 2809 indidit
762 2753 1215 2824 pulchritudinem
1247 2762 1301 2809 et
1324 2752 1580 2809 decorem
1611 2766 1746 2807 cou-

143 2858 431 2900 servemus
474 2845 812 2915 impollutam
854 2855 909 2902 et
960 2846 1217 2901 mundum
1242 2886 1259 2909 ,
1292 2846 1500 2900 nullam
1527 2844 1747 2901 sordem

147 2933 443 2990 habentem
468 2975 485 3001 ,
516 2945 610 2991 aut
634 2951 847 3007 rugam,
874 2944 967 2992 aut
994 2935 1197 3007 aliquid
1226 2935 1515 3007 ejusmodi.
1544 2935 1746 2991 Sordes

144 3024 288 3098 enim
306 3032 507 3081 suntet
524 3014 654 3097 ruga
669 3028 831 3082 etiam
850 3042 1011 3097 parva
1030 3034 1271 3097 peccata,
1294 3036 1349 3081 ut
1377 3027 1743 3089 maledictum,

145 3115 477 3171 contumelia
509 3156 524 3182 ,
558 3117 898 3172 mendacium
946 3134 960 3170 :
1007 3118 1117 3172 imo
1164 3131 1293 3170 vero
1326 3131 1391 3170 ne
1418 3131 1480 3171 ea
1528 3116 1744 3186 quidem

146 3215 269 3260 sunt
300 3220 473 3276 parva
501 3246 518 3273 ,
548 3207 644 3263 scd
674 3216 729 3263 et
755 3207 911 3263 valde
936 3222 1128 3278 magna
1151 3246 1167 3273 ,
1194 3205 1332 3261 adeo
1359 3223 1418 3261 ut
1446 3207 1607 3261 etiam
1636 3206 1748 3277 pri-

146 3308 271 3353 vent
302 3313 478 3369 ωε*ηο
516 3299 794 3355 caelorum.
846 3298 1165 3369 Quomodo?
1188 3297 1288 3367 Qui
1322 3297 1541 3353 fratrem
1586 3313 1743 3353 suum

147 3400 305 3445 vocat
342 3389 550 3444 fatuum
577 3432 590 3456 ,
624 3399 707 3446 est
732 3391 999 3445 obnoxius
1024 3430 1039 3455 ,
1067 3388 1275 3459 inquit,
1316 3388 1749 3459 gebeunzeiguis

150 3485 165 3553 (
195 3482 391 3537 Matth.
430 3483 485 3538 5.
516 3481 587 3536 22
613 3481 654 3553 ).
686 3483 739 3538 Si
770 3490 951 3539 autem
1001 3482 1091 3552 qui
1124 3490 1279 3536 vocat
1328 3481 1527 3535 fatuum
1555 3520 1573 3547 ,
1605 3480 1747 3550 quod

150 3574 362 3628 videtur
389 3578 631 3627 omnium
676 3588 798 3630 esse
831 3574 1163 3629 levissimum
1192 3581 1247 3627 et
1294 3571 1444 3627 lusus
1473 3572 1697 3642 puerilis
1728 3587 1744 3636 ;

149 3666 233 3735 qui
263 3673 425 3719 vocat
475 3665 767 3735 malignum
806 3674 861 3719 et
912 3663 1213 3719 maleficum
1245 3673 1300 3718 et
1326 3662 1561 3717 invidum
1590 3671 1644 3717 et
1670 3662 1751 3716 in-'

150 3756 579 3813 numerabilibus
608 3756 728 3811 aliis
773 3755 989 3828 probris
1036 3754 1275 3825 appetit,
1310 3768 1446 3824 quas
1480 3770 1587 3809 non
1640 3754 1751 3810 luet

149 3863 343 3921 pmuas
391 3849 805 3919 castigationis?
835 3848 963 3918 quid
1011 3856 1093 3903 est
1138 3849 1238 3903 hoc
1269 3847 1615 3903 horribilius?
1643 3846 1749 3903 Sed

151 3941 417 3996 sustinete
466 3955 649 4010 quaeso
676 3939 818 4008 quod
846 3940 983 3994 dico.
1015 3938 1073 3995 Si
1102 3940 1245 3994 enim
1290 3939 1380 4008 qui
1408 3938 1535 3992 facit
1563 3936 1653 3992 uni
1683 3954 1749 3993 ex

152 4032 394 4088 minimis
417 4073 433 4097 ,
458 4032 557 4101 ipsi
586 4031 733 4095 facit,
764 4040 819 4087 et
852 4032 941 4103 qui
971 4046 1077 4086 non
1113 4029 1241 4085 facit
1270 4030 1360 4084 uni
1392 4046 1458 4085 ex
1486 4030 1746 4096 minimis,

152 4127 249 4197 ipsi
277 4141 386 4179 non
419 4123 539 4179 facit
562 4124 779 4195 (Matth.
799 4124 892 4179 25.
918 4123 1138 4190 40.45);
1167 4122 1439 4193 quomodo
1470 4137 1575 4176 non
1609 4121 1749 4176 idem

154 4229 233 4273 est
257 4219 312 4271 in
342 4216 501 4271 laude
524 4225 576 4271 et
596 4215 1147 4286 vituperatione?Qni
1174 4216 1317 4269 enim
1350 4214 1570 4269 fratrem
1593 4230 1749 4269 suum

155 4309 485 4364 contumelia
535 4308 741 4371 afﬁcit,
778 4309 944 4362 Deum
980 4307 1146 4361 afticit
1174 4306 1532 4370 contumelia;
1562 4317 1616 4361 et
1660 4306 1751 4376 qui

155 4401 379 4458 fratrem
408 4417 565 4457 suum
610 4400 873 4463 honorat,
903 4401 1133 4455 honorat
1164 4400 1352 4454 Deum.

225 4518 283 4572 Δ.
332 4515 655 4571 Ειιιιόὲειηιιιε
684 4532 813 4586 ergo
841 4515 1100 4585 linguam,
1134 4522 1191 4568 ut
1214 4512 1504 4569 benedicat
1530 4523 1583 4567 et
1613 4513 1749 4569 bona

157 4609 323 4665 verba
356 4607 547 4663 efferat
572 4625 585 4661 :
614 4606 886 4677 Compesce
909 4608 1053 4663 enim
1074 4649 1088 4673 ,
1126 4606 1294 4675 inquit
1314 4647 1327 4669 ,
1357 4606 1582 4675 linguam
1611 4616 1750 4659 tuam

157 4718 185 4752 η
209 4702 349 4753 nian
377 4698 550 4769 (Psal.
573 4699 663 4753 53.
687 4699 800 4769 14).
819 4698 935 4753 Non
956 4699 1097 4753 enim
1128 4696 1249 4751 ideo
1271 4712 1389 4751 eam
1418 4696 1565 4751 dedit
1590 4697 1750 4765 Deus,

159 4800 213 4843 ut
237 4790 545 4844 maledictis
571 4799 625 4845 et
653 4790 995 4847 Contumeliis
1025 4804 1367 4863 appetamus,
1398 4806 1456 4849 ut
1482 4811 1585 4850 nos
1612 4798 1749 4851 invi-

156 4899 275 4939 cem
325 4883 748 4950 calumniemur;
797 4886 892 4941 sed
930 4896 986 4941 ut
1033 4888 1202 4941 Deum
1249 4888 1573 4956 laudemus,
1608 4898 1753 4945 utea

156 4977 443 5049 loquamur
481 4993 601 5047 quae
629 4978 757 5033 dant
786 4982 1012 5050 gratiam
1057 4982 1422 5048 audientibus,
1479 5000 1599 5053 qua:
1630 4994 1785 5040 sunt-

157 5068 221 5121 ad
247 5067 665 5123 aedificationem
691 5112 703 5135 ,
730 5086 849 5139 qua:
879 5080 1005 5126 sunt
1050 5072 1114 5126 ad
1148 5073 1449 5127 utilitatem.
1474 5073 1757 5129 Maledicto

158 5162 464 5229 quempiam
492 5176 550 5215 es
580 5161 909 5219 insectatus?
935 5165 1061 5233 quid
1095 5166 1320 5219 lucraris
1344 5207 1359 5227 ,
1387 5166 1476 5235 qui
1525 5168 1755 5236 teipsum

158 5267 371 5321 quoque
400 5266 521 5305 eum
552 5252 642 5306 illo
663 5253 858 5309 damno
887 5255 1167 5323 implicas‘i
1195 5272 1254 5311 ea
1279 5272 1345 5311 eo
1366 5258 1507 5313 enim
1541 5274 1600 5313 es
1626 5274 1757 5314 cono

160 5351 417 5409 sequutus
450 5350 506 5395 ut
535 5345 799 5412 reputeris
833 5346 1148 5401 maledicus.
1178 5346 1392 5401 Nullum
1426 5348 1567 5403 enim
1591 5391 1604 5413 ,
1640 5350 1761 5404 nnlo

162 5432 265 5485 lum
298 5442 385 5487 est
413 5434 610 5487 malum
636 5435 775 5505 quod
803 5450 862 5491 se
892 5440 1045 5491 sistat
1068 5438 1133 5491 ad
1168 5438 1313 5492 illum
1338 5454 1507 5508 usque
1541 5440 1628 5509 qui
1662 5456 1757 5509 pa-

162 5521 310 5586 titur,
344 5522 439 5577 sed
467 5538 589 5577 eum
611 5539 819 5594 quoque
856 5527 943 5595 qui
984 5525 1110 5581 facit
1135 5528 1546 5598 comprehendit
1572 5549 1584 5581 :
1609 5530 1758 5585 verbi

163 5627 341 5679 causa,
364 5615 575 5670 invidus
598 5618 805 5674 videtur
826 5620 1042 5690 quidem
1063 5620 1213 5676 alteri
1245 5622 1504 5689 insidiari,
1530 5624 1641 5693 ipse
1663 5640 1760 5678 au-

168 5714 269 5760 tem
299 5707 449 5775 prior
478 5706 706 5765 fructum
734 5711 928 5780 accipit
958 5713 1195 5779 peccati,
1224 5722 1281 5768 ut
1306 5716 1394 5782 qui
1428 5714 1662 5769 tabescat
1706 5724 1762 5769 et

167 5810 572 5869 corrumpatur,
618 5811 673 5858 et
701 5801 769 5857 ab
796 5803 1047 5860 omnibus
1074 5803 1198 5859 odio
1230 5804 1504 5861 habeatur.
1554 5806 1758 5861 Avarus

1835 456 1997 509 alimn
2024 454 2194 523 privat
2218 450 2489 521 pecuniis,
2523 445 2619 503 sed
2648 444 2752 501 sibi
2781 457 2996 515 quoque
3017 440 3190 497 aufert
3208 439 3441 499 aliorum

1835 560 2110 609 amorem;
2145 543 2256 599 imo
2282 541 2450 598 efficit
2476 550 2532 596 ut
2577 553 2768 595 omnes
2794 552 2917 593 eum
2964 534 3270 591 maledictis
3294 534 3444 590 luso-

1835 646 2071 693 cientur.
2096 636 2196 692 Est
2221 644 2404 691 autem
2434 634 2576 688 bona
2602 631 2739 686 fama
2768 629 2929 700 longe
2950 628 3145 683 melior
3167 626 3406 697 pecuniis
3423 640 3443 681 τι

1839 745 1963 785 nam
1996 728 2143 784 illam
2172 726 2390 799 quidem
2422 741 2528 781 non
2555 733 2638 780 est
2664 722 2821 778 facile
2847 712 3182 792 abstergere,
3214 718 3313 774 has
3339 734 3442 773 au-

1841 833 1945 877 tem
1974 821 2132 877 facile
2156 829 2241 875 est
2285 819 2533 875 amittere
2577 836 2591 871 :
2638 824 2802 885 atque
2828 813 2965 869 adeo
2988 855 3004 881 ,
3036 812 3179 884 quod
3206 820 3291 867 est
3319 825 3441 866 am-

1840 913 1981 983 plius
2000 951 2018 977 ,
2062 912 2169 967 illa:
2197 909 2415 981 quidem
2446 908 2493 964 si
2543 922 2652 963 non
2681 905 2896 970 adsint,
2926 904 3061 960 nihil
3091 903 3293 959 laedunt
3318 918 3442 959 eum

1839 1004 1930 1074 qui
1960 1018 2066 1058 non
2094 1001 2285 1067 habet;
2317 1003 2434 1055 haec
2462 1009 2643 1054 autem
2672 998 2718 1052 si
2750 1012 2858 1051 non
2887 995 3031 1052 adsit
3055 1038 3069 1060 ,
3095 994 3266 1051 efﬁcit
3289 1003 3347 1049 ut
3376 994 3448 1049 sit

1841 1095 2137 1166 probrosus
2161 1103 2217 1150 et
2245 1092 2505 1148 ridiculus
2524 1131 2540 1157 ,
2571 1090 2932 1161 omnibusque
2976 1087 3151 1144 hostis
3179 1098 3235 1143 et
3262 1086 3448 1143 inimia

1842 1202 1959 1243 cus.
1990 1186 2283 1242 Iracundus
2309 1198 2497 1240 rursus
2526 1183 2676 1254 prius
2719 1182 2959 1253 scipsum
3001 1180 3208 1236 cniciat
3234 1219 3250 1245 ,
3276 1193 3337 1235 se
3364 1179 3449 1233 la-

1843 1280 2002 1334 nians
2031 1292 2093 1333 ac
2122 1276 2439 1346 discerpens
2462 1314 2479 1343 ,
2524 1283 2581 1331 et
2610 1281 2740 1329 tunc
2768 1273 2918 1329 illum
2946 1273 3031 1328 cui
3056 1270 3336 1327 irascitur.
3369 1269 3447 1325 lta

1846 1369 2144 1425 maledicus
2170 1383 2231 1424 se
2258 1367 2492 1439 priorem
2534 1365 2735 1437 probro
2761 1373 2815 1420 et
2854 1363 3127 1420 dedecore
3151 1360 3321 1419 afficit
3347 1401 3363 1426 ,
3395 1370 3452 1416 et

1851 1469 1978 1516 tunc
2004 1474 2127 1517 eum
2156 1472 2317 1530 quem
2344 1455 2637 1513 maledicto
2665 1455 2908 1525 appetit:
2939 1464 3033 1509 aut
3079 1469 3148 1508 ne
3187 1451 3291 1507 hoc
3317 1450 3443 1522 quia

1849 1553 1971 1609 dem
1998 1551 2135 1609 forte
2162 1557 2379 1623 potest:
2411 1547 2510 1605 sed
2537 1547 2652 1603 abit
2679 1548 2795 1618 ipse
2824 1544 3042 1618 quidem
3072 1587 3087 1612 ,
3116 1552 3307 1600 nactus
3336 1544 3453 1598 exi-

1856 1651 2223 1708 stimationem
2244 1645 2496 1704 scelerati
2518 1655 2573 1703 et
2596 1643 2913 1701 exsecrandi
2944 1641 3201 1707 hominis,
3226 1639 3316 1695 ille
3337 1652 3471 1694 vero

1854 1753 1914 1799 ut
1934 1743 2111 1816 magis
2130 1752 2345 1798 ametur
2360 1739 2626 1799 efficiens.
2639 1738 2867 1808 Quando
2887 1737 3032 1794 enim
3056 1736 3197 1792 male
3216 1734 3467 1800 audiens,

1851 1853 1959 1890 non
1986 1850 2084 1905 par
2109 1835 2227 1907 pari
2257 1832 2423 1890 refert
2444 1876 2457 1896 .
2488 1832 2583 1889 sed
2615 1832 2806 1889 laudat
2834 1840 2889 1888 et
2912 1829 3237 1895 admiratur,
3269 1843 3377 1883 non
3400 1827 3471 1883 il-

1850 1928 1963 1984 lum
1993 1926 2175 1982 laudat
2194 1967 2210 1993 ,
2242 1924 2340 1981 sed
2367 1924 2630 1995 seipsum.
2676 1921 2812 1979 Nam
2838 1922 2981 1978 sicut
3005 1964 3021 1987 ,
3050 1930 3111 1976 ut
3143 1920 3292 1991 prius
3317 1918 3469 1986 dixi,

1851 2034 1976 2092 qua:
2014 2020 2067 2074 in
2096 2018 2373 2090 proximos
2405 2002 2728 2088 torquentur
2755 2013 3047 2071 maledicta
3069 2054 3084 2078 ,
3115 2028 3180 2068 ea
3212 2012 3359 2082 prius
3385 2020 3471 2066 st-

1854 2110 2072 2183 tingunt
2115 2125 2213 2169 eos
2257 2112 2346 2182 qui
2394 2112 2763 2168 insidiantur:
2800 2111 2874 2166 ita
2900 2109 3067 2166 etiam
3098 2123 3221 2179 qua:
3247 2106 3302 2163 in
3332 2122 3469 2178 pro-

1854 2202 2087 2275 pinquos
2122 2204 2478 2260 conferuntur
2505 2202 2649 2261 bona
2674 2244 2691 2269 ,
2724 2218 2823 2260 eos
2854 2201 2948 2274 qui
2990 2209 3293 2273 operantur
3320 2200 3471 2271 prius

1856 2293 2133 2351 delectant
2183 2304 2237 2351 et
2277 2295 2478 2368 gaudio
2510 2294 2781 2351 afficiunt.
2815 2294 2950 2350 Nam
2982 2293 3071 2362 qui
3101 2292 3301 2348 bonum
3330 2290 3474 2361 parit

1857 2398 1908 2443 et
1940 2388 2178 2451 malum.
2212 2403 2278 2443 eo
2325 2378 2523 2442 merito
2580 2386 2733 2458 prior
2774 2386 2893 2456 ipse
2928 2382 3128 2440 fruitur
3174 2400 3188 2437 :
3235 2392 3290 2439 et
3332 2382 3472 2437 sicut

1857 2494 1995 2549 aqua
2025 2489 2081 2535 et
2122 2478 2265 2537 salsa
2291 2488 2345 2536 et
2377 2478 2633 2550 potabilis
2666 2492 2796 2534 vasa
2827 2476 3019 2550 implet
3048 2490 3239 2532 eorum
3272 2474 3361 2546 qui
3393 2472 3473 2527 af-

1855 2568 2079 2639 ferunt,
2114 2586 2177 2626 ac
2220 2570 2439 2627 fontem.
2466 2586 2574 2627 non
2608 2571 2799 2626 minuit
2827 2584 2894 2627 ex
2924 2584 3035 2640 quo
3079 2575 3297 2624 emanat
3336 2584 3351 2621 :
3398 2567 3473 2621 ita

1856 2664 2021 2720 etiam
2050 2670 2106 2719 et
2132 2663 2322 2719 vitium
2351 2673 2407 2720 et
2438 2664 2610 2718 virtus
2637 2663 2791 2719 illum
2820 2662 2966 2719 unde
2993 2660 3106 2717 exit
3133 2670 3187 2717 et
3215 2660 3470 2724 delectat,

1857 2764 1914 2812 et
1942 2754 2139 2824 perdit.
2173 2754 2244 2811 Et
2269 2754 2387 2811 hmc
2416 2756 2638 2826 quidem
2665 2756 2752 2811 hic
2778 2756 2852 2811 ita
2883 2754 3108 2811 habent.

1931 2844 2229 2917 Inferorum
2258 2861 2435 2917 pirate.
2466 2876 2536 2887 ——
2556 2845 2690 2914 Quae
2708 2860 2888 2902 autem
2917 2845 3027 2902 illic
3047 2854 3195 2911 sunt,
3224 2859 3472 2916 qumnsm

1858 2938 2147 3009 explicabit
2170 2938 2385 2995 dicendi
2409 2939 2656 3005 facultas,
2685 2938 2773 2994 vel
2799 2938 2939 2994 bona
2964 2938 3051 2994 vel
3078 2937 3265 2993 mala?
3295 2938 3475 2993 Nulla.

1864 3029 1999 3085 Nam
2032 3030 2169 3084 bona
2205 3030 2421 3101 quidem
2451 3031 2533 3087 vel
2560 3046 2777 3086 omnem
2813 3040 3146 3102 exsuperant
3174 3029 3475 3101 intelligun-

1861 3122 2033 3188 tiam,
2075 3118 2278 3179 nedum
2316 3123 2658 3187 orationem;
2707 3124 2849 3177 mala
2912 3131 3094 3176 autem
3148 3120 3292 3177 dicta
3348 3122 3472 3191 qui-

1860 3213 1987 3270 dem
2030 3222 2158 3269 sunt
2196 3214 2507 3269 nominibus
2535 3215 2731 3287 quibus
2757 3215 3135 3271 assuevimus:
3165 3230 3289 3270 nam
3322 3215 3429 3269 illic
3457 3254 3479 3279 ,

1866 3307 2039 3378 inquit
2063 3348 2080 3376 ,
2109 3316 2191 3364 est
2222 3308 2359 3380 ignis
2385 3318 2442 3365 et
2474 3308 2712 3364 tcnehra:
2739 3319 2792 3364 et
2819 3308 3034 3365 vincula
3068 3318 3122 3364 et
3156 3309 3357 3363 vermis
3381 3308 3476 3378 qui

1862 3414 1971 3456 non
1993 3399 2190 3455 desiuit
2218 3416 2235 3467 ;
2269 3416 2447 3473 neque
2478 3401 2592 3456 lucc
2640 3401 2813 3456 solum
2862 3399 3158 3456 ostendunt
3185 3415 3305 3471 qua:
3329 3399 3473 3454 dicta

1867 3502 2011 3556 sunt,
2038 3492 2133 3548 sed
2164 3493 2267 3548 alia
2299 3494 2566 3564 graviora.
2603 3493 2672 3548 Et
2692 3504 2750 3548 ut
2779 3492 3069 3563 intelligas,
3101 3492 3206 3547 hoc
3235 3493 3470 3562 primum

1864 3584 2046 3639 statim
2069 3584 2377 3640 considera.
2414 3584 2545 3639 Nam
2574 3585 2617 3638 si
2647 3594 2731 3640 est
2756 3585 2917 3656 ignis,
2943 3584 3217 3655 quomodo
3248 3592 3376 3637 sunt
3402 3593 3485 3638 te-

1868 3674 2094 3731 nebraz‘l
2134 3674 2297 3731 Vides
2338 3675 2481 3747 quod
2534 3677 2623 3731 ille
2654 3676 2794 3748 ignis
2837 3676 2909 3731 sit
2952 3677 3053 3731 hoc
3080 3676 3340 3747 gravior?
3369 3690 3478 3729 non

1867 3765 2032 3821 habet
2051 3767 2193 3822 enim
2218 3767 2417 3821 lucem.
2444 3767 2499 3823 Si
2522 3777 2605 3822 est
2630 3767 2789 3838 ignis,
2810 3766 3084 3837 quomodo
3112 3782 3329 3835 semper
3346 3765 3483 3819 urit?

1868 3859 2030 3916 Vides
2062 3860 2206 3932 quod
2237 3860 2340 3917 hoc
2382 3861 2505 3931 igne
2552 3860 2625 3916 sit
2653 3860 2907 3931 graviori
2954 3875 3061 3915 non
3094 3861 3237 3915 enim
3267 3860 3480 3914 exstin-

1859 3956 2045 4025 guitur
2076 3972 2089 4007 :
2121 3971 2245 4009 nam
2294 3966 2585 4025 propterea
2618 3954 2819 4009 dicitur
2851 3954 3343 4024 inexstinguibilis.
3371 3954 3478 4009 Co-

1862 4051 2098 4120 gitemus
2139 4064 2269 4120 ergo
2315 4058 2579 4120 quantum
2609 4050 2679 4105 sit
2706 4049 2910 4103 malum
2959 4049 3040 4103 uri
3089 4059 3355 4119 perpetuo
3380 4091 3399 4114 ν
3427 4057 3484 4104 et

1866 4155 1987 4197 esse
2016 4142 2067 4196 in
2099 4142 2361 4207 tenebris,
2395 4150 2450 4197 et
2477 4142 2902 4197 innumerabiles
2930 4143 3180 4197 emittere
3211 4142 3481 4211 ejulatus,

1866 4242 1921 4288 et
1961 4234 2191 4289 stridere
2220 4235 2475 4290 dentibus
2498 4278 2510 4299 ,
2538 4244 2593 4292 et
2622 4252 2689 4291 ne
2715 4234 2889 4290 audiri
2922 4234 3162 4305 quidem.
3198 4236 3251 4290 Si
3300 4237 3481 4300 enim,

1863 4338 1986 4377 cum
2018 4327 2139 4394 quis
2166 4340 2227 4380 ex
2264 4327 2329 4379 iis
2361 4327 2451 4393 qui
2498 4324 2795 4381 liberaliter
2837 4337 2963 4380 sunt
3006 4324 3256 4391 educati,
3291 4325 3379 4378 hic
3411 4324 3463 4378 in

1861 4419 2135 4470 carcerem
2158 4417 2413 4485 injectus,
2450 4415 2700 4473 faetorem
2724 4417 2923 4481 solum,
2951 4426 3002 4471 et
3029 4417 3213 4486 jacere
3245 4418 3295 4470 in
3329 4425 3473 4470 teuc-

1860 4505 1973 4560 bris
1994 4518 2048 4561 et
2075 4509 2125 4561 in
2156 4510 2330 4565 vincui
2359 4525 2383 4563 s
2416 4525 2535 4564 esse
2570 4525 2695 4564 cum
2723 4509 3013 4563 homicidis
3033 4550 3047 4572 ,
3078 4509 3265 4579 quavis
3296 4518 3472 4561 morte

1858 4597 1986 4652 dicit
2017 4616 2137 4654 esse
2182 4601 2397 4670 gravius
2440 4602 2663 4669 :cogita
2710 4602 2838 4671 quid
2888 4604 2957 4655 sit
3004 4601 3222 4671 quando
3263 4600 3473 4655 urimur

1857 4706 1979 4745 cum
2022 4692 2182 4762 hujus
2212 4694 2361 4749 orbis
2394 4703 2551 4750 terra:
2580 4695 2869 4750 homicidis
2890 4739 2904 4758 ,
2936 4706 2989 4751 et
3019 4712 3195 4767 neque
3222 4698 3473 4752 videmus

1860 4798 1959 4838 nec
2008 4786 2257 4840 videmur
2286 4828 2298 4849 ,
2331 4786 2425 4841 sed
2477 4787 2527 4839 in
2583 4796 2729 4842 tanta
2778 4788 3125 4844 multitudine
3171 4789 3322 4845 sulns
3348 4804 3474 4844 esse

1858 4876 2253 4932 existimamus.
2279 4879 2411 4933 Nam
2437 4880 2679 4935 tanebrre
2708 4892 2760 4935 et
2790 4881 2923 4935 lucis
2942 4882 3188 4939 defectus
3216 4898 3327 4937 non
3353 4899 3475 4953 per-

1860 4970 2022 5024 mittit
2052 4980 2107 5025 ut
2137 4973 2220 5028 vel
2250 4988 2344 5028 eos
2382 4976 2471 5043 qui
2506 4990 2675 5044 prepe
2718 4983 2845 5029 sunt
2900 4974 3318 5042 discernamus;
3373 4977 3479 5034 sed

1860 5068 2231 5136 unusquisque
2255 5068 2323 5121 ita
2350 5069 2457 5123 erit
2488 5068 2733 5133 allectus,
2768 5080 3040 5139 tamquam
3069 5071 3218 5125 solus
3245 5070 3347 5125 hoc
3377 5087 3473 5141 pa-

1862 5160 2025 5217 tiens.
2059 5162 2114 5217 Si
2168 5172 2347 5217 autem
2392 5173 2611 5217 nostros
2658 5164 2870 5217 animus
2900 5180 2995 5233 per
3025 5180 3084 5217 se
3132 5174 3385 5235 premunt
3422 5174 3477 5221 et

1862 5253 2189 5308 conturbant
2214 5253 2453 5309 tenebrm
2482 5273 2494 5308 :
2524 5254 2651 5324 quid
2683 5255 2807 5317 erit,
2841 5254 3059 5323 quando
3088 5272 3209 5309 cum
3236 5257 3476 5313 tenebris

1863 5352 1971 5398 tam
2002 5346 2158 5400 multi
2186 5346 2387 5402 fuerint
2422 5346 2643 5403 dolores
2672 5357 2727 5403 et
2752 5345 3243 5418 conﬂagrationes?
3270 5348 3475 5417 Quam-

1863 5439 2050 5493 obrem
2078 5455 2212 5510 rogo
2241 5450 2297 5495 ut
2321 5440 2440 5497 haec
2465 5440 2607 5511 apud
2651 5457 2751 5495 nos
2782 5452 3046 5511 perpetuo
3073 5458 3355 5497 versemus
3376 5483 3394 5511 ,
3424 5451 3479 5498 et

1864 5548 1985 5598 qum
2014 5549 2042 5587 a
2066 5534 2247 5589 verbis
2293 5534 2517 5590 affertur
2561 5536 2867 5590 molestiam
2915 5536 3213 5593 toleremus
3239 5578 3253 5603 ,
3285 5552 3353 5592 ne
3386 5538 3476 5607 qui

1867 5639 1964 5693 per
1995 5640 2081 5681 res
2105 5626 2250 5694 ipsas
2282 5628 2577 5698 suscipitur
2606 5629 2911 5683 cruciatum
2937 5629 3222 5698 patiamur.
3244 5626 3485 5683 Omnino

1864 5719 2008 5771 enim
2037 5730 2198 5773 erunt
2222 5721 2335 5775 lure
2364 5722 2567 5785 omnia,
2590 5730 2755 5776 eteus
2778 5721 2868 5791 qui
2899 5721 3095 5791 iujusta
3121 5722 3477 5786 admiserunt,

1869 5812 2046 5868 nullus
2080 5813 2226 5870 illinc
2252 5815 2478 5885 eximet,
2512 5830 2617 5871 non
2650 5825 2827 5889 pater,
2859 5831 2965 5871 non
3005 5826 3202 5885 mater,
3235 5830 3343 5873 non
3369 5815 3482 5874 fra-
