4020 6402
628 348 692 400 19
1325 343 1377 398 S.
1412 339 1687 397 JOANNIS
1723 328 2196 393 CHRYSOSTOMI
2236 328 2553 391 ARCHIEP.
2591 337 3126 397 CONSTANTINOP.
3839 344 3907 405 ἓξ)

620 470 739 520 ter;
766 453 973 510 etiamsi
1008 451 1227 509 multam
1258 446 1503 503 ﬁduciam
1533 445 1759 508 habeat,
1784 451 1837 497 et
1862 454 2048 510 magna
2079 451 2198 505 pos-

624 550 692 602 sit
740 546 877 616 apud
913 546 1078 600 Deum
1124 559 1138 596 :
1185 540 1368 594 Frater
1393 538 1534 593 enim
1563 552 1665 589 non
1710 535 1911 592 redimit
1945 574 1959 596 ,
1993 531 2202 584 redimet

627 644 775 693 Immo
805 637 980 708 (Psal.
1016 635 1102 690 48.
1135 633 1234 703 8)?
1266 632 1382 699 Ipse
1411 630 1554 685 enim
1579 637 1662 682 est
1686 625 1774 696 qui
1801 623 1978 679 reddit
2000 623 2206 721 unicui-

626 747 728 799 que
755 728 1046 784 secundum
1070 737 1232 795 opera
1259 736 1355 776 sua
1378 761 1394 787 ,
1424 731 1480 775 et
1505 734 1572 775 ex
1600 718 1668 773 iis
1689 717 1813 772 licet
1841 725 1891 771 et
1920 717 2120 769 servari
2150 719 2206 767 et

629 820 828 890 puniri.

704 909 1038 978 Etccmosyna
1083 901 1484 958 commendatur.
1521 928 1591 940 —
1621 897 1796 953 Facite
1839 897 1976 951 vobis
2021 895 2209 948 amicos

631 1019 694 1057 ea:
739 1015 972 1053 nmmona
1014 995 1294 1066 iniquitatis
1345 992 1521 1064 (Lua.
1566 991 1651 1046 l6.
1700 989 1802 1060 9).
1840 987 2211 1057 Obsequamar

633 1107 795 1161 ergo;
830 1085 1162 1142 Don‘iinicum
1194 1083 1338 1140 enim
1382 1090 1466 1137 est
1507 1079 1818 1135 mandatum
1859 1095 1872 1131 :
1916 1073 2213 1146 superfluas

634 1182 888 1252 pecunias
927 1179 977 1232 in
1010 1189 1211 1247 egenos
1239 1187 1589 1244 spargamus:
1622 1169 1878 1224 faciamus
1908 1168 2212 1234 eleemosy-

637 1289 756 1327 nam
783 1313 797 1332 ,
822 1270 994 1324 donec
1021 1281 1339 1336 possumus;
1373 1264 1476 1317 boc
1520 1271 1603 1318 est
1641 1260 1783 1317 enim
1813 1259 2013 1314 amicos
2039 1256 2214 1312 facere

637 1382 699 1418 ex
745 1375 988 1416 mamona
1031 1354 1354 1428 iniquitatis:
1387 1353 1635 1424 pecunias
1661 1353 1714 1406 in
1737 1365 1933 1421 egenos
1972 1346 2217 1403 eti‘unda-

638 1462 782 1514 mus,
893 1460 946 1503 ut
975 1450 1124 1504 illum
1158 1450 1333 1515 ignem
1380 1445 1786 1528 exinaniamus,
1818 1441 2220 1528 ιιι-ιρειιιιιρξς

640 1513 1005 1602 stiuguamus,
1037 1540 1096 1585 ut
1122 1513 1232 1583 illic
1255 1528 1548 1582 habeamus
1572 1521 1844 1576 fiduciam.
1869 1517 2083 1572 Etenim
2111 1513 2223 1568 illic

643 1640 747 1678 non
779 1631 902 1676 sunt
927 1621 1014 1676 isti
1043 1620 1132 1690 qui
1163 1634 1261 1674 nos
1297 1616 1599 1685 suscipiunt
1625 1654 1639 1677 ,
1668 1611 1760 1666 sed
1792 1617 2034 1663 nostrum
2066 1619 2220 1675 opus.

641 1713 792 1780 Quod
835 1713 976 1769 cnim
1007 1727 1109 1767 non
1151 1709 1394 1764 absolute
1442 1705 1583 1776 quod
1625 1704 1779 1758 nobis
1809 1701 1916 1754 sint
1944 1698 2139 1761 amici,
2166 1695 2223 1751 id

642 1821 740 1860 nos
763 1805 933 1875 possit
956 1816 1171 1857 servare
1191 1841 1204 1864 ,
1231 1799 1378 1854 disce
1404 1813 1468 1854 ex
1501 1795 1888 1851 additamento.
1929 1789 2036 1844 Cur
2079 1785 2222 1841 enim

644 1911 752 1950 non
783 1895 952 1959 dixit,
999 1891 1184 1948 Facile
1211 1889 1361 1944 vobis
1387 1889 1587 1942 amicos
1631 1893 1692 1940 ut
1738 1897 1834 1938 vos
1875 1880 2142 1948 excipiant
2170 1877 2223 1930 in

642 1985 861 2042 aeternis
889 1977 999 2037 suis
1031 1981 1408 2045 tabernaculis,
1436 1977 1530 2033 sed
1560 1975 1778 2030 modum
1798 1973 1957 2027 etiam
1989 1965 2222 2038 adjecit?

643 2095 765 2133 cum
795 2078 938 2132 enim
967 2074 1227 2139 dixisset,
1259 2071 1343 2124 Ea:
1387 2084 1624 2123 montana
1672 2064 1988 2134 iniquitatis,
2037 2068 2222 2115 osten-

645 2169 722 2224 dit
751 2167 892 2238 quod
939 2182 1004 2221 ex
1049 2161 1571 2236 pecuniis-convenit
1616 2173 1710 2213 eos
1759 2157 1936 2211 facere
1983 2153 2223 2216 amicos,

646 2258 952 2330 signiﬁcans
979 2255 1120 2327 quod
1153 2254 1264 2310 sola
1293 2267 1390 2308 nos
1426 2265 1534 2306 non
1561 2247 1813 2305 defendet
1840 2244 2094 2308 amicitia,
2124 2239 2228 2296 nisi

2323 435 2614 492 habeamus
2641 439 2780 494 bona
2812 455 2972 510 opera
3001 486 3014 507 ,
3050 446 3151 500 nisi
3180 446 3377 516 injuste
3404 447 3674 504 collectas
3701 448 3925 503 divitias

2313 529 2457 596 juste
2487 528 2844 589 etfundamus.
2896 535 3007 590 lloc
3053 548 3232 594 autem
3276 543 3417 611 quod
3449 542 3515 597 de
3562 545 3925 614 clcemosyna

2317 620 2579 688 dicimus,
2632 639 2738 678 non
2779 626 2952 680 solum
2983 631 3268 686 conveniet
3307 633 3593 700 divitibus,
3623 635 3728 689 sed
3762 637 3923 690 etiam

2318 713 2661 782 pauperibus.
2696 715 2761 770 Et
2785 717 2829 771 si
2860 721 2978 787 quis
3006 720 3076 774 sit
3102 722 3191 791 qui
3217 725 3570 782 mendicando
3599 727 3792 781 alatur
3812 767 3829 790 ,
3858 726 3922 781 ad

2314 818 2437 859 eum
2490 820 2703 877 quoque
2751 808 2867 863 inec
2916 810 3164 881 dirigitur
3193 815 3405 870 oratio:
3441 833 3598 872 nemo
3640 827 3732 872 est
3778 819 3920 872 enim

2311 895 2447 960 adeo
2479 911 2715 968 pauper,
2755 901 2856 955 etsi
2885 900 2956 956 sit
2981 903 3135 958 valde
3173 920 3378 976 pauper
3402 950 3416 973 ,
3439 910 3529 980 qui
3572 925 3678 964 non
3713 908 3919 964 habeat

2326 986 2432 1039 duo
2463 987 2687 1041 minuta.
2726 986 2876 1042 Licet
2905 1002 3033 1058 ergo
3085 989 3165 1042 vel
3195 1004 3261 1043 ex
3307 995 3489 1057 paucis
3529 1009 3699 1063 pauca
3730 997 3890 1052 danti
3914 1041 3930 1066 ,

2322 1092 2582 1146 superare
2656 1092 2751 1133 eos
2799 1078 2887 1148 qui
2942 1079 3092 1148 plura
3147 1080 3488 1160 possidentes
3547 1085 3697 1154 plura
3762 1086 3931 1155 dant,

2323 1170 2464 1224 sicut
2514 1170 2606 1225 illa
2655 1170 2834 1226 vidua.
2877 1170 2992 1226 Non
3022 1171 3167 1227 enim
3212 1187 3280 1227 ex
3310 1188 3498 1229 eorum
3546 1191 3666 1246 qua:
3723 1178 3929 1234 dantur

2323 1275 2574 1316 mensura
2597 1303 2613 1328 ,
2643 1260 2738 1316 sed
2771 1276 2836 1316 ex
2863 1262 2914 1316 vi
2957 1271 3014 1318 et
3050 1271 3315 1331 potestate
3359 1275 3412 1320 et
3454 1280 3641 1322 eorum
3668 1270 3769 1339 qui
3801 1269 3931 1324 dant

2322 1352 2569 1406 institnto
2598 1360 2653 1408 et
2693 1361 2939 1423 prompta
2982 1353 3259 1409 voluntate
3295 1353 3568 1424 judicatur
3604 1359 3930 1430 magnitudo

2321 1443 2705 1515 eleemosynze.
2741 1444 2926 1513 Itaque
2968 1443 3164 1514 ubique
3193 1447 3439 1502 instituto
3469 1463 3604 1518 opus
3629 1458 3720 1506 est
3751 1460 3814 1507 et
3863 1452 3931 1507 li.

2322 1533 2448 1589 bera
2480 1545 2834 1606 promptaque
2855 1534 3155 1602 voluntate;
3179 1536 3379 1608 ubique
3401 1539 3638 1594 iubeam
3666 1542 3926 1598 caritate.

2319 1623 2375 1679 Si
2407 1639 2530 1679 eum
2561 1640 2623 1682 ea
2671 1624 2849 1680 omnia
2881 1641 3101 1696 agamus
3126 1668 3141 1694 ,
3177 1629 3385 1684 etiamsi
3433 1646 3602 1701 pauca
3651 1633 3929 1690 habentes

2321 1729 2489 1783 pauca
2519 1715 2832 1776 dederimus
2860 1758 2875 1781 ,
2910 1716 3100 1772 faciem
3145 1733 3298 1774 suam
3331 1719 3476 1775 Deus
3520 1737 3628 1778 non
3663 1733 3926 1790 avertet,

2319 1805 2416 1860 sed
2448 1806 2672 1876 accipiet
2703 1817 2970 1876 tamquam
3002 1823 3193 1879 magna
3218 1822 3272 1865 et
3302 1811 3637 1868 admiranda.
3669 1816 3928 1872 Attendit

2319 1912 2465 1953 enim
2497 1899 2720 1954 liberam
2752 1910 2807 1955 et
2851 1911 3152 1971 promptam
3187 1903 3350 1958 animi
3400 1905 3734 1962 voluntatem
3764 1949 3781 1974 ,
3816 1925 3925 1963 non

2319 2005 2380 2046 ea
2415 2007 2532 2061 quae
2561 1991 2792 2046 dantur:
2821 2001 2876 2047 et
2902 1993 2947 2046 si
2978 1994 3123 2048 illam
3151 1994 3345 2050 viderit
3382 2011 3504 2053 esse
3541 2014 3797 2069 magnam
3825 2044 3841 2068 ,
3875 2002 3924 2057 ci

2319 2094 2475 2136 suum
2507 2080 2608 2136 fert
2633 2081 2942 2153 suﬂ'ragium
2979 2094 3034 2138 et
3054 2083 3313 2152 judicium
3333 2126 3348 2153 ,
3380 2097 3434 2140 ct
3459 2097 3794 2152 aeternorum
3827 2093 3926 2147 bo~

2321 2187 2511 2226 norum
2565 2172 2692 2227 facit
2738 2174 3214 2245 participes:qu:e
3260 2176 3420 2233 detur
3458 2181 3712 2237 omnibus
3758 2185 3922 2240 nobis

2320 2263 2566 2332 assequi,
2604 2264 2772 2333 gratia
2801 2273 2856 2318 et
2884 2263 3231 2334 benignitate.

2079 2597 2424 2659 HOMILIA
2465 2597 2545 2657 ll.

628 2738 753 2793 Car.
802 2739 851 2792 Ι.
897 2753 949 2792 v.
998 2739 1051 2792 5.
1099 2738 1201 2806 Qui
1233 2755 1347 2794 eum
1372 2749 1437 2792 sit
1462 2740 1707 2808 splendor
1734 2741 1931 2811 glorise,
1971 2751 2018 2796 et
2044 2742 2211 2813 ﬁgura

697 2833 990 2886 substantiae
1011 2833 1141 2904 ejus,
1163 2845 1480 2904 portamque
1499 2836 1668 2890 omnia
1687 2836 1838 2889 verba
1861 2836 2060 2890 virtutis
2080 2853 2207 2902 sure,

701 2940 791 2993 per
819 2925 1141 2995 semetipsum
1165 2927 1517 2996 purgationem
1555 2937 1881 2996 peccatorum
1923 2939 2210 2982 nostrorum

698 3017 910 3086 faciens.

697 3109 749 3162 1.
794 3106 871 3161 De
905 3105 1014 3161 Deo
1054 3124 1207 3178 quam
1236 3119 1514 3164 reverenter
1553 3110 1656 3165 sive
1698 3111 1836 3180 loqui
1879 3113 1982 3166 sive
2027 3112 2209 3168 audire

624 3198 914 3252 debeamus.
943 3227 1013 3238 ——
1047 3199 1251 3269 Ubique
1280 3200 1496 3270 quidem
1533 3202 1612 3270 pia
1652 3213 1705 3255 et
1743 3203 1994 3272 religiosa
2027 3212 2206 3258 mente

622 3300 706 3344 est
730 3305 881 3360 opus.
913 3290 1152 3346 maxime
1179 3300 1356 3346 autem
1385 3293 1598 3362 quando
1620 3293 1686 3348 de
1719 3294 1827 3348 Deo
1848 3293 2044 3364 aliquid
2073 3294 2207 3349 dici-

622 3395 742 3434 mus
768 3390 823 3434 et
846 3380 1090 3435 audimus
1125 3398 1138 3434 :
1170 3397 1290 3435 nam
1321 3397 1493 3453 neque
1519 3384 1696 3453 lingua
1721 3384 1884 3454 loqui,
1915 3399 2088 3455 neque
2109 3401 2204 3440 au-

619 3471 694 3523 ris
732 3471 927 3540 aliquid
977 3473 1163 3526 audire
1208 3472 1276 3527 de
1323 3474 1431 3528 Deo
1474 3484 1647 3542 potest
1687 3491 1786 3544 pro
1816 3475 2114 3545 dignitate:
2148 3486 2203 3532 et

619 3563 742 3631 quid
771 3564 889 3617 dico
930 3564 1162 3633 linguam
1189 3575 1243 3621 et
1271 3569 1495 3622 aurem?
1525 3586 1695 3639 neque
1726 3571 1868 3624 enim
1901 3587 2051 3626 mens
2081 3587 2201 3641 qua:

618 3654 732 3708 hzec
761 3655 914 3725 longe
936 3666 1175 3726 superat,
1214 3671 1387 3727 potest
1415 3661 1611 3729 aliquid
1639 3672 1824 3715 exacte
1847 3661 2199 3732 comprehen-

616 3744 767 3810 dcrc,
799 3749 1011 3816 quando
1042 3748 1108 3802 de
1136 3749 1247 3803 Deo
1278 3752 1525 3806 volumus
1546 3753 1746 3822 aliquid
1774 3754 1970 3823 eloqui.
1997 3754 2130 3809 Nam
2152 3755 2196 3809 si

614 3849 715 3902 pax
748 3836 838 3890 Dei
865 3849 1153 3907 exsuperat
1186 3853 1399 3894 omnem
1433 3848 1688 3908 mentem,
1718 3852 1773 3897 et
1801 3858 1921 3911 quas
1952 3854 2076 3897 sunt
2104 3859 2197 3910 pa-

613 3935 726 3979 rata
758 3925 820 3979 iis
848 3923 937 3995 qui
968 3927 1137 3994 ipsum
1159 3925 1404 3996 diligunt,
1432 3926 1482 3980 in
1505 3927 1846 3982 corhominis
1870 3944 1973 3983 non
1999 3945 2190 3986 ascen-

611 4018 841 4072 derunt:
873 4018 1040 4071 multo
1071 4019 1241 4088 magis
1272 4019 1385 4087 ipse
1421 4019 1562 4073 Deus
1607 4020 1751 4088 pacis
1771 4062 1785 4088 ,
1817 4021 2188 4076 universorum

611 4109 796 4178 Opifex
819 4152 834 4176 ,
867 4123 1102 4165 nostram
1135 4122 1424 4181 exsuperat
1464 4114 1744 4168 rationem.
1795 4115 2020 4185 Oportet
2068 4133 2196 4187 ergo

611 4205 788 4257 omnia
820 4204 1096 4271 suscipere
1127 4220 1247 4258 cum
1278 4204 1379 4259 lide
1414 4214 1467 4260 et
1495 4207 1730 4275 pietate;
1764 4215 1816 4261 et
1843 4209 2057 4277 quando
2092 4209 2194 4263 im-

609 4294 803 4349 becilla
832 4295 990 4348 fuerit
1017 4297 1176 4361 ratio,
1211 4306 1268 4349 ut
1298 4311 1406 4350 non
1438 4298 1606 4365 possit
1637 4306 1824 4352 exacte
1853 4307 1905 4353 et
1947 4311 2197 4356 accurate

609 4386 884 4453 explicare
932 4395 988 4440 ct
1039 4386 1326 4440 ostendere
1367 4402 1487 4454 qua:
1537 4388 1804 4453 dicuntur,
1858 4399 1983 4445 tunc
2027 4394 2195 4462 magis

611 4478 777 4531 Deum
807 4477 1107 4544 gloriﬁcare
1128 4519 1142 4543 ,
1173 4477 1315 4547 quod
1346 4478 1504 4531 talem
1547 4479 1837 4534 habeamus
1867 4480 2036 4536 Deum
2058 4524 2073 4548 ,
2103 4485 2192 4552 qui

610 4575 847 4620 mentem
892 4575 1128 4619 nostram
1169 4575 1387 4634 superat
1429 4577 1484 4622 et
1532 4567 1969 4638 intelligentiam.
1995 4578 2182 4635 Multa1

608 4659 751 4711 enim
781 4673 846 4711 ex
878 4657 962 4720 iis,
995 4673 1115 4726 qua:
1141 4657 1207 4712 de
1236 4658 1344 4712 Deo
1371 4669 1550 4713 mente
1582 4675 1875 4725 versamus,
1906 4676 1974 4716 ne
2003 4677 2193 4732 possu-

609 4764 729 4801 mus
769 4747 985 4817 quidem
1010 4748 1186 4818 eloqui
1219 4767 1231 4802 :
1263 4759 1353 4803 aut
1379 4750 1546 4805 multa
1575 4750 1895 4821 eloquimur,
1936 4768 2041 4806 non
2070 4768 2193 4820 pos-

615 4851 802 4890 sumus
839 4846 1016 4891 autem
1064 4838 1363 4907 intelligere
1396 4858 1410 4891 :
1439 4837 1584 4891 verbi
1616 4841 1785 4906 gratia
1808 4880 1821 4902 ,
1866 4837 2006 4908 quod
2051 4839 2189 4893 Deus

616 4927 813 4996 ubique
847 4931 918 4982 sit
940 4929 1137 4982 scimus
1163 4946 1176 4993 ;
1205 4928 1473 4996 quomodo
1503 4939 1682 4983 autem
1705 4970 1719 4993 ,
1751 4946 1854 4982 non
1888 4931 2069 5000 utique
2109 4931 2190 4983 in-

621 5019 908 5088 telligimus
942 5037 955 5073 :
988 5021 1130 5090 quod
1177 5021 1247 5075 sit
1283 5021 1364 5075 vis
1405 5021 1646 5090 quadam
1691 5023 1998 5092 incorporea
2021 5062 2037 5090 ,
2081 5037 2194 5078 om-

617 5108 762 5161 nium
801 5107 1062 5164 bonorum
1104 5125 1284 5177 causa,
1332 5111 1562 5178 scimus;
1601 5114 1870 5182 quomodo
1897 5123 2075 5168 autem
2102 5115 2190 5180 sit,

615 5207 704 5250 aut
742 5213 986 5267 quamam
1019 5200 1085 5254 sit
1114 5203 1402 5256 nescimus.
1438 5201 1576 5256 Ecce
1602 5203 1862 5271 dicimus,
1899 5214 1953 5259 ct
1983 5220 2085 5258 non
2115 5205 2194 5258 in-

612 5287 924 5356 tciligimuS.
956 5289 1070 5344 Dixi
1111 5305 1230 5347 esse
1261 5293 1453 5363 ubique
1474 5335 1488 5358 ,
1521 5294 1614 5349 sed
1643 5310 1748 5349 non
1787 5295 2053 5366 intelligo;
2083 5296 2190 5352 dixi

615 5386 737 5432 esse
767 5379 880 5434 sine
912 5381 1172 5451 principio
1196 5424 1210 5448 ,
1257 5392 1310 5438 et
1349 5399 1451 5437 ιιοιι
1488 5384 1751 5455 intelligo;
1795 5385 1899 5440 dixi
1941 5388 2194 5457 genuisse

622 5484 676 5523 ex
705 5471 901 5540 seipso,
932 5483 986 5527 et
1011 5475 1190 5528 nescio
1211 5475 1476 5544 quomodo
1504 5492 1684 5531 rursus
1707 5477 2017 5547 intelligam.
2055 5478 2191 5535 Sunt

616 5577 742 5632 ergo
795 5566 1035 5633 qumdam
1087 5585 1205 5638 qua:
1257 5583 1356 5624 nec
1405 5568 1509 5624 dici
1554 5580 1777 5640 possunt
1811 5589 1825 5625 :
1859 5580 1915 5625 ut
1962 5574 2189 5638 cxcoq-li

672 5719 771 5788 [In
793 5719 1071 5788 (Jolbertino
1095 5728 1200 5788 post
1225 5723 1421 5776 allatum
1448 5726 1713 5788 Scriptura:
1737 5741 1886 5778 sacra:
1913 5727 2069 5778 locum
2108 5730 2195 5777 ho-

609 5783 737 5852 milia
773 5784 981 5852 secunda
1019 5783 1106 5834 hic
1137 5787 1329 5846 incinit,
1365 5783 1686 5839 omissisaliis
1719 5793 1958 5850 omnibus,
1998 5805 2106 5852 quae
2149 5792 2192 5838 in

612 5844 753 5893 Edito
779 5846 1146 5906 prmrdttuntur.

2328 2760 2501 2814 causa,
2538 2756 2784 2827 intelligit
2823 2763 3106 2831 cegitatio,
3151 2765 3244 2820 sed
3272 2783 3375 2821 ιιοιι
3407 2779 3580 2837 potest
3604 2771 3810 2830 dicere.
3846 2776 3918 2830 Et

2319 2846 2378 2889 ut
2408 2840 2547 2896 scias
2579 2843 2796 2901 Paulum
2825 2865 3037 2920 quoque
3074 2868 3194 2908 esse
3238 2857 3585 2927 imbecillum,
3618 2870 3674 2917 et
3717 2878 3914 2920 exem-

2322 2927 2406 2996 pla
2441 2947 2544 2986 non
2577 2948 2762 2992 exacte
2796 2939 2998 3007 dicere,
3037 2951 3093 2996 et
3115 2948 3522 3014 contremiscas,
3557 2965 3731 3021 neque
3764 2953 3914 3008 ulte-

2317 3020 2428 3074 rius
2459 3024 2657 3093 aliquid
2690 3043 2921 3097 quaeras,
2950 3034 3074 3087 audi
3105 3052 3117 3087 :
3149 3052 3268 3090 nam
3292 3054 3413 3092 cum
3437 3020 3659 3097 dixisset
3680 3044 3906 3110 Filium,

2314 3113 2666 3205 opiﬁccmque
2691 3122 2980 3186 posuisset,
3012 3125 3136 3191 quid
3167 3126 3338 3182 dicit?
3367 3129 3464 3195 Qui
3499 3147 3612 3185 cum
3635 3135 3701 3187 sit
3727 3138 3910 3205 splen-
3973 3184 3981 3190 .

2313 3203 2408 3257 dor
2433 3207 2631 3276 glorise,
2662 3221 2708 3262 et
2734 3212 2897 3279 ﬁgura
2919 3215 3214 3273 substantia:
3241 3223 3370 3289 ejus.
3404 3223 3518 3278 Hoc
3549 3227 3636 3293 pie
3655 3236 3738 3282 est
3757 3203 3909 3284 acci-

2315 3295 2567 3391 piendum
2590 3340 2604 3361 ,
2635 3310 2688 3353 et
2717 3305 3075 3361 abscindenda
3107 3326 3226 3378 quae
3256 3323 3381 3368 sunt
3418 3316 3671 3372 absurda.
3703 3321 3906 3391 Splen-

2310 3386 2404 3478 dor
2429 3387 2625 3457 gloria},
2656 3391 2850 3461 inquit.
2885 3395 2992 3452 Sed
3024 3399 3145 3454 vide
3173 3401 3237 3455 ad
3265 3403 3394 3472 quid
3427 3405 3529 3462 hoc
3556 3386 3809 3478 accipiat,
3844 3424 3902 3468 et

2307 3475 2378 3529 ita
2406 3478 2585 3548 accipe
2611 3499 2622 3533 :
2651 3483 2792 3551 quod
2822 3499 2885 3538 ex
2909 3486 3043 3555 ipso,
3069 3490 3210 3558 quod
3241 3491 3625 3561 impatibiliter,
3656 3475 3803 3568 quod
3835 3516 3905 3556 eo

2306 3582 2411 3620 non
2439 3568 2700 3626 diminuto
2731 3590 2830 3629 nec
2859 3577 3053 3633 eﬁ'ccto
3086 3582 3277 3635 minori
3307 3601 3319 3636 :
3348 3587 3600 3653 quoniam
3630 3599 3755 3644 sunt
3786 3594 3905 3662 qui-

2305 3657 2426 3712 dam
2475 3662 2565 3730 qui
2620 3664 2861 3733 quaedam
2919 3669 3145 3724 absurda
3191 3672 3258 3726 ab
3312 3676 3559 3745 exemplo
3600 3657 3898 3749 accipiunt.

2306 3749 2569 3819 Splendor
2597 3755 2736 3809 enim
2759 3798 2775 3823 ,
2808 3757 3051 3828 inquiunt
3075 3802 3086 3824 ,
3131 3777 3234 3817 non
3277 3774 3358 3819 est
3385 3767 3436 3819 in
3464 3782 3524 3821 se
3549 3770 3856 3825 consistens
3882 3813 3895 3838 ,

2305 3840 2398 3894 sed
2430 3844 2568 3910 quod
2601 3845 2668 3898 sit
2697 3845 2856 3903 habet
2884 3849 2933 3901 in
2965 3850 3091 3905 alio.

2376 3932 2609 3988 Marcelli
2663 3946 2710 3989 et
2765 3937 2978 3993 Photini
3007 3943 3230 3997 [κει-θεῖε.
3275 3944 3466 4000 Contra
3515 3948 3802 4006 Sabellium
3846 3966 3895 4009 et

2301 4022 2499 4078 Arium.
2532 4055 2600 4065 --
2627 4025 2705 4081 Ne
2741 4027 2841 4083 hoc
2871 4045 2997 4100 ergo
3023 4033 3273 4101 accipias,
3317 4051 3351 4090 ο
3391 4036 3573 4103 homo,
3603 4056 3780 4111 neque
3809 4044 3892 4098 la-

2300 4112 2457 4169 bores
2486 4119 2674 4174 morbo
2700 4119 2934 4176 Marcelli
2973 4135 3026 4177 et
3065 4125 3297 4182 Pbotini.
3333 4130 3374 4183 E
3416 4132 3718 4201 prOpinquo
3741 4137 3890 4190 enim

2300 4205 2391 4257 tibi
2426 4209 2692 4275 medetur,
2745 4228 2810 4264 ne
2859 4213 2910 4266 in
2963 4215 3112 4269 illum
3159 4220 3445 4287 cogitataut
3495 4223 3738 4292 incidas;
3786 4244 3891 4283 nec

2300 4299 2561 4364 permittit
2606 4311 2664 4353 ut
2711 4302 3010 4359 detnrbcris
3057 4308 3109 4360 in
3141 4312 3496 4378 perniciosum
3545 4316 3695 4372 illum
3735 4335 3888 4375 mor-

2297 4386 2444 4439 bum.
2489 4389 2625 4455 Quid
2671 4403 2848 4447 autem
2880 4395 3046 4449 dicit?
3076 4396 3146 4451 Et
3187 4401 3352 4471 figura
3393 4404 3688 4463 substantia:
3736 4412 3887 4480 ejus;

2293 4477 2570 4533 declarans
2626 4483 2787 4550 quod,
2841 4486 2980 4541 sicut
3032 4489 3146 4557 ipse
3192 4494 3261 4546 sit
3312 4495 3362 4548 in
3415 4494 3691 4566 hypostasi
3745 4477 3881 4569 sua,

2297 4569 2491 4623 nullius
2534 4571 2777 4643 indigens
2810 4593 2823 4627 :
2854 4578 2923 4630 ita
2954 4579 3112 4633 etiam
3145 4581 3330 4639 Filius.
3362 4585 3458 4641 llic
3488 4589 3632 4644 enim
3665 4590 3769 4646 hoc
3799 4593 3884 4648 di-

2292 4658 2382 4719 cit,
2409 4662 2697 4718 ostendens
2725 4681 2828 4719 non
2857 4682 2978 4722 esse
3009 4669 3370 4728 diversitatem
3401 4693 3497 4732 nec
3520 4679 3686 4735 ullam
3713 4682 3882 4738 dissi-

2295 4745 2670 4814 militudinem,
2717 4759 2772 4803 ct
2808 4753 3075 4820 propriam
3106 4769 3225 4810 esse
3262 4756 3483 4827 ﬁguram
3512 4770 3568 4815 et
3590 4763 3878 4819 characte-

2293 4850 2406 4888 rem
2434 4840 2702 4907 prototypi
2731 4854 2824 4894 seu
2856 4844 3193 4912 exemplaris,
3227 4857 3280 4901 ct
3311 4849 3450 4918 quod
3481 4866 3575 4920 per
3599 4867 3658 4908 se
3690 4857 3878 4910 consi-

2293 4935 2416 4979 Stat.
2460 4927 2590 4982 Nam
2627 4930 2717 5000 qui
2747 4931 2881 4988 dixit
2910 4938 3156 5005 superius
3179 4979 3194 5005 ,
3237 4941 3378 5009 quod
3411 4957 3503 5011 per
3528 4944 3701 5014 ipsum
3734 4948 3878 5004 Deus

2293 5015 2418 5071 fecit
2446 5021 2646 5084 omnia,
2672 5020 2759 5076 hic
2789 5023 2878 5078 dat
2903 5026 2952 5080 ei
2982 5030 3374 5085 auctoritatem.
3406 5033 3542 5100 Quid
3569 5037 3714 5091 enim
3746 5039 3876 5094 sub-

2287 5108 2496 5181 juugit?
2525 5111 2843 5186 Portansque
2869 5119 3039 5172 omnia
3069 5121 3214 5176 verba
3241 5125 3438 5178 virtutis
3459 5143 3596 5193 suat;
3624 5138 3682 5184 ut
3707 5145 3773 5186 ex
3805 5146 3875 5186 eo

2291 5200 2611 5268 accipiamus
2634 5219 2739 5258 non
2768 5207 2938 5262 solum
2972 5209 3194 5280 figuram
3227 5213 3558 5282 substantiae,
3591 5218 3684 5273 sed
3706 5219 3870 5276 etiam

2289 5289 2431 5359 quod
2480 5295 2655 5348 omnia
2696 5296 2960 5366 gubernet
3003 5316 3124 5356 cum
3175 5305 3512 5363 auctoritate.
3561 5307 3696 5365 Vide
3739 5327 3871 5383 ergo

2288 5382 2554 5449 quomodo
2576 5386 2715 5455 quod
2744 5398 2825 5442 est
2853 5393 3124 5460 proprium
3149 5393 3341 5460 Patris,
3373 5395 3474 5449 hoc
3501 5399 3685 5454 tribuit
3709 5382 3869 5458 Filio.

2287 5471 2416 5525 Nam
2447 5487 2724 5542 propterea
2751 5493 2854 5532 non
2882 5480 3017 5535 dixit
3041 5483 3302 5548 absolute,
3336 5485 3654 5557 Portansque
3674 5495 3866 5561 omnia,

2288 5578 2459 5632 neque
2481 5565 2632 5629 dixit,
2663 5568 2867 5626 Virtute
2893 5587 3008 5636 sua,
3037 5574 3152 5641 sed,
3197 5574 3352 5630 Verbo
3379 5580 3572 5635 virtutis
3599 5598 3724 5636 suae.
3748 5583 3868 5640 Sic-

2288 5662 2345 5705 ut
2371 5655 2509 5711 enim
2541 5658 2694 5713 nobis
2723 5677 2891 5730 nuper
2935 5666 3186 5732 paulatim
3224 5670 3543 5725 ascendebat
3566 5673 3865 5731 ctdescen-

2286 5745 2447 5800 debat
2481 5768 2492 5802 :
2525 5751 2591 5802 ita
2639 5767 2778 5807 nunc
2806 5770 3017 5825 quoque
3048 5767 3314 5828 tamquam
3346 5762 3598 5830 gradibus
3627 5769 3868 5824 ascendit

2287 5839 2338 5891 in
2383 5842 2544 5894 altmn
2566 5885 2579 5911 ,
2615 5844 2806 5900 deinde
2838 5863 3021 5905 rursus
3051 5851 3299 5908 deorsum
3327 5853 3504 5925 ducit,
3538 5869 3590 5913 et
3617 5860 3725 5930 ait,
3764 5861 3865 5916 Per
