4020 6404
204 349 261 402 19
1092 340 1154 395 ΙΝ
1215 338 1433 395 EPIST.
1476 339 1565 397 AD
1606 334 1970 392 IIEBHJEOS.
2015 333 2165 389 CAP.
2209 330 2248 387 Ι.
2294 328 2532 386 HOMIL.
2576 328 2644 383 II.
3442 330 3514 386 20

270 460 577 529 Ποιήσατε
608 460 751 528 ὑμῖν
781 459 998 527 φίλους
1031 459 1097 510 ἐκ
1129 457 1234 510 τοῦ
1251 453 1505 525 μαμωνᾶ
1538 453 1645 523 τῆς
1674 453 1803 506 ἀδι-

199 548 358 610 κίας.
395 543 606 596 υύκοῦν
658 542 1089 609 ὑπακούσωμεν,
1139 539 1447 606 Δεσποτικὴ
1492 538 1603 607 γάρ
1652 538 1803 627 ἐστιν

197 626 415 697 ἐντολὴ,
449 630 543 681 καὶ
568 628 637 678 τά
676 624 913 694 περιττά
942 624 1036 677 τοῦ
1077 622 1312 677 πλούτου
1345 625 1424 683 εἰς
1450 624 1578 684 τοὺς
1611 620 1803 688 δεομέ-

197 727 324 771 νους
369 710 758 780 σκορπίσωμεν
794 722 807 736 ·
854 706 1224 776 ὲργασώμεθα
1268 703 1662 773 ἐλεημοσύνην,
1698 703 1803 765 ἕως

196 790 369 860 ἐσμὲν
402 793 583 862 κύριοι
609 807 621 819 ·
649 790 809 843 τοῦτο
853 790 963 860 γάρ
1008 791 1125 841 ἐστι
1153 789 1215 841 τὸ
1239 829 1253 852 ,
1292 788 1479 857 φίλους
1512 789 1694 840 ποιεῖν
1738 788 1804 838 ἐκ

197 875 294 927 τοῦ
326 875 566 944 μαμωνᾶ
590 889 602 901 ⁸
635 872 971 943 κενώσωμεν
996 872 1065 926 τά
1086 873 1345 942 χρήματα
1370 873 1450 933 εἰς
1480 871 1607 932 τοὺς
1636 869 1802 938 πένη-

197 976 299 1021 τας
324 998 338 1018 ,
379 959 465 1010 ἵνα
508 955 842 1027 κενώσωμεν
883 958 1061 1009 ἐκεῖνο
1103 956 1165 1009 τὸ
1213 954 1324 1026 πῦρ
1350 995 1365 1019 ,
1396 955 1482 1008 ἵνα
1516 953 1801 1023 σϐέσωμεν

197 1041 357 1106 αὐτὸ,
386 1042 473 1093 ἵνα
499 1040 716 1111 ἔχωμεν
754 1040 1072 1113 παρρησίαν
1117 1040 1255 1094 ἐκεῖ.
1286 1041 1396 1093 Καὶ
1421 1039 1531 1109 γὰρ
1561 1040 1679 1091 ἐκεῖ
1701 1038 1802 1107 οὑχ

198 1118 347 1176 οὗτοί
376 1124 515 1176 εἰσιν
542 1125 591 1175 οἰ
619 1124 898 1193 δεχόμενοι
930 1123 1101 1193 ἡμᾶς,
1139 1122 1276 1175 ἀλλά
1300 1121 1363 1173 τὸ
1396 1121 1554 1192 ἔργον
1575 1120 1637 1173 τὸ
1659 1119 1801 1190 ἠμέ-

195 1222 380 1273 τερον.
422 1206 545 1258 Ὀτι
576 1206 686 1275 γὰρ
729 1206 827 1275 οὐχ
863 1203 1051 1268 ἁπλῶς
1092 1206 1154 1258 τὸ
1199 1206 1387 1274 φίλους
1416 1206 1549 1274 ἡμῖν
1578 1202 1801 1265 τούτους

196 1284 343 1341 εἶναι
377 1288 549 1342 σῶσαι
575 1288 819 1350 δύναται,
850 1288 929 1340 ένι
959 1287 1116 1341 τοῦτο
1149 1288 1340 1357 μαθεῖν
1372 1286 1481 1341 ἀπὸ
1505 1288 1605 1357 τῆς
1635 1303 1802 1353 προσ-

197 1370 393 1440 θήκης.
434 1370 533 1423 Διά
560 1370 613 1423 τί
652 1370 761 1441 γάρ
790 1371 891 1423 οὐκ
918 1366 1071 1435 εἷπε,
1106 1372 1375 1441 Ποιήσατε
1417 1370 1546 1440 ὑμῖν
1585 1369 1797 1438 φίλους.

199 1453 289 1505 ῖνα
319 1453 581 1519 δέξωνται
610 1454 756 1523 ὑμᾶς
798 1456 875 1517 εἰς
913 1454 1013 1517 τὰς
1047 1454 1303 1517 αἰωνίους
1345 1454 1526 1508 αὑτῶν
1569 1454 1799 1524 σκηνὰς,

195 1533 337 1587 ἀλλά
362 1536 673 1608 προσέθηκε
703 1537 907 1590 καὶτὸν
927 1538 1132 1607 τρόπον
1155 1554 1169 1602 ;
1200 1537 1371 1591 εἰπὼν
1394 1536 1524 1607 γὰρ,
1570 1537 1663 1590 Ἐκ
1691 1537 1801 1591 τοῦ

191 1616 453 1687 μαμωνᾶ
490 1618 602 1688 τῆς
633 1620 873 1685 ἀδικίας
897 1660 912 1685 ,
942 1620 1146 1687 ἔδειξεν
1174 1622 1255 1673 ὅτι
1294 1620 1403 1674 ἀπὸ
1442 1619 1553 1673 τῶν
1583 1619 1802 1698 χρημά-

194 1716 307 1751 των
342 1702 615 1771 προσήκει
649 1702 873 1773 ποιῆσαι
894 1703 1120 1766 τούτους
1146 1703 1354 1772 φίλους,
1384 1701 1563 1771 δηλῶν
1596 1704 1679 1755 ὅτι
1700 1703 1803 1773 οὑχ

196 1784 390 1848 ἁπλῶς
423 1787 796 1859 προστήσεται
824 1787 980 1857 ἡμῶν
1027 1788 1202 1856 φιλία,
1246 1787 1344 1841 έάν
1385 1786 1460 1859 μὴ
1491 1786 1629 1859 ἔργα
1662 1786 1803 1856 ἔχω⁹

199 1884 303 1937 μιν
346 1868 555 1936 ἀγαθὰ,
584 1870 680 1924 ὲάν
713 1870 787 1941 μὴ
832 1871 927 1924 τὸν
969 1872 1172 1935 ἀδίκως
1205 1871 1535 1940 συλλεγέντα
1570 1868 1806 1924 πλοῦτον

195 1951 427 2019 δικαίως
460 1953 813 2025 κενώσωμεν.
854 1948 1027 2019 Οὗτος
1074 1954 1132 2009 δὲ
1175 1957 1204 2009 6
1255 1954 1413 2025 λόγος
1457 1956 1592 2025 ἡμῖν
1630 1954 1660 2007 ὁ
1701 1953 1805 2023 τῆς

478 2344 495 2383 ι

1908 449 2283 521 ὲλεημοσύνης
2313 450 2373 501 οὑ
2407 447 2547 518 πρὸς
2574 445 2703 507 τοὺς
2729 443 3025 507 πλουσίους
3062 443 3224 515 μόνον
3257 445 3517 517 ἁρμόσει,
3583 476 3586 483 ν

1905 535 2042 588 ἀλλὰ
2070 536 2165 588 καὶ
2197 534 2335 606 πρὸς
2352 534 2479 594 τοὺς
2514 531 2778 599 πένητας.
2805 528 2927 582 Κᾶν
3017 546 3101 592 τις
3129 531 3195 583 ὲκ
3216 530 3314 583 τοῦ
3337 547 3519 602 προσ-

1906 620 2081 670 αιτεῖν
2113 617 2486 688 τρεφόμενος,
2536 616 2631 667 καὶ
2681 614 2817 683 πρὸς
2864 611 3029 665 αὐτόν
3080 613 3233 665 ὲστιν
3284 615 3314 667 6
3359 613 3520 682 λόγος

1903 696 2061 765 οὗτος
2085 719 2098 733 ·
2132 702 2193 755 ού
2229 700 2339 771 γάρ
2387 700 2559 763 ἐστιν,
2590 698 2689 751 οὑκ
2724 697 2874 749 ἔστιν
2906 694 3082 758 οὕτως
3113 695 3288 760 οὐδεὶς
3322 698 3516 766 πένης,

1905 784 2009 839 κᾶν
2039 786 2246 855 σφόδρα
2295 778 2529 854 πένης
2560 820 2574 840 ,
2620 780 2696 844 ὡς
2736 778 2831 832 δύο
2873 777 3091 830 λεπτῶν
3129 779 3203 849 μὴ
3235 780 3519 851 εὐπορεῖν.

1908 871 2128 923 Ἕνεστι
2158 868 2293 937 γοῦν
2324 866 2420 921 καὶ
2449 867 2509 930 ἐξ
2546 866 2745 934 ὀλίγων
2777 864 2937 931 ὀλίγα
2969 864 3154 927 δόντα,
3184 866 3313 928 τοὺς
3348 864 3521 918 πολλά

1905 954 2290 1022 κεκτημένους
2340 949 2754 1021 ὑπερϐαλέσθαι
2806 948 3035 1002 πλείονα
3080 947 3329 1011 διδόντας
3360 965 3372 979 ⁸
3422 966 3523 1002 κα-

1905 1037 2087 1107 θάπερ
2112 1035 2341 1105 κάκείνη
2370 1038 2402 1103 ἡ
2432 1035 2601 1104 χήρα.
2649 1031 2725 1085 Ού
2758 1034 2869 1102 γὰρ
2897 1031 3194 1114 τῷἱμέτρῳ
3238 1032 3348 1085 τῶν
3379 1031 3522 1085 διδο⁴

1907 1119 2108 1189 μένων,
2140 1119 2280 1172 ἀλλά
2309 1121 2376 1188 τῇ
2417 1117 2649 1186 δυνάμει
2687 1118 2784 1170 καὶ
2817 1118 2883 1187 τῇ
2926 1115 3252 1187 προαιρέσει
3286 1115 3399 1168 τῶν
3442 1115 3523 1169 δι-

1902 1202 2105 1256 δόντων
2136 1201 2385 1271 κρίνεται
2418 1200 2515 1270 τῆς
2550 1199 2933 1270 ὲλεημοσύνης
2961 1200 3023 1252 τὸ
3056 1198 3312 1269 μέγεθος.
3356 1198 3519 1251 Ὥστε

1904 1285 2184 1355 πανταχοῦ
2217 1282 2600 1355 προαιρέσεως
2632 1284 2765 1354 ἡμῖν
2808 1282 2910 1349 δεῖ,
2943 1280 3224 1352 πανταχοῦ
3253 1281 3354 1351 τῆς
3383 1280 3525 1352 πρὸς

1902 1370 1995 1423 τὸν
2019 1368 2154 1422 Θεὸν
2181 1369 2427 1437 ἀγάπης.
2477 1366 2607 1420 Ἐὰν
2654 1364 2796 1435 μετὰ
2838 1365 3050 1438 ταύτης
3092 1366 3321 1423 ἅπαντα
3346 1366 3524 1441 πράτ-

1902 1469 2108 1523 τωμεν,
2150 1451 2255 1505 κᾶν
2288 1450 2464 1521 μικρά
2515 1449 2735 1521 ἔχοντες
2785 1450 2963 1521 μικρά
3006 1449 3223 1518 δῶμεν,
3251 1449 3353 1503 οὐκ
3382 1449 3522 1502 ἀπο-

1906 1536 2132 1608 στρέψει
2165 1536 2194 1589 6
2220 1534 2355 1599 Θεὸς
2387 1535 2450 1589 τὸ
2482 1535 2779 1605 πρόσωπον
2810 1532 2999 1598 αὑτοῦ,
3033 1533 3176 1589 ἀλλά
3201 1532 3418 1600 δέξεται
3445 1531 3525 1594 ὡς

1908 1619 2123 1689 μεγάλα
2154 1618 2251 1672 καὶ
2297 1616 2613 1689 θαυμαστά.
2652 1615 2732 1688 Τῇ
2762 1616 2873 1689 γὰρ
2918 1616 3242 1687 προαιρέσει
3267 1658 3283 1685 ,
3312 1616 3375 1669 οὑ
3406 1617 3526 1677 τοῖς

1902 1702 2207 1773 διδομένοις
2235 1700 2500 1774 προσέχει
2526 1718 2540 1732 ⁸
2566 1700 2670 1754 κᾶν
2692 1700 2913 1777 ἐκείνην
2937 1700 3021 1771 ῖδῃ
3052 1699 3299 1771 μεγάλην
3327 1695 3521 1762 οὖσαν,

1902 1784 2083 1857 ταύτῃ
2112 1785 2323 1840 τίθεται
2354 1786 2453 1848 τὰς
2477 1786 2695 1857 ψήφους
2722 1784 2819 1838 καὶ
2849 1783 3087 1855 κρίσεις,
3121 1784 3216 1838 καὶ
3240 1782 3351 1837 τῶν
3390 1784 3524 1835 αἰω-

1906 1870 2036 1925 νίων
2056 1868 2283 1938 ἀγαθῶν
2312 1871 2458 1923 ποιεῖ
2477 1868 2743 1939 μετόχους
2764 1883 2779 1898 ⁸
2803 1859 2880 1922 ὧν
2903 1865 3122 1936 γένοιτο
3137 1868 3348 1931 πάντας
3371 1865 3523 1938 ἡμᾶς

1908 1954 2210 2024 ἐπιτυχεῖν,
2237 1953 2427 2025 χάριτι
2458 1954 2556 2007 καὶ
2586 1951 3001 2024 φιλανθρωπίᾳ.

1672 2498 1927 2557 ΟΜΙΛῘΛ
1987 2496 2069 2553 B’.

199 2609 250 2686 [1
260 2630 318 2721 ἦ]
328 2632 917 2721 ἶοςῶζῗάστιιύυασμρ
932 2635 1042 2721 τῆς
1056 2635 1243 2703 δόξης
1257 2639 1353 2721 καὶ
1370 2637 1682 2721 χαρακτὴρ
1692 2636 1770 2721 τῆ
1772 2660 1805 2705 ς

267 2701 672 2777 ὖποστᾴσεῳς
706 2701 918 2777 αὑτοῦ,
948 2701 1152 2777 φέρων-ν
1178 2701 1243 2777 τὲ
1268 2709 1350 2765 κτὰ
1370 2701 1571 2763 πάντα
1597 2701 1677 2776 τῷ
1691 2701 1805 2777 pi};

267 2790 409 2851 μαζι
440 2772 550 2840 τῆς
578 2772 893 2851 δυιςάμεως
929 2772 1138 2851 αὐτοςῦ,
1171 2776 1245 2830 δι’
1288 2778 1521 2851 ἑαυτοᾷ
1550 2772 1797 2851 καθάρι-

266 2843 435 2915 σμὸν
463 2842 876 2914 ποιησάμενος
906 2844 1027 2901 τῶν
1054 2845 1361 2917 ἁμαρτιῶν
1396 2848 1589 2920 ἡμῶν.

269 2977 343 3033 α’.
371 2977 661 3049 Πανταχοῦ
692 2978 793 3050 μὲν
814 2979 1081 3047 εὐλαϐοῦς
1097 2982 1344 3047 διανοίας
1362 2985 1465 3050 δεῖ,
1495 2987 1733 3058 μάλιστα
1747 2988 1803 3044 δὲ

197 3063 329 3117 ὅταν
360 3062 491 3133 περὶ
522 3061 659 3115 Θεοῦ
697 3062 950 3144 λέγωμέν
976 3082 1030 3117 τι
1058 3066 1155 3120 καὶ
1177 3067 1470 3140 ἀκούωμεν
1490 3085 1506 3101 ⁸
1529 3070 1662 3125 οὔτε
1694 3072 1804 3144 γάρ

198 3144 426 3213 γλῶσσα
466 3146 661 3211 εἰπεῖν,
705 3145 831 3199 οὗτε
874 3142 965 3211 οῦς
1012 3148 1250 3203 ἀκοῦσαι
1290 3151 1475 3222 πρὸςι
1523 3145 1680 3220 ἀξίαν
1708 3142 1805 3209 τοῦ

198 3226 336 3281 Θεοῦ
364 3244 419 3280 τι
445 3227 669 3281 δύναται
697 3243 711 3257 ⁸
744 3229 840 3283 καὶ
868 3229 919 3282 τί
952 3229 1096 3300 λέγω
1129 3232 1378 3300 γλῶτταν
1409 3235 1502 3288 καὶ
1531 3233 1623 3300 οῦς
1645 3255 1658 3303 ;
1684 3238 1807 3292 οὐδὲ

199 3310 310 3379 γάρ
341 3310 371 3362 6
414 3309 543 3372 νοῦς
572 3310 601 3363 6
630 3310 767 3364 πολὺ
807 3312 1016 3366 τούτων
1057 3315 1345 3386 ὑπερέχων
1370 3356 1386 3384 ,
1421 3319 1715 3391 δυνήσεταί
1745 3339 1798 3374 τι

200 3393 522 3464 περιλαϐεῖν
567 3394 844 3465 ἀκριϐῶς,
877 3396 1007 3451 ὅταν
1046 3400 1176 3470 περὶ
1219 3400 1355 3455 Θεοῦ
1385 3419 1439 3455 τι
1469 3402 1807 3472 φθέγγεσθαι

202 3475 548 3546 βουλώμεθα.
570 3477 634 3531 ΕΞ
656 3476 763 3549 γάρ
785 3480 817 3550 ὴ
844 3481 1037 3554 εἰρήνη
1063 3483 1159 3535 τοῦ
1180 3482 1315 3537 Θεοῦ
1339 3485 1599 3557 ὑπερέχει
1628 3489 1807 3542 πάντα

199 3558 349 3622 νοῦν,
383 3561 479 3614 καὶ
504 3560 573 3613 τά
606 3564 990 3633 ἡτοιμασμένοι
1034 3569 1149 3629 τοῖς
1189 3569 1482 3635 ἀγαπῶσιν
1516 3571 1679 3625 αὑτὸν
1716 3574 1809 3627 ἐπὶ

200 3641 435 3712 καρδίαν
465 3642 757 3715 ἀνθρώπου
788 3646 890 3700 οὑκ
932 3649 1103 3719 ἀνέϐη
1136 3666 1148 3679 ⁸
1183 3651 1364 3722 πολλῷ
1398 3654 1599 3723 μᾶλλον
1645 3650 1808 3719 αὐτὸς

195 3726 225 3777 6
245 3725 350 3795 τῆς
372 3725 598 3795 εἰρήνης
619 3726 774 3790 Θεὸς,
796 3728 825 3780 6
850 3728 960 3783 τῶν
981 3731 1237 3785 ἁπάντων
1256 3735 1623 3806 Δημιουργὸς,
1649 3738 1807 3807 ὑπερ-

199 3807 377 3861 ϐαίνει
406 3807 587 3879 πολλῷ
617 3810 697 3879 τῷ
743 3812 928 3883 μέτρῳ
959 3813 1047 3867 τὸν
1079 3816 1352 3887 ἡμέτερον
1400 3819 1681 3891 λογισμόν.
1716 3824 1810 3876 Δεῖ

198 3891 382 3943 τοίνυν
406 3891 547 3961 μετά
578 3892 816 3958 πίστεως
846 3896 941 3948 καὶ
962 3898 1249 3973 εὐλαϐείας
1276 3900 1496 3974 ἅπαντα
1520 3903 1803 3973 δέχεσθαι·

200 3976 299 4061 καῖ
334 3976 710 4061 ὃταν-ό-λόγος
738 3979 1101 4053 ἐξασθενήσῃ,
1136 3972 1232 4037 καὶ
1261 3986 1337 4055 μὴ
1365 3972 1807 4061 δύνηταιίπαρα-

202 4058 406 4126 στῆσαι
438 4058 507 4112 τά
536 4058 811 4129 λεγόμενα
852 4064 989 4132 μετὰ
1031 4066 1323 4135 ἀκριϐείας
1350 4108 1365 4131 ,
1402 4070 1529 4123 τότε
1572 4058 1809 4140 μάλιστα

199 4142 450 4206 δοξάζειν
480 4144 573 4197 τὸν
605 4144 760 4209 Θεὸν,
793 4146 874 4199 ὅτι
903 4146 1035 4201 Θεὸν
1058 4150 1302 4205 τοιοῦτον
1340 4153 1558 4223 ἔχομεν,
1588 4156 1681 4209 καί
1709 4156 1808 4227 τὴν

200 4225 447 4307 διάνοιαν
483 4227 641 4296 ἡμῶν
673 4231 765 4284 καὶ
800 4231 891 4283 τὸν
939 4231 1098 4301 λόγον
1140 4236 1549 4307 ὑπερϐαίνοντα
1575 4256 1590 4270 ⁸
1636 4225 1811 4295 πολλά

200 4307 316 4392 γάρ
354 4303 431 4362 ὧν
462 4312 591 4380 περὶ
620 4311 757 4365 Θεοῦ
789 4314 1016 4385 νοοῦμεν
1043 4316 1071 4355 b
1092 4356 1105 4377 .
1146 4318 1208 4370 ού
1250 4303 1458 4391 ίρράσαι
1488 4323 1769 4392 δυνάμεθα
1789 4339 1807 4359 ⁸

200 4390 234 4461 ἢ
268 4392 443 4476 πολλὰ
471 4394 573 4458 μὲν
608 4395 915 4466 φράζομεν,
946 4400 1137 4468 νοῆσαι
1164 4400 1222 4454 δὲ
1249 4390 1348 4456 οὑκ
1380 4390 1639 4476 ἰσχύομεν
1659 4424 1673 4438 ⁸
1699 4402 1819 4461 οἶόν·

198 4491 253 4528 τι
281 4475 450 4546 λέγω,
474 4478 556 4531 ὅτι
582 4480 865 4551 πανταχοῦ
900 4483 1001 4551 μὲν
1024 4484 1204 4549 όΘεὸς
1233 4485 1414 4556 ἴσμεν,
1440 4475 1559 4553 πῶς
1576 4492 1652 4556 δὲ,
1681 4494 1810 4545 06x-

205 4560 288 4611 ἐτι
355 4559 591 4630 νοοῦμεν
618 4577 633 4591 ⁸
668 4564 753 4617 ὄτι
788 4565 908 4618 ἐστί
952 4583 1039 4631 τις
1083 4567 1378 4640 ἀσώματος
1406 4571 1641 4644 δύναμις
1672 4578 1809 4629 πάν-

202 4658 315 4695 των
351 4643 504 4695 αἰτία
545 4643 655 4697 τῶν
690 4646 939 4714 ἀγαθῶν,
984 4649 1145 4719 ῖσμεν
1174 4692 1186 4716 ,
1224 4653 1342 4715 πῶς
1388 4654 1445 4708 δέ
1486 4643 1656 4723 ἐστιν,
1709 4662 1809 4713 οὐκ

205 4725 386 4795 ἴσμεν,
437 4727 568 4781 Ἰδοὺ
606 4730 926 4802 φράζομεν,
968 4734 1063 4788 καὶ
1106 4737 1165 4789 ού
1210 4738 1462 4808 νοοῦμεν.
1514 4737 1685 4797 Εἶπον
1727 4746 1809 4798 ὅτι

203 4811 486 4881 πανταχοῦ
510 4813 678 4880 ἔστιν,
708 4815 823 4869 ἀλλ’
840 4817 898 4870 ού
920 4818 1027 4872 νοῶ
1046 4837 1058 4849 ⁸
1084 4816 1239 4874 εἷπον
1262 4824 1343 4875 ὅτι
1372 4823 1610 4896 ἀναρχός
1635 4829 1806 4892 ἐστιν,

204 4894 390 4947 ἀλλὀὐ
422 4895 529 4948 νοῶ
551 4912 564 4925 ⁸
593 4896 749 4951 εἶπον
779 4900 861 4953 ὅτι
891 4902 1182 4973 ἐγέννησεν
1218 4905 1275 4971 ἐξ
1323 4894 1548 4972 ἑαυτοῦ,
1583 4911 1679 4962 καὶ
1709 4914 1809 4965 οὑκ

204 4973 318 5029 οἶδα
355 4977 475 5041 πῶς
501 4979 665 5065 πάλιν
694 4982 895 5053 νοήσω.
928 4986 1117 5038 Ἔστιν
1143 4984 1237 5041 οῦν
1262 5006 1403 5054 τινα,
1434 4990 1470 5043 ἃ
1502 4993 1638 5061 μηδὲ
1668 4996 1809 5065 φρά-

207 5077 298 5113 σαι
330 5060 415 5115 ἔνι
439 5077 454 5092 ⁸
487 5055 599 5116 οἷόν
627 5082 681 5117 τι
710 5065 875 5134 λέγω,
905 5072 1019 5122 νοεῖ
1046 5072 1077 5139 ἡ
1107 5071 1318 5127 διάνοια
1338 5114 1352 5138 ,
1384 5055 1719 5129 ἀλλ’ἐίπείξμ.
1746 5081 1805 5132 ού

205 5142 456 5197 δύναται.
496 5145 605 5200 Καὶ
643 5148 731 5203 ἵνα
766 5150 917 5221 εἰδῇς
944 5153 1038 5206 καὶ
1074 5154 1290 5208 Παῦλον
1325 5157 1683 5225 ἀσθενοῦντα,
1713 5164 1807 5216 καὶ

211 5226 287 5317 μὴ
313 5227 452 5317 14:96;
474 5229 762 5317 ἀκρίϐειαν
790 5234 858 5285 τὰ
888 5235 1266 5306 ὑποδείγματα
1293 5240 1545 5308 λέγοντα,
1575 5245 1809 5317 καὶφρί-

213 5309 307 5382 ξῃς
343 5313 437 5396 καί
474 5312 642 5383 μηδὲν
688 5319 1005 5389 περαιτέρω
1054 5321 1334 5396 ζητήσῃς,
1379 5326 1545 5381 ἄκουε
1574 5346 1586 5357 ⁸
1638 5309 1809 5384 εἰπὼν

209 5400 319 5461 γαρ
350 5394 500 5459 Υίὸν,
534 5398 628 5448 καὶ
663 5398 777 5463 θεῖς
817 5402 1177 5473 δημιουργὸν,
1220 5394 1273 5459 τί
1321 5410 1559 5477 ἐπάγεις
1600 5414 1695 5478 ’Ὸς
1725 5413 1810 5467 ὢν

210 5478 581 5549 ἀπαύγασμα
608 5482 716 5552 τῆς
738 5484 926 5554 δόξης
945 5489 1043 5542 καὶ
1074 5492 1382 5563 χαρακτὴρ
1412 5495 1521 5563 τῆς
1540 5498 1808 5551 ὑποστά-

272 5672 500 5749 ξῐῖρεπ.,
543 5677 778 5749 Cqquel.
802 5684 855 5749 ep
884 5695 1050 5749 marg.
1088 5683 1261 5744 Savil.,
1312 5687 1411 5735 ἐπεὶ
1437 5689 1555 5749 μήτε
1604 5689 1750 5738 εἰπεῖν
1778 5694 1807 5747 ἡ

212 5733 559 5809 γλῷτταήῖιαήτε
583 5739 788 5809 ἀκοῦσαι
822 5747 851 5800 ἡ
878 5740 1061 5809 διάνοια
1095 5749 1209 5809 πρὸς

218 5856 227 5865 ἢ
278 5797 304 5835 ὶι
333 5797 387 5907 In:
407 5800 525 5849 (ἶιιλιι
570 5801 628 5849 ab
655 5805 729 5852 his
753 5797 933 5867 ι’(ιτὶιὶς,
964 5797 1142 5856 11ολ>ἀ¹
1167 5797 1315 5873 γὰρ...
1345 5811 1559 5875 νοοῦμεν,
1611 5814 1808 5863 lmmilia

218 5870 363 5907 “actm
394 5894 404 5907 .

214 5870 404 5921 uacnpu.

1911 2653 2070 2709 σεως
2102 2641 2314 2698 αὐτοῦ.
2367 2641 2540 2697 Τοῦτο
2567 2641 2625 2697 δὲ
2678 2641 2800 2713 μετ’
2828 2641 3121 2708 εὐλαϐείας
3153 2644 3523 2716 ἐκλαμϐάνειν

1905 2719 2005 2790 δεῖ,
2040 2726 2137 2779 καὶ
2162 2725 2231 2779 τὰ
2266 2726 2446 2780 ἀτοπα
2478 2726 2801 2799 περικόψαι.
2843 2728 3234 2798 Ἀπαύγασμα
3264 2730 3377 2798 τῆς
3420 2730 3524 2785 δό-

1908 2807 2041 2875 ξης.
2072 2810 2256 2878 φησίν.
2299 2811 2442 2864 ’Δλλ’
2462 2813 2565 2883 ὅρα
2600 2811 2739 2883 πρὸς
2775 2812 2999 2887 τίιαύτὸ
3028 2813 3394 2884 ἐκλαμϐάνει,
3425 2817 3526 2870 καὶ

1908 2891 2028 2965 [Η]
2047 2892 2191 2947 οὕτω
2217 2894 2313 2947 καὶ
2344 2895 2510 2959 αὑτὸς
2536 2895 2695 2966 δέχου
2715 2913 2729 2927 ⁸
2751 2897 2835 2949 ὅτι
2865 2894 2925 2961 ἐξ
2948 2897 3141 2966 αὑτοῦ,
3163 2900 3246 2952 ὅτι
3273 2899 3523 2963 ἀπαθῶς,

1907 2975 1991 3028 ὅτι
2033 2976 2094 3029 οὐ
2148 2977 2480 3046 μειωθέντος
2520 2979 2645 3032 οὑδὲ
2691 2979 3123 3045 ἐλαττωθέντος⁸
3179 2983 3371 3054 ἐπειδή
3418 2982 3527 3037 εἰσί

1908 3075 2056 3121 τινες
2072 3060 2255 3113 ἄτοπά
2277 3078 2403 3115 τινα
2425 3061 2490 3115 ὲκ
2507 3062 2601 3116 τοῦ
2628 3062 3034 3134 ὑποδείγματος
3057 3065 3524 3137 ἐκλαμϐάνοντες.
3595 3063 3599 3067 ’

1908 3142 1984 3195 Τὸ
2012 3144 2124 3214 γὰρ
2152 3143 2536 3215 ἀπαύγασμα,
2571 3148 2762 3215 φασὶν,
2800 3149 3174 3204 ὲνυπόστατον
3216 3150 3318 3205 οὐκ
3352 3151 3528 3221 ἔστιν,

1908 3226 2026 3279 ἀλλ’
2060 3227 2118 3278 ὲν
2144 3227 2319 3298 ἑτέρῳ
2358 3227 2473 3297 ἔχει
2508 3229 2570 3283 τὸ
2599 3228 2762 3287 εἶναι.

1980 3309 2075 3381 Μὴ
2103 3310 2264 3364 τοῦτο
2288 3313 2470 3366 τοίνυν
2498 3314 2761 3385 ὲκλάϐῃς,
2794 3314 3077 3387 ἄνθρωπε.
3104 3317 3243 3387 μηδὲ
3263 3318 3529 3389 Μαρκέλ-

1910 3392 2004 3445 λου
2040 3394 2133 3446 καὶ
2161 3394 2434 3448 Φωτεινοῦ
2462 3398 2699 3471 νοσήσῃς
2740 3398 2839 3469 τὴν
2869 3399 3047 3453 νόσον.
3103 3400 3368 3468 Ἐγγύθεν
3416 3402 3531 3473 γάρ

1911 3493 1970 3528 σε
1992 3477 2015 3505 ⁸
2047 3476 2365 3545 θεραπεύει,
2401 3478 2546 3533 ὥστε
2576 3481 2652 3551 μὴ
2684 3482 2763 3544 εἰς
2789 3480 3011 3553 ἐκείνην
3035 3484 3303 3552 ἐμπεσεῖν
3335 3501 3395 3537 σε
3426 3486 3527 3549 τὴν

1908 3558 2173 3624 διάνοιαν,
2208 3562 2331 3615 οὐδὲ
2372 3563 2568 3633 ἀφίησί
2604 3581 2665 3616 σε
2698 3566 2779 3628 είς
2822 3564 2882 3617 τὸ
2923 3565 3171 3635 ὀλέθριον
3216 3568 3398 3620 ἐκεῖνο
3436 3569 3527 3620 νό-

1913 3660 2068 3713 σημα
2097 3648 2498 3718 κατενεχθῆναι
2519 3662 2532 3675 ⁸
2566 3648 2620 3701 τί
2644 3648 2702 3701 δέ
2728 3665 2898 3717 φησι;
2929 3650 3035 3703 Καὶ
3069 3650 3383 3720 χαρακτὴρ
3415 3651 3530 3719 τῆς

1910 3727 2309 3795 ὑποστάσεως
2342 3730 2562 3784 αὐτοῦ·
2594 3731 2771 3801 δηλῶν
2810 3732 2902 3785 διὰ
2932 3732 3036 3801 τῆς
3076 3734 3401 3804 ἐπαγωγῆς,
3434 3736 3519 3789 ὅτι

1911 3809 2102 3881 ὥσπερ
2133 3811 2281 3865 ἐστὶν
2304 3813 2332 3864 6
2359 3812 2551 3883 Πατὴρ
2573 3813 2969 3877 ὲνυπόστατος.
3000 3816 3095 3867 καὶ
3125 3816 3262 3885 πρὸς
3289 3817 3529 3871 ὑπόστα-

1913 3912 1997 3947 σιν
2028 3895 2245 3960 σὺδενὸς
2263 3896 2540 3965 δεόμενος⁸
2575 3898 2721 3951 οῦτω
2752 3902 2849 3951 καὶ
2876 3900 2903 3950 6
2929 3898 3080 3962 Υἱός.
3122 3899 3392 3954 Ἐνταῦθα
3416 3902 3527 3973 γὰρ

1910 3978 1969 4030 τὸ
1998 3978 2421 4047 ἀπαράλλακτον
2456 3980 2673 4044 δεικνὺς
2710 3981 2877 4035 τοῦτό
2923 3990 3079 4052 φησι,
3130 3983 3227 4036 καὶ
3259 3984 3397 4053 πρὸς
3433 3986 3529 4038 τὸν

1915 4060 2185 4125 ἰδιάζοντα
2231 4066 2561 4135 χαρακτῆρα
2591 4063 2687 4117 τοῦ
2728 4064 3093 4135 πρωτοτύπου
3131 4067 3529 4137 παραπέμπων

1914 4160 1993 4207 σε,
2025 4144 2121 4198 καὶ
2149 4146 2421 4199 διδάσκων
2455 4148 2530 4211 ὡς
2565 4148 2624 4200 ἐν
2657 4148 2966 4203 ὑποστάσει
3004 4150 3122 4201 ἐστὶ
3154 4149 3277 4203 καθ’
3307 4152 3525 4206 ἑαυτόν.

1914 4227 2097 4279 Εἰπὼν
2126 4228 2182 4281 δὲ
2212 4230 2496 4300 ἀνωτέρω,
2528 4232 2611 4283 ὅτι
2646 4230 2720 4283 δι’
2746 4230 2914 4285 αὑτοῦ
2944 4232 3203 4301 ἐποίησεν
3232 4235 3259 4287 ό
3290 4234 3425 4298 Θεὸς
3456 4238 3528 4289 τὰ

1912 4309 2114 4374 πάντα,
2145 4311 2382 4365 ἐνταῦθα
2406 4312 2624 4366 δίδωσιν
2660 4314 2811 4382 αύτῷ
2836 4315 2937 4383 τὴν
2972 4314 3287 4370 αύθεντίαν.
3318 4318 3382 4369 Τί
3412 4317 3524 4387 γὰρ

1913 4394 2147 4462 ὲπάγει;
2177 4394 2380 4461 ςιέρων
2410 4413 2475 4449 τε
2508 4398 2581 4451 τὰ
2610 4396 2809 4451 πάντα
2851 4395 2932 4463 τῷ
2948 4397 3173 4466 ῥήματι
3202 4398 3315 4467 τῆς
3343 4400 3526 4454 δυνά-

1909 4494 2067 4545 μεως
2091 4478 2279 4532 αὺτοῦ
2303 4495 2315 4507 ⁸
2338 4480 2425 4531 ἴνα
2457 4481 2521 4532 ἐκ
2548 4481 2743 4534 τούτου
2772 4480 2849 4551 μὴ
2882 4481 3047 4550 μόνον
3076 4483 3167 4535 τὸν
3198 4487 3520 4555 χαρακτῆρα

1912 4560 2014 4629 τῆς
2046 4561 2401 4624 ὑποστάσεως
2428 4562 2776 4632 ἐκλάϐωμεν,
2802 4564 2940 4617 ἀλλά
2962 4564 3058 4618 καὶ
3078 4566 3138 4617 τὸ
3168 4567 3307 4635 μετὰ
3334 4567 3534 4621 αὐθεν-

1912 4644 2034 4709 τίας
2062 4645 2280 4699 ἅπαντα
2304 4645 2598 4716 κυϐερνᾷν.
2638 4646 2782 4717 Ὅρα
2809 4647 2990 4701 τοίνυν
3015 4648 3156 4712 πῶς,
3201 4649 3339 4721 ὅπερ
3370 4654 3521 4706 ἐστὶν

1915 4727 2047 4779 ἴδιον
2077 4727 2171 4781 τοῦ
2203 4728 2442 4799 Πατρὸς,
2470 4729 2631 4782 τοῦτο
2665 4730 2979 4800 προσάπτει
3008 4731 3085 4803 τῷ
3115 4733 3251 4805 Υἱῴ.
3282 4734 3385 4788 Διά
3412 4738 3525 4803 γὰρ

1912 4811 2071 4865 τοῦτο
2115 4812 2213 4881 οὐχ
2245 4812 2436 4875 ἁπλῶς
2483 4809 2605 4865 εἷπε
2628 4830 2640 4841 '
2676 4814 2881 4882 Φέρων
2913 4832 2977 4869 τε
3014 4816 3088 4870 τὰ
3118 4817 3353 4882 πάντα,
3400 4819 3522 4880 οὑδὲ

1912 4891 2062 4947 εἷπε·
2081 4897 2159 4967 Τῇ
2191 4897 2419 4965 δυνάμει
2454 4897 2644 4963 αὑτοῦ,
2678 4898 2816 4952 ἀλλά
2835 4942 2849 4965 ,
2891 4900 2976 4969 Τῷ
3000 4901 3229 4969 ῥήματι
3276 4902 3389 4971 τῆς
3418 4906 3525 4957 δι’-

1911 4977 2144 5044 νάμεως
2172 4979 2380 5033 αὑτοῦ.
2414 4981 2627 5051 Ὥσπερ
2657 4982 2767 5054 γὰρ
2796 4982 2991 5055 πρώην
3026 4986 3161 5055 ἡμῖν
3194 4985 3350 5056 ἀνῄει
3382 4990 3526 5041 κατὰ

1916 5063 2112 5131 μικρὸν
2150 5065 2243 5115 καὶ
2283 5063 2496 5135 κατῄει⁸
2530 5065 2672 5119 οὕτω
2714 5068 2806 5119 καὶ
2840 5067 2959 5131 νῦν,
3001 5068 3257 5140 καθάπερ
3297 5072 3409 5126 ἀπό
3443 5091 3524 5124 τι-

1918 5164 2024 5196 νων
2062 5145 2324 5216 βαθμῶν,
2362 5146 2647 5202 ἀναϐαίνει
2683 5152 2763 5213 εἰς
2806 5148 2959 5218 ὓψος,
2991 5146 3111 5204 εἶτα
3147 5152 3310 5207 πάλιν
3354 5172 3524 5208 κατα-

1918 5227 2115 5293 ϐαίνει,
2144 5229 2234 5281 καί
2264 5246 2417 5301 φησι·
2444 5232 2525 5284 Δι’
2552 5226 2624 5287 οὗ
2660 5232 2760 5285 καὶ
2789 5233 2932 5299 τοὺς
2962 5234 3182 5302 αἰῶνας
3203 5237 3520 5306 ἐποίησεν.

1920 5310 2064 5381 "09a.
2094 5313 2213 5375 πῶς
2240 5314 2334 5371 καὶ
2364 5313 2597 5368 ἐνταῦθα
2624 5314 2719 5369 δύο
2746 5316 2936 5387 τέμνει
2962 5318 3138 5382 ὁδούς.
3182 5320 3522 5391 Βουλόμενος

1917 5395 2026 5465 γάρ
2054 5397 2203 5467 ἡμᾶς
2228 5398 2538 5466 ἀπαγαγεῖν
2572 5399 2675 5468 τῆς
2701 5400 2997 5455 Σαϐελλίου
3030 5406 3127 5455 καὶ
3167 5404 3378 5475 Ἀρείου
3406 5423 3529 5459 και-

1918 5483 2202 5550 νοτομίας,
2232 5481 2328 5534 τοῦ
2364 5482 2464 5551 μὲν
2493 5482 2555 5535 τὸ
2582 5485 2842 5555 περιττὸν
2865 5485 2968 5555 τῆς
2995 5486 3352 5551 ὑποστάσεως
3370 5489 3525 5541 ἀναι-

1922 5564 2163 5633 ροῦντος,
2198 5565 2293 5618 τοῦ
2320 5566 2375 5618 δὲ
2406 5566 2506 5637 τὴν
2537 5568 2669 5638 μίαν
2701 5569 2866 5638 φύσιν
2903 5572 2983 5633 εἰς
3012 5570 3309 5641 ἀνισότητα
3346 5590 3523 5627 κατα-⁸

1917 5648 2241 5718 τέμνοντος,
2274 5652 2337 5703 ὲκ
2383 5654 2706 5722 περιουσίας
2754 5655 3043 5725 ἀμφότερα
3078 5654 3353 5725 καθαιρεῖ.
3399 5659 3524 5722 Πῶς

1987 5806 2010 5883 ξ
2040 5814 2154 5886 Post
2178 5817 2282 5886 hgc
2310 5818 2477 5876 verba,
2508 5820 2693 5882 ἐγγύθεν
2720 5822 2808 5885 γάρ
2835 5839 2907 5881 σε,
2956 5825 3003 5873 in
3027 5824 3319 5877 Colbcrlino
3347 5828 3522 5877 codice

1922 5876 2093 5924 folium
2116 5878 2451 5930 desideratur.
