  <div class='ocr_page' id='page_1' title='image "/cluster/home/n/w/nwhite01/storage/ocr_20150623/63/ien.35556001660919/030.png"; bbox 0 0 4020 6408; ppageno 0'>
   <div class='ocr_carea' id='block_1_1' title="bbox 167 355 1740 423">
    <p class='ocr_par' dir='ltr' id='par_1_1' title="bbox 167 360 1740 423">
     <span class='ocr_line' id='line_1_1' title="bbox 167 360 1740 423; baseline -0.003 -6"><span class='ocrx_word' id='word_1_1' title='bbox 167 362 227 418; x_wconf 68' lang='lat' dir='ltr'><strong>2i</strong></span> <span class='ocrx_word' id='word_1_2' title='bbox 1044 366 1110 423; x_wconf 77' lang='lat' dir='ltr'><strong>IN</strong></span> <span class='ocrx_word' id='word_1_3' title='bbox 1150 361 1368 421; x_wconf 80' lang='lat' dir='ltr'><strong>EPIST.</strong></span> <span class='ocrx_word' id='word_1_4' title='bbox 1408 361 1501 417; x_wconf 84' lang='lat' dir='ltr'><strong>AD</strong></span> <span class='ocrx_word' id='word_1_5' title='bbox 1538 360 1740 416; x_wconf 66' lang='lat' dir='ltr'><strong>lllihﬂ.</strong></span> 
     </span>
    </p>
   </div>
   <div class='ocr_carea' id='block_1_2' title="bbox 1840 355 2560 423">
    <p class='ocr_par' dir='ltr' id='par_1_2' title="bbox 1840 359 2560 418">
     <span class='ocr_line' id='line_1_2' title="bbox 1840 359 2560 418; baseline -0.001 -5"><span class='ocrx_word' id='word_1_6' title='bbox 1840 359 1903 414; x_wconf 82' lang='lat'><strong>5.</strong></span> <span class='ocrx_word' id='word_1_7' title='bbox 1944 360 2096 416; x_wconf 71' lang='lat' dir='ltr'><strong>CAP.</strong></span> <span class='ocrx_word' id='word_1_8' title='bbox 2141 361 2180 417; x_wconf 91' lang='lat' dir='ltr'><strong>l.</strong></span> <span class='ocrx_word' id='word_1_9' title='bbox 2223 362 2454 418; x_wconf 73' lang='grc'><strong>1101111..</strong></span> <span class='ocrx_word' id='word_1_10' title='bbox 2494 361 2560 417; x_wconf 91' lang='lat' dir='ltr'><strong>ll.</strong></span> 
     </span>
    </p>
   </div>
   <div class='ocr_carea' id='block_1_3' title="bbox 157 458 1748 535">
    <p class='ocr_par' dir='ltr' id='par_1_3' title="bbox 157 458 1748 535">
     <span class='ocr_line' id='line_1_3' title="bbox 157 458 1748 535; baseline 0.007 -24"><span class='ocrx_word' id='word_1_11' title='bbox 157 474 298 527; x_wconf 79' lang='lat' dir='ltr'><strong>quem</strong></span> <span class='ocrx_word' id='word_1_12' title='bbox 325 464 443 523; x_wconf 70' lang='lat' dir='ltr'><strong>[erit</strong></span> <span class='ocrx_word' id='word_1_13' title='bbox 472 468 519 512; x_wconf 84' lang='lat' dir='ltr'><strong>et</strong></span> <span class='ocrx_word' id='word_1_14' title='bbox 546 461 753 514; x_wconf 68' lang='lat' dir='ltr'><strong>secula.</strong></span> <span class='ocrx_word' id='word_1_15' title='bbox 792 458 924 515; x_wconf 83' lang='lat' dir='ltr'><strong>Vide</strong></span> <span class='ocrx_word' id='word_1_16' title='bbox 949 466 1222 531; x_wconf 86' lang='lat' dir='ltr'><strong>quomodo</strong></span> <span class='ocrx_word' id='word_1_17' title='bbox 1255 465 1341 519; x_wconf 89' lang='lat' dir='ltr'><strong>hic</strong></span> <span class='ocrx_word' id='word_1_18' title='bbox 1370 479 1587 535; x_wconf 86' lang='lat' dir='ltr'><strong>quoque</strong></span> <span class='ocrx_word' id='word_1_19' title='bbox 1612 467 1748 522; x_wconf 85' lang='lat' dir='ltr'><strong>duas</strong></span> 
     </span>
    </p>
   </div>
   <div class='ocr_carea' id='block_1_4' title="bbox 154 550 1745 620">
    <p class='ocr_par' dir='ltr' id='par_1_4' title="bbox 154 550 1745 620">
     <span class='ocr_line' id='line_1_4' title="bbox 154 550 1745 620; baseline 0.008 -16"><span class='ocrx_word' id='word_1_20' title='bbox 154 550 384 620; x_wconf 85' lang='lat' dir='ltr'><strong>capessit</strong></span> <span class='ocrx_word' id='word_1_21' title='bbox 412 551 545 606; x_wconf 89' lang='lat' dir='ltr'><strong>vias.</strong></span> <span class='ocrx_word' id='word_1_22' title='bbox 579 550 777 607; x_wconf 77' lang='lat' dir='ltr'><strong>Volens</strong></span> <span class='ocrx_word' id='word_1_23' title='bbox 814 552 956 607; x_wconf 86' lang='lat' dir='ltr'><strong>enim</strong></span> <span class='ocrx_word' id='word_1_24' title='bbox 999 568 1100 609; x_wconf 90' lang='lat' dir='ltr'><strong>nos</strong></span> <span class='ocrx_word' id='word_1_25' title='bbox 1142 554 1411 613; x_wconf 87' lang='lat' dir='ltr'><strong>abducere</strong></span> <span class='ocrx_word' id='word_1_26' title='bbox 1456 572 1487 613; x_wconf 93' lang='lat' dir='ltr'><strong>a</strong></span> <span class='ocrx_word' id='word_1_27' title='bbox 1527 557 1745 616; x_wconf 90' lang='lat' dir='ltr'><strong>Sabellii</strong></span> 
     </span>
    </p>
   </div>
   <div class='ocr_carea' id='block_1_5' title="bbox 152 641 1746 721">
    <p class='ocr_par' dir='ltr' id='par_1_5' title="bbox 152 641 1746 721">
     <span class='ocr_line' id='line_1_5' title="bbox 152 641 1746 721; baseline 0.009 -28"><span class='ocrx_word' id='word_1_28' title='bbox 152 650 206 693; x_wconf 88' lang='lat' dir='ltr'><strong>et</strong></span> <span class='ocrx_word' id='word_1_29' title='bbox 247 641 361 695; x_wconf 84' lang='lat' dir='ltr'><strong>Arii</strong></span> <span class='ocrx_word' id='word_1_30' title='bbox 403 642 885 709; x_wconf 90' lang='lat' dir='ltr'><strong>innovationibus;</strong></span> <span class='ocrx_word' id='word_1_31' title='bbox 930 658 1158 715; x_wconf 92' lang='lat' dir='ltr'><strong>quorum</strong></span> <span class='ocrx_word' id='word_1_32' title='bbox 1204 646 1341 703; x_wconf 96' lang='lat' dir='ltr'><strong>alter</strong></span> <span class='ocrx_word' id='word_1_33' title='bbox 1378 648 1434 702; x_wconf 92' lang='lat' dir='ltr'><strong>in</strong></span> <span class='ocrx_word' id='word_1_34' title='bbox 1472 649 1746 721; x_wconf 86' lang='lat' dir='ltr'><strong>hypostasi</strong></span> 
     </span>
    </p>
   </div>
   <div class='ocr_carea' id='block_1_6' title="bbox 154 733 1746 812">
    <p class='ocr_par' dir='ltr' id='par_1_6' title="bbox 154 733 1746 812">
     <span class='ocr_line' id='line_1_6' title="bbox 154 733 1746 812; baseline 0.009 -28"><span class='ocrx_word' id='word_1_35' title='bbox 154 733 421 802; x_wconf 86' lang='lat' dir='ltr'><strong>superﬂua</strong></span> <span class='ocrx_word' id='word_1_36' title='bbox 466 735 638 801; x_wconf 90' lang='lat' dir='ltr'><strong>tollit,</strong></span> <span class='ocrx_word' id='word_1_37' title='bbox 680 734 820 791; x_wconf 92' lang='lat' dir='ltr'><strong>alter</strong></span> <span class='ocrx_word' id='word_1_38' title='bbox 859 751 989 791; x_wconf 85' lang='lat' dir='ltr'><strong>vero</strong></span> <span class='ocrx_word' id='word_1_39' title='bbox 1036 753 1197 792; x_wconf 90' lang='lat' dir='ltr'><strong>unam</strong></span> <span class='ocrx_word' id='word_1_40' title='bbox 1231 750 1477 796; x_wconf 90' lang='lat' dir='ltr'><strong>naturam</strong></span> <span class='ocrx_word' id='word_1_41' title='bbox 1519 757 1618 812; x_wconf 88' lang='lat' dir='ltr'><strong>per</strong></span> <span class='ocrx_word' id='word_1_42' title='bbox 1660 744 1746 799; x_wconf 90' lang='lat' dir='ltr'><strong>in-</strong></span> 
     </span>
    </p>
   </div>
   <div class='ocr_carea' id='block_1_7' title="bbox 151 825 1746 905">
    <p class='ocr_par' dir='ltr' id='par_1_7' title="bbox 151 825 1746 905">
     <span class='ocr_line' id='line_1_7' title="bbox 151 825 1746 905; baseline 0.008 -27"><span class='ocrx_word' id='word_1_43' title='bbox 151 825 510 895; x_wconf 67' lang='lat' dir='ltr'><strong>aequalitatem</strong></span> <span class='ocrx_word' id='word_1_44' title='bbox 540 826 761 894; x_wconf 78' lang='lat' dir='ltr'><strong>dividit;</strong></span> <span class='ocrx_word' id='word_1_45' title='bbox 795 842 865 884; x_wconf 86' lang='lat' dir='ltr'><strong>ex</strong></span> <span class='ocrx_word' id='word_1_46' title='bbox 893 828 1185 885; x_wconf 78' lang='lat' dir='ltr'><strong>abundanti</strong></span> <span class='ocrx_word' id='word_1_47' title='bbox 1210 831 1301 886; x_wconf 91' lang='lat' dir='ltr'><strong>ille</strong></span> <span class='ocrx_word' id='word_1_48' title='bbox 1330 840 1618 905; x_wconf 87' lang='lat' dir='ltr'><strong>utrumque</strong></span> <span class='ocrx_word' id='word_1_49' title='bbox 1646 834 1746 890; x_wconf 88' lang='lat' dir='ltr'><strong>de-</strong></span> 
     </span>
    </p>
   </div>
   <div class='ocr_carea' id='block_1_8' title="bbox 148 915 1745 993">
    <p class='ocr_par' dir='ltr' id='par_1_8' title="bbox 148 915 1745 993">
     <span class='ocr_line' id='line_1_8' title="bbox 148 915 1745 993; baseline 0.008 -24"><span class='ocrx_word' id='word_1_50' title='bbox 148 915 282 981; x_wconf 91' lang='lat' dir='ltr'><strong>jicit.</strong></span> <span class='ocrx_word' id='word_1_51' title='bbox 333 916 618 984; x_wconf 83' lang='lat' dir='ltr'><strong>Quomodo</strong></span> <span class='ocrx_word' id='word_1_52' title='bbox 662 918 826 988; x_wconf 90' lang='lat' dir='ltr'><strong>igitur</strong></span> <span class='ocrx_word' id='word_1_53' title='bbox 874 920 976 975; x_wconf 90' lang='lat' dir='ltr'><strong>hoc</strong></span> <span class='ocrx_word' id='word_1_54' title='bbox 1020 919 1188 975; x_wconf 81' lang='lat' dir='ltr'><strong>facit?</strong></span> <span class='ocrx_word' id='word_1_55' title='bbox 1240 921 1511 993; x_wconf 88' lang='lat' dir='ltr'><strong>Perpetuo</strong></span> <span class='ocrx_word' id='word_1_56' title='bbox 1558 924 1745 981; x_wconf 89' lang='lat' dir='ltr'><strong>eadem</strong></span> 
     </span>
    </p>
   </div>
   <div class='ocr_carea' id='block_1_9' title="bbox 153 1007 1746 1085">
    <p class='ocr_par' dir='ltr' id='par_1_9' title="bbox 153 1007 1746 1085">
     <span class='ocr_line' id='line_1_9' title="bbox 153 1007 1746 1085; baseline 0.008 -26"><span class='ocrx_word' id='word_1_57' title='bbox 153 1014 329 1061; x_wconf 88' lang='lat' dir='ltr'><strong>versat</strong></span> <span class='ocrx_word' id='word_1_58' title='bbox 356 1016 414 1062; x_wconf 91' lang='lat' dir='ltr'><strong>et</strong></span> <span class='ocrx_word' id='word_1_59' title='bbox 438 1007 710 1077; x_wconf 84' lang='lat' dir='ltr'><strong>loquitur,</strong></span> <span class='ocrx_word' id='word_1_60' title='bbox 738 1015 890 1064; x_wconf 90' lang='lat' dir='ltr'><strong>utne</strong></span> <span class='ocrx_word' id='word_1_61' title='bbox 919 1016 1135 1078; x_wconf 85' lang='lat' dir='ltr'><strong>putetur</strong></span> <span class='ocrx_word' id='word_1_62' title='bbox 1162 1025 1285 1067; x_wconf 88' lang='lat' dir='ltr'><strong>esse</strong></span> <span class='ocrx_word' id='word_1_63' title='bbox 1315 1013 1432 1068; x_wconf 88' lang='lat' dir='ltr'><strong>sine</strong></span> <span class='ocrx_word' id='word_1_64' title='bbox 1459 1014 1746 1085; x_wconf 84' lang='lat' dir='ltr'><strong>principio,</strong></span> 
     </span>
    </p>
   </div>
   <div class='ocr_carea' id='block_1_10' title="bbox 152 1098 1745 1173">
    <p class='ocr_par' dir='ltr' id='par_1_10' title="bbox 152 1098 1745 1173">
     <span class='ocr_line' id='line_1_10' title="bbox 152 1098 1745 1173; baseline 0.009 -23"><span class='ocrx_word' id='word_1_65' title='bbox 152 1098 231 1152; x_wconf 78' lang='lat' dir='ltr'><strong>vel</strong></span> <span class='ocrx_word' id='word_1_66' title='bbox 256 1112 285 1151; x_wconf 88' lang='lat' dir='ltr'><strong>a</strong></span> <span class='ocrx_word' id='word_1_67' title='bbox 320 1098 432 1154; x_wconf 90' lang='lat' dir='ltr'><strong>Deo</strong></span> <span class='ocrx_word' id='word_1_68' title='bbox 461 1100 692 1155; x_wconf 89' lang='lat' dir='ltr'><strong>alienus.</strong></span> <span class='ocrx_word' id='word_1_69' title='bbox 722 1100 791 1154; x_wconf 89' lang='lat' dir='ltr'><strong>Et</strong></span> <span class='ocrx_word' id='word_1_70' title='bbox 815 1116 884 1157; x_wconf 90' lang='lat' dir='ltr'><strong>ne</strong></span> <span class='ocrx_word' id='word_1_71' title='bbox 910 1110 1129 1172; x_wconf 84' lang='lat' dir='ltr'><strong>stupeas</strong></span> <span class='ocrx_word' id='word_1_72' title='bbox 1156 1103 1241 1159; x_wconf 85' lang='lat' dir='ltr'><strong>his</strong></span> <span class='ocrx_word' id='word_1_73' title='bbox 1265 1104 1483 1173; x_wconf 85' lang='lat' dir='ltr'><strong>auditis,</strong></span> <span class='ocrx_word' id='word_1_74' title='bbox 1511 1106 1707 1163; x_wconf 87' lang='lat' dir='ltr'><strong>dilecte</strong></span> <span class='ocrx_word' id='word_1_75' title='bbox 1732 1128 1745 1164; x_wconf 91' lang='lat'><strong>:</strong></span> 
     </span>
    </p>
   </div>
   <div class='ocr_carea' id='block_1_11' title="bbox 151 1191 1746 1270">
    <p class='ocr_par' dir='ltr' id='par_1_11' title="bbox 151 1191 1746 1270">
     <span class='ocr_line' id='line_1_11' title="bbox 151 1191 1746 1270; baseline 0.008 -26"><span class='ocrx_word' id='word_1_76' title='bbox 151 1206 269 1244; x_wconf 89' lang='lat' dir='ltr'><strong>nam</strong></span> <span class='ocrx_word' id='word_1_77' title='bbox 295 1191 341 1245; x_wconf 92' lang='lat' dir='ltr'><strong>si</strong></span> <span class='ocrx_word' id='word_1_78' title='bbox 368 1192 528 1247; x_wconf 88' lang='lat' dir='ltr'><strong>etiam</strong></span> <span class='ocrx_word' id='word_1_79' title='bbox 557 1202 681 1264; x_wconf 89' lang='lat' dir='ltr'><strong>post</strong></span> <span class='ocrx_word' id='word_1_80' title='bbox 706 1202 813 1249; x_wconf 90' lang='lat' dir='ltr'><strong>tam</strong></span> <span class='ocrx_word' id='word_1_81' title='bbox 840 1196 1007 1249; x_wconf 88' lang='lat' dir='ltr'><strong>multa</strong></span> <span class='ocrx_word' id='word_1_82' title='bbox 1036 1195 1362 1252; x_wconf 89' lang='lat' dir='ltr'><strong>documenta</strong></span> <span class='ocrx_word' id='word_1_83' title='bbox 1385 1210 1510 1255; x_wconf 90' lang='lat' dir='ltr'><strong>sunt</strong></span> <span class='ocrx_word' id='word_1_84' title='bbox 1528 1201 1746 1270; x_wconf 87' lang='lat' dir='ltr'><strong>quidam</strong></span> 
     </span>
    </p>
   </div>
   <div class='ocr_carea' id='block_1_12' title="bbox 149 1280 1749 1353">
    <p class='ocr_par' dir='ltr' id='par_1_12' title="bbox 149 1280 1749 1353">
     <span class='ocr_line' id='line_1_12' title="bbox 149 1280 1749 1353; baseline 0.01 -19"><span class='ocrx_word' id='word_1_85' title='bbox 149 1281 235 1350; x_wconf 86' lang='lat' dir='ltr'><strong>qui</strong></span> <span class='ocrx_word' id='word_1_86' title='bbox 264 1280 520 1337; x_wconf 87' lang='lat' dir='ltr'><strong>dixerunt</strong></span> <span class='ocrx_word' id='word_1_87' title='bbox 546 1299 669 1338; x_wconf 90' lang='lat' dir='ltr'><strong>eum</strong></span> <span class='ocrx_word' id='word_1_88' title='bbox 695 1299 819 1340; x_wconf 65' lang='lat' dir='ltr'><strong>esse</strong></span> <span class='ocrx_word' id='word_1_89' title='bbox 843 1285 1100 1353; x_wconf 90' lang='lat' dir='ltr'><strong>alienum,</strong></span> <span class='ocrx_word' id='word_1_90' title='bbox 1141 1297 1194 1341; x_wconf 88' lang='lat' dir='ltr'><strong>et</strong></span> <span class='ocrx_word' id='word_1_91' title='bbox 1232 1289 1461 1345; x_wconf 88' lang='lat' dir='ltr'><strong>alterum</strong></span> <span class='ocrx_word' id='word_1_92' title='bbox 1502 1293 1550 1347; x_wconf 90' lang='lat' dir='ltr'><strong>ei</strong></span> <span class='ocrx_word' id='word_1_93' title='bbox 1580 1292 1749 1350; x_wconf 89' lang='lat' dir='ltr'><strong>dede-</strong></span> 
     </span>
    </p>
   </div>
   <div class='ocr_carea' id='block_1_13' title="bbox 150 1376 1747 1448">
    <p class='ocr_par' dir='ltr' id='par_1_13' title="bbox 150 1376 1747 1448">
     <span class='ocr_line' id='line_1_13' title="bbox 150 1376 1747 1448; baseline 0.008 -22"><span class='ocrx_word' id='word_1_94' title='bbox 150 1381 273 1427; x_wconf 90' lang='lat' dir='ltr'><strong>runt</strong></span> <span class='ocrx_word' id='word_1_95' title='bbox 298 1383 505 1443; x_wconf 84' lang='lat' dir='ltr'><strong>patrem</strong></span> <span class='ocrx_word' id='word_1_96' title='bbox 530 1416 546 1441; x_wconf 94' lang='lat'><strong>,</strong></span> <span class='ocrx_word' id='word_1_97' title='bbox 580 1376 754 1446; x_wconf 88' lang='lat' dir='ltr'><strong>ipsum</strong></span> <span class='ocrx_word' id='word_1_98' title='bbox 786 1392 1001 1448; x_wconf 89' lang='lat' dir='ltr'><strong>quoque</strong></span> <span class='ocrx_word' id='word_1_99' title='bbox 1027 1379 1269 1436; x_wconf 87' lang='lat' dir='ltr'><strong>dicentes</strong></span> <span class='ocrx_word' id='word_1_100' title='bbox 1295 1397 1417 1436; x_wconf 92' lang='lat' dir='ltr'><strong>cum</strong></span> <span class='ocrx_word' id='word_1_101' title='bbox 1449 1398 1516 1439; x_wconf 90' lang='lat' dir='ltr'><strong>eo</strong></span> <span class='ocrx_word' id='word_1_102' title='bbox 1547 1384 1747 1441; x_wconf 90' lang='lat' dir='ltr'><strong>bellum</strong></span> 
     </span>
    </p>
   </div>
   <div class='ocr_carea' id='block_1_14' title="bbox 150 1468 1750 1548">
    <p class='ocr_par' dir='ltr' id='par_1_14' title="bbox 150 1468 1750 1548">
     <span class='ocr_line' id='line_1_14' title="bbox 150 1468 1750 1548; baseline 0.009 -29"><span class='ocrx_word' id='word_1_103' title='bbox 150 1480 373 1536; x_wconf 88' lang='lat' dir='ltr'><strong>gerere:</strong></span> <span class='ocrx_word' id='word_1_104' title='bbox 398 1468 443 1521; x_wconf 89' lang='lat' dir='ltr'><strong>si</strong></span> <span class='ocrx_word' id='word_1_105' title='bbox 462 1482 569 1523; x_wconf 92' lang='lat' dir='ltr'><strong>non</strong></span> <span class='ocrx_word' id='word_1_106' title='bbox 590 1470 705 1524; x_wconf 68' lang='lat' dir='ltr'><strong>haec</strong></span> <span class='ocrx_word' id='word_1_107' title='bbox 736 1469 984 1537; x_wconf 80' lang='lat' dir='ltr'><strong>dixisset,</strong></span> <span class='ocrx_word' id='word_1_108' title='bbox 1011 1472 1136 1542; x_wconf 91' lang='lat' dir='ltr'><strong>quid</strong></span> <span class='ocrx_word' id='word_1_109' title='bbox 1160 1488 1267 1528; x_wconf 92' lang='lat' dir='ltr'><strong>non</strong></span> <span class='ocrx_word' id='word_1_110' title='bbox 1293 1484 1481 1530; x_wconf 87' lang='lat' dir='ltr'><strong>essent</strong></span> <span class='ocrx_word' id='word_1_111' title='bbox 1501 1476 1750 1548; x_wconf 89' lang='lat' dir='ltr'><strong>loquuti?</strong></span> 
     </span>
    </p>
   </div>
   <div class='ocr_carea' id='block_1_15' title="bbox 150 1558 1749 1635">
    <p class='ocr_par' dir='ltr' id='par_1_15' title="bbox 150 1558 1749 1635">
     <span class='ocr_line' id='line_1_15' title="bbox 150 1558 1749 1635; baseline 0.007 -22"><span class='ocrx_word' id='word_1_112' title='bbox 150 1558 376 1626; x_wconf 81' lang='lat' dir='ltr'><strong>Quando</strong></span> <span class='ocrx_word' id='word_1_113' title='bbox 405 1560 570 1631; x_wconf 80' lang='lat' dir='ltr'><strong>igitur</strong></span> <span class='ocrx_word' id='word_1_114' title='bbox 596 1576 819 1617; x_wconf 88' lang='lat' dir='ltr'><strong>necesse</strong></span> <span class='ocrx_word' id='word_1_115' title='bbox 860 1562 1023 1619; x_wconf 83' lang='lat' dir='ltr'><strong>habet</strong></span> <span class='ocrx_word' id='word_1_116' title='bbox 1058 1563 1142 1619; x_wconf 89' lang='lat' dir='ltr'><strong>his</strong></span> <span class='ocrx_word' id='word_1_117' title='bbox 1179 1566 1406 1635; x_wconf 88' lang='lat' dir='ltr'><strong>mederi,</strong></span> <span class='ocrx_word' id='word_1_118' title='bbox 1434 1579 1563 1624; x_wconf 91' lang='lat' dir='ltr'><strong>tunc</strong></span> <span class='ocrx_word' id='word_1_119' title='bbox 1586 1569 1749 1624; x_wconf 90' lang='lat' dir='ltr'><strong>etiam</strong></span> 
     </span>
    </p>
   </div>
   <div class='ocr_carea' id='block_1_16' title="bbox 151 1653 1748 1725">
    <p class='ocr_par' dir='ltr' id='par_1_16' title="bbox 151 1653 1748 1725">
     <span class='ocr_line' id='line_1_16' title="bbox 151 1653 1748 1725; baseline 0.009 -20"><span class='ocrx_word' id='word_1_120' title='bbox 151 1668 373 1709; x_wconf 89' lang='lat' dir='ltr'><strong>necesse</strong></span> <span class='ocrx_word' id='word_1_121' title='bbox 401 1653 561 1708; x_wconf 82' lang='lat' dir='ltr'><strong>habet</strong></span> <span class='ocrx_word' id='word_1_122' title='bbox 590 1654 733 1725; x_wconf 86' lang='lat' dir='ltr'><strong>loqui</strong></span> <span class='ocrx_word' id='word_1_123' title='bbox 766 1655 1024 1721; x_wconf 87' lang='lat' dir='ltr'><strong>humilia;</strong></span> <span class='ocrx_word' id='word_1_124' title='bbox 1050 1666 1109 1711; x_wconf 90' lang='lat' dir='ltr'><strong>ut</strong></span> <span class='ocrx_word' id='word_1_125' title='bbox 1130 1658 1281 1725; x_wconf 92' lang='lat' dir='ltr'><strong>illud,</strong></span> <span class='ocrx_word' id='word_1_126' title='bbox 1311 1660 1605 1717; x_wconf 79' lang='lat' dir='ltr'><strong>Constituit</strong></span> <span class='ocrx_word' id='word_1_127' title='bbox 1626 1678 1748 1719; x_wconf 88' lang='lat' dir='ltr'><strong>eum</strong></span> 
     </span>
    </p>
   </div>
   <div class='ocr_carea' id='block_1_17' title="bbox 152 1742 1747 1818">
    <p class='ocr_par' dir='ltr' id='par_1_17' title="bbox 152 1742 1747 1818">
     <span class='ocr_line' id='line_1_17' title="bbox 152 1742 1747 1818; baseline 0.006 -20"><span class='ocrx_word' id='word_1_128' title='bbox 152 1742 408 1799; x_wconf 85' lang='lat' dir='ltr'><strong>heredem</strong></span> <span class='ocrx_word' id='word_1_129' title='bbox 436 1745 811 1800; x_wconf 90' lang='lat' dir='ltr'><strong>universorum</strong></span> <span class='ocrx_word' id='word_1_130' title='bbox 838 1788 853 1812; x_wconf 93' lang='lat'><strong>,</strong></span> <span class='ocrx_word' id='word_1_131' title='bbox 885 1754 974 1813; x_wconf 91' lang='lat' dir='ltr'><strong>et,</strong></span> <span class='ocrx_word' id='word_1_132' title='bbox 1003 1747 1107 1803; x_wconf 88' lang='lat' dir='ltr'><strong>Per</strong></span> <span class='ocrx_word' id='word_1_133' title='bbox 1132 1747 1311 1818; x_wconf 88' lang='lat' dir='ltr'><strong>ipsum</strong></span> <span class='ocrx_word' id='word_1_134' title='bbox 1355 1750 1482 1805; x_wconf 79' lang='lat' dir='ltr'><strong>fecit</strong></span> <span class='ocrx_word' id='word_1_135' title='bbox 1530 1752 1747 1808; x_wconf 58' lang='lat' dir='ltr'><strong>saecula.</strong></span> 
     </span>
    </p>
   </div>
   <div class='ocr_carea' id='block_1_18' title="bbox 153 1836 1752 1911">
    <p class='ocr_par' dir='ltr' id='par_1_18' title="bbox 153 1836 1752 1911">
     <span class='ocr_line' id='line_1_18' title="bbox 153 1836 1752 1911; baseline 0.005 -18"><span class='ocrx_word' id='word_1_136' title='bbox 153 1836 352 1893; x_wconf 87' lang='lat' dir='ltr'><strong>Deinde</strong></span> <span class='ocrx_word' id='word_1_137' title='bbox 380 1852 449 1892; x_wconf 91' lang='lat' dir='ltr'><strong>ne</strong></span> <span class='ocrx_word' id='word_1_138' title='bbox 488 1847 665 1893; x_wconf 87' lang='lat' dir='ltr'><strong>autem</strong></span> <span class='ocrx_word' id='word_1_139' title='bbox 694 1840 856 1895; x_wconf 89' lang='lat' dir='ltr'><strong>aliam</strong></span> <span class='ocrx_word' id='word_1_140' title='bbox 895 1850 1099 1911; x_wconf 88' lang='lat' dir='ltr'><strong>partem</strong></span> <span class='ocrx_word' id='word_1_141' title='bbox 1131 1840 1289 1897; x_wconf 58' lang='lat' dir='ltr'><strong>laedat</strong></span> <span class='ocrx_word' id='word_1_142' title='bbox 1310 1883 1326 1908; x_wconf 92' lang='lat'><strong>,</strong></span> <span class='ocrx_word' id='word_1_143' title='bbox 1363 1858 1431 1898; x_wconf 89' lang='lat' dir='ltr'><strong>ex</strong></span> <span class='ocrx_word' id='word_1_144' title='bbox 1463 1842 1752 1901; x_wconf 86' lang='lat' dir='ltr'><strong>humilibus</strong></span> 
     </span>
    </p>
   </div>
   <div class='ocr_carea' id='block_1_19' title="bbox 152 1927 1751 2002">
    <p class='ocr_par' dir='ltr' id='par_1_19' title="bbox 152 1927 1751 2002">
     <span class='ocr_line' id='line_1_19' title="bbox 152 1927 1751 2002; baseline 0.005 -19"><span class='ocrx_word' id='word_1_145' title='bbox 152 1927 305 1984; x_wconf 87' lang='lat' dir='ltr'><strong>dictis</strong></span> <span class='ocrx_word' id='word_1_146' title='bbox 344 1944 470 1984; x_wconf 89' lang='lat' dir='ltr'><strong>eum</strong></span> <span class='ocrx_word' id='word_1_147' title='bbox 499 1943 685 1985; x_wconf 88' lang='lat' dir='ltr'><strong>rursus</strong></span> <span class='ocrx_word' id='word_1_148' title='bbox 710 1931 892 1986; x_wconf 80' lang='lat' dir='ltr'><strong>evehit</strong></span> <span class='ocrx_word' id='word_1_149' title='bbox 916 1930 985 1986; x_wconf 88' lang='lat' dir='ltr'><strong>ad</strong></span> <span class='ocrx_word' id='word_1_150' title='bbox 1016 1932 1433 2002; x_wconf 86' lang='lat' dir='ltr'><strong>auctoritatem;</strong></span> <span class='ocrx_word' id='word_1_151' title='bbox 1472 1945 1528 1990; x_wconf 89' lang='lat' dir='ltr'><strong>et</strong></span> <span class='ocrx_word' id='word_1_152' title='bbox 1562 1946 1751 1993; x_wconf 92' lang='lat' dir='ltr'><strong>osten-</strong></span> 
     </span>
    </p>
   </div>
   <div class='ocr_carea' id='block_1_20' title="bbox 151 2018 1753 2094">
    <p class='ocr_par' dir='ltr' id='par_1_20' title="bbox 151 2018 1753 2094">
     <span class='ocr_line' id='line_1_20' title="bbox 151 2018 1753 2094; baseline 0.007 -21"><span class='ocrx_word' id='word_1_153' title='bbox 151 2018 227 2074; x_wconf 89' lang='lat' dir='ltr'><strong>dit</strong></span> <span class='ocrx_word' id='word_1_154' title='bbox 252 2034 378 2075; x_wconf 90' lang='lat' dir='ltr'><strong>eum</strong></span> <span class='ocrx_word' id='word_1_155' title='bbox 408 2035 530 2077; x_wconf 86' lang='lat' dir='ltr'><strong>esse</strong></span> <span class='ocrx_word' id='word_1_156' title='bbox 556 2020 611 2075; x_wconf 91' lang='lat' dir='ltr'><strong>in</strong></span> <span class='ocrx_word' id='word_1_157' title='bbox 641 2021 832 2077; x_wconf 88' lang='lat' dir='ltr'><strong>eodem</strong></span> <span class='ocrx_word' id='word_1_158' title='bbox 863 2022 1071 2079; x_wconf 87' lang='lat' dir='ltr'><strong>honore</strong></span> <span class='ocrx_word' id='word_1_159' title='bbox 1095 2038 1203 2094; x_wconf 91' lang='lat' dir='ltr'><strong>quo</strong></span> <span class='ocrx_word' id='word_1_160' title='bbox 1230 2024 1392 2080; x_wconf 91' lang='lat' dir='ltr'><strong>Pater</strong></span> <span class='ocrx_word' id='word_1_161' title='bbox 1415 2067 1431 2093; x_wconf 97' lang='lat'><strong>,</strong></span> <span class='ocrx_word' id='word_1_162' title='bbox 1461 2036 1517 2081; x_wconf 92' lang='lat' dir='ltr'><strong>et</strong></span> <span class='ocrx_word' id='word_1_163' title='bbox 1540 2026 1675 2083; x_wconf 90' lang='lat' dir='ltr'><strong>adeo</strong></span> <span class='ocrx_word' id='word_1_164' title='bbox 1699 2029 1753 2084; x_wconf 92' lang='lat' dir='ltr'><strong>in</strong></span> 
     </span>
    </p>
   </div>
   <div class='ocr_carea' id='block_1_21' title="bbox 152 2119 1749 2187">
    <p class='ocr_par' dir='ltr' id='par_1_21' title="bbox 152 2119 1749 2187">
     <span class='ocr_line' id='line_1_21' title="bbox 152 2119 1749 2187; baseline 0.003 -10"><span class='ocrx_word' id='word_1_165' title='bbox 152 2119 339 2177; x_wconf 80' lang='lat' dir='ltr'><strong>eodem</strong></span> <span class='ocrx_word' id='word_1_166' title='bbox 371 2119 619 2187; x_wconf 86' lang='lat' dir='ltr'><strong>honore,</strong></span> <span class='ocrx_word' id='word_1_167' title='bbox 666 2130 725 2175; x_wconf 91' lang='lat' dir='ltr'><strong>ut</strong></span> <span class='ocrx_word' id='word_1_168' title='bbox 770 2121 925 2177; x_wconf 90' lang='lat' dir='ltr'><strong>multi</strong></span> <span class='ocrx_word' id='word_1_169' title='bbox 972 2122 1281 2177; x_wconf 80' lang='lat' dir='ltr'><strong>existiment</strong></span> <span class='ocrx_word' id='word_1_170' title='bbox 1327 2124 1578 2179; x_wconf 89' lang='lat' dir='ltr'><strong>eumdem</strong></span> <span class='ocrx_word' id='word_1_171' title='bbox 1626 2139 1749 2181; x_wconf 91' lang='lat' dir='ltr'><strong>esse</strong></span> 
     </span>
    </p>
   </div>
   <div class='ocr_carea' id='block_1_22' title="bbox 154 2211 1748 2286">
    <p class='ocr_par' dir='ltr' id='par_1_22' title="bbox 154 2211 1748 2286">
     <span class='ocr_line' id='line_1_22' title="bbox 154 2211 1748 2286; baseline 0.004 -20"><span class='ocrx_word' id='word_1_172' title='bbox 154 2211 387 2267; x_wconf 85' lang='lat' dir='ltr'><strong>Patrem.</strong></span> <span class='ocrx_word' id='word_1_173' title='bbox 423 2212 560 2269; x_wconf 81' lang='lat' dir='ltr'><strong>Vide</strong></span> <span class='ocrx_word' id='word_1_174' title='bbox 588 2224 767 2268; x_wconf 86' lang='lat' dir='ltr'><strong>autem</strong></span> <span class='ocrx_word' id='word_1_175' title='bbox 794 2229 1043 2286; x_wconf 88' lang='lat' dir='ltr'><strong>magnam</strong></span> <span class='ocrx_word' id='word_1_176' title='bbox 1069 2216 1185 2284; x_wconf 89' lang='lat' dir='ltr'><strong>ejus</strong></span> <span class='ocrx_word' id='word_1_177' title='bbox 1211 2216 1549 2286; x_wconf 90' lang='lat' dir='ltr'><strong>prudentiam</strong></span> <span class='ocrx_word' id='word_1_178' title='bbox 1575 2234 1590 2272; x_wconf 89' lang='lat'>:</span> <span class='ocrx_word' id='word_1_179' title='bbox 1615 2216 1748 2272; x_wconf 89' lang='lat' dir='ltr'><strong>illud</strong></span> 
     </span>
    </p>
   </div>
   <div class='ocr_carea' id='block_1_23' title="bbox 152 2306 1750 2377">
    <p class='ocr_par' dir='ltr' id='par_1_23' title="bbox 152 2306 1750 2377">
     <span class='ocr_line' id='line_1_23' title="bbox 152 2306 1750 2377; baseline 0.005 -19"><span class='ocrx_word' id='word_1_180' title='bbox 152 2306 296 2373; x_wconf 86' lang='lat' dir='ltr'><strong>prius</strong></span> <span class='ocrx_word' id='word_1_181' title='bbox 340 2306 516 2373; x_wconf 87' lang='lat' dir='ltr'><strong>ponit,</strong></span> <span class='ocrx_word' id='word_1_182' title='bbox 559 2315 856 2376; x_wconf 89' lang='lat' dir='ltr'><strong>exacteque</strong></span> <span class='ocrx_word' id='word_1_183' title='bbox 884 2315 939 2362; x_wconf 90' lang='lat' dir='ltr'><strong>et</strong></span> <span class='ocrx_word' id='word_1_184' title='bbox 974 2318 1229 2364; x_wconf 86' lang='lat' dir='ltr'><strong>accurate</strong></span> <span class='ocrx_word' id='word_1_185' title='bbox 1256 2308 1309 2363; x_wconf 90' lang='lat' dir='ltr'><strong>id</strong></span> <span class='ocrx_word' id='word_1_186' title='bbox 1337 2310 1663 2377; x_wconf 82' lang='lat' dir='ltr'><strong>conﬁrmat;</strong></span> <span class='ocrx_word' id='word_1_187' title='bbox 1694 2319 1750 2366; x_wconf 89' lang='lat' dir='ltr'><strong>et</strong></span> 
     </span>
    </p>
   </div>
   <div class='ocr_carea' id='block_1_24' title="bbox 150 2393 1747 2472">
    <p class='ocr_par' dir='ltr' id='par_1_24' title="bbox 150 2393 1747 2472">
     <span class='ocr_line' id='line_1_24' title="bbox 150 2393 1747 2472; baseline 0.005 -23"><span class='ocrx_word' id='word_1_188' title='bbox 150 2410 266 2449; x_wconf 89' lang='lat' dir='ltr'><strong>cum</strong></span> <span class='ocrx_word' id='word_1_189' title='bbox 299 2393 407 2451; x_wconf 89' lang='lat' dir='ltr'><strong>hoc</strong></span> <span class='ocrx_word' id='word_1_190' title='bbox 435 2394 537 2449; x_wconf 78' lang='lat' dir='ltr'><strong>fuit</strong></span> <span class='ocrx_word' id='word_1_191' title='bbox 561 2407 860 2463; x_wconf 87' lang='lat' dir='ltr'><strong>ostensum,</strong></span> <span class='ocrx_word' id='word_1_192' title='bbox 890 2398 1035 2468; x_wconf 92' lang='lat' dir='ltr'><strong>quod</strong></span> <span class='ocrx_word' id='word_1_193' title='bbox 1062 2399 1137 2455; x_wconf 73' lang='lat' dir='ltr'><strong>sit”</strong></span> <span class='ocrx_word' id='word_1_194' title='bbox 1162 2399 1257 2455; x_wconf 89' lang='lat' dir='ltr'><strong>Dei</strong></span> <span class='ocrx_word' id='word_1_195' title='bbox 1284 2399 1456 2456; x_wconf 88' lang='lat' dir='ltr'><strong>Filius</strong></span> <span class='ocrx_word' id='word_1_196' title='bbox 1476 2441 1492 2466; x_wconf 92' lang='lat'><strong>,</strong></span> <span class='ocrx_word' id='word_1_197' title='bbox 1521 2410 1578 2457; x_wconf 92' lang='lat' dir='ltr'><strong>et</strong></span> <span class='ocrx_word' id='word_1_198' title='bbox 1602 2400 1747 2472; x_wconf 89' lang='lat' dir='ltr'><strong>quod</strong></span> 
     </span>
    </p>
   </div>
   <div class='ocr_carea' id='block_1_25' title="bbox 149 2486 1747 2564">
    <p class='ocr_par' dir='ltr' id='par_1_25' title="bbox 149 2486 1747 2564">
     <span class='ocr_line' id='line_1_25' title="bbox 149 2486 1747 2564; baseline 0.004 -23"><span class='ocrx_word' id='word_1_199' title='bbox 149 2486 214 2542; x_wconf 85' lang='lat' dir='ltr'><strong>ab</strong></span> <span class='ocrx_word' id='word_1_200' title='bbox 243 2488 362 2558; x_wconf 91' lang='lat' dir='ltr'><strong>ipso</strong></span> <span class='ocrx_word' id='word_1_201' title='bbox 393 2503 502 2543; x_wconf 89' lang='lat' dir='ltr'><strong>non</strong></span> <span class='ocrx_word' id='word_1_202' title='bbox 546 2488 617 2542; x_wconf 87' lang='lat' dir='ltr'><strong>sit</strong></span> <span class='ocrx_word' id='word_1_203' title='bbox 658 2487 901 2556; x_wconf 89' lang='lat' dir='ltr'><strong>alienus,</strong></span> <span class='ocrx_word' id='word_1_204' title='bbox 938 2498 1057 2545; x_wconf 92' lang='lat' dir='ltr'><strong>tuto</strong></span> <span class='ocrx_word' id='word_1_205' title='bbox 1100 2490 1357 2561; x_wconf 86' lang='lat' dir='ltr'><strong>deinceps</strong></span> <span class='ocrx_word' id='word_1_206' title='bbox 1394 2507 1747 2564; x_wconf 69' lang='lat' dir='ltr'><strong>quazctmtque</strong></span> 
     </span>
    </p>
   </div>
   <div class='ocr_carea' id='block_1_26' title="bbox 149 2576 1747 2655">
    <p class='ocr_par' dir='ltr' id='par_1_26' title="bbox 149 2576 1747 2655">
     <span class='ocr_line' id='line_1_26' title="bbox 149 2576 1747 2655; baseline 0.004 -24"><span class='ocrx_word' id='word_1_207' title='bbox 149 2576 258 2631; x_wconf 84' lang='lat' dir='ltr'><strong>vult</strong></span> <span class='ocrx_word' id='word_1_208' title='bbox 294 2577 404 2633; x_wconf 89' lang='lat' dir='ltr'><strong>alta</strong></span> <span class='ocrx_word' id='word_1_209' title='bbox 434 2578 690 2648; x_wconf 89' lang='lat' dir='ltr'><strong>loquitur.</strong></span> <span class='ocrx_word' id='word_1_210' title='bbox 719 2577 853 2634; x_wconf 85' lang='lat' dir='ltr'><strong>Nam</strong></span> <span class='ocrx_word' id='word_1_211' title='bbox 885 2581 1138 2650; x_wconf 88' lang='lat' dir='ltr'><strong>quoniam</strong></span> <span class='ocrx_word' id='word_1_212' title='bbox 1180 2581 1321 2651; x_wconf 89' lang='lat' dir='ltr'><strong>quod</strong></span> <span class='ocrx_word' id='word_1_213' title='bbox 1366 2597 1620 2655; x_wconf 85' lang='lat' dir='ltr'><strong>magnum</strong></span> <span class='ocrx_word' id='word_1_214' title='bbox 1646 2583 1747 2638; x_wconf 91' lang='lat' dir='ltr'><strong>ali-</strong></span> 
     </span>
    </p>
   </div>
   <div class='ocr_carea' id='block_1_27' title="bbox 147 2668 1745 2740">
    <p class='ocr_par' dir='ltr' id='par_1_27' title="bbox 147 2668 1745 2740">
     <span class='ocr_line' id='line_1_27' title="bbox 147 2668 1745 2740; baseline 0.006 -18"><span class='ocrx_word' id='word_1_215' title='bbox 147 2668 271 2740; x_wconf 83' lang='lat' dir='ltr'><strong>quid</strong></span> <span class='ocrx_word' id='word_1_216' title='bbox 302 2668 371 2723; x_wconf 92' lang='lat' dir='ltr'><strong>de</strong></span> <span class='ocrx_word' id='word_1_217' title='bbox 411 2684 481 2724; x_wconf 90' lang='lat' dir='ltr'><strong>eo</strong></span> <span class='ocrx_word' id='word_1_218' title='bbox 507 2669 725 2735; x_wconf 84' lang='lat' dir='ltr'><strong>dixerit,</strong></span> <span class='ocrx_word' id='word_1_219' title='bbox 766 2672 966 2727; x_wconf 91' lang='lat' dir='ltr'><strong>multos</strong></span> <span class='ocrx_word' id='word_1_220' title='bbox 990 2670 1060 2727; x_wconf 89' lang='lat' dir='ltr'><strong>ad</strong></span> <span class='ocrx_word' id='word_1_221' title='bbox 1102 2671 1243 2730; x_wconf 88' lang='lat' dir='ltr'><strong>hanc</strong></span> <span class='ocrx_word' id='word_1_222' title='bbox 1271 2673 1494 2730; x_wconf 84' lang='lat' dir='ltr'><strong>deduxit</strong></span> <span class='ocrx_word' id='word_1_223' title='bbox 1522 2683 1745 2731; x_wconf 85' lang='lat' dir='ltr'><strong>senten-</strong></span> 
     </span>
    </p>
   </div>
   <div class='ocr_carea' id='block_1_28' title="bbox 151 2759 1743 2838">
    <p class='ocr_par' dir='ltr' id='par_1_28' title="bbox 151 2759 1743 2838">
     <span class='ocr_line' id='line_1_28' title="bbox 151 2759 1743 2838; baseline 0.007 -26"><span class='ocrx_word' id='word_1_224' title='bbox 151 2760 293 2824; x_wconf 87' lang='lat' dir='ltr'><strong>tiam,</strong></span> <span class='ocrx_word' id='word_1_225' title='bbox 318 2759 388 2815; x_wconf 87' lang='lat' dir='ltr'><strong>de</strong></span> <span class='ocrx_word' id='word_1_226' title='bbox 413 2759 704 2817; x_wconf 85' lang='lat' dir='ltr'><strong>humilibus</strong></span> <span class='ocrx_word' id='word_1_227' title='bbox 724 2762 872 2832; x_wconf 90' lang='lat' dir='ltr'><strong>prius</strong></span> <span class='ocrx_word' id='word_1_228' title='bbox 892 2763 1167 2835; x_wconf 86' lang='lat' dir='ltr'><strong>loquutus,</strong></span> <span class='ocrx_word' id='word_1_229' title='bbox 1198 2774 1325 2821; x_wconf 92' lang='lat' dir='ltr'><strong>tunc</strong></span> <span class='ocrx_word' id='word_1_230' title='bbox 1342 2774 1457 2821; x_wconf 88' lang='lat' dir='ltr'><strong>tuto</strong></span> <span class='ocrx_word' id='word_1_231' title='bbox 1482 2776 1743 2838; x_wconf 86' lang='lat' dir='ltr'><strong>quantum</strong></span> 
     </span>
    </p>
   </div>
   <div class='ocr_carea' id='block_1_29' title="bbox 150 2849 1741 2926">
    <p class='ocr_par' dir='ltr' id='par_1_29' title="bbox 150 2849 1741 2926">
     <span class='ocr_line' id='line_1_29' title="bbox 150 2849 1741 2926; baseline 0.008 -23"><span class='ocrx_word' id='word_1_232' title='bbox 150 2849 258 2904; x_wconf 88' lang='lat' dir='ltr'><strong>vult</strong></span> <span class='ocrx_word' id='word_1_233' title='bbox 286 2850 341 2905; x_wconf 93' lang='lat' dir='ltr'><strong>in</strong></span> <span class='ocrx_word' id='word_1_234' title='bbox 380 2852 549 2906; x_wconf 89' lang='lat' dir='ltr'><strong>altum</strong></span> <span class='ocrx_word' id='word_1_235' title='bbox 581 2852 824 2922; x_wconf 87' lang='lat' dir='ltr'><strong>procedit</strong></span> <span class='ocrx_word' id='word_1_236' title='bbox 849 2872 863 2908; x_wconf 91' lang='lat'><strong>:</strong></span> <span class='ocrx_word' id='word_1_237' title='bbox 888 2864 944 2910; x_wconf 88' lang='lat' dir='ltr'><strong>et</strong></span> <span class='ocrx_word' id='word_1_238' title='bbox 978 2869 1103 2911; x_wconf 89' lang='lat' dir='ltr'><strong>cum</strong></span> <span class='ocrx_word' id='word_1_239' title='bbox 1134 2855 1379 2926; x_wconf 80' lang='lat' dir='ltr'><strong>dixisset,</strong></span> <span class='ocrx_word' id='word_1_240' title='bbox 1422 2858 1585 2926; x_wconf 83' lang='lat' dir='ltr'><strong>Quem</strong></span> <span class='ocrx_word' id='word_1_241' title='bbox 1614 2876 1741 2914; x_wconf 86' lang='lat' dir='ltr'><strong>con-</strong></span> 
     </span>
    </p>
   </div>
   <div class='ocr_carea' id='block_1_30' title="bbox 146 2943 1744 3021">
    <p class='ocr_par' dir='ltr' id='par_1_30' title="bbox 146 2943 1744 3021">
     <span class='ocr_line' id='line_1_30' title="bbox 146 2943 1744 3021; baseline 0.008 -25"><span class='ocrx_word' id='word_1_242' title='bbox 146 2943 303 2997; x_wconf 81' lang='lat' dir='ltr'><strong>stituit</strong></span> <span class='ocrx_word' id='word_1_243' title='bbox 346 2944 584 3000; x_wconf 83' lang='lat' dir='ltr'><strong>heredem</strong></span> <span class='ocrx_word' id='word_1_244' title='bbox 624 2946 996 3013; x_wconf 77' lang='lat' dir='ltr'><strong>universorum,</strong></span> <span class='ocrx_word' id='word_1_245' title='bbox 1031 2956 1087 3004; x_wconf 92' lang='lat' dir='ltr'><strong>et</strong></span> <span class='ocrx_word' id='word_1_246' title='bbox 1111 2949 1255 3018; x_wconf 91' lang='lat' dir='ltr'><strong>quod</strong></span> <span class='ocrx_word' id='word_1_247' title='bbox 1285 2965 1383 3021; x_wconf 89' lang='lat' dir='ltr'><strong>per</strong></span> <span class='ocrx_word' id='word_1_248' title='bbox 1410 2951 1586 3021; x_wconf 89' lang='lat' dir='ltr'><strong>ipsum</strong></span> <span class='ocrx_word' id='word_1_249' title='bbox 1618 2953 1744 3010; x_wconf 83' lang='lat' dir='ltr'><strong>fecit</strong></span> 
     </span>
    </p>
   </div>
   <div class='ocr_carea' id='block_1_31' title="bbox 146 3036 1739 3113">
    <p class='ocr_par' dir='ltr' id='par_1_31' title="bbox 146 3036 1739 3113">
     <span class='ocr_line' id='line_1_31' title="bbox 146 3036 1739 3113; baseline 0.008 -24"><span class='ocrx_word' id='word_1_250' title='bbox 146 3036 358 3098; x_wconf 63' lang='lat' dir='ltr'><strong>sacula,</strong></span> <span class='ocrx_word' id='word_1_251' title='bbox 402 3044 532 3092; x_wconf 88' lang='lat' dir='ltr'><strong>tunc</strong></span> <span class='ocrx_word' id='word_1_252' title='bbox 562 3037 868 3109; x_wconf 83' lang='lat' dir='ltr'><strong>subjungit:</strong></span> <span class='ocrx_word' id='word_1_253' title='bbox 903 3038 1229 3113; x_wconf 85' lang='lat' dir='ltr'><strong>Portansque</strong></span> <span class='ocrx_word' id='word_1_254' title='bbox 1254 3044 1429 3098; x_wconf 82' lang='lat' dir='ltr'><strong>omnia</strong></span> <span class='ocrx_word' id='word_1_255' title='bbox 1457 3046 1606 3100; x_wconf 76' lang='lat' dir='ltr'><strong>verba</strong></span> <span class='ocrx_word' id='word_1_256' title='bbox 1633 3048 1739 3101; x_wconf 80' lang='lat' dir='ltr'><strong>vir-</strong></span> 
     </span>
    </p>
   </div>
   <div class='ocr_carea' id='block_1_32' title="bbox 146 3126 1741 3203">
    <p class='ocr_par' dir='ltr' id='par_1_32' title="bbox 146 3126 1741 3203">
     <span class='ocr_line' id='line_1_32' title="bbox 146 3126 1741 3203; baseline 0.009 -24"><span class='ocrx_word' id='word_1_257' title='bbox 146 3126 261 3180; x_wconf 76' lang='lat' dir='ltr'><strong>tutis</strong></span> <span class='ocrx_word' id='word_1_258' title='bbox 285 3142 413 3182; x_wconf 65' lang='lat' dir='ltr'><strong>suae.</strong></span> <span class='ocrx_word' id='word_1_259' title='bbox 446 3126 581 3182; x_wconf 82' lang='lat' dir='ltr'><strong>Nam</strong></span> <span class='ocrx_word' id='word_1_260' title='bbox 612 3129 702 3198; x_wconf 90' lang='lat' dir='ltr'><strong>qui</strong></span> <span class='ocrx_word' id='word_1_261' title='bbox 735 3130 902 3185; x_wconf 89' lang='lat' dir='ltr'><strong>verbo</strong></span> <span class='ocrx_word' id='word_1_262' title='bbox 932 3131 1051 3186; x_wconf 87' lang='lat' dir='ltr'><strong>solo</strong></span> <span class='ocrx_word' id='word_1_263' title='bbox 1080 3132 1347 3203; x_wconf 73' lang='lat' dir='ltr'><strong>gubernat</strong></span> <span class='ocrx_word' id='word_1_264' title='bbox 1374 3136 1554 3190; x_wconf 89' lang='lat' dir='ltr'><strong>omnia</strong></span> <span class='ocrx_word' id='word_1_265' title='bbox 1580 3177 1595 3202; x_wconf 92' lang='lat'><strong>,</strong></span> <span class='ocrx_word' id='word_1_266' title='bbox 1629 3153 1741 3193; x_wconf 89' lang='lat' dir='ltr'><strong>non</strong></span> 
     </span>
    </p>
   </div>
   <div class='ocr_carea' id='block_1_33' title="bbox 146 3217 1469 3295">
    <p class='ocr_par' dir='ltr' id='par_1_33' title="bbox 146 3217 1469 3295">
     <span class='ocr_line' id='line_1_33' title="bbox 146 3217 1469 3295; baseline 0.009 -27"><span class='ocrx_word' id='word_1_267' title='bbox 146 3230 272 3286; x_wconf 90' lang='lat' dir='ltr'><strong>opus</strong></span> <span class='ocrx_word' id='word_1_268' title='bbox 302 3217 551 3274; x_wconf 88' lang='lat' dir='ltr'><strong>habuerit</strong></span> <span class='ocrx_word' id='word_1_269' title='bbox 580 3220 761 3290; x_wconf 91' lang='lat' dir='ltr'><strong>aliquo</strong></span> <span class='ocrx_word' id='word_1_270' title='bbox 789 3220 857 3275; x_wconf 91' lang='lat' dir='ltr'><strong>ad</strong></span> <span class='ocrx_word' id='word_1_271' title='bbox 887 3222 1069 3277; x_wconf 86' lang='lat' dir='ltr'><strong>omnia</strong></span> <span class='ocrx_word' id='word_1_272' title='bbox 1098 3222 1469 3295; x_wconf 89' lang='lat' dir='ltr'><strong>producenda.</strong></span> 
     </span>
    </p>
   </div>
   <div class='ocr_carea' id='block_1_34' title="bbox 208 3306 1739 3386">
    <p class='ocr_par' dir='ltr' id='par_1_34' title="bbox 208 3306 1739 3386">
     <span class='ocr_line' id='line_1_34' title="bbox 208 3306 1739 3386; baseline 0.01 -24"><span class='ocrx_word' id='word_1_273' title='bbox 208 3306 267 3363; x_wconf 77' lang='lat'><strong>2.</strong></span> <span class='ocrx_word' id='word_1_274' title='bbox 304 3308 461 3377; x_wconf 84' lang='lat' dir='ltr'><strong>Quod</strong></span> <span class='ocrx_word' id='word_1_275' title='bbox 506 3308 605 3365; x_wconf 92' lang='lat' dir='ltr'><strong>hoc</strong></span> <span class='ocrx_word' id='word_1_276' title='bbox 640 3321 819 3366; x_wconf 91' lang='lat' dir='ltr'><strong>autem</strong></span> <span class='ocrx_word' id='word_1_277' title='bbox 849 3313 922 3367; x_wconf 87' lang='lat' dir='ltr'><strong>ita</strong></span> <span class='ocrx_word' id='word_1_278' title='bbox 962 3315 1067 3380; x_wconf 92' lang='lat' dir='ltr'><strong>sit,</strong></span> <span class='ocrx_word' id='word_1_279' title='bbox 1094 3315 1219 3369; x_wconf 84' lang='lat' dir='ltr'><strong>vide</strong></span> <span class='ocrx_word' id='word_1_280' title='bbox 1248 3318 1522 3386; x_wconf 86' lang='lat' dir='ltr'><strong>quomodo</strong></span> <span class='ocrx_word' id='word_1_281' title='bbox 1553 3335 1739 3378; x_wconf 88' lang='lat' dir='ltr'><strong>rursus</strong></span> 
     </span>
    </p>
   </div>
   <div class='ocr_carea' id='block_1_35' title="bbox 144 3402 1735 3484">
    <p class='ocr_par' dir='ltr' id='par_1_35' title="bbox 144 3402 1735 3484">
     <span class='ocr_line' id='line_1_35' title="bbox 144 3402 1735 3484; baseline 0.008 -26"><span class='ocrx_word' id='word_1_282' title='bbox 144 3402 440 3471; x_wconf 85' lang='lat' dir='ltr'><strong>procedens</strong></span> <span class='ocrx_word' id='word_1_283' title='bbox 460 3404 552 3458; x_wconf 86' lang='lat' dir='ltr'><strong>dat</strong></span> <span class='ocrx_word' id='word_1_284' title='bbox 574 3404 622 3460; x_wconf 91' lang='lat' dir='ltr'><strong>ei</strong></span> <span class='ocrx_word' id='word_1_285' title='bbox 646 3407 1040 3475; x_wconf 84' lang='lat' dir='ltr'><strong>auctoritatem,</strong></span> <span class='ocrx_word' id='word_1_286' title='bbox 1072 3408 1232 3463; x_wconf 90' lang='lat' dir='ltr'><strong>etiam</strong></span> <span class='ocrx_word' id='word_1_287' title='bbox 1262 3409 1415 3477; x_wconf 88' lang='lat' dir='ltr'><strong>illud,</strong></span> <span class='ocrx_word' id='word_1_288' title='bbox 1443 3410 1549 3467; x_wconf 85' lang='lat' dir='ltr'><strong>Per</strong></span> <span class='ocrx_word' id='word_1_289' title='bbox 1566 3429 1735 3484; x_wconf 84' lang='lat' dir='ltr'><strong>quem,</strong></span> 
     </span>
    </p>
   </div>
   <div class='ocr_carea' id='block_1_36' title="bbox 142 3496 1737 3572">
    <p class='ocr_par' dir='ltr' id='par_1_36' title="bbox 142 3496 1737 3572">
     <span class='ocr_line' id='line_1_36' title="bbox 142 3496 1737 3572; baseline 0.009 -23"><span class='ocrx_word' id='word_1_290' title='bbox 142 3496 401 3553; x_wconf 81' lang='lat' dir='ltr'><strong>eximens.</strong></span> <span class='ocrx_word' id='word_1_291' title='bbox 432 3496 572 3553; x_wconf 82' lang='lat' dir='ltr'><strong>Nam</strong></span> <span class='ocrx_word' id='word_1_292' title='bbox 600 3498 852 3569; x_wconf 89' lang='lat' dir='ltr'><strong>quoniam</strong></span> <span class='ocrx_word' id='word_1_293' title='bbox 900 3514 998 3570; x_wconf 90' lang='lat' dir='ltr'><strong>per</strong></span> <span class='ocrx_word' id='word_1_294' title='bbox 1036 3501 1213 3570; x_wconf 91' lang='lat' dir='ltr'><strong>ipsum</strong></span> <span class='ocrx_word' id='word_1_295' title='bbox 1257 3503 1402 3572; x_wconf 89' lang='lat' dir='ltr'><strong>quod</strong></span> <span class='ocrx_word' id='word_1_296' title='bbox 1442 3504 1616 3561; x_wconf 91' lang='lat' dir='ltr'><strong>voluit</strong></span> <span class='ocrx_word' id='word_1_297' title='bbox 1654 3518 1737 3564; x_wconf 90' lang='lat' dir='ltr'><strong>est</strong></span> 
     </span>
    </p>
   </div>
   <div class='ocr_carea' id='block_1_37' title="bbox 142 3588 1737 3668">
    <p class='ocr_par' dir='ltr' id='par_1_37' title="bbox 142 3588 1737 3668">
     <span class='ocr_line' id='line_1_37' title="bbox 142 3588 1737 3668; baseline 0.01 -28"><span class='ocrx_word' id='word_1_298' title='bbox 142 3598 414 3656; x_wconf 81' lang='lat' dir='ltr'><strong>operatus,</strong></span> <span class='ocrx_word' id='word_1_299' title='bbox 462 3588 533 3644; x_wconf 91' lang='lat' dir='ltr'><strong>ab</strong></span> <span class='ocrx_word' id='word_1_300' title='bbox 575 3605 643 3645; x_wconf 88' lang='lat' dir='ltr'><strong>eo</strong></span> <span class='ocrx_word' id='word_1_301' title='bbox 688 3589 757 3647; x_wconf 92' lang='lat' dir='ltr'><strong>de</strong></span> <span class='ocrx_word' id='word_1_302' title='bbox 798 3600 998 3648; x_wconf 65' lang='lat' dir='ltr'><strong>caetero</strong></span> <span class='ocrx_word' id='word_1_303' title='bbox 1041 3593 1350 3664; x_wconf 86' lang='lat' dir='ltr'><strong>discedens,</strong></span> <span class='ocrx_word' id='word_1_304' title='bbox 1396 3597 1522 3668; x_wconf 90' lang='lat' dir='ltr'><strong>quid</strong></span> <span class='ocrx_word' id='word_1_305' title='bbox 1562 3598 1737 3656; x_wconf 87' lang='lat' dir='ltr'><strong>dicit?</strong></span> 
     </span>
    </p>
   </div>
   <div class='ocr_carea' id='block_1_38' title="bbox 140 3676 1737 3761">
    <p class='ocr_par' dir='ltr' id='par_1_38' title="bbox 140 3676 1737 3761">
     <span class='ocr_line' id='line_1_38' title="bbox 140 3676 1737 3761; baseline 0.01 -28"><span class='ocrx_word' id='word_1_306' title='bbox 140 3676 291 3735; x_wconf 82' lang='lat' dir='ltr'><strong>Initio</strong></span> <span class='ocrx_word' id='word_1_307' title='bbox 323 3690 380 3736; x_wconf 87' lang='lat' dir='ltr'><strong>tu</strong></span> <span class='ocrx_word' id='word_1_308' title='bbox 404 3722 421 3749; x_wconf 96' lang='lat'><strong>,</strong></span> <span class='ocrx_word' id='word_1_309' title='bbox 458 3681 697 3751; x_wconf 81' lang='lat' dir='ltr'><strong>Domine,</strong></span> <span class='ocrx_word' id='word_1_310' title='bbox 732 3694 918 3741; x_wconf 85' lang='lat' dir='ltr'><strong>terram</strong></span> <span class='ocrx_word' id='word_1_311' title='bbox 948 3687 1197 3758; x_wconf 75' lang='lat' dir='ltr'><strong>fundasti,</strong></span> <span class='ocrx_word' id='word_1_312' title='bbox 1228 3697 1278 3744; x_wconf 84' lang='lat' dir='ltr'><strong>et</strong></span> <span class='ocrx_word' id='word_1_313' title='bbox 1302 3706 1459 3761; x_wconf 84' lang='lat' dir='ltr'><strong>Opera</strong></span> <span class='ocrx_word' id='word_1_314' title='bbox 1490 3709 1737 3750; x_wconf 86' lang='lat' dir='ltr'><strong>manuum</strong></span> 
     </span>
    </p>
   </div>
   <div class='ocr_carea' id='block_1_39' title="bbox 140 3773 1735 3850">
    <p class='ocr_par' dir='ltr' id='par_1_39' title="bbox 140 3773 1735 3850">
     <span class='ocr_line' id='line_1_39' title="bbox 140 3773 1735 3850; baseline 0.01 -26"><span class='ocrx_word' id='word_1_315' title='bbox 140 3780 333 3825; x_wconf 75' lang='lat' dir='ltr'><strong>tuaruut</strong></span> <span class='ocrx_word' id='word_1_316' title='bbox 358 3781 480 3827; x_wconf 84' lang='lat' dir='ltr'><strong>sunt</strong></span> <span class='ocrx_word' id='word_1_317' title='bbox 508 3774 623 3828; x_wconf 68' lang='lat' dir='ltr'><strong>ccli</strong></span> <span class='ocrx_word' id='word_1_318' title='bbox 645 3773 848 3848; x_wconf 50' lang='lat' dir='ltr'><strong>.(Hebr.</strong></span> <span class='ocrx_word' id='word_1_319' title='bbox 886 3777 941 3831; x_wconf 92' lang='grc'><strong>1.</strong></span> <span class='ocrx_word' id='word_1_320' title='bbox 975 3777 1091 3848; x_wconf 87' lang='grc'><strong>10).</strong></span> <span class='ocrx_word' id='word_1_321' title='bbox 1121 3776 1396 3849; x_wconf 82' lang='lat' dir='ltr'><strong>Nusquam</strong></span> <span class='ocrx_word' id='word_1_322' title='bbox 1430 3781 1582 3850; x_wconf 88' lang='lat' dir='ltr'><strong>illud,</strong></span> <span class='ocrx_word' id='word_1_323' title='bbox 1629 3783 1735 3840; x_wconf 87' lang='lat' dir='ltr'><strong>Per</strong></span> 
     </span>
    </p>
   </div>
   <div class='ocr_carea' id='block_1_40' title="bbox 138 3866 1732 3946">
    <p class='ocr_par' dir='ltr' id='par_1_40' title="bbox 138 3866 1732 3946">
     <span class='ocr_line' id='line_1_40' title="bbox 138 3866 1732 3946; baseline 0.011 -29"><span class='ocrx_word' id='word_1_324' title='bbox 138 3877 314 3931; x_wconf 76' lang='lat' dir='ltr'><strong>quem,</strong></span> <span class='ocrx_word' id='word_1_325' title='bbox 363 3880 546 3936; x_wconf 88' lang='lat' dir='ltr'><strong>neque</strong></span> <span class='ocrx_word' id='word_1_326' title='bbox 589 3866 733 3937; x_wconf 90' lang='lat' dir='ltr'><strong>quod</strong></span> <span class='ocrx_word' id='word_1_327' title='bbox 774 3884 869 3940; x_wconf 87' lang='lat' dir='ltr'><strong>per</strong></span> <span class='ocrx_word' id='word_1_328' title='bbox 919 3869 1097 3941; x_wconf 89' lang='lat' dir='ltr'><strong>ipsum</strong></span> <span class='ocrx_word' id='word_1_329' title='bbox 1145 3870 1274 3927; x_wconf 78' lang='lat' dir='ltr'><strong>fecit</strong></span> <span class='ocrx_word' id='word_1_330' title='bbox 1320 3876 1540 3932; x_wconf 60' lang='lat' dir='ltr'><strong>saecula.</strong></span> <span class='ocrx_word' id='word_1_331' title='bbox 1588 3876 1732 3946; x_wconf 86' lang='lat' dir='ltr'><strong>Quid</strong></span> 
     </span>
    </p>
   </div>
   <div class='ocr_carea' id='block_1_41' title="bbox 138 3955 1730 4033">
    <p class='ocr_par' dir='ltr' id='par_1_41' title="bbox 138 3955 1730 4033">
     <span class='ocr_line' id='line_1_41' title="bbox 138 3955 1730 4033; baseline 0.013 -27"><span class='ocrx_word' id='word_1_332' title='bbox 138 3955 300 4009; x_wconf 78' lang='lat' dir='ltr'><strong>vero?</strong></span> <span class='ocrx_word' id='word_1_333' title='bbox 327 3970 512 4012; x_wconf 84' lang='lat' dir='ltr'><strong>annon</strong></span> <span class='ocrx_word' id='word_1_334' title='bbox 544 3956 612 4014; x_wconf 91' lang='lat' dir='ltr'><strong>ab</strong></span> <span class='ocrx_word' id='word_1_335' title='bbox 636 3958 755 4030; x_wconf 90' lang='lat' dir='ltr'><strong>ipso</strong></span> <span class='ocrx_word' id='word_1_336' title='bbox 783 3960 921 4016; x_wconf 78' lang='lat' dir='ltr'><strong>facta</strong></span> <span class='ocrx_word' id='word_1_337' title='bbox 952 3962 1119 4017; x_wconf 77' lang='lat' dir='ltr'><strong>sunt?</strong></span> <span class='ocrx_word' id='word_1_338' title='bbox 1162 3963 1430 4033; x_wconf 81' lang='lat' dir='ltr'><strong>Maxime;</strong></span> <span class='ocrx_word' id='word_1_339' title='bbox 1474 3969 1572 4025; x_wconf 89' lang='lat' dir='ltr'><strong>sed</strong></span> <span class='ocrx_word' id='word_1_340' title='bbox 1622 3986 1730 4027; x_wconf 91' lang='lat' dir='ltr'><strong>non</strong></span> 
     </span>
    </p>
   </div>
   <div class='ocr_carea' id='block_1_42' title="bbox 137 4043 1728 4132">
    <p class='ocr_par' dir='ltr' id='par_1_42' title="bbox 137 4043 1728 4132">
     <span class='ocr_line' id='line_1_42' title="bbox 137 4043 1728 4132; baseline 0.013 -34"><span class='ocrx_word' id='word_1_341' title='bbox 137 4043 265 4099; x_wconf 89' lang='lat' dir='ltr'><strong>sicut</strong></span> <span class='ocrx_word' id='word_1_342' title='bbox 306 4056 363 4101; x_wconf 92' lang='lat' dir='ltr'><strong>tu</strong></span> <span class='ocrx_word' id='word_1_343' title='bbox 393 4047 561 4115; x_wconf 89' lang='lat' dir='ltr'><strong>dicis,</strong></span> <span class='ocrx_word' id='word_1_344' title='bbox 596 4065 771 4119; x_wconf 89' lang='lat' dir='ltr'><strong>neque</strong></span> <span class='ocrx_word' id='word_1_345' title='bbox 799 4061 858 4106; x_wconf 91' lang='lat' dir='ltr'><strong>ut</strong></span> <span class='ocrx_word' id='word_1_346' title='bbox 900 4061 955 4107; x_wconf 92' lang='lat' dir='ltr'><strong>tu</strong></span> <span class='ocrx_word' id='word_1_347' title='bbox 987 4056 1304 4126; x_wconf 87' lang='lat' dir='ltr'><strong>suspicaris,</strong></span> <span class='ocrx_word' id='word_1_348' title='bbox 1335 4060 1489 4129; x_wconf 91' lang='lat' dir='ltr'><strong>quasi</strong></span> <span class='ocrx_word' id='word_1_349' title='bbox 1516 4077 1615 4132; x_wconf 87' lang='lat' dir='ltr'><strong>per</strong></span> <span class='ocrx_word' id='word_1_350' title='bbox 1643 4063 1728 4119; x_wconf 84' lang='lat' dir='ltr'><strong>in-</strong></span> 
     </span>
    </p>
   </div>
   <div class='ocr_carea' id='block_1_43' title="bbox 137 4145 1726 4224">
    <p class='ocr_par' dir='ltr' id='par_1_43' title="bbox 137 4145 1726 4224">
     <span class='ocr_line' id='line_1_43' title="bbox 137 4145 1726 4224; baseline 0.011 -32"><span class='ocrx_word' id='word_1_351' title='bbox 137 4145 491 4196; x_wconf 80' lang='lat' dir='ltr'><strong>strumentum</strong></span> <span class='ocrx_word' id='word_1_352' title='bbox 515 4182 533 4209; x_wconf 96' lang='lat'><strong>,</strong></span> <span class='ocrx_word' id='word_1_353' title='bbox 575 4156 749 4213; x_wconf 87' lang='lat' dir='ltr'><strong>neque</strong></span> <span class='ocrx_word' id='word_1_354' title='bbox 792 4152 1063 4216; x_wconf 88' lang='lat' dir='ltr'><strong>tamquam</strong></span> <span class='ocrx_word' id='word_1_355' title='bbox 1105 4162 1212 4203; x_wconf 91' lang='lat' dir='ltr'><strong>non</strong></span> <span class='ocrx_word' id='word_1_356' title='bbox 1251 4148 1439 4206; x_wconf 82' lang='lat' dir='ltr'><strong>luisset</strong></span> <span class='ocrx_word' id='word_1_357' title='bbox 1467 4150 1726 4224; x_wconf 78' lang='lat' dir='ltr'><strong>facturus,</strong></span> 
     </span>
    </p>
   </div>
   <div class='ocr_carea' id='block_1_44' title="bbox 136 4230 1725 4305">
    <p class='ocr_par' dir='ltr' id='par_1_44' title="bbox 136 4230 1725 4305">
     <span class='ocr_line' id='line_1_44' title="bbox 136 4230 1725 4305; baseline 0.012 -22"><span class='ocrx_word' id='word_1_358' title='bbox 136 4230 234 4287; x_wconf 88' lang='lat' dir='ltr'><strong>nisi</strong></span> <span class='ocrx_word' id='word_1_359' title='bbox 261 4247 483 4288; x_wconf 88' lang='lat' dir='ltr'><strong>manum</strong></span> <span class='ocrx_word' id='word_1_360' title='bbox 512 4234 614 4304; x_wconf 83' lang='lat' dir='ltr'><strong>ipsi</strong></span> <span class='ocrx_word' id='word_1_361' title='bbox 644 4235 967 4305; x_wconf 67' lang='lat' dir='ltr'><strong>praebuisset</strong></span> <span class='ocrx_word' id='word_1_362' title='bbox 989 4237 1170 4295; x_wconf 89' lang='lat' dir='ltr'><strong>Pater.</strong></span> <span class='ocrx_word' id='word_1_363' title='bbox 1199 4239 1350 4297; x_wconf 90' lang='lat' dir='ltr'><strong>Sicut</strong></span> <span class='ocrx_word' id='word_1_364' title='bbox 1373 4241 1520 4297; x_wconf 90' lang='lat' dir='ltr'><strong>enim</strong></span> <span class='ocrx_word' id='word_1_365' title='bbox 1549 4246 1725 4301; x_wconf 90' lang='lat' dir='ltr'><strong>nemi-</strong></span> 
     </span>
    </p>
   </div>
   <div class='ocr_carea' id='block_1_45' title="bbox 136 4324 1726 4403">
    <p class='ocr_par' dir='ltr' id='par_1_45' title="bbox 136 4324 1726 4403">
     <span class='ocr_line' id='line_1_45' title="bbox 136 4324 1726 4403; baseline 0.012 -30"><span class='ocrx_word' id='word_1_366' title='bbox 136 4336 246 4377; x_wconf 87' lang='lat' dir='ltr'><strong>nem</strong></span> <span class='ocrx_word' id='word_1_367' title='bbox 268 4324 502 4393; x_wconf 67' lang='lat' dir='ltr'><strong>judimt,</strong></span> <span class='ocrx_word' id='word_1_368' title='bbox 525 4333 581 4381; x_wconf 87' lang='lat' dir='ltr'><strong>et</strong></span> <span class='ocrx_word' id='word_1_369' title='bbox 607 4326 805 4381; x_wconf 88' lang='lat' dir='ltr'><strong>dicitur</strong></span> <span class='ocrx_word' id='word_1_370' title='bbox 825 4326 1076 4398; x_wconf 87' lang='lat' dir='ltr'><strong>judicare</strong></span> <span class='ocrx_word' id='word_1_371' title='bbox 1101 4346 1199 4400; x_wconf 84' lang='lat' dir='ltr'><strong>per</strong></span> <span class='ocrx_word' id='word_1_372' title='bbox 1229 4328 1419 4399; x_wconf 85' lang='lat' dir='ltr'><strong>ﬁlium,</strong></span> <span class='ocrx_word' id='word_1_373' title='bbox 1454 4343 1726 4403; x_wconf 89' lang='lat' dir='ltr'><strong>quatenus</strong></span> 
     </span>
    </p>
   </div>
   <div class='ocr_carea' id='block_1_46' title="bbox 130 4410 1723 4495">
    <p class='ocr_par' dir='ltr' id='par_1_46' title="bbox 130 4410 1723 4495">
     <span class='ocr_line' id='line_1_46' title="bbox 130 4410 1723 4495; baseline 0.009 -28"><span class='ocrx_word' id='word_1_374' title='bbox 130 4410 353 4479; x_wconf 79' lang='lat' dir='ltr'><strong>indicem</strong></span> <span class='ocrx_word' id='word_1_375' title='bbox 410 4414 558 4470; x_wconf 89' lang='lat' dir='ltr'><strong>illum</strong></span> <span class='ocrx_word' id='word_1_376' title='bbox 610 4418 853 4488; x_wconf 90' lang='lat' dir='ltr'><strong>genuit:</strong></span> <span class='ocrx_word' id='word_1_377' title='bbox 892 4418 966 4474; x_wconf 88' lang='lat' dir='ltr'><strong>ita</strong></span> <span class='ocrx_word' id='word_1_378' title='bbox 1014 4420 1177 4476; x_wconf 89' lang='lat' dir='ltr'><strong>etiam</strong></span> <span class='ocrx_word' id='word_1_379' title='bbox 1227 4421 1427 4478; x_wconf 87' lang='lat' dir='ltr'><strong>dicitur</strong></span> <span class='ocrx_word' id='word_1_380' title='bbox 1474 4428 1723 4495; x_wconf 88' lang='lat' dir='ltr'><strong>operari,</strong></span> 
     </span>
    </p>
   </div>
   <div class='ocr_carea' id='block_1_47' title="bbox 132 4507 1724 4587">
    <p class='ocr_par' dir='ltr' id='par_1_47' title="bbox 132 4507 1724 4587">
     <span class='ocr_line' id='line_1_47' title="bbox 132 4507 1724 4587; baseline 0.011 -30"><span class='ocrx_word' id='word_1_381' title='bbox 132 4516 389 4573; x_wconf 85' lang='lat' dir='ltr'><strong>quatenus</strong></span> <span class='ocrx_word' id='word_1_382' title='bbox 421 4507 609 4577; x_wconf 86' lang='lat' dir='ltr'><strong>genuit</strong></span> <span class='ocrx_word' id='word_1_383' title='bbox 653 4508 921 4580; x_wconf 79' lang='lat' dir='ltr'><strong>Opiﬂeem.</strong></span> <span class='ocrx_word' id='word_1_384' title='bbox 969 4510 1027 4568; x_wconf 91' lang='lat' dir='ltr'><strong>Si</strong></span> <span class='ocrx_word' id='word_1_385' title='bbox 1075 4513 1221 4567; x_wconf 89' lang='lat' dir='ltr'><strong>enim</strong></span> <span class='ocrx_word' id='word_1_386' title='bbox 1268 4513 1431 4571; x_wconf 85' lang='lat' dir='ltr'><strong>Pater</strong></span> <span class='ocrx_word' id='word_1_387' title='bbox 1477 4518 1595 4587; x_wconf 88' lang='lat' dir='ltr'><strong>ejus</strong></span> <span class='ocrx_word' id='word_1_388' title='bbox 1639 4531 1724 4577; x_wconf 89' lang='lat' dir='ltr'><strong>est</strong></span> 
     </span>
    </p>
   </div>
   <div class='ocr_carea' id='block_1_48' title="bbox 133 4602 1720 4682">
    <p class='ocr_par' dir='ltr' id='par_1_48' title="bbox 133 4602 1720 4682">
     <span class='ocr_line' id='line_1_48' title="bbox 133 4602 1720 4682; baseline 0.01 -31"><span class='ocrx_word' id='word_1_389' title='bbox 133 4611 281 4654; x_wconf 83' lang='lat' dir='ltr'><strong>causa</strong></span> <span class='ocrx_word' id='word_1_390' title='bbox 307 4609 361 4655; x_wconf 89' lang='lat' dir='ltr'><strong>et</strong></span> <span class='ocrx_word' id='word_1_391' title='bbox 404 4610 614 4666; x_wconf 90' lang='lat' dir='ltr'><strong>auctor,</strong></span> <span class='ocrx_word' id='word_1_392' title='bbox 647 4602 819 4659; x_wconf 91' lang='lat' dir='ltr'><strong>multo</strong></span> <span class='ocrx_word' id='word_1_393' title='bbox 846 4604 1018 4677; x_wconf 79' lang='lat' dir='ltr'><strong>magis</strong></span> <span class='ocrx_word' id='word_1_394' title='bbox 1047 4620 1234 4661; x_wconf 91' lang='lat' dir='ltr'><strong>eorum</strong></span> <span class='ocrx_word' id='word_1_395' title='bbox 1266 4623 1387 4679; x_wconf 68' lang='lat' dir='ltr'><strong>qure</strong></span> <span class='ocrx_word' id='word_1_396' title='bbox 1421 4625 1515 4679; x_wconf 90' lang='lat' dir='ltr'><strong>per</strong></span> <span class='ocrx_word' id='word_1_397' title='bbox 1544 4612 1720 4682; x_wconf 87' lang='lat' dir='ltr'><strong>ipsum</strong></span> 
     </span>
    </p>
   </div>
   <div class='ocr_carea' id='block_1_49' title="bbox 134 4688 437 4747">
    <p class='ocr_par' dir='ltr' id='par_1_49' title="bbox 134 4688 437 4747">
     <span class='ocr_line' id='line_1_49' title="bbox 134 4688 437 4747; baseline 0.01 -6"><span class='ocrx_word' id='word_1_398' title='bbox 134 4688 257 4745; x_wconf 76' lang='lat' dir='ltr'><strong>facta</strong></span> <span class='ocrx_word' id='word_1_399' title='bbox 286 4702 437 4747; x_wconf 89' lang='lat' dir='ltr'><strong>sunt.</strong></span> 
     </span>
    </p>
   </div>
   <div class='ocr_carea' id='block_1_50' title="bbox 195 4780 1721 4887">
    <p class='ocr_par' dir='ltr' id='par_1_50' title="bbox 195 4780 1721 4887">
     <span class='ocr_line' id='line_1_50' title="bbox 195 4780 1721 4887; baseline 0.03 -51"><span class='ocrx_word' id='word_1_400' title='bbox 195 4780 705 4887; x_wconf 52' lang='lat' dir='ltr'><strong>Paulisamosatmi</strong></span> <span class='ocrx_word' id='word_1_401' title='bbox 727 4800 953 4860; x_wconf 77' lang='lat' dir='ltr'><strong>quresis.</strong></span> <span class='ocrx_word' id='word_1_402' title='bbox 980 4806 1155 4876; x_wconf 75' lang='lat' dir='ltr'><strong>Arius,</strong></span> <span class='ocrx_word' id='word_1_403' title='bbox 1183 4810 1463 4887; x_wconf 80' lang='lat' dir='ltr'><strong>Sabellius,</strong></span> <span class='ocrx_word' id='word_1_404' title='bbox 1494 4819 1721 4881; x_wconf 66' lang='lat' dir='ltr'><strong>Mareel-</strong></span> 
     </span>
    </p>
   </div>
   <div class='ocr_carea' id='block_1_51' title="bbox 128 4870 1712 4982">
    <p class='ocr_par' dir='ltr' id='par_1_51' title="bbox 128 4870 1712 4982">
     <span class='ocr_line' id='line_1_51' title="bbox 128 4870 1712 4982; baseline 0.032 -57"><span class='ocrx_word' id='word_1_405' title='bbox 128 4870 200 4927; x_wconf 66' lang='grc' dir='ltr'><strong>ιιι</strong></span> <span class='ocrx_word' id='word_1_406' title='bbox 222 4915 238 4942; x_wconf 88' lang='grc'><em>,</em></span> <span class='ocrx_word' id='word_1_407' title='bbox 283 4877 544 4982; x_wconf 51' lang='lat' dir='ltr'><strong>Photinus</strong></span> <span class='ocrx_word' id='word_1_408' title='bbox 589 4898 637 4982; x_wconf 78' lang='lat' dir='ltr'><strong>et</strong></span> <span class='ocrx_word' id='word_1_409' title='bbox 686 4890 925 4950; x_wconf 67' lang='grc' dir='ltr'><strong>Πανδίονι</strong></span> <span class='ocrx_word' id='word_1_410' title='bbox 968 4870 1319 4971; x_wconf 77' lang='lat' dir='ltr'><strong>confutantur.</strong></span> <span class='ocrx_word' id='word_1_411' title='bbox 1483 4870 1712 4982; x_wconf 51' lang='lat' dir='ltr'><strong>Quando</strong></span> 
     </span>
    </p>
   </div>
   <div class='ocr_carea' id='block_1_52' title="bbox 3371 363 3441 421">
    <p class='ocr_par' dir='ltr' id='par_1_52' title="bbox 3371 363 3441 421">
     <span class='ocr_line' id='line_1_52' title="bbox 3371 363 3441 421; baseline 0 -3"><span class='ocrx_word' id='word_1_412' title='bbox 3371 363 3441 421; x_wconf 74' lang='lat'><strong>29.</strong></span> 
     </span>
    </p>
   </div>
   <div class='ocr_carea' id='block_1_53' title="bbox 1855 462 3454 536">
    <p class='ocr_par' dir='ltr' id='par_1_53' title="bbox 1855 462 3454 536">
     <span class='ocr_line' id='line_1_53' title="bbox 1855 462 3454 536; baseline 0 -14"><span class='ocrx_word' id='word_1_413' title='bbox 1855 476 1914 522; x_wconf 86' lang='lat' dir='ltr'><strong>ct</strong></span> <span class='ocrx_word' id='word_1_414' title='bbox 1938 481 2125 521; x_wconf 82' lang='lat' dir='ltr'><strong>rursus</strong></span> <span class='ocrx_word' id='word_1_415' title='bbox 2150 466 2388 521; x_wconf 87' lang='lat' dir='ltr'><strong>ostendit</strong></span> <span class='ocrx_word' id='word_1_416' title='bbox 2417 479 2665 536; x_wconf 87' lang='lat' dir='ltr'><strong>magnam</strong></span> <span class='ocrx_word' id='word_1_417' title='bbox 2695 464 2813 532; x_wconf 84' lang='lat' dir='ltr'><strong>ejus</strong></span> <span class='ocrx_word' id='word_1_418' title='bbox 2845 462 3300 535; x_wconf 75' lang='lat' dir='ltr'><strong>propinquitatem</strong></span> <span class='ocrx_word' id='word_1_419' title='bbox 3324 506 3340 529; x_wconf 88' lang='lat'><strong>,</strong></span> <span class='ocrx_word' id='word_1_420' title='bbox 3384 483 3454 522; x_wconf 78' lang='grc' dir='ltr'><strong>ιω</strong></span> 
     </span>
    </p>
   </div>
   <div class='ocr_carea' id='block_1_54' title="bbox 1852 557 3457 632">
    <p class='ocr_par' dir='ltr' id='par_1_54' title="bbox 1852 557 3457 632">
     <span class='ocr_line' id='line_1_54' title="bbox 1852 557 3457 632; baseline 0.001 -17"><span class='ocrx_word' id='word_1_421' title='bbox 1852 574 2041 616; x_wconf 87' lang='lat' dir='ltr'><strong>rursus</strong></span> <span class='ocrx_word' id='word_1_422' title='bbox 2064 559 2264 616; x_wconf 85' lang='lat' dir='ltr'><strong>insiliat</strong></span> <span class='ocrx_word' id='word_1_423' title='bbox 2288 559 2581 616; x_wconf 87' lang='lat' dir='ltr'><strong>Sabellius.</strong></span> <span class='ocrx_word' id='word_1_424' title='bbox 2607 558 2752 613; x_wconf 85' lang='lat' dir='ltr'><strong>Dixit</strong></span> <span class='ocrx_word' id='word_1_425' title='bbox 2773 557 2991 623; x_wconf 81' lang='lat' dir='ltr'><strong>Filium,</strong></span> <span class='ocrx_word' id='word_1_426' title='bbox 3015 569 3070 616; x_wconf 88' lang='lat' dir='ltr'><strong>et</strong></span> <span class='ocrx_word' id='word_1_427' title='bbox 3088 560 3269 616; x_wconf 83' lang='lat' dir='ltr'><strong>statim</strong></span> <span class='ocrx_word' id='word_1_428' title='bbox 3297 575 3457 632; x_wconf 87' lang='lat' dir='ltr'><strong>urget</strong></span> 
     </span>
    </p>
   </div>
   <div class='ocr_carea' id='block_1_55' title="bbox 1853 650 3456 721">
    <p class='ocr_par' dir='ltr' id='par_1_55' title="bbox 1853 650 3456 721">
     <span class='ocr_line' id='line_1_55' title="bbox 1853 650 3456 721; baseline 0.001 -13"><span class='ocrx_word' id='word_1_429' title='bbox 1853 652 2050 708; x_wconf 89' lang='lat' dir='ltr'><strong>Paulus</strong></span> <span class='ocrx_word' id='word_1_430' title='bbox 2075 652 2483 717; x_wconf 88' lang='lat' dir='ltr'><strong>Samosatenus,</strong></span> <span class='ocrx_word' id='word_1_431' title='bbox 2516 651 2699 707; x_wconf 82' lang='lat' dir='ltr'><strong>dicens</strong></span> <span class='ocrx_word' id='word_1_432' title='bbox 2728 650 2903 721; x_wconf 88' lang='lat' dir='ltr'><strong>ipsum</strong></span> <span class='ocrx_word' id='word_1_433' title='bbox 2933 665 3059 707; x_wconf 88' lang='lat' dir='ltr'><strong>esse</strong></span> <span class='ocrx_word' id='word_1_434' title='bbox 3087 651 3284 708; x_wconf 81' lang='lat' dir='ltr'><strong>Filium</strong></span> <span class='ocrx_word' id='word_1_435' title='bbox 3313 654 3456 709; x_wconf 88' lang='lat' dir='ltr'><strong>sicut</strong></span> 
     </span>
    </p>
   </div>
   <div class='ocr_carea' id='block_1_56' title="bbox 1851 743 3454 810">
    <p class='ocr_par' dir='ltr' id='par_1_56' title="bbox 1851 743 3454 810">
     <span class='ocr_line' id='line_1_56' title="bbox 1851 743 3454 810; baseline 0.002 -9"><span class='ocrx_word' id='word_1_436' title='bbox 1851 747 2069 803; x_wconf 88' lang='lat' dir='ltr'><strong>multos.</strong></span> <span class='ocrx_word' id='word_1_437' title='bbox 2097 745 2203 804; x_wconf 87' lang='lat' dir='ltr'><strong>Sed</strong></span> <span class='ocrx_word' id='word_1_438' title='bbox 2231 745 2393 801; x_wconf 83' lang='lat' dir='ltr'><strong>letale</strong></span> <span class='ocrx_word' id='word_1_439' title='bbox 2422 746 2471 800; x_wconf 92' lang='lat' dir='ltr'><strong>ei</strong></span> <span class='ocrx_word' id='word_1_440' title='bbox 2502 744 2700 799; x_wconf 85' lang='lat' dir='ltr'><strong>vulnus</strong></span> <span class='ocrx_word' id='word_1_441' title='bbox 2723 743 2933 810; x_wconf 80' lang='lat' dir='ltr'><strong>inﬂixit,</strong></span> <span class='ocrx_word' id='word_1_442' title='bbox 2956 743 3143 800; x_wconf 90' lang='lat' dir='ltr'><strong>dicens</strong></span> <span class='ocrx_word' id='word_1_443' title='bbox 3170 745 3454 804; x_wconf 88' lang='lat' dir='ltr'><strong>heredem.</strong></span> 
     </span>
    </p>
   </div>
   <div class='ocr_carea' id='block_1_57' title="bbox 1850 835 3452 910">
    <p class='ocr_par' dir='ltr' id='par_1_57' title="bbox 1850 835 3452 910">
     <span class='ocr_line' id='line_1_57' title="bbox 1850 835 3452 910; baseline -0.001 -15"><span class='ocrx_word' id='word_1_444' title='bbox 1850 837 1957 895; x_wconf 87' lang='lat' dir='ltr'><strong>Sed</strong></span> <span class='ocrx_word' id='word_1_445' title='bbox 1985 837 2160 894; x_wconf 86' lang='lat' dir='ltr'><strong>adhuc</strong></span> <span class='ocrx_word' id='word_1_446' title='bbox 2188 837 2529 910; x_wconf 90' lang='lat' dir='ltr'><strong>impudenter</strong></span> <span class='ocrx_word' id='word_1_447' title='bbox 2555 850 2615 892; x_wconf 90' lang='lat' dir='ltr'><strong>se</strong></span> <span class='ocrx_word' id='word_1_448' title='bbox 2633 835 2773 907; x_wconf 90' lang='lat' dir='ltr'><strong>gerit</strong></span> <span class='ocrx_word' id='word_1_449' title='bbox 2802 850 2927 891; x_wconf 89' lang='lat' dir='ltr'><strong>cum</strong></span> <span class='ocrx_word' id='word_1_450' title='bbox 2954 837 3085 892; x_wconf 84' lang='lat' dir='ltr'><strong>Ario</strong></span> <span class='ocrx_word' id='word_1_451' title='bbox 3112 857 3124 893; x_wconf 93' lang='lat'><strong>:</strong></span> <span class='ocrx_word' id='word_1_452' title='bbox 3153 852 3275 893; x_wconf 90' lang='lat' dir='ltr'><strong>nam</strong></span> <span class='ocrx_word' id='word_1_453' title='bbox 3299 838 3452 905; x_wconf 88' lang='lat' dir='ltr'><strong>illud,</strong></span> 
     </span>
    </p>
   </div>
   <div class='ocr_carea' id='block_1_58' title="bbox 1850 925 3449 999">
    <p class='ocr_par' dir='ltr' id='par_1_58' title="bbox 1850 925 3449 999">
     <span class='ocr_line' id='line_1_58' title="bbox 1850 925 3449 999; baseline -0.001 -15"><span class='ocrx_word' id='word_1_454' title='bbox 1850 927 2126 985; x_wconf 77' lang='lat' dir='ltr'><strong>Constituit</strong></span> <span class='ocrx_word' id='word_1_455' title='bbox 2150 929 2322 999; x_wconf 84' lang='lat' dir='ltr'><strong>ipsum</strong></span> <span class='ocrx_word' id='word_1_456' title='bbox 2358 925 2627 993; x_wconf 82' lang='lat' dir='ltr'><strong>heredem,</strong></span> <span class='ocrx_word' id='word_1_457' title='bbox 2658 926 2820 980; x_wconf 90' lang='lat' dir='ltr'><strong>ambo</strong></span> <span class='ocrx_word' id='word_1_458' title='bbox 2846 934 3034 982; x_wconf 88' lang='lat' dir='ltr'><strong>tenent</strong></span> <span class='ocrx_word' id='word_1_459' title='bbox 3064 944 3077 981; x_wconf 91' lang='lat'><strong>:</strong></span> <span class='ocrx_word' id='word_1_460' title='bbox 3109 926 3201 983; x_wconf 88' lang='lat' dir='ltr'><strong>ille</strong></span> <span class='ocrx_word' id='word_1_461' title='bbox 3230 928 3449 999; x_wconf 79' lang='lat' dir='ltr'><strong>quidem</strong></span> 
     </span>
    </p>
   </div>
   <div class='ocr_carea' id='block_1_59' title="bbox 1849 1016 3460 1092">
    <p class='ocr_par' dir='ltr' id='par_1_59' title="bbox 1849 1016 3460 1092">
     <span class='ocr_line' id='line_1_59' title="bbox 1849 1016 3460 1092; baseline -0.001 -17"><span class='ocrx_word' id='word_1_462' title='bbox 1849 1020 2037 1076; x_wconf 87' lang='lat' dir='ltr'><strong>dicens</strong></span> <span class='ocrx_word' id='word_1_463' title='bbox 2061 1035 2183 1074; x_wconf 90' lang='lat' dir='ltr'><strong>esse</strong></span> <span class='ocrx_word' id='word_1_464' title='bbox 2223 1017 2651 1082; x_wconf 86' lang='lat' dir='ltr'><strong>imbecillitatis;</strong></span> <span class='ocrx_word' id='word_1_465' title='bbox 2696 1016 2785 1073; x_wconf 88' lang='lat' dir='ltr'><strong>hic</strong></span> <span class='ocrx_word' id='word_1_466' title='bbox 2826 1027 3010 1074; x_wconf 85' lang='lat' dir='ltr'><strong>autem</strong></span> <span class='ocrx_word' id='word_1_467' title='bbox 3051 1034 3256 1076; x_wconf 90' lang='lat' dir='ltr'><strong>conans</strong></span> <span class='ocrx_word' id='word_1_468' title='bbox 3285 1036 3460 1092; x_wconf 85' lang='lat' dir='ltr'><strong>Opptt-</strong></span> 
     </span>
    </p>
   </div>
   <div class='ocr_carea' id='block_1_60' title="bbox 1854 1109 3455 1183">
    <p class='ocr_par' dir='ltr' id='par_1_60' title="bbox 1854 1109 3455 1183">
     <span class='ocr_line' id='line_1_60' title="bbox 1854 1109 3455 1183; baseline 0.001 -18"><span class='ocrx_word' id='word_1_469' title='bbox 1854 1127 2024 1183; x_wconf 84' lang='lat' dir='ltr'><strong>gnare</strong></span> <span class='ocrx_word' id='word_1_470' title='bbox 2068 1112 2231 1165; x_wconf 90' lang='lat' dir='ltr'><strong>etiam</strong></span> <span class='ocrx_word' id='word_1_471' title='bbox 2284 1111 2426 1176; x_wconf 84' lang='lat' dir='ltr'><strong>quod</strong></span> <span class='ocrx_word' id='word_1_472' title='bbox 2466 1109 2724 1177; x_wconf 60' lang='lat' dir='ltr'><strong>deinceps</strong></span> <span class='ocrx_word' id='word_1_473' title='bbox 2755 1112 3018 1180; x_wconf 87' lang='lat' dir='ltr'><strong>sequitur.</strong></span> <span class='ocrx_word' id='word_1_474' title='bbox 3051 1110 3185 1165; x_wconf 79' lang='lat' dir='ltr'><strong>Nam</strong></span> <span class='ocrx_word' id='word_1_475' title='bbox 3222 1126 3343 1167; x_wconf 90' lang='lat' dir='ltr'><strong>cum</strong></span> <span class='ocrx_word' id='word_1_476' title='bbox 3372 1114 3455 1167; x_wconf 82' lang='lat' dir='ltr'><strong>di-</strong></span> 
     </span>
    </p>
   </div>
   <div class='ocr_carea' id='block_1_61' title="bbox 1852 1202 3456 1275">
    <p class='ocr_par' dir='ltr' id='par_1_61' title="bbox 1852 1202 3456 1275">
     <span class='ocr_line' id='line_1_61' title="bbox 1852 1202 3456 1275; baseline 0.001 -15"><span class='ocrx_word' id='word_1_477' title='bbox 1852 1206 2019 1260; x_wconf 84' lang='lat' dir='ltr'><strong>xisset</strong></span> <span class='ocrx_word' id='word_1_478' title='bbox 2034 1202 2361 1271; x_wconf 82' lang='lat' dir='ltr'><strong>Panlus,Per</strong></span> <span class='ocrx_word' id='word_1_479' title='bbox 2378 1219 2524 1275; x_wconf 85' lang='lat' dir='ltr'><strong>quem</strong></span> <span class='ocrx_word' id='word_1_480' title='bbox 2535 1203 2651 1273; x_wconf 80' lang='lat' dir='ltr'><strong>fecit</strong></span> <span class='ocrx_word' id='word_1_481' title='bbox 2672 1211 2722 1257; x_wconf 88' lang='lat' dir='ltr'><strong>et</strong></span> <span class='ocrx_word' id='word_1_482' title='bbox 2744 1203 2953 1265; x_wconf 73' lang='lat' dir='ltr'><strong>menta.</strong></span> <span class='ocrx_word' id='word_1_483' title='bbox 2972 1204 3221 1275; x_wconf 87' lang='lat' dir='ltr'><strong>supinum</strong></span> <span class='ocrx_word' id='word_1_484' title='bbox 3240 1206 3456 1274; x_wconf 82' lang='lat' dir='ltr'><strong>quidem</strong></span> 
     </span>
    </p>
   </div>
   <div class='ocr_carea' id='block_1_62' title="bbox 1852 1294 3456 1367">
    <p class='ocr_par' dir='ltr' id='par_1_62' title="bbox 1852 1294 3456 1367">
     <span class='ocr_line' id='line_1_62' title="bbox 1852 1294 3456 1367; baseline 0.004 -18"><span class='ocrx_word' id='word_1_485' title='bbox 1852 1297 2139 1367; x_wconf 85' lang='lat' dir='ltr'><strong>prostravit</strong></span> <span class='ocrx_word' id='word_1_486' title='bbox 2168 1294 2538 1366; x_wconf 88' lang='lat' dir='ltr'><strong>impudentem</strong></span> <span class='ocrx_word' id='word_1_487' title='bbox 2585 1295 3038 1361; x_wconf 85' lang='lat' dir='ltr'><strong>Samosatenum;</strong></span> <span class='ocrx_word' id='word_1_488' title='bbox 3081 1296 3242 1351; x_wconf 79' lang='lat' dir='ltr'><strong>Arius</strong></span> <span class='ocrx_word' id='word_1_489' title='bbox 3272 1306 3456 1355; x_wconf 85' lang='lat' dir='ltr'><strong>autem</strong></span> 
     </span>
    </p>
   </div>
   <div class='ocr_carea' id='block_1_63' title="bbox 1852 1385 3457 1458">
    <p class='ocr_par' dir='ltr' id='par_1_63' title="bbox 1852 1385 3457 1458">
     <span class='ocr_line' id='line_1_63' title="bbox 1852 1385 3457 1458; baseline 0.001 -16"><span class='ocrx_word' id='word_1_490' title='bbox 1852 1388 2031 1443; x_wconf 90' lang='lat' dir='ltr'><strong>adhuc</strong></span> <span class='ocrx_word' id='word_1_491' title='bbox 2061 1386 2271 1441; x_wconf 87' lang='lat' dir='ltr'><strong>videtur</strong></span> <span class='ocrx_word' id='word_1_492' title='bbox 2298 1400 2422 1442; x_wconf 88' lang='lat' dir='ltr'><strong>esse</strong></span> <span class='ocrx_word' id='word_1_493' title='bbox 2454 1386 2626 1441; x_wconf 80' lang='lat' dir='ltr'><strong>fortis.</strong></span> <span class='ocrx_word' id='word_1_494' title='bbox 2669 1385 2774 1441; x_wconf 86' lang='lat' dir='ltr'><strong>Sed</strong></span> <span class='ocrx_word' id='word_1_495' title='bbox 2820 1386 2943 1441; x_wconf 91' lang='lat' dir='ltr'><strong>vide</strong></span> <span class='ocrx_word' id='word_1_496' title='bbox 2986 1388 3262 1458; x_wconf 89' lang='lat' dir='ltr'><strong>quomodo</strong></span> <span class='ocrx_word' id='word_1_497' title='bbox 3313 1392 3457 1445; x_wconf 85' lang='lat' dir='ltr'><strong>hunc</strong></span> 
     </span>
    </p>
   </div>
   <div class='ocr_carea' id='block_1_64' title="bbox 1852 1478 3457 1553">
    <p class='ocr_par' dir='ltr' id='par_1_64' title="bbox 1852 1478 3457 1553">
     <span class='ocr_line' id='line_1_64' title="bbox 1852 1478 3457 1553; baseline 0.002 -19"><span class='ocrx_word' id='word_1_498' title='bbox 1852 1494 2065 1551; x_wconf 86' lang='lat' dir='ltr'><strong>quoque</strong></span> <span class='ocrx_word' id='word_1_499' title='bbox 2110 1479 2483 1550; x_wconf 82' lang='lat' dir='ltr'><strong>prostraverit,</strong></span> <span class='ocrx_word' id='word_1_500' title='bbox 2531 1478 2755 1541; x_wconf 90' lang='lat' dir='ltr'><strong>dicens,</strong></span> <span class='ocrx_word' id='word_1_501' title='bbox 2807 1478 2911 1547; x_wconf 85' lang='lat' dir='ltr'><strong>Qui</strong></span> <span class='ocrx_word' id='word_1_502' title='bbox 2942 1496 3057 1534; x_wconf 87' lang='lat' dir='ltr'><strong>eum</strong></span> <span class='ocrx_word' id='word_1_503' title='bbox 3100 1482 3167 1535; x_wconf 86' lang='lat' dir='ltr'><strong>sit</strong></span> <span class='ocrx_word' id='word_1_504' title='bbox 3209 1482 3457 1553; x_wconf 86' lang='lat' dir='ltr'><strong>splendor</strong></span> 
     </span>
    </p>
   </div>
   <div class='ocr_carea' id='block_1_65' title="bbox 1852 1572 3456 1646">
    <p class='ocr_par' dir='ltr' id='par_1_65' title="bbox 1852 1572 3456 1646">
     <span class='ocr_line' id='line_1_65' title="bbox 1852 1572 3456 1646; baseline 0.002 -17"><span class='ocrx_word' id='word_1_505' title='bbox 1852 1575 2031 1646; x_wconf 68' lang='lat' dir='ltr'><strong>gloriae</strong></span> <span class='ocrx_word' id='word_1_506' title='bbox 2050 1576 2180 1646; x_wconf 85' lang='lat' dir='ltr'><strong>ejus.</strong></span> <span class='ocrx_word' id='word_1_507' title='bbox 2208 1572 2314 1630; x_wconf 90' lang='lat' dir='ltr'><strong>Sed</strong></span> <span class='ocrx_word' id='word_1_508' title='bbox 2346 1587 2475 1629; x_wconf 87' lang='lat' dir='ltr'><strong>ecce</strong></span> <span class='ocrx_word' id='word_1_509' title='bbox 2501 1588 2689 1628; x_wconf 87' lang='lat' dir='ltr'><strong>rursus</strong></span> <span class='ocrx_word' id='word_1_510' title='bbox 2720 1573 2965 1629; x_wconf 88' lang='lat' dir='ltr'><strong>insiliunt</strong></span> <span class='ocrx_word' id='word_1_511' title='bbox 2994 1573 3286 1643; x_wconf 87' lang='lat' dir='ltr'><strong>Sabellius,</strong></span> <span class='ocrx_word' id='word_1_512' title='bbox 3316 1577 3456 1632; x_wconf 81' lang='lat' dir='ltr'><strong>Mar-</strong></span> 
     </span>
    </p>
   </div>
   <div class='ocr_carea' id='block_1_66' title="bbox 1852 1664 3456 1735">
    <p class='ocr_par' dir='ltr' id='par_1_66' title="bbox 1852 1664 3456 1735">
     <span class='ocr_line' id='line_1_66' title="bbox 1852 1664 3456 1735; baseline 0.004 -15"><span class='ocrx_word' id='word_1_513' title='bbox 1852 1666 2022 1722; x_wconf 89' lang='lat' dir='ltr'><strong>cellus</strong></span> <span class='ocrx_word' id='word_1_514' title='bbox 2052 1675 2108 1721; x_wconf 91' lang='lat' dir='ltr'><strong>et</strong></span> <span class='ocrx_word' id='word_1_515' title='bbox 2145 1665 2430 1720; x_wconf 86' lang='lat' dir='ltr'><strong>Photinus.</strong></span> <span class='ocrx_word' id='word_1_516' title='bbox 2472 1664 2579 1721; x_wconf 90' lang='lat' dir='ltr'><strong>Sed</strong></span> <span class='ocrx_word' id='word_1_517' title='bbox 2627 1665 2733 1720; x_wconf 91' lang='lat' dir='ltr'><strong>illis</strong></span> <span class='ocrx_word' id='word_1_518' title='bbox 2770 1679 2986 1735; x_wconf 86' lang='lat' dir='ltr'><strong>quoque</strong></span> <span class='ocrx_word' id='word_1_519' title='bbox 3016 1667 3270 1724; x_wconf 87' lang='lat' dir='ltr'><strong>omnibus</strong></span> <span class='ocrx_word' id='word_1_520' title='bbox 3296 1685 3456 1725; x_wconf 81' lang='lat' dir='ltr'><strong>unum</strong></span> 
     </span>
    </p>
   </div>
   <div class='ocr_carea' id='block_1_67' title="bbox 1854 1756 3456 1835">
    <p class='ocr_par' dir='ltr' id='par_1_67' title="bbox 1854 1756 3456 1835">
     <span class='ocr_line' id='line_1_67' title="bbox 1854 1756 3456 1835; baseline 0.001 -19"><span class='ocrx_word' id='word_1_521' title='bbox 1854 1760 2049 1832; x_wconf 75' lang='lat' dir='ltr'><strong>inﬂigit</strong></span> <span class='ocrx_word' id='word_1_522' title='bbox 2077 1760 2307 1831; x_wconf 88' lang='lat' dir='ltr'><strong>plagam,</strong></span> <span class='ocrx_word' id='word_1_523' title='bbox 2335 1758 2525 1815; x_wconf 88' lang='lat' dir='ltr'><strong>dicens</strong></span> <span class='ocrx_word' id='word_1_524' title='bbox 2558 1776 2572 1813; x_wconf 91' lang='lat'><strong>:</strong></span> <span class='ocrx_word' id='word_1_525' title='bbox 2605 1756 2675 1813; x_wconf 87' lang='lat' dir='ltr'><strong>Et</strong></span> <span class='ocrx_word' id='word_1_526' title='bbox 2700 1759 2967 1813; x_wconf 78' lang='lat' dir='ltr'><strong>character</strong></span> <span class='ocrx_word' id='word_1_527' title='bbox 2995 1759 3295 1817; x_wconf 71' lang='lat' dir='ltr'><strong>substantia</strong></span> <span class='ocrx_word' id='word_1_528' title='bbox 3320 1764 3456 1835; x_wconf 82' lang='lat' dir='ltr'><strong>ejus,</strong></span> 
     </span>
    </p>
   </div>
   <div class='ocr_carea' id='block_1_68' title="bbox 1855 1851 3457 1925">
    <p class='ocr_par' dir='ltr' id='par_1_68' title="bbox 1855 1851 3457 1925">
     <span class='ocr_line' id='line_1_68' title="bbox 1855 1851 3457 1925; baseline 0.002 -17"><span class='ocrx_word' id='word_1_529' title='bbox 1855 1864 2163 1925; x_wconf 75' lang='lat' dir='ltr'><strong>portamque</strong></span> <span class='ocrx_word' id='word_1_530' title='bbox 2192 1853 2367 1906; x_wconf 82' lang='lat' dir='ltr'><strong>omnia</strong></span> <span class='ocrx_word' id='word_1_531' title='bbox 2393 1852 2543 1906; x_wconf 81' lang='lat' dir='ltr'><strong>verba</strong></span> <span class='ocrx_word' id='word_1_532' title='bbox 2568 1851 2771 1906; x_wconf 82' lang='lat' dir='ltr'><strong>virtutis</strong></span> <span class='ocrx_word' id='word_1_533' title='bbox 2795 1868 2922 1907; x_wconf 70' lang='lat' dir='ltr'><strong>suat.</strong></span> <span class='ocrx_word' id='word_1_534' title='bbox 2956 1852 3055 1909; x_wconf 81' lang='lat' dir='ltr'><strong>Hic</strong></span> <span class='ocrx_word' id='word_1_535' title='bbox 3087 1869 3277 1910; x_wconf 87' lang='lat' dir='ltr'><strong>rursus</strong></span> <span class='ocrx_word' id='word_1_536' title='bbox 3314 1855 3457 1911; x_wconf 81' lang='lat' dir='ltr'><strong>Mar-</strong></span> 
     </span>
    </p>
   </div>
   <div class='ocr_carea' id='block_1_69' title="bbox 1850 1942 3460 2017">
    <p class='ocr_par' dir='ltr' id='par_1_69' title="bbox 1850 1942 3460 2017">
     <span class='ocr_line' id='line_1_69' title="bbox 1850 1942 3460 2017; baseline -0.004 -16"><span class='ocrx_word' id='word_1_537' title='bbox 1850 1947 2064 2002; x_wconf 82' lang='lat' dir='ltr'><strong>cionem</strong></span> <span class='ocrx_word' id='word_1_538' title='bbox 2094 1962 2313 2017; x_wconf 84' lang='lat' dir='ltr'><strong>quoque</strong></span> <span class='ocrx_word' id='word_1_539' title='bbox 2341 1945 2490 2011; x_wconf 80' lang='lat' dir='ltr'><strong>ferit,</strong></span> <span class='ocrx_word' id='word_1_540' title='bbox 2524 1962 2629 1999; x_wconf 88' lang='lat' dir='ltr'><strong>non</strong></span> <span class='ocrx_word' id='word_1_541' title='bbox 2660 1944 2953 1999; x_wconf 88' lang='lat' dir='ltr'><strong>admodum</strong></span> <span class='ocrx_word' id='word_1_542' title='bbox 2980 1942 3198 2013; x_wconf 84' lang='lat' dir='ltr'><strong>quidem</strong></span> <span class='ocrx_word' id='word_1_543' title='bbox 3227 1945 3460 2006; x_wconf 72' lang='lat' dir='ltr'><strong>fortiter,</strong></span> 
     </span>
    </p>
   </div>
   <div class='ocr_carea' id='block_1_70' title="bbox 1850 2035 3462 2107">
    <p class='ocr_par' dir='ltr' id='par_1_70' title="bbox 1850 2035 3462 2107">
     <span class='ocr_line' id='line_1_70' title="bbox 1850 2035 3462 2107; baseline -0.004 -11"><span class='ocrx_word' id='word_1_544' title='bbox 1850 2039 1975 2096; x_wconf 79' lang='lat' dir='ltr'><strong>{erit</strong></span> <span class='ocrx_word' id='word_1_545' title='bbox 1995 2048 2175 2094; x_wconf 87' lang='lat' dir='ltr'><strong>tamen</strong></span> <span class='ocrx_word' id='word_1_546' title='bbox 2198 2052 2353 2093; x_wconf 84' lang='lat' dir='ltr'><strong>:nam</strong></span> <span class='ocrx_word' id='word_1_547' title='bbox 2372 2053 2470 2107; x_wconf 87' lang='lat' dir='ltr'><strong>per</strong></span> <span class='ocrx_word' id='word_1_548' title='bbox 2491 2045 2660 2092; x_wconf 81' lang='lat' dir='ltr'><strong>totam</strong></span> <span class='ocrx_word' id='word_1_549' title='bbox 2680 2035 2966 2107; x_wconf 88' lang='lat' dir='ltr'><strong>epistolam</strong></span> <span class='ocrx_word' id='word_1_550' title='bbox 2988 2050 3111 2091; x_wconf 90' lang='lat' dir='ltr'><strong>cum</strong></span> <span class='ocrx_word' id='word_1_551' title='bbox 3135 2035 3215 2091; x_wconf 91' lang='lat' dir='ltr'><strong>eis</strong></span> <span class='ocrx_word' id='word_1_552' title='bbox 3239 2046 3462 2105; x_wconf 84' lang='lat' dir='ltr'><strong>pugnat.</strong></span> 
     </span>
    </p>
   </div>
   <div class='ocr_carea' id='block_1_71' title="bbox 1846 2125 3466 2200">
    <p class='ocr_par' dir='ltr' id='par_1_71' title="bbox 1846 2125 3466 2200">
     <span class='ocr_line' id='line_1_71' title="bbox 1846 2125 3466 2200; baseline -0.007 -11"><span class='ocrx_word' id='word_1_553' title='bbox 1846 2130 1980 2197; x_wconf 90' lang='lat' dir='ltr'><strong>Sed,</strong></span> <span class='ocrx_word' id='word_1_554' title='bbox 2006 2132 2145 2187; x_wconf 91' lang='lat' dir='ltr'><strong>sicut</strong></span> <span class='ocrx_word' id='word_1_555' title='bbox 2170 2131 2317 2197; x_wconf 87' lang='lat' dir='ltr'><strong>dixi,</strong></span> <span class='ocrx_word' id='word_1_556' title='bbox 2348 2128 2692 2200; x_wconf 89' lang='lat' dir='ltr'><strong>splendorem</strong></span> <span class='ocrx_word' id='word_1_557' title='bbox 2732 2128 2923 2199; x_wconf 78' lang='lat' dir='ltr'><strong>glorize</strong></span> <span class='ocrx_word' id='word_1_558' title='bbox 2965 2125 3167 2181; x_wconf 87' lang='lat' dir='ltr'><strong>Filium</strong></span> <span class='ocrx_word' id='word_1_559' title='bbox 3194 2125 3330 2181; x_wconf 89' lang='lat' dir='ltr'><strong>dixit</strong></span> <span class='ocrx_word' id='word_1_560' title='bbox 3359 2141 3374 2179; x_wconf 90' lang='lat'><strong>:</strong></span> <span class='ocrx_word' id='word_1_561' title='bbox 3407 2133 3466 2179; x_wconf 90' lang='lat' dir='ltr'><strong>et</strong></span> 
     </span>
    </p>
   </div>
   <div class='ocr_carea' id='block_1_72' title="bbox 1847 2212 3463 2295">
    <p class='ocr_par' dir='ltr' id='par_1_72' title="bbox 1847 2212 3463 2295">
     <span class='ocr_line' id='line_1_72' title="bbox 1847 2212 3463 2295; baseline -0.005 -16"><span class='ocrx_word' id='word_1_562' title='bbox 1847 2212 1992 2295; x_wconf 84' lang='lat' dir='ltr'><strong>quod</strong></span> <span class='ocrx_word' id='word_1_563' title='bbox 2041 2222 2145 2278; x_wconf 89' lang='lat' dir='ltr'><strong>hoc</strong></span> <span class='ocrx_word' id='word_1_564' title='bbox 2172 2231 2320 2278; x_wconf 82' lang='lat' dir='ltr'><strong>recte</strong></span> <span class='ocrx_word' id='word_1_565' title='bbox 2360 2221 2436 2276; x_wconf 88' lang='lat' dir='ltr'><strong>sit</strong></span> <span class='ocrx_word' id='word_1_566' title='bbox 2473 2220 2701 2289; x_wconf 88' lang='lat' dir='ltr'><strong>dictum,</strong></span> <span class='ocrx_word' id='word_1_567' title='bbox 2728 2218 2854 2274; x_wconf 92' lang='lat' dir='ltr'><strong>audi</strong></span> <span class='ocrx_word' id='word_1_568' title='bbox 2879 2217 3156 2275; x_wconf 85' lang='lat' dir='ltr'><strong>Christum</strong></span> <span class='ocrx_word' id='word_1_569' title='bbox 3188 2218 3256 2273; x_wconf 89' lang='lat' dir='ltr'><strong>de</strong></span> <span class='ocrx_word' id='word_1_570' title='bbox 3290 2232 3353 2273; x_wconf 90' lang='lat' dir='ltr'><strong>se</strong></span> <span class='ocrx_word' id='word_1_571' title='bbox 3377 2216 3463 2272; x_wconf 90' lang='lat' dir='ltr'><strong>lo-</strong></span> 
     </span>
    </p>
   </div>
   <div class='ocr_carea' id='block_1_73' title="bbox 1847 2309 3461 2385">
    <p class='ocr_par' dir='ltr' id='par_1_73' title="bbox 1847 2309 3461 2385">
     <span class='ocr_line' id='line_1_73' title="bbox 1847 2309 3461 2385; baseline -0.004 -16"><span class='ocrx_word' id='word_1_572' title='bbox 1847 2323 2128 2385; x_wconf 86' lang='lat' dir='ltr'><strong>quentem,</strong></span> <span class='ocrx_word' id='word_1_573' title='bbox 2145 2311 2260 2384; x_wconf 86' lang='lat' dir='ltr'><strong>Ego</strong></span> <span class='ocrx_word' id='word_1_574' title='bbox 2284 2329 2398 2368; x_wconf 86' lang='lat' dir='ltr'><strong>sum</strong></span> <span class='ocrx_word' id='word_1_575' title='bbox 2420 2312 2512 2367; x_wconf 75' lang='lat' dir='ltr'><strong>lux</strong></span> <span class='ocrx_word' id='word_1_576' title='bbox 2536 2312 2716 2366; x_wconf 85' lang='lat' dir='ltr'><strong>mundi</strong></span> <span class='ocrx_word' id='word_1_577' title='bbox 2735 2310 2920 2382; x_wconf 82' lang='lat' dir='ltr'><strong>(Joan.</strong></span> <span class='ocrx_word' id='word_1_578' title='bbox 2950 2311 3003 2368; x_wconf 90' lang='lat'><strong>8.</strong></span> <span class='ocrx_word' id='word_1_579' title='bbox 3029 2309 3147 2381; x_wconf 73' lang='grc'><strong>12).</strong></span> <span class='ocrx_word' id='word_1_580' title='bbox 3170 2310 3461 2379; x_wconf 89' lang='lat' dir='ltr'><strong>Propterea</strong></span> 
     </span>
    </p>
   </div>
   <div class='ocr_carea' id='block_1_74' title="bbox 1845 2403 3462 2477">
    <p class='ocr_par' dir='ltr' id='par_1_74' title="bbox 1845 2403 3462 2477">
     <span class='ocr_line' id='line_1_74' title="bbox 1845 2403 3462 2477; baseline -0.006 -12"><span class='ocrx_word' id='word_1_581' title='bbox 1845 2418 2027 2465; x_wconf 86' lang='lat' dir='ltr'><strong>autem</strong></span> <span class='ocrx_word' id='word_1_582' title='bbox 2048 2406 2181 2463; x_wconf 90' lang='lat' dir='ltr'><strong>dicit</strong></span> <span class='ocrx_word' id='word_1_583' title='bbox 2209 2403 2581 2477; x_wconf 88' lang='lat' dir='ltr'><strong>splendorem,</strong></span> <span class='ocrx_word' id='word_1_584' title='bbox 2601 2419 2797 2476; x_wconf 88' lang='lat' dir='ltr'><strong>nempe</strong></span> <span class='ocrx_word' id='word_1_585' title='bbox 2816 2407 3142 2472; x_wconf 56' lang='lat' dir='ltr'><strong>duo:qu</strong></span> <span class='ocrx_word' id='word_1_586' title='bbox 3165 2403 3462 2459; x_wconf 88' lang='lat' dir='ltr'><strong>ostendens</strong></span> 
     </span>
    </p>
   </div>
   <div class='ocr_carea' id='block_1_75' title="bbox 1845 2494 3459 2573">
    <p class='ocr_par' dir='ltr' id='par_1_75' title="bbox 1845 2494 3459 2573">
     <span class='ocr_line' id='line_1_75' title="bbox 1845 2494 3459 2573; baseline -0.005 -17"><span class='ocrx_word' id='word_1_587' title='bbox 1845 2500 1993 2573; x_wconf 91' lang='lat' dir='ltr'><strong>quod</strong></span> <span class='ocrx_word' id='word_1_588' title='bbox 2023 2499 2134 2555; x_wconf 82' lang='lat' dir='ltr'><strong>illic</strong></span> <span class='ocrx_word' id='word_1_589' title='bbox 2155 2512 2371 2570; x_wconf 88' lang='lat' dir='ltr'><strong>quoque</strong></span> <span class='ocrx_word' id='word_1_590' title='bbox 2398 2498 2471 2552; x_wconf 87' lang='lat' dir='ltr'><strong>ita</strong></span> <span class='ocrx_word' id='word_1_591' title='bbox 2497 2497 2676 2553; x_wconf 85' lang='lat' dir='ltr'><strong>dictus</strong></span> <span class='ocrx_word' id='word_1_592' title='bbox 2697 2498 2788 2564; x_wconf 88' lang='lat' dir='ltr'><strong>sit,</strong></span> <span class='ocrx_word' id='word_1_593' title='bbox 2811 2506 3085 2567; x_wconf 88' lang='lat' dir='ltr'><strong>tamquam</strong></span> <span class='ocrx_word' id='word_1_594' title='bbox 3107 2495 3289 2550; x_wconf 90' lang='lat' dir='ltr'><strong>lumen</strong></span> <span class='ocrx_word' id='word_1_595' title='bbox 3313 2508 3343 2547; x_wconf 85' lang='lat' dir='ltr'><strong>a</strong></span> <span class='ocrx_word' id='word_1_596' title='bbox 3372 2494 3459 2550; x_wconf 86' lang='lat' dir='ltr'><strong>lu-</strong></span> 
     </span>
    </p>
   </div>
   <div class='ocr_carea' id='block_1_76' title="bbox 1848 2585 3460 2659">
    <p class='ocr_par' dir='ltr' id='par_1_76' title="bbox 1848 2585 3460 2659">
     <span class='ocr_line' id='line_1_76' title="bbox 1848 2585 3460 2659; baseline -0.004 -11"><span class='ocrx_word' id='word_1_597' title='bbox 1848 2590 2137 2648; x_wconf 86' lang='lat' dir='ltr'><strong>mine.Non</strong></span> <span class='ocrx_word' id='word_1_598' title='bbox 2162 2590 2266 2646; x_wconf 88' lang='lat' dir='ltr'><strong>hoc</strong></span> <span class='ocrx_word' id='word_1_599' title='bbox 2281 2598 2462 2645; x_wconf 91' lang='lat' dir='ltr'><strong>autem</strong></span> <span class='ocrx_word' id='word_1_600' title='bbox 2480 2588 2654 2644; x_wconf 91' lang='lat' dir='ltr'><strong>solum</strong></span> <span class='ocrx_word' id='word_1_601' title='bbox 2672 2587 3001 2656; x_wconf 88' lang='lat' dir='ltr'><strong>ostenditur,</strong></span> <span class='ocrx_word' id='word_1_602' title='bbox 3021 2587 3117 2643; x_wconf 83' lang='lat' dir='ltr'><strong>sed</strong></span> <span class='ocrx_word' id='word_1_603' title='bbox 3137 2588 3300 2643; x_wconf 89' lang='lat' dir='ltr'><strong>etiam</strong></span> <span class='ocrx_word' id='word_1_604' title='bbox 3312 2585 3460 2659; x_wconf 88' lang='lat' dir='ltr'><strong>quod</strong></span> 
     </span>
    </p>
   </div>
   <div class='ocr_carea' id='block_1_77' title="bbox 1844 2678 3460 2749">
    <p class='ocr_par' dir='ltr' id='par_1_77' title="bbox 1844 2678 3460 2749">
     <span class='ocr_line' id='line_1_77' title="bbox 1844 2678 3460 2749; baseline -0.004 -10"><span class='ocrx_word' id='word_1_605' title='bbox 1844 2692 2059 2740; x_wconf 88' lang='lat' dir='ltr'><strong>nostras</strong></span> <span class='ocrx_word' id='word_1_606' title='bbox 2080 2681 2408 2737; x_wconf 89' lang='lat' dir='ltr'><strong>illuminavit</strong></span> <span class='ocrx_word' id='word_1_607' title='bbox 2432 2680 2665 2735; x_wconf 89' lang='lat' dir='ltr'><strong>animas.</strong></span> <span class='ocrx_word' id='word_1_608' title='bbox 2692 2680 2794 2735; x_wconf 81' lang='lat' dir='ltr'><strong>Per</strong></span> <span class='ocrx_word' id='word_1_609' title='bbox 2822 2678 3171 2749; x_wconf 88' lang='lat' dir='ltr'><strong>splendorem</strong></span> <span class='ocrx_word' id='word_1_610' title='bbox 3217 2694 3350 2734; x_wconf 87' lang='lat' dir='ltr'><strong>vero</strong></span> <span class='ocrx_word' id='word_1_611' title='bbox 3370 2692 3460 2734; x_wconf 82' lang='lat' dir='ltr'><strong>es-</strong></span> 
     </span>
    </p>
   </div>
   <div class='ocr_carea' id='block_1_78' title="bbox 1844 2770 3455 2845">
    <p class='ocr_par' dir='ltr' id='par_1_78' title="bbox 1844 2770 3455 2845">
     <span class='ocr_line' id='line_1_78' title="bbox 1844 2770 3455 2845; baseline -0.004 -14"><span class='ocrx_word' id='word_1_612' title='bbox 1844 2770 2036 2831; x_wconf 78' lang='lat' dir='ltr'><strong>sentize</strong></span> <span class='ocrx_word' id='word_1_613' title='bbox 2071 2772 2435 2845; x_wconf 70' lang='lat' dir='ltr'><strong>aequalitatem</strong></span> <span class='ocrx_word' id='word_1_614' title='bbox 2464 2771 2723 2836; x_wconf 87' lang='lat' dir='ltr'><strong>ostendit,</strong></span> <span class='ocrx_word' id='word_1_615' title='bbox 2752 2779 2808 2827; x_wconf 90' lang='lat' dir='ltr'><strong>et</strong></span> <span class='ocrx_word' id='word_1_616' title='bbox 2836 2770 2954 2842; x_wconf 86' lang='lat' dir='ltr'><strong>ejus</strong></span> <span class='ocrx_word' id='word_1_617' title='bbox 2980 2785 3105 2827; x_wconf 91' lang='lat' dir='ltr'><strong>cum</strong></span> <span class='ocrx_word' id='word_1_618' title='bbox 3136 2770 3299 2827; x_wconf 92' lang='lat' dir='ltr'><strong>Patre</strong></span> <span class='ocrx_word' id='word_1_619' title='bbox 3326 2786 3455 2841; x_wconf 90' lang='lat' dir='ltr'><strong>pro-</strong></span> 
     </span>
    </p>
   </div>
   <div class='ocr_carea' id='block_1_79' title="bbox 1844 2861 3457 2939">
    <p class='ocr_par' dir='ltr' id='par_1_79' title="bbox 1844 2861 3457 2939">
     <span class='ocr_line' id='line_1_79' title="bbox 1844 2861 3457 2939; baseline -0.004 -15"><span class='ocrx_word' id='word_1_620' title='bbox 1844 2867 2219 2939; x_wconf 88' lang='lat' dir='ltr'><strong>pinquitatem.</strong></span> <span class='ocrx_word' id='word_1_621' title='bbox 2261 2863 2449 2936; x_wconf 82' lang='lat' dir='ltr'><strong>Cogita</strong></span> <span class='ocrx_word' id='word_1_622' title='bbox 2506 2862 2864 2920; x_wconf 89' lang='lat' dir='ltr'><strong>subtilitatem</strong></span> <span class='ocrx_word' id='word_1_623' title='bbox 2910 2876 3103 2919; x_wconf 89' lang='lat' dir='ltr'><strong>eorum</strong></span> <span class='ocrx_word' id='word_1_624' title='bbox 3144 2877 3265 2933; x_wconf 65' lang='lat' dir='ltr'><strong>qua:</strong></span> <span class='ocrx_word' id='word_1_625' title='bbox 3311 2861 3457 2918; x_wconf 89' lang='lat' dir='ltr'><strong>dicta</strong></span> 
     </span>
    </p>
   </div>
   <div class='ocr_carea' id='block_1_80' title="bbox 1841 2954 3454 3028">
    <p class='ocr_par' dir='ltr' id='par_1_80' title="bbox 1841 2954 3454 3028">
     <span class='ocr_line' id='line_1_80' title="bbox 1841 2954 3454 3028; baseline -0.004 -12"><span class='ocrx_word' id='word_1_626' title='bbox 1841 2969 1995 3016; x_wconf 89' lang='lat' dir='ltr'><strong>sunt:</strong></span> <span class='ocrx_word' id='word_1_627' title='bbox 2012 2974 2173 3015; x_wconf 88' lang='lat' dir='ltr'><strong>unam</strong></span> <span class='ocrx_word' id='word_1_628' title='bbox 2196 2957 2407 3027; x_wconf 90' lang='lat' dir='ltr'><strong>accepit</strong></span> <span class='ocrx_word' id='word_1_629' title='bbox 2429 2956 2747 3021; x_wconf 86' lang='lat' dir='ltr'><strong>essentiam,</strong></span> <span class='ocrx_word' id='word_1_630' title='bbox 2767 2964 2823 3011; x_wconf 90' lang='lat' dir='ltr'><strong>et</strong></span> <span class='ocrx_word' id='word_1_631' title='bbox 2850 2955 3211 3028; x_wconf 82' lang='lat' dir='ltr'><strong>hypoStas&#39;un,</strong></span> <span class='ocrx_word' id='word_1_632' title='bbox 3227 2954 3293 3010; x_wconf 89' lang='lat' dir='ltr'><strong>ad</strong></span> <span class='ocrx_word' id='word_1_633' title='bbox 3318 2954 3454 3011; x_wconf 84' lang='lat' dir='ltr'><strong>duas</strong></span> 
     </span>
    </p>
   </div>
   <div class='ocr_carea' id='block_1_81' title="bbox 1840 3046 3453 3121">
    <p class='ocr_par' dir='ltr' id='par_1_81' title="bbox 1840 3046 3453 3121">
     <span class='ocr_line' id='line_1_81' title="bbox 1840 3046 3453 3121; baseline -0.002 -15"><span class='ocrx_word' id='word_1_634' title='bbox 1840 3050 2203 3108; x_wconf 88' lang='lat' dir='ltr'><strong>ostendendas</strong></span> <span class='ocrx_word' id='word_1_635' title='bbox 2232 3050 2584 3121; x_wconf 84' lang='lat' dir='ltr'><strong>hypostases:</strong></span> <span class='ocrx_word' id='word_1_636' title='bbox 2616 3048 2759 3119; x_wconf 89' lang='lat' dir='ltr'><strong>quod</strong></span> <span class='ocrx_word' id='word_1_637' title='bbox 2788 3048 2953 3104; x_wconf 93' lang='lat' dir='ltr'><strong>etiam</strong></span> <span class='ocrx_word' id='word_1_638' title='bbox 2983 3046 3112 3103; x_wconf 80' lang='lat' dir='ltr'><strong>facit</strong></span> <span class='ocrx_word' id='word_1_639' title='bbox 3141 3049 3195 3102; x_wconf 92' lang='lat' dir='ltr'><strong>in</strong></span> <span class='ocrx_word' id='word_1_640' title='bbox 3227 3048 3453 3104; x_wconf 90' lang='lat' dir='ltr'><strong>scientia</strong></span> 
     </span>
    </p>
   </div>
   <div class='ocr_carea' id='block_1_82' title="bbox 1840 3139 3454 3214">
    <p class='ocr_par' dir='ltr' id='par_1_82' title="bbox 1840 3139 3454 3214">
     <span class='ocr_line' id='line_1_82' title="bbox 1840 3139 3454 3214; baseline -0.004 -14"><span class='ocrx_word' id='word_1_641' title='bbox 1840 3143 2094 3214; x_wconf 89' lang='lat' dir='ltr'><strong>Spiritus.</strong></span> <span class='ocrx_word' id='word_1_642' title='bbox 2124 3141 2192 3200; x_wconf 89' lang='lat' dir='ltr'><strong>Ut</strong></span> <span class='ocrx_word' id='word_1_643' title='bbox 2217 3142 2360 3199; x_wconf 90' lang='lat' dir='ltr'><strong>cnim</strong></span> <span class='ocrx_word' id='word_1_644' title='bbox 2390 3140 2521 3196; x_wconf 91' lang='lat' dir='ltr'><strong>dicit</strong></span> <span class='ocrx_word' id='word_1_645' title='bbox 2547 3155 2708 3195; x_wconf 88' lang='lat' dir='ltr'><strong>unam</strong></span> <span class='ocrx_word' id='word_1_646' title='bbox 2740 3154 2863 3196; x_wconf 89' lang='lat' dir='ltr'><strong>esse</strong></span> <span class='ocrx_word' id='word_1_647' title='bbox 2890 3140 3176 3196; x_wconf 85' lang='lat' dir='ltr'><strong>scientiam</strong></span> <span class='ocrx_word' id='word_1_648' title='bbox 3200 3139 3376 3195; x_wconf 85' lang='lat' dir='ltr'><strong>Patris</strong></span> <span class='ocrx_word' id='word_1_649' title='bbox 3398 3149 3454 3196; x_wconf 89' lang='lat' dir='ltr'><strong>et</strong></span> 
     </span>
    </p>
   </div>
   <div class='ocr_carea' id='block_1_83' title="bbox 1841 3231 3455 3305">
    <p class='ocr_par' dir='ltr' id='par_1_83' title="bbox 1841 3231 3455 3305">
     <span class='ocr_line' id='line_1_83' title="bbox 1841 3231 3455 3305; baseline -0.002 -14"><span class='ocrx_word' id='word_1_650' title='bbox 1841 3235 2099 3305; x_wconf 84' lang='lat' dir='ltr'><strong>Spiritus,</strong></span> <span class='ocrx_word' id='word_1_651' title='bbox 2130 3242 2189 3289; x_wconf 90' lang='lat' dir='ltr'><strong>ut</strong></span> <span class='ocrx_word' id='word_1_652' title='bbox 2227 3247 2351 3304; x_wconf 65' lang='lat' dir='ltr'><strong>quae</strong></span> <span class='ocrx_word' id='word_1_653' title='bbox 2378 3248 2442 3288; x_wconf 91' lang='lat' dir='ltr'><strong>re</strong></span> <span class='ocrx_word' id='word_1_654' title='bbox 2470 3247 2598 3289; x_wconf 81' lang='lat' dir='ltr'><strong>vera</strong></span> <span class='ocrx_word' id='word_1_655' title='bbox 2650 3231 2721 3286; x_wconf 89' lang='lat' dir='ltr'><strong>sit</strong></span> <span class='ocrx_word' id='word_1_656' title='bbox 2748 3246 2885 3302; x_wconf 89' lang='lat' dir='ltr'><strong>una,</strong></span> <span class='ocrx_word' id='word_1_657' title='bbox 2905 3240 2961 3288; x_wconf 90' lang='lat' dir='ltr'><strong>et</strong></span> <span class='ocrx_word' id='word_1_658' title='bbox 2985 3247 3017 3288; x_wconf 91' lang='lat' dir='ltr'><strong>a</strong></span> <span class='ocrx_word' id='word_1_659' title='bbox 3048 3246 3109 3288; x_wconf 90' lang='lat' dir='ltr'><strong>se</strong></span> <span class='ocrx_word' id='word_1_660' title='bbox 3135 3232 3270 3287; x_wconf 86' lang='lat' dir='ltr'><strong>nihil</strong></span> <span class='ocrx_word' id='word_1_661' title='bbox 3299 3231 3455 3288; x_wconf 80' lang='lat' dir='ltr'><strong>diﬂ&#39;c-</strong></span> 
     </span>
    </p>
   </div>
   <div class='ocr_carea' id='block_1_84' title="bbox 1839 3325 3450 3398">
    <p class='ocr_par' dir='ltr' id='par_1_84' title="bbox 1839 3325 3450 3398">
     <span class='ocr_line' id='line_1_84' title="bbox 1839 3325 3450 3398; baseline 0 -15"><span class='ocrx_word' id='word_1_662' title='bbox 1839 3337 1925 3384; x_wconf 86' lang='lat' dir='ltr'><strong>rat</strong></span> <span class='ocrx_word' id='word_1_663' title='bbox 1954 3347 1969 3387; x_wconf 85' lang='lat'><strong>:</strong></span> <span class='ocrx_word' id='word_1_664' title='bbox 1998 3328 2073 3384; x_wconf 89' lang='lat' dir='ltr'><strong>ita</strong></span> <span class='ocrx_word' id='word_1_665' title='bbox 2105 3327 2195 3384; x_wconf 92' lang='lat' dir='ltr'><strong>hic</strong></span> <span class='ocrx_word' id='word_1_666' title='bbox 2223 3328 2387 3383; x_wconf 89' lang='lat' dir='ltr'><strong>etiam</strong></span> <span class='ocrx_word' id='word_1_667' title='bbox 2419 3341 2583 3383; x_wconf 88' lang='lat' dir='ltr'><strong>unum</strong></span> <span class='ocrx_word' id='word_1_668' title='bbox 2617 3325 2891 3398; x_wconf 85' lang='lat' dir='ltr'><strong>quidpiam</strong></span> <span class='ocrx_word' id='word_1_669' title='bbox 2920 3326 3281 3396; x_wconf 90' lang='lat' dir='ltr'><strong>apprehendit</strong></span> <span class='ocrx_word' id='word_1_670' title='bbox 3323 3343 3450 3383; x_wconf 86' lang='lat' dir='ltr'><strong>ver-</strong></span> 
     </span>
    </p>
   </div>
   <div class='ocr_carea' id='block_1_85' title="bbox 1836 3417 3453 3493">
    <p class='ocr_par' dir='ltr' id='par_1_85' title="bbox 1836 3417 3453 3493">
     <span class='ocr_line' id='line_1_85' title="bbox 1836 3417 3453 3493; baseline -0.001 -17"><span class='ocrx_word' id='word_1_671' title='bbox 1836 3421 1965 3477; x_wconf 90' lang='lat' dir='ltr'><strong>bum</strong></span> <span class='ocrx_word' id='word_1_672' title='bbox 1982 3421 2048 3475; x_wconf 89' lang='lat' dir='ltr'><strong>ad</strong></span> <span class='ocrx_word' id='word_1_673' title='bbox 2076 3420 2305 3476; x_wconf 90' lang='lat' dir='ltr'><strong>duorum</strong></span> <span class='ocrx_word' id='word_1_674' title='bbox 2326 3420 2669 3493; x_wconf 88' lang='lat' dir='ltr'><strong>hypostases.</strong></span> <span class='ocrx_word' id='word_1_675' title='bbox 2688 3417 2890 3475; x_wconf 89' lang='lat' dir='ltr'><strong>Deinde</strong></span> <span class='ocrx_word' id='word_1_676' title='bbox 2910 3420 3208 3491; x_wconf 89' lang='lat' dir='ltr'><strong>subjunxit,</strong></span> <span class='ocrx_word' id='word_1_677' title='bbox 3232 3419 3297 3475; x_wconf 86' lang='lat' dir='ltr'><strong>Et</strong></span> <span class='ocrx_word' id='word_1_678' title='bbox 3327 3421 3453 3474; x_wconf 86' lang='lat' dir='ltr'><strong>clm-</strong></span> 
     </span>
    </p>
   </div>
   <div class='ocr_carea' id='block_1_86' title="bbox 1833 3512 3451 3586">
    <p class='ocr_par' dir='ltr' id='par_1_86' title="bbox 1833 3512 3451 3586">
     <span class='ocr_line' id='line_1_86' title="bbox 1833 3512 3451 3586; baseline 0.002 -18"><span class='ocrx_word' id='word_1_679' title='bbox 1833 3522 2000 3569; x_wconf 82' lang='lat' dir='ltr'><strong>racter</strong></span> <span class='ocrx_word' id='word_1_680' title='bbox 2025 3530 2115 3569; x_wconf 88' lang='lat' dir='ltr'><strong>seu</strong></span> <span class='ocrx_word' id='word_1_681' title='bbox 2142 3515 2334 3586; x_wconf 73' lang='lat' dir='ltr'><strong>ﬁgura.</strong></span> <span class='ocrx_word' id='word_1_682' title='bbox 2366 3513 2563 3585; x_wconf 84' lang='lat' dir='ltr'><strong>Figura</strong></span> <span class='ocrx_word' id='word_1_683' title='bbox 2589 3514 2733 3568; x_wconf 89' lang='lat' dir='ltr'><strong>enim</strong></span> <span class='ocrx_word' id='word_1_684' title='bbox 2765 3528 2863 3569; x_wconf 91' lang='lat' dir='ltr'><strong>seu</strong></span> <span class='ocrx_word' id='word_1_685' title='bbox 2890 3512 3175 3569; x_wconf 88' lang='lat' dir='ltr'><strong>character</strong></span> <span class='ocrx_word' id='word_1_686' title='bbox 3202 3524 3287 3570; x_wconf 90' lang='lat' dir='ltr'><strong>est</strong></span> <span class='ocrx_word' id='word_1_687' title='bbox 3310 3515 3451 3572; x_wconf 89' lang='lat' dir='ltr'><strong>alius</strong></span> 
     </span>
    </p>
   </div>
   <div class='ocr_carea' id='block_1_87' title="bbox 1833 3606 3446 3679">
    <p class='ocr_par' dir='ltr' id='par_1_87' title="bbox 1833 3606 3446 3679">
     <span class='ocr_line' id='line_1_87' title="bbox 1833 3606 3446 3679; baseline 0.002 -17"><span class='ocrx_word' id='word_1_688' title='bbox 1833 3608 1903 3663; x_wconf 89' lang='lat' dir='ltr'><strong>ab</strong></span> <span class='ocrx_word' id='word_1_689' title='bbox 1933 3607 2231 3678; x_wconf 85' lang='lat' dir='ltr'><strong>exemplari</strong></span> <span class='ocrx_word' id='word_1_690' title='bbox 2264 3614 2583 3679; x_wconf 84' lang='lat' dir='ltr'><strong>protOtypo;</strong></span> <span class='ocrx_word' id='word_1_691' title='bbox 2628 3606 2769 3663; x_wconf 88' lang='lat' dir='ltr'><strong>alius</strong></span> <span class='ocrx_word' id='word_1_692' title='bbox 2798 3616 2979 3663; x_wconf 88' lang='lat' dir='ltr'><strong>autem</strong></span> <span class='ocrx_word' id='word_1_693' title='bbox 3027 3622 3137 3663; x_wconf 92' lang='lat' dir='ltr'><strong>non</strong></span> <span class='ocrx_word' id='word_1_694' title='bbox 3183 3610 3406 3666; x_wconf 90' lang='lat' dir='ltr'><strong>omnino</strong></span> <span class='ocrx_word' id='word_1_695' title='bbox 3429 3653 3446 3677; x_wconf 95' lang='lat'><strong>,</strong></span> 
     </span>
    </p>
   </div>
   <div class='ocr_carea' id='block_1_88' title="bbox 1834 3697 3449 3771">
    <p class='ocr_par' dir='ltr' id='par_1_88' title="bbox 1834 3697 3449 3771">
     <span class='ocr_line' id='line_1_88' title="bbox 1834 3697 3449 3771; baseline 0.002 -17"><span class='ocrx_word' id='word_1_696' title='bbox 1834 3698 1932 3754; x_wconf 88' lang='lat' dir='ltr'><strong>sed</strong></span> <span class='ocrx_word' id='word_1_697' title='bbox 1956 3698 2010 3754; x_wconf 90' lang='lat' dir='ltr'><strong>in</strong></span> <span class='ocrx_word' id='word_1_698' title='bbox 2039 3712 2106 3755; x_wconf 89' lang='lat' dir='ltr'><strong>eo</strong></span> <span class='ocrx_word' id='word_1_699' title='bbox 2125 3698 2270 3769; x_wconf 91' lang='lat' dir='ltr'><strong>quod</strong></span> <span class='ocrx_word' id='word_1_700' title='bbox 2297 3698 2488 3755; x_wconf 89' lang='lat' dir='ltr'><strong>attinet</strong></span> <span class='ocrx_word' id='word_1_701' title='bbox 2504 3697 2571 3753; x_wconf 90' lang='lat' dir='ltr'><strong>ad</strong></span> <span class='ocrx_word' id='word_1_702' title='bbox 2597 3697 2932 3770; x_wconf 82' lang='lat' dir='ltr'><strong>hypostasin.</strong></span> <span class='ocrx_word' id='word_1_703' title='bbox 2962 3697 3096 3754; x_wconf 85' lang='lat' dir='ltr'><strong>Nam</strong></span> <span class='ocrx_word' id='word_1_704' title='bbox 3117 3698 3208 3756; x_wconf 90' lang='lat' dir='ltr'><strong>hic</strong></span> <span class='ocrx_word' id='word_1_705' title='bbox 3234 3716 3449 3771; x_wconf 85' lang='lat' dir='ltr'><strong>quoque</strong></span> 
     </span>
    </p>
   </div>
   <div class='ocr_carea' id='block_1_89' title="bbox 1830 3792 3446 3862">
    <p class='ocr_par' dir='ltr' id='par_1_89' title="bbox 1830 3792 3446 3862">
     <span class='ocr_line' id='line_1_89' title="bbox 1830 3792 3446 3862; baseline 0.004 -16"><span class='ocrx_word' id='word_1_706' title='bbox 1830 3792 2116 3848; x_wconf 86' lang='lat' dir='ltr'><strong>character</strong></span> <span class='ocrx_word' id='word_1_707' title='bbox 2158 3792 2396 3848; x_wconf 86' lang='lat' dir='ltr'><strong>ostendit</strong></span> <span class='ocrx_word' id='word_1_708' title='bbox 2458 3792 2663 3848; x_wconf 89' lang='lat' dir='ltr'><strong>nullam</strong></span> <span class='ocrx_word' id='word_1_709' title='bbox 2709 3808 2833 3849; x_wconf 89' lang='lat' dir='ltr'><strong>esse</strong></span> <span class='ocrx_word' id='word_1_710' title='bbox 2880 3793 3298 3862; x_wconf 88' lang='lat' dir='ltr'><strong>diversitatem,</strong></span> <span class='ocrx_word' id='word_1_711' title='bbox 3348 3798 3446 3853; x_wconf 87' lang='lat' dir='ltr'><strong>sed</strong></span> 
     </span>
    </p>
   </div>
   <div class='ocr_carea' id='block_1_90' title="bbox 1833 3884 3444 3959">
    <p class='ocr_par' dir='ltr' id='par_1_90' title="bbox 1833 3884 3444 3959">
     <span class='ocr_line' id='line_1_90' title="bbox 1833 3884 3444 3959; baseline 0.004 -20"><span class='ocrx_word' id='word_1_712' title='bbox 1833 3884 1991 3955; x_wconf 87' lang='lat' dir='ltr'><strong>plane</strong></span> <span class='ocrx_word' id='word_1_713' title='bbox 2017 3884 2070 3940; x_wconf 89' lang='lat' dir='ltr'><strong>in</strong></span> <span class='ocrx_word' id='word_1_714' title='bbox 2103 3884 2357 3941; x_wconf 90' lang='lat' dir='ltr'><strong>omnibus</strong></span> <span class='ocrx_word' id='word_1_715' title='bbox 2387 3884 2684 3956; x_wconf 78' lang='lat' dir='ltr'><strong>perfectam</strong></span> <span class='ocrx_word' id='word_1_716' title='bbox 2714 3884 3132 3943; x_wconf 90' lang='lat' dir='ltr'><strong>similitudinem</strong></span> <span class='ocrx_word' id='word_1_717' title='bbox 3158 3890 3275 3959; x_wconf 89' lang='lat' dir='ltr'><strong>ejus</strong></span> <span class='ocrx_word' id='word_1_718' title='bbox 3295 3930 3313 3956; x_wconf 92' lang='lat'><strong>,</strong></span> <span class='ocrx_word' id='word_1_719' title='bbox 3345 3904 3444 3945; x_wconf 93' lang='lat' dir='ltr'><strong>cu-</strong></span> 
     </span>
    </p>
   </div>
   <div class='ocr_carea' id='block_1_91' title="bbox 1823 3974 3447 4052">
    <p class='ocr_par' dir='ltr' id='par_1_91' title="bbox 1823 3974 3447 4052">
     <span class='ocr_line' id='line_1_91' title="bbox 1823 3974 3447 4052; baseline 0.006 -22"><span class='ocrx_word' id='word_1_720' title='bbox 1823 3974 1914 4046; x_wconf 91' lang='lat' dir='ltr'><strong>jus</strong></span> <span class='ocrx_word' id='word_1_721' title='bbox 1953 3985 2037 4032; x_wconf 89' lang='lat' dir='ltr'><strong>est</strong></span> <span class='ocrx_word' id='word_1_722' title='bbox 2070 3975 2355 4033; x_wconf 89' lang='lat' dir='ltr'><strong>character</strong></span> <span class='ocrx_word' id='word_1_723' title='bbox 2384 3987 2439 4034; x_wconf 89' lang='lat' dir='ltr'><strong>et</strong></span> <span class='ocrx_word' id='word_1_724' title='bbox 2466 3977 2658 4049; x_wconf 78' lang='lat' dir='ltr'><strong>ﬁgura.</strong></span> <span class='ocrx_word' id='word_1_725' title='bbox 2706 3977 2844 4034; x_wconf 89' lang='lat' dir='ltr'><strong>Cum</strong></span> <span class='ocrx_word' id='word_1_726' title='bbox 2887 3994 3022 4051; x_wconf 89' lang='lat' dir='ltr'><strong>ergo</strong></span> <span class='ocrx_word' id='word_1_727' title='bbox 3067 3982 3243 4052; x_wconf 90' lang='lat' dir='ltr'><strong>ipsum</strong></span> <span class='ocrx_word' id='word_1_728' title='bbox 3290 3994 3447 4040; x_wconf 80' lang='lat' dir='ltr'><strong>vocet</strong></span> 
     </span>
    </p>
   </div>
   <div class='ocr_carea' id='block_1_92' title="bbox 1827 4070 3411 4142">
    <p class='ocr_par' dir='ltr' id='par_1_92' title="bbox 1827 4070 3411 4142">
     <span class='ocr_line' id='line_1_92' title="bbox 1827 4070 3411 4142; baseline 0.004 -16"><span class='ocrx_word' id='word_1_729' title='bbox 1827 4070 2057 4126; x_wconf 79' lang='lat' dir='ltr'><strong>formam</strong></span> <span class='ocrx_word' id='word_1_730' title='bbox 2084 4081 2138 4125; x_wconf 91' lang='lat' dir='ltr'><strong>et</strong></span> <span class='ocrx_word' id='word_1_731' title='bbox 2162 4072 2535 4127; x_wconf 84' lang='lat' dir='ltr'><strong>characterem</strong></span> <span class='ocrx_word' id='word_1_732' title='bbox 2558 4112 2571 4135; x_wconf 92' lang='lat'><strong>,</strong></span> <span class='ocrx_word' id='word_1_733' title='bbox 2606 4074 2738 4142; x_wconf 86' lang='lat' dir='ltr'><strong>quid</strong></span> <span class='ocrx_word' id='word_1_734' title='bbox 2781 4071 3000 4129; x_wconf 89' lang='lat' dir='ltr'><strong>dicent?</strong></span> <span class='ocrx_word' id='word_1_735' title='bbox 3026 4078 3099 4130; x_wconf 81' lang='lat' dir='ltr'><strong>At</strong></span> <span class='ocrx_word' id='word_1_736' title='bbox 3129 4076 3325 4142; x_wconf 89' lang='lat' dir='ltr'><strong>homo,</strong></span> <span class='ocrx_word' id='word_1_737' title='bbox 3357 4078 3411 4132; x_wconf 90' lang='lat' dir='ltr'><strong>in</strong></span> 
     </span>
    </p>
   </div>
   <div class='ocr_carea' id='block_1_93' title="bbox 1828 4163 3439 4242">
    <p class='ocr_par' dir='ltr' id='par_1_93' title="bbox 1828 4163 3439 4242">
     <span class='ocr_line' id='line_1_93' title="bbox 1828 4163 3439 4242; baseline 0.004 -25"><span class='ocrx_word' id='word_1_738' title='bbox 1828 4164 1965 4235; x_wconf 90' lang='lat' dir='ltr'><strong>quit,</strong></span> <span class='ocrx_word' id='word_1_739' title='bbox 1992 4165 2172 4219; x_wconf 86' lang='lat' dir='ltr'><strong>dictus</strong></span> <span class='ocrx_word' id='word_1_740' title='bbox 2197 4172 2281 4220; x_wconf 89' lang='lat' dir='ltr'><strong>est</strong></span> <span class='ocrx_word' id='word_1_741' title='bbox 2305 4165 2473 4220; x_wconf 88' lang='lat' dir='ltr'><strong>etiam</strong></span> <span class='ocrx_word' id='word_1_742' title='bbox 2511 4164 2691 4236; x_wconf 90' lang='lat' dir='ltr'><strong>imago</strong></span> <span class='ocrx_word' id='word_1_743' title='bbox 2721 4163 2876 4237; x_wconf 82' lang='lat' dir='ltr'><strong>(Gen.</strong></span> <span class='ocrx_word' id='word_1_744' title='bbox 2910 4167 2962 4223; x_wconf 90' lang='grc'><strong>1.</strong></span> <span class='ocrx_word' id='word_1_745' title='bbox 2992 4165 3091 4239; x_wconf 74' lang='grc'><strong>26)</strong></span> <span class='ocrx_word' id='word_1_746' title='bbox 3161 4167 3439 4242; x_wconf 78' lang='lat' dir='ltr'><strong>imaginis.</strong></span> 
     </span>
    </p>
   </div>
   <div class='ocr_carea' id='block_1_94' title="bbox 1828 4258 3441 4348">
    <p class='ocr_par' dir='ltr' id='par_1_94' title="bbox 1828 4258 3441 4348">
     <span class='ocr_line' id='line_1_94' title="bbox 1828 4258 3441 4348; baseline 0.011 -34"><span class='ocrx_word' id='word_1_747' title='bbox 1828 4258 1967 4326; x_wconf 80' lang='lat' dir='ltr'><strong>Quid</strong></span> <span class='ocrx_word' id='word_1_748' title='bbox 1996 4264 2167 4318; x_wconf 78' lang='lat' dir='ltr'><strong>vero?</strong></span> <span class='ocrx_word' id='word_1_749' title='bbox 2194 4279 2320 4319; x_wconf 92' lang='lat' dir='ltr'><strong>num</strong></span> <span class='ocrx_word' id='word_1_750' title='bbox 2350 4266 2423 4322; x_wconf 91' lang='lat' dir='ltr'><strong>ita</strong></span> <span class='ocrx_word' id='word_1_751' title='bbox 2456 4278 2514 4323; x_wconf 91' lang='lat' dir='ltr'><strong>ut</strong></span> <span class='ocrx_word' id='word_1_752' title='bbox 2542 4269 2758 4327; x_wconf 80' lang='lat' dir='ltr'><strong>Filius?</strong></span> <span class='ocrx_word' id='word_1_753' title='bbox 2785 4266 2925 4341; x_wconf 86' lang='lat' dir='ltr'><strong>Non,</strong></span> <span class='ocrx_word' id='word_1_754' title='bbox 2950 4272 3150 4345; x_wconf 88' lang='lat' dir='ltr'><strong>inquit,</strong></span> <span class='ocrx_word' id='word_1_755' title='bbox 3168 4272 3267 4330; x_wconf 88' lang='lat' dir='ltr'><strong>sed</strong></span> <span class='ocrx_word' id='word_1_756' title='bbox 3285 4276 3441 4348; x_wconf 86' lang='lat' dir='ltr'><strong>quod</strong></span> 
     </span>
    </p>
   </div>
   <div class='ocr_carea' id='block_1_95' title="bbox 1827 4350 3440 4438">
    <p class='ocr_par' dir='ltr' id='par_1_95' title="bbox 1827 4350 3440 4438">
     <span class='ocr_line' id='line_1_95' title="bbox 1827 4350 3440 4438; baseline 0.012 -33"><span class='ocrx_word' id='word_1_757' title='bbox 1827 4350 2006 4424; x_wconf 89' lang='lat' dir='ltr'><strong>imago</strong></span> <span class='ocrx_word' id='word_1_758' title='bbox 2041 4369 2151 4411; x_wconf 91' lang='lat' dir='ltr'><strong>non</strong></span> <span class='ocrx_word' id='word_1_759' title='bbox 2192 4358 2449 4415; x_wconf 88' lang='lat' dir='ltr'><strong>ostendat</strong></span> <span class='ocrx_word' id='word_1_760' title='bbox 2475 4360 2916 4419; x_wconf 86' lang='lat' dir='ltr'><strong>similitudinem.</strong></span> <span class='ocrx_word' id='word_1_761' title='bbox 2963 4366 3127 4436; x_wconf 85' lang='lat' dir='ltr'><strong>Atqui</strong></span> <span class='ocrx_word' id='word_1_762' title='bbox 3174 4376 3440 4438; x_wconf 83' lang='lat' dir='ltr'><strong>quatenus</strong></span> 
     </span>
    </p>
   </div>
   <div class='ocr_carea' id='block_1_96' title="bbox 1824 4442 3436 4525">
    <p class='ocr_par' dir='ltr' id='par_1_96' title="bbox 1824 4442 3436 4525">
     <span class='ocr_line' id='line_1_96' title="bbox 1824 4442 3436 4525; baseline 0.011 -25"><span class='ocrx_word' id='word_1_763' title='bbox 1824 4442 1991 4502; x_wconf 88' lang='lat' dir='ltr'><strong>homo</strong></span> <span class='ocrx_word' id='word_1_764' title='bbox 2020 4447 2197 4506; x_wconf 90' lang='lat' dir='ltr'><strong>dictus</strong></span> <span class='ocrx_word' id='word_1_765' title='bbox 2223 4461 2309 4506; x_wconf 91' lang='lat' dir='ltr'><strong>est</strong></span> <span class='ocrx_word' id='word_1_766' title='bbox 2335 4452 2545 4525; x_wconf 89' lang='lat' dir='ltr'><strong>imago,</strong></span> <span class='ocrx_word' id='word_1_767' title='bbox 2576 4458 2818 4513; x_wconf 89' lang='lat' dir='ltr'><strong>ostendit</strong></span> <span class='ocrx_word' id='word_1_768' title='bbox 2846 4458 3263 4517; x_wconf 88' lang='lat' dir='ltr'><strong>similitudinem</strong></span> <span class='ocrx_word' id='word_1_769' title='bbox 3296 4474 3353 4519; x_wconf 90' lang='lat' dir='ltr'><strong>ut</strong></span> <span class='ocrx_word' id='word_1_770' title='bbox 3380 4463 3436 4519; x_wconf 89' lang='lat' dir='ltr'><strong>in</strong></span> 
     </span>
    </p>
   </div>
   <div class='ocr_carea' id='block_1_97' title="bbox 1822 4533 3435 4618">
    <p class='ocr_par' dir='ltr' id='par_1_97' title="bbox 1822 4533 3435 4618">
     <span class='ocr_line' id='line_1_97' title="bbox 1822 4533 3435 4618; baseline 0.013 -28"><span class='ocrx_word' id='word_1_771' title='bbox 1822 4533 2064 4594; x_wconf 89' lang='lat' dir='ltr'><strong>homine.</strong></span> <span class='ocrx_word' id='word_1_772' title='bbox 2098 4539 2231 4596; x_wconf 81' lang='lat' dir='ltr'><strong>Nam</strong></span> <span class='ocrx_word' id='word_1_773' title='bbox 2254 4545 2399 4614; x_wconf 79' lang='lat' dir='ltr'><strong>quod</strong></span> <span class='ocrx_word' id='word_1_774' title='bbox 2424 4546 2568 4602; x_wconf 90' lang='lat' dir='ltr'><strong>Deus</strong></span> <span class='ocrx_word' id='word_1_775' title='bbox 2590 4559 2672 4604; x_wconf 84' lang='lat' dir='ltr'><strong>est</strong></span> <span class='ocrx_word' id='word_1_776' title='bbox 2697 4548 2753 4604; x_wconf 92' lang='lat' dir='ltr'><strong>in</strong></span> <span class='ocrx_word' id='word_1_777' title='bbox 2777 4550 2933 4618; x_wconf 66' lang='lat' dir='ltr'><strong>caelo,</strong></span> <span class='ocrx_word' id='word_1_778' title='bbox 2964 4550 3069 4609; x_wconf 90' lang='lat' dir='ltr'><strong>hoc</strong></span> <span class='ocrx_word' id='word_1_779' title='bbox 3091 4563 3175 4609; x_wconf 90' lang='lat' dir='ltr'><strong>est</strong></span> <span class='ocrx_word' id='word_1_780' title='bbox 3196 4553 3362 4611; x_wconf 89' lang='lat' dir='ltr'><strong>homo</strong></span> <span class='ocrx_word' id='word_1_781' title='bbox 3382 4557 3435 4611; x_wconf 91' lang='lat' dir='ltr'><strong>in</strong></span> 
     </span>
    </p>
   </div>
   <div class='ocr_carea' id='block_1_98' title="bbox 1823 4632 3437 4717">
    <p class='ocr_par' dir='ltr' id='par_1_98' title="bbox 1823 4632 3437 4717">
     <span class='ocr_line' id='line_1_98' title="bbox 1823 4632 3437 4717; baseline 0.013 -35"><span class='ocrx_word' id='word_1_782' title='bbox 1823 4636 1990 4696; x_wconf 88' lang='lat' dir='ltr'><strong>terra,</strong></span> <span class='ocrx_word' id='word_1_783' title='bbox 2016 4632 2183 4703; x_wconf 91' lang='lat' dir='ltr'><strong>quod,</strong></span> <span class='ocrx_word' id='word_1_784' title='bbox 2212 4634 2457 4708; x_wconf 87' lang='lat' dir='ltr'><strong>inquam,</strong></span> <span class='ocrx_word' id='word_1_785' title='bbox 2484 4640 2681 4698; x_wconf 81' lang='lat' dir='ltr'><strong>attinet</strong></span> <span class='ocrx_word' id='word_1_786' title='bbox 2701 4642 2769 4698; x_wconf 91' lang='lat' dir='ltr'><strong>ad</strong></span> <span class='ocrx_word' id='word_1_787' title='bbox 2791 4644 3155 4717; x_wconf 88' lang='lat' dir='ltr'><strong>principatum</strong></span> <span class='ocrx_word' id='word_1_788' title='bbox 3184 4665 3197 4701; x_wconf 92' lang='lat'><strong>:</strong></span> <span class='ocrx_word' id='word_1_789' title='bbox 3222 4658 3274 4703; x_wconf 89' lang='lat' dir='ltr'><strong>et</strong></span> <span class='ocrx_word' id='word_1_790' title='bbox 3296 4650 3437 4704; x_wconf 87' lang='lat' dir='ltr'><strong>sicut</strong></span> 
     </span>
    </p>
   </div>
   <div class='ocr_carea' id='block_1_99' title="bbox 1821 4718 3436 4810">
    <p class='ocr_par' dir='ltr' id='par_1_99' title="bbox 1821 4718 3436 4810">
     <span class='ocr_line' id='line_1_99' title="bbox 1821 4718 3436 4810; baseline 0.015 -36"><span class='ocrx_word' id='word_1_791' title='bbox 1821 4718 1984 4777; x_wconf 90' lang='lat' dir='ltr'><strong>homo</strong></span> <span class='ocrx_word' id='word_1_792' title='bbox 2026 4722 2366 4784; x_wconf 90' lang='lat' dir='ltr'><strong>dominatum</strong></span> <span class='ocrx_word' id='word_1_793' title='bbox 2410 4730 2623 4789; x_wconf 87' lang='lat' dir='ltr'><strong>obtinet</strong></span> <span class='ocrx_word' id='word_1_794' title='bbox 2660 4733 2715 4789; x_wconf 89' lang='lat' dir='ltr'><strong>in</strong></span> <span class='ocrx_word' id='word_1_795' title='bbox 2746 4736 3001 4793; x_wconf 89' lang='lat' dir='ltr'><strong>omnibus</strong></span> <span class='ocrx_word' id='word_1_796' title='bbox 3048 4754 3169 4810; x_wconf 67' lang='lat' dir='ltr'><strong>qua:</strong></span> <span class='ocrx_word' id='word_1_797' title='bbox 3212 4749 3341 4797; x_wconf 88' lang='lat' dir='ltr'><strong>sunt</strong></span> <span class='ocrx_word' id='word_1_798' title='bbox 3383 4742 3436 4797; x_wconf 91' lang='lat' dir='ltr'><strong>in</strong></span> 
     </span>
    </p>
   </div>
   <div class='ocr_carea' id='block_1_100' title="bbox 1819 4814 3437 4905">
    <p class='ocr_par' dir='ltr' id='par_1_100' title="bbox 1819 4814 3437 4905">
     <span class='ocr_line' id='line_1_100' title="bbox 1819 4814 3437 4905; baseline 0.014 -39"><span class='ocrx_word' id='word_1_799' title='bbox 1819 4820 1986 4881; x_wconf 87' lang='lat' dir='ltr'><strong>terra,</strong></span> <span class='ocrx_word' id='word_1_800' title='bbox 2018 4814 2090 4870; x_wconf 91' lang='lat' dir='ltr'><strong>ita</strong></span> <span class='ocrx_word' id='word_1_801' title='bbox 2139 4818 2282 4875; x_wconf 88' lang='lat' dir='ltr'><strong>Deus</strong></span> <span class='ocrx_word' id='word_1_802' title='bbox 2321 4820 2661 4881; x_wconf 87' lang='lat' dir='ltr'><strong>dominatum</strong></span> <span class='ocrx_word' id='word_1_803' title='bbox 2706 4826 2917 4884; x_wconf 86' lang='lat' dir='ltr'><strong>obtinet</strong></span> <span class='ocrx_word' id='word_1_804' title='bbox 2952 4832 3005 4885; x_wconf 93' lang='lat' dir='ltr'><strong>in</strong></span> <span class='ocrx_word' id='word_1_805' title='bbox 3033 4831 3287 4888; x_wconf 88' lang='lat' dir='ltr'><strong>omnibus</strong></span> <span class='ocrx_word' id='word_1_806' title='bbox 3314 4849 3437 4905; x_wconf 73' lang='lat' dir='ltr'><strong>qua:</strong></span> 
     </span>
    </p>
   </div>
   <div class='ocr_carea' id='block_1_101' title="bbox 1816 4906 3436 4981">
    <p class='ocr_par' dir='ltr' id='par_1_101' title="bbox 1816 4906 3436 4981">
     <span class='ocr_line' id='line_1_101' title="bbox 1816 4906 3436 4981; baseline 0.015 -24"><span class='ocrx_word' id='word_1_807' title='bbox 1816 4912 1944 4960; x_wconf 89' lang='lat' dir='ltr'><strong>sunt</strong></span> <span class='ocrx_word' id='word_1_808' title='bbox 1971 4906 2025 4961; x_wconf 92' lang='lat' dir='ltr'><strong>in</strong></span> <span class='ocrx_word' id='word_1_809' title='bbox 2068 4908 2203 4965; x_wconf 71' lang='lat' dir='ltr'><strong>caelo</strong></span> <span class='ocrx_word' id='word_1_810' title='bbox 2241 4918 2298 4966; x_wconf 88' lang='lat' dir='ltr'><strong>et</strong></span> <span class='ocrx_word' id='word_1_811' title='bbox 2327 4911 2382 4968; x_wconf 90' lang='lat' dir='ltr'><strong>in</strong></span> <span class='ocrx_word' id='word_1_812' title='bbox 2416 4922 2581 4971; x_wconf 85' lang='lat' dir='ltr'><strong>terra.</strong></span> <span class='ocrx_word' id='word_1_813' title='bbox 2608 4916 2886 4975; x_wconf 77' lang='lat' dir='ltr'><strong>Caeterum</strong></span> <span class='ocrx_word' id='word_1_814' title='bbox 2912 4920 3078 4978; x_wconf 91' lang='lat' dir='ltr'><strong>homo</strong></span> <span class='ocrx_word' id='word_1_815' title='bbox 3106 4938 3217 4980; x_wconf 89' lang='lat' dir='ltr'><strong>non</strong></span> <span class='ocrx_word' id='word_1_816' title='bbox 3258 4924 3436 4981; x_wconf 86' lang='lat' dir='ltr'><strong>dictus</strong></span> 
     </span>
    </p>
   </div>
   <div class='ocr_carea' id='block_1_102' title="bbox 128 4972 3435 5084">
    <p class='ocr_par' dir='ltr' id='par_1_102' title="bbox 128 4972 3435 5084">
     <span class='ocr_line' id='line_1_102' title="bbox 128 4972 3435 5084; baseline 0.012 -50"><span class='ocrx_word' id='word_1_817' title='bbox 128 4972 725 5084; x_wconf 41' lang='grc' dir='ltr'><strong>ἷςξοινυίξνοειθηάεηῖ,</strong></span> <span class='ocrx_word' id='word_1_818' title='bbox 763 4986 906 5055; x_wconf 85' lang='lat' dir='ltr'><strong>quod</strong></span> <span class='ocrx_word' id='word_1_819' title='bbox 934 5003 1003 5045; x_wconf 88' lang='lat' dir='ltr'><strong>ex</strong></span> <span class='ocrx_word' id='word_1_820' title='bbox 1030 4990 1167 5084; x_wconf 75' lang='lat' dir='ltr'><strong>ipso,</strong></span> <span class='ocrx_word' id='word_1_821' title='bbox 1201 4972 1710 5080; x_wconf 47' lang='lat' dir='ltr'><strong>necessario-loqqi;</strong></span> <span class='ocrx_word' id='word_1_822' title='bbox 1816 4995 1918 5053; x_wconf 82' lang='lat' dir='ltr'><strong>fuit</strong></span> <span class='ocrx_word' id='word_1_823' title='bbox 1942 5000 2226 5059; x_wconf 85' lang='lat' dir='ltr'><strong>character</strong></span> <span class='ocrx_word' id='word_1_824' title='bbox 2248 5044 2265 5069; x_wconf 91' lang='lat'><strong>,</strong></span> <span class='ocrx_word' id='word_1_825' title='bbox 2311 5020 2419 5062; x_wconf 91' lang='lat' dir='ltr'><strong>non</strong></span> <span class='ocrx_word' id='word_1_826' title='bbox 2449 5007 2630 5066; x_wconf 90' lang='lat' dir='ltr'><strong>dictus</strong></span> <span class='ocrx_word' id='word_1_827' title='bbox 2666 5010 2771 5067; x_wconf 83' lang='lat' dir='ltr'><strong>fuit</strong></span> <span class='ocrx_word' id='word_1_828' title='bbox 2798 5014 3080 5084; x_wconf 88' lang='lat' dir='ltr'><strong>splendor,</strong></span> <span class='ocrx_word' id='word_1_829' title='bbox 3116 5032 3226 5074; x_wconf 91' lang='lat' dir='ltr'><strong>non</strong></span> <span class='ocrx_word' id='word_1_830' title='bbox 3257 5018 3435 5075; x_wconf 88' lang='lat' dir='ltr'><strong>dictus</strong></span> 
     </span>
    </p>
   </div>
   <div class='ocr_carea' id='block_1_103' title="bbox 130 5059 3435 5179">
    <p class='ocr_par' dir='ltr' id='par_1_103' title="bbox 130 5059 3435 5179">
     <span class='ocr_line' id='line_1_103' title="bbox 130 5059 3435 5179; baseline 0.016 -60"><span class='ocrx_word' id='word_1_831' title='bbox 130 5059 452 5179; x_wconf 41' lang='lat' dir='ltr'><strong>tiburti-lia</strong></span> <span class='ocrx_word' id='word_1_832' title='bbox 488 5073 969 5179; x_wconf 45' lang='lat' dir='ltr'><strong>:&#39;qttandonaute_rn</strong></span> <span class='ocrx_word' id='word_1_833' title='bbox 1010 5059 1125 5139; x_wconf 87' lang='lat' dir='ltr'><strong>vult</strong></span> <span class='ocrx_word' id='word_1_834' title='bbox 1162 5086 1271 5143; x_wconf 89' lang='lat' dir='ltr'><strong>alta</strong></span> <span class='ocrx_word' id='word_1_835' title='bbox 1305 5090 1487 5163; x_wconf 89' lang='lat' dir='ltr'><strong>loqui,</strong></span> <span class='ocrx_word' id='word_1_836' title='bbox 1517 5059 1707 5157; x_wconf 54' lang='lat' dir='ltr'><strong>ansa—ni</strong></span> <span class='ocrx_word' id='word_1_837' title='bbox 1813 5089 1917 5148; x_wconf 73' lang='grc' dir='ltr'><strong>Ῑυίι</strong></span> <span class='ocrx_word' id='word_1_838' title='bbox 1940 5092 2114 5151; x_wconf 67' lang='grc' dir='ltr'><strong>ι’01⁸111³ι</strong></span> <span class='ocrx_word' id='word_1_839' title='bbox 2148 5115 2163 5152; x_wconf 71' lang='grc' dir='ltr'>ε</span> <span class='ocrx_word' id='word_1_840' title='bbox 2195 5059 2340 5169; x_wconf 57' lang='grc' dir='ltr'><strong>(1³1οά</strong></span> 
     </span>
    </p>
   </div>
   <div class='ocr_carea' id='block_1_104' title="bbox 125 5156 3430 5278">
    <p class='ocr_par' dir='ltr' id='par_1_104' title="bbox 125 5156 3430 5278">
     <span class='ocr_line' id='line_1_104' title="bbox 125 5156 3430 5278; baseline 0.012 -61"><span class='ocrx_word' id='word_1_841' title='bbox 125 5156 631 5278; x_wconf 36' lang='lat' dir='ltr'><strong>far-celius,</strong></span> <span class='ocrx_word' id='word_1_842' title='bbox 658 5175 714 5271; x_wconf 73' lang='lat' dir='ltr'><strong>et</strong></span> <span class='ocrx_word' id='word_1_843' title='bbox 750 5166 1052 5278; x_wconf 44' lang='lat' dir='ltr'><strong>Sabellius:</strong></span> <span class='ocrx_word' id='word_1_844' title='bbox 1067 5176 1174 5234; x_wconf 85' lang='lat' dir='ltr'><strong>Sed</strong></span> <span class='ocrx_word' id='word_1_845' title='bbox 1202 5156 1486 5243; x_wconf 78' lang='lat' dir='ltr'><strong>amborum</strong></span> <span class='ocrx_word' id='word_1_846' title='bbox 1511 5206 1700 5253; x_wconf 74' lang='lat' dir='ltr'><strong>exces.</strong></span> <span class='ocrx_word' id='word_1_847' title='bbox 1814 5185 2179 5246; x_wconf 89' lang='lat' dir='ltr'><strong>militudinem</strong></span> <span class='ocrx_word' id='word_1_848' title='bbox 2206 5156 2328 5261; x_wconf 69' lang='lat' dir='ltr'><strong>quae</strong></span> <span class='ocrx_word' id='word_1_849' title='bbox 3234 5156 3430 5264; x_wconf 39' lang='lat' dir='ltr'><strong>is};</strong></span> 
     </span>
    </p>
   </div>
   <div class='ocr_carea' id='block_1_105' title="bbox 125 5247 3431 5365">
    <p class='ocr_par' dir='ltr' id='par_1_105' title="bbox 125 5247 3431 5365">
     <span class='ocr_line' id='line_1_105' title="bbox 125 5247 3431 5365; baseline 0.007 -30"><span class='ocrx_word' id='word_1_850' title='bbox 495 5254 771 5365; x_wconf 46' lang='grc' dir='ltr'><strong>,Εθξίεδίὲτ</strong></span> <span class='ocrx_word' id='word_1_851' title='bbox 797 5264 883 5320; x_wconf 67' lang='lat' dir='ltr'><strong>Via</strong></span> <span class='ocrx_word' id='word_1_852' title='bbox 911 5269 1088 5365; x_wconf 67' lang='lat' dir='ltr'><strong>media</strong></span> <span class='ocrx_word' id='word_1_853' title='bbox 1117 5283 1202 5329; x_wconf 83' lang='lat' dir='ltr'><strong>est.</strong></span> <span class='ocrx_word' id='word_1_854' title='bbox 1221 5275 1488 5349; x_wconf 82' lang='lat' dir='ltr'><strong>ingressa.</strong></span> <span class='ocrx_word' id='word_1_855' title='bbox 1517 5247 1703 5361; x_wconf 70' lang='lat' dir='ltr'><strong>Neque</strong></span> <span class='ocrx_word' id='word_1_856' title='bbox 1811 5280 1954 5335; x_wconf 83' lang='lat' dir='ltr'><strong>servi</strong></span> <span class='ocrx_word' id='word_1_857' title='bbox 1984 5282 2121 5338; x_wconf 89' lang='lat' dir='ltr'><strong>nihil</strong></span> <span class='ocrx_word' id='word_1_858' title='bbox 2166 5247 2312 5341; x_wconf 81' lang='lat' dir='ltr'><strong>aliud</strong></span> 
     </span>
    </p>
   </div>
   <div class='ocr_carea' id='block_1_106' title="bbox 125 5346 3433 5467">
    <p class='ocr_par' dir='ltr' id='par_1_106' title="bbox 125 5346 3433 5467">
     <span class='ocr_line' id='line_1_106' title="bbox 125 5346 3433 5467; baseline -0.002 -18"><span class='ocrx_word' id='word_1_859' title='bbox 125 5346 1210 5467; x_wconf 44' lang='lat' dir='ltr'><strong>$323.&quot;:fj&#39;1f&#39;fnﬁiﬁ‘f’i&quot;N00&quot;!!!</strong></span> <span class='ocrx_word' id='word_1_860' title='bbox 1243 5346 1475 5443; x_wconf 63' lang='grc' dir='ltr'><strong>οὲοιιρει</strong></span> <span class='ocrx_word' id='word_1_861' title='bbox 1501 5346 1709 5440; x_wconf 73' lang='lat' dir='ltr'><strong>Paulus</strong></span> <span class='ocrx_word' id='word_1_862' title='bbox 1808 5373 2150 5434; x_wconf 82' lang='lat' dir='ltr'><strong>diﬂ‘erentem</strong></span> <span class='ocrx_word' id='word_1_863' title='bbox 2184 5398 2197 5435; x_wconf 76' lang='grc' dir='ltr'>ε</span> <span class='ocrx_word' id='word_1_864' title='bbox 2228 5378 2303 5436; x_wconf 89' lang='lat' dir='ltr'><strong>ita</strong></span> <span class='ocrx_word' id='word_1_865' title='bbox 2334 5346 2497 5439; x_wconf 69' lang='lat' dir='ltr'><strong>etiam</strong></span> <span class='ocrx_word' id='word_1_866' title='bbox 2532 5346 2711 5442; x_wconf 60' lang='lat' dir='ltr'><strong>form;</strong></span> <span class='ocrx_word' id='word_1_867' title='bbox 2726 5346 2839 5446; x_wconf 61' lang='grc' dir='ltr'><strong>Βέὲ</strong></span> <span class='ocrx_word' id='word_1_868' title='bbox 2880 5346 3433 5467; x_wconf 55' lang='lat' dir='ltr'><strong>iiiii&quot;.ii“.;.i&quot;.§.§;}i</strong></span> 
     </span>
    </p>
   </div>
   <div class='ocr_carea' id='block_1_107' title="bbox 123 5421 3427 5566">
    <p class='ocr_par' dir='ltr' id='par_1_107' title="bbox 123 5421 3427 5566">
     <span class='ocr_line' id='line_1_107' title="bbox 123 5421 3427 5566; baseline 0.026 -87"><span class='ocrx_word' id='word_1_869' title='bbox 123 5421 496 5493; x_wconf 81' lang='lat' dir='ltr'><strong>Samosatenus</strong></span> <span class='ocrx_word' id='word_1_870' title='bbox 533 5442 653 5511; x_wconf 81' lang='lat' dir='ltr'><strong>(a);</strong></span> <span class='ocrx_word' id='word_1_871' title='bbox 685 5461 861 5519; x_wconf 85' lang='lat' dir='ltr'><strong>neque</strong></span> <span class='ocrx_word' id='word_1_872' title='bbox 900 5466 1118 5525; x_wconf 84' lang='lat' dir='ltr'><strong>semper</strong></span> <span class='ocrx_word' id='word_1_873' title='bbox 1154 5421 1412 5522; x_wconf 80' lang='lat' dir='ltr'><strong>remanetr</strong></span> <span class='ocrx_word' id='word_1_874' title='bbox 1429 5468 1486 5524; x_wconf 90' lang='lat' dir='ltr'><strong>in</strong></span> <span class='ocrx_word' id='word_1_875' title='bbox 1501 5421 1709 5532; x_wconf 38' lang='lat' dir='ltr'><strong>miti-su:</strong></span> <span class='ocrx_word' id='word_1_876' title='bbox 1808 5469 1910 5525; x_wconf 67' lang='lat' dir='ltr'><strong>mit</strong></span> <span class='ocrx_word' id='word_1_877' title='bbox 1937 5486 2101 5542; x_wconf 73' lang='lat' dir='ltr'><strong>quam</strong></span> <span class='ocrx_word' id='word_1_878' title='bbox 2136 5472 2329 5531; x_wconf 60' lang='lat' dir='ltr'><strong>Deum.</strong></span> <span class='ocrx_word' id='word_1_879' title='bbox 2375 5478 2478 5548; x_wconf 64' lang='lat' dir='ltr'><strong>Qui</strong></span> <span class='ocrx_word' id='word_1_880' title='bbox 2503 5421 3427 5566; x_wconf 49' lang='lat' dir='ltr'><strong>6101;3&quot;31.ui:q:il:lI8;;;::0:x:l:&#39;</strong></span> 
     </span>
    </p>
   </div>
   <div class='ocr_carea' id='block_1_108' title="bbox 180 5560 3427 5674">
    <p class='ocr_par' dir='ltr' id='par_1_108' title="bbox 180 5560 3427 5674">
     <span class='ocr_line' id='line_1_108' title="bbox 180 5560 3427 5674; baseline 0.001 0"><span class='ocrx_word' id='word_1_881' title='bbox 180 5568 1016 5674; x_wconf 51' lang='grc' dir='ltr'><strong>Μ’Ξξξείξξιξιςηρξμξθρὶο</strong></span> <span class='ocrx_word' id='word_1_882' title='bbox 1390 5606 1560 5674; x_wconf 66' lang='lat' dir='ltr'><strong>am</strong></span> <span class='ocrx_word' id='word_1_883' title='bbox 1597 5616 1703 5669; x_wconf 65' lang='grc' dir='ltr'><strong>ιω.</strong></span> <span class='ocrx_word' id='word_1_884' title='bbox 1805 5560 1919 5674; x_wconf 61' lang='lat'><strong>&quot;3&quot;</strong></span> <span class='ocrx_word' id='word_1_885' title='bbox 1947 5563 2084 5674; x_wconf 65' lang='grc' dir='ltr'><strong>Ὑίδῖ</strong></span> <span class='ocrx_word' id='word_1_886' title='bbox 2111 5568 2239 5674; x_wconf 67' lang='grc' dir='ltr'><strong>αυίξί</strong></span> <span class='ocrx_word' id='word_1_887' title='bbox 2270 5568 2435 5674; x_wconf 59' lang='grc' dir='ltr'><strong>(πίει</strong></span> <span class='ocrx_word' id='word_1_888' title='bbox 2463 5573 2683 5674; x_wconf 58' lang='lat' dir='ltr'><strong>Ws:</strong></span> <span class='ocrx_word' id='word_1_889' title='bbox 2709 5575 2844 5635; x_wconf 76' lang='grc' dir='ltr'><strong>ουπι</strong></span> <span class='ocrx_word' id='word_1_890' title='bbox 2872 5560 3134 5652; x_wconf 45' lang='lat' dir='ltr'><strong>dixisse.</strong></span> <span class='ocrx_word' id='word_1_891' title='bbox 3180 5587 3284 5655; x_wconf 75' lang='grc' dir='ltr'><strong>ουί</strong></span> <span class='ocrx_word' id='word_1_892' title='bbox 3308 5560 3427 5642; x_wconf 53' lang='lat' dir='ltr'><strong>em</strong></span> 
     </span>
    </p>
   </div>
   <div class='ocr_carea' id='block_1_109' title="bbox 124 5624 3425 5739">
    <p class='ocr_par' dir='ltr' id='par_1_109' title="bbox 124 5624 3425 5739">
     <span class='ocr_line' id='line_1_109' title="bbox 124 5624 3425 5739; baseline 0 -15"><span class='ocrx_word' id='word_1_893' title='bbox 124 5624 1376 5739; x_wconf 58' lang='grc' dir='ltr'><strong>οῒιηῗα</strong></span> <span class='ocrx_word' id='word_1_894' title='bbox 1390 5624 1703 5732; x_wconf 41' lang='lat' dir='ltr'><strong>ofﬁgunt</strong></span> <span class='ocrx_word' id='word_1_895' title='bbox 1804 5656 1870 5710; x_wconf 65' lang='grc' dir='ltr'><strong>εει</strong></span> <span class='ocrx_word' id='word_1_896' title='bbox 1898 5659 2145 5727; x_wconf 65' lang='lat' dir='ltr'><strong>Splendor</strong></span> <span class='ocrx_word' id='word_1_897' title='bbox 2166 5663 2377 5734; x_wconf 60' lang='lat' dir='ltr'><strong>gloria,</strong></span> <span class='ocrx_word' id='word_1_898' title='bbox 2406 5668 2689 5739; x_wconf 85' lang='lat' dir='ltr'><strong>subjunin</strong></span> <span class='ocrx_word' id='word_1_899' title='bbox 2712 5690 2899 5731; x_wconf 85' lang='lat' dir='ltr'><strong>rursus</strong></span> <span class='ocrx_word' id='word_1_900' title='bbox 2930 5696 2942 5731; x_wconf 93' lang='lat'><strong>:</strong></span> <span class='ocrx_word' id='word_1_901' title='bbox 2973 5626 3135 5734; x_wconf 64' lang='lat' dir='ltr'><strong>Sede;</strong></span> <span class='ocrx_word' id='word_1_902' title='bbox 3158 5624 3229 5736; x_wconf 59' lang='lat' dir='ltr'><strong>es:</strong></span> <span class='ocrx_word' id='word_1_903' title='bbox 3251 5680 3425 5738; x_wconf 65' lang='lat' dir='ltr'><strong>dum.</strong></span> 
     </span>
    </p>
   </div>
   <div class='ocr_carea' id='block_1_110' title="bbox 123 5688 1740 5848">
    <p class='ocr_par' dir='ltr' id='par_1_110' title="bbox 214 5688 1701 5732">
     <span class='ocr_line' id='line_1_110' title="bbox 214 5688 1701 5732; baseline -0.001 -7"><span class='ocrx_word' id='word_1_904' title='bbox 214 5690 218 5693; x_wconf 88' lang='grc'><em>’</em></span> <span class='ocrx_word' id='word_1_905' title='bbox 302 5698 313 5707; x_wconf 80' lang='grc'>·</span> <span class='ocrx_word' id='word_1_906' title='bbox 481 5688 496 5700; x_wconf 89' lang='grc'><strong><em>⁸</em></strong></span> <span class='ocrx_word' id='word_1_907' title='bbox 566 5688 584 5690; x_wconf 63' lang='grc'><em>’</em></span> <span class='ocrx_word' id='word_1_908' title='bbox 605 5688 685 5693; x_wconf 65' lang='grc'><strong>““’</strong></span> <span class='ocrx_word' id='word_1_909' title='bbox 706 5688 999 5713; x_wconf 73' lang='grc'><strong>”““’⁷“’“““’“⁶⁹</strong></span> <span class='ocrx_word' id='word_1_910' title='bbox 1032 5688 1193 5710; x_wconf 59' lang='lat' dir='ltr'><strong>NW&quot;</strong></span> <span class='ocrx_word' id='word_1_911' title='bbox 1216 5688 1295 5716; x_wconf 68' lang='grc' dir='ltr'><strong>υδι</strong></span> <span class='ocrx_word' id='word_1_912' title='bbox 1326 5688 1376 5719; x_wconf 75' lang='grc' dir='ltr'><strong>ΙΙ]</strong></span> <span class='ocrx_word' id='word_1_913' title='bbox 1408 5688 1701 5732; x_wconf 56' lang='lat' dir='ltr'><strong>tralatione</strong></span> 
     </span>
    </p>
   </div>
   <div class='ocr_carea' id='block_1_111' title="bbox 1840 5688 3420 5848">
    <p class='ocr_par' dir='ltr' id='par_1_111' title="bbox 1840 5688 3420 5844">
     <span class='ocr_line' id='line_1_111' title="bbox 1840 5688 3420 5739; baseline 0.019 -30"><span class='ocrx_word' id='word_1_914' title='bbox 1840 5688 1870 5709; x_wconf 77' lang='grc' dir='ltr'>ιι</span> <span class='ocrx_word' id='word_1_915' title='bbox 1898 5688 2145 5727; x_wconf 72' lang='grc' dir='ltr'><strong>ομισηῑισϊ</strong></span> <span class='ocrx_word' id='word_1_916' title='bbox 2166 5688 2377 5734; x_wconf 64' lang='grc' dir='ltr'><strong>τινι-ιω,</strong></span> <span class='ocrx_word' id='word_1_917' title='bbox 2406 5688 2689 5739; x_wconf 73' lang='lat' dir='ltr'><strong>attnjunxtt</strong></span> <span class='ocrx_word' id='word_1_918' title='bbox 2712 5690 2899 5731; x_wconf 78' lang='lat' dir='ltr'><strong>rursus</strong></span> <span class='ocrx_word' id='word_1_919' title='bbox 2930 5696 2942 5731; x_wconf 92' lang='lat'><strong>:</strong></span> <span class='ocrx_word' id='word_1_920' title='bbox 2973 5688 3135 5734; x_wconf 69' lang='lat' dir='ltr'><strong>Sedet</strong></span> <span class='ocrx_word' id='word_1_921' title='bbox 3158 5688 3229 5736; x_wconf 84' lang='lat' dir='ltr'><strong>ad</strong></span> <span class='ocrx_word' id='word_1_922' title='bbox 3251 5688 3420 5738; x_wconf 69' lang='lat' dir='ltr'><strong>deste-</strong></span> 
     </span>
     <span class='ocr_line' id='line_1_112' title="bbox 1840 5753 3420 5844; baseline 0.018 -43"><span class='ocrx_word' id='word_1_923' title='bbox 1840 5764 1916 5802; x_wconf 78' lang='lat' dir='ltr'><strong>sm</strong></span> <span class='ocrx_word' id='word_1_924' title='bbox 1946 5753 2231 5825; x_wconf 74' lang='lat' dir='ltr'><strong>mejestatis</strong></span> <span class='ocrx_word' id='word_1_925' title='bbox 2263 5773 2284 5812; x_wconf 90' lang='lat'><strong><em>:</em></strong></span> <span class='ocrx_word' id='word_1_926' title='bbox 2313 5756 2370 5815; x_wconf 90' lang='lat' dir='ltr'><strong>in</strong></span> <span class='ocrx_word' id='word_1_927' title='bbox 2399 5760 2600 5832; x_wconf 82' lang='lat' dir='ltr'><strong>quibus</strong></span> <span class='ocrx_word' id='word_1_928' title='bbox 2628 5778 2760 5823; x_wconf 86' lang='lat' dir='ltr'><strong>usus</strong></span> <span class='ocrx_word' id='word_1_929' title='bbox 2784 5776 2871 5824; x_wconf 87' lang='lat' dir='ltr'><strong>est</strong></span> <span class='ocrx_word' id='word_1_930' title='bbox 2907 5772 3222 5829; x_wconf 89' lang='lat' dir='ltr'><strong>nominibus</strong></span> <span class='ocrx_word' id='word_1_931' title='bbox 3242 5815 3259 5844; x_wconf 92' lang='lat'><strong>,</strong></span> <span class='ocrx_word' id='word_1_932' title='bbox 3292 5790 3420 5832; x_wconf 87' lang='lat' dir='ltr'><strong>nus-</strong></span> 
     </span>
    </p>
   </div>
   <div class='ocr_carea' id='block_1_112' title="bbox 126 5821 3418 5941">
    <p class='ocr_par' dir='ltr' id='par_1_112' title="bbox 126 5821 3418 5941">
     <span class='ocr_line' id='line_1_113' title="bbox 126 5821 3418 5941; baseline 0.011 -52"><span class='ocrx_word' id='word_1_933' title='bbox 126 5821 226 5867; x_wconf 74' lang='grc'>⁰¹¹¹¹</span> <span class='ocrx_word' id='word_1_934' title='bbox 658 5841 800 5941; x_wconf 47' lang='lat' dir='ltr'><strong>Voca:</strong></span> <span class='ocrx_word' id='word_1_935' title='bbox 819 5821 1175 5941; x_wconf 42' lang='lat' dir='ltr'><strong>animi?&quot;</strong></span> <span class='ocrx_word' id='word_1_936' title='bbox 1202 5821 1702 5858; x_wconf 49' lang='lat' dir='ltr'><strong>&quot;mum‘umm‘e&#39;</strong></span> <span class='ocrx_word' id='word_1_937' title='bbox 1804 5856 1965 5913; x_wconf 87' lang='lat' dir='ltr'><strong>quam</strong></span> <span class='ocrx_word' id='word_1_938' title='bbox 2007 5845 2226 5907; x_wconf 78' lang='lat' dir='ltr'><strong>invento</strong></span> <span class='ocrx_word' id='word_1_939' title='bbox 2268 5853 2493 5913; x_wconf 79' lang='lat' dir='ltr'><strong>nomine</strong></span> <span class='ocrx_word' id='word_1_940' title='bbox 2516 5859 2793 5918; x_wconf 64' lang='lat' dir='ltr'><strong>essentia.</strong></span> <span class='ocrx_word' id='word_1_941' title='bbox 2827 5861 3015 5937; x_wconf 86' lang='lat' dir='ltr'><strong>Neque</strong></span> <span class='ocrx_word' id='word_1_942' title='bbox 3056 5866 3203 5922; x_wconf 71' lang='lat' dir='ltr'><strong>eitim</strong></span> <span class='ocrx_word' id='word_1_943' title='bbox 3242 5821 3418 5941; x_wconf 53' lang='lat' dir='ltr'><strong>’maje-</strong></span> 
     </span>
    </p>
   </div>
   <div class='ocr_carea' id='block_1_113' title="bbox 433 5918 3112 6031">
    <p class='ocr_par' dir='ltr' id='par_1_113' title="bbox 433 5918 3112 6031">
     <span class='ocr_line' id='line_1_114' title="bbox 433 5918 3112 6031; baseline 0.019 -52"><span class='ocrx_word' id='word_1_944' title='bbox 433 5918 707 5983; x_wconf 70' lang='grc' dir='ltr'><strong>Ρηιιοι..</strong></span> <span class='ocrx_word' id='word_1_945' title='bbox 757 5924 873 5987; x_wconf 77' lang='lat' dir='ltr'><strong>Gn.</strong></span> <span class='ocrx_word' id='word_1_946' title='bbox 925 5923 1145 5997; x_wconf 81' lang='lat' dir='ltr'><strong>LXIII.</strong></span> <span class='ocrx_word' id='word_1_947' title='bbox 2886 5918 2942 5937; x_wconf 50' lang='grc' dir='ltr'>Ἰ</span> <span class='ocrx_word' id='word_1_948' title='bbox 2990 5918 3008 5921; x_wconf 29' lang='grc' dir='ltr'>ν</span> <span class='ocrx_word' id='word_1_949' title='bbox 3072 5966 3112 6031; x_wconf 71' lang='grc'><strong>2</strong></span> 
     </span>
    </p>
   </div>
  </div>
