4020 6458
603 425 674 477 ‘23
1337 419 1395 476 ε.
1423 417 1696 476 JOANNIS
1732 411 2201 471 CIIRYSOSTOMI
2238 410 2551 467 ARCIIIEP.
2593 412 3117 472 (ZONSTANTINOP.
3796 414 3849 470 23

593 536 725 585 stas,
752 533 924 587 neque
949 528 1168 572 dextera
1191 513 1426 571 ostendit
1450 531 1643 569 nomen
1670 514 1811 584 quod
1835 513 1945 569 vult
1964 513 2170 581 dicere,

595 608 687 665 sed
716 622 909 663 nomen
939 623 1044 661 non
1074 616 1250 677 potest
1292 605 1551 660 invenire.
1597 605 1710 660 Hoc
1743 612 1826 660 est
1860 603 2002 659 enim
2031 604 2172 674 quod

593 699 835 753 dicebam
866 698 934 752 ab
961 698 1135 763 initio,
1170 696 1359 767 Aliqua
1391 709 1537 764 saepe
1570 696 1867 766 cogitamus
1892 702 1948 748 et
1976 692 2171 748 intelli-

595 795 791 861 gimus,
842 800 896 846 et
941 807 1044 846 non
1085 805 1372 861 possumus
1417 789 1617 859 eloqui.
1650 788 1783 844 Nam
1827 801 2001 857 neque
2035 786 2175 842 Deus

594 901 787 940 nomen
835 892 916 937 est
962 881 1233 945 essentiat,
1284 896 1458 951 neque
1506 881 1648 935 illius
1696 876 1945 934 essentia:
1998 886 2169 946 potest

596 990 786 1030 nomen
830 973 1048 1028 omnino
1080 972 1330 1027 inveniri.
1361 972 1427 1027 Et
1454 970 1577 1042 quid
1610 969 1804 1024 mirum
1845 968 1889 1022 si
1933 970 1983 1021 in
2018 967 2127 1022 Deo
2157 1010 2171 1033 ,

594 1081 712 1122 enm
743 1078 842 1118 nee
872 1063 925 1118 in
953 1061 1147 1134 angelo
1177 1062 1445 1118 inveneris
1481 1076 1673 1116 nomen
1699 1103 1715 1128 ,
1746 1058 1885 1131 quod
1914 1059 2174 1129 signith-et

598 1162 927 1220 essentiam?
964 1163 1190 1216 fortasse
1230 1170 1406 1216 autem
1434 1174 1533 1214 nec
1563 1160 1613 1213 in
1646 1159 1821 1213 anima
1852 1176 1864 1211 :
1894 1173 1997 1214 non
2031 1160 2171 1213 enim

599 1258 727 1311 mihi
758 1255 967 1309 videtur
1019 1254 1118 1308 hoc
1162 1268 1355 1308 nomen
1388 1252 1504 1322 ejus
1544 1250 1831 1306 ostendere
1859 1250 2171 1318 essentiam,

598 1346 690 1401 sed
712 1347 819 1401 vim
851 1344 1110 1416 spirandi.
1139 1342 1397 1399 Eamdem
1423 1342 1564 1397 enim
1591 1351 1646 1396 et
1674 1340 1931 1406 animam,
1960 1350 2013 1396 et
2037 1356 2130 1396 eor
2153 1381 2169 1407 ,

595 1446 649 1491 et
675 1444 905 1492 mentem
935 1434 1110 1488 vocari
1142 1432 1338 1488 videris
1368 1450 1382 1487 :
1414 1432 1512 1487 Cor
1537 1431 1680 1487 enim
1709 1430 1899 1501 inquit,
1926 1432 2172 1485 mundum

594 1543 709 1581 crea
738 1527 788 1579 in
818 1543 895 1581 me
926 1524 1060 1579 Deus
1089 1522 1260 1597 (Psal.
1292 1524 1382 1579 50.
1416 1522 1530 1593 12).
1552 1521 1668 1577 Non
1693 1520 1864 1577 solum
1896 1537 2023 1577 vero
2046 1522 2167 1589 ista,

593 1621 685 1675 sed
713 1628 767 1675 et
792 1620 1036 1689 spiritum
1070 1617 1246 1671 multis
1275 1616 1328 1670 in
1352 1615 1485 1670 locis
1515 1614 1711 1669 videris
1737 1628 1855 1669 eam
1880 1613 2165 1684 appellari.

597 1711 909 1780 Fortunaque
936 1709 1104 1763 omnia
1126 1708 1272 1762 uerbo
1296 1706 1493 1762 virtutis
1518 1721 1643 1761 sua.
1667 1704 1826 1761 Vides
1842 1705 1968 1777 quid
1999 1705 2169 1761 dicit?

663 1804 716 1857 5.
761 1802 933 1856 Minus
956 1810 1027 1856 est
1052 1799 1294 1853 mundum
1320 1815 1516 1865 creare,
1544 1814 1696 1868 quant
1717 1798 1886 1865 ipsum
1917 1799 2171 1852 continere

590 1908 635 1950 et
659 1912 875 1950 servare.
896 1922 969 1935 -
986 1890 1264 1959 Quomodo
1290 1906 1438 1961 ergo,
1470 1904 1653 1959 quaeso
1684 1897 1734 1942 te
1757 1930 1771 1955 ,
1799 1888 2101 1951 contendis,
2135 1903 2169 1943 ο

589 1989 859 2054 Ιιωνεῑὶοε,
885 2001 1004 2039 cum
1032 1983 1289 2054 scriptum
1319 1985 1388 2036 sit
1416 2000 1429 2033 :
1462 1980 1626 2045 Dixit,
1661 1979 1849 2049 inquit,
1874 1979 2026 2045 Deus,
2052 1977 2169 2032 Fiat

590 2081 679 2133 tua:
706 2076 859 2147 (Gen.
898 2077 944 2129 l.
972 2076 1049 2145 5),
1080 2074 1291 2129 Patrem
1329 2073 1575 2143 jussisse,
1606 2069 1799 2127 Filium
1826 2080 2007 2125 autem
2042 2070 2171 2128 obe-

587 2170 790 2223 diisse?
826 2167 932 2224 Sed
972 2181 1097 2221 ecce
1127 2165 1214 2221 bic
1241 2179 1451 2236 quoque
1481 2164 1594 2234 ipse
1616 2160 1783 2217 verbo
1818 2162 1941 2217 facit
1972 2181 1987 2219 :
2018 2180 2163 2233 nam,

589 2259 925 2326 Portansque,
969 2259 1157 2327 inquit,
1190 2256 1398 2320 omnia;
1438 2254 1541 2309 hoc
1568 2264 1671 2320 est,
1699 2254 2019 2322 gubernans,
2048 2272 2167 2325 qua:

587 2353 784 2410 indunt
827 2352 1091 2408 continet.
1131 2348 1248 2404 Non
1294 2358 1375 2403 est
1426 2346 1570 2401 enim
1623 2347 1797 2402 minus
1848 2348 2163 2416 continere,

586 2462 743 2514 quam
771 2443 1025 2499 mundum
1055 2434 1287 2504 fecisse;
1318 2439 1411 2495 sed
1443 2440 1487 2493 si
1519 2438 1763 2494 mirabile
1783 2438 1983 2508 aliquid
2008 2454 2166 2510 opor-

587 2546 659 2592 tet
686 2536 885 2599 dicere,
914 2543 997 2589 est
1020 2534 1181 2587 etiam
1211 2532 1401 2600 majus.
1431 2530 1564 2584 Nam
1595 2528 1726 2584 illud
1748 2529 1962 2601 quidem
1988 2539 2070 2585 est
2096 2546 2160 2587 ex

585 2628 751 2682 nihilo
789 2623 988 2695 aliquid
1045 2621 1386 2693 producere:
1422 2636 1543 2692 qua:
1593 2620 1730 2675 facta
1783 2629 1908 2675 sunt
1950 2631 2158 2688 autem,

582 2720 854 2789 relapsnra
887 2717 953 2771 ad
986 2715 1210 2771 nihilum
1239 2714 1519 2770 continere
1546 2721 1602 2769 et
1642 2714 1780 2769 inter
1807 2727 1867 2770 se
1895 2713 2160 2771 dissiden-

582 2812 651 2864 tia
680 2810 1030 2879 conjungere,
1072 2806 1177 2863 hoc
1212 2814 1297 2863 est
1341 2820 1589 2876 magnum
1636 2813 1693 2860 et
1737 2804 2072 2872 admirabile,
2110 2818 2162 2863 et

578 2901 829 2958 indicium
867 2915 1074 2971 magnae
1101 2899 1335 2955 virtutis.
1381 2896 1584 2953 Deinde
1614 2897 1909 2952 ostendens
1934 2896 2160 2953 facilita-

578 3004 708 3059 tem,
740 2982 892 3059 dixit,
917 2990 1139 3046 Portam
1167 3004 1260 3046 seu
1289 2989 1489 3046 ferens.
1507 2987 1622 3043 Non
1641 2988 1791 3053 dixit,
1817 2987 2155 3057 Gubernans,

575 3100 605 3139 a
648 3084 958 3154 metaphora
1003 3097 1189 3139 eorum
1230 3081 1319 3153 qui
1363 3081 1529 3152 digito
1575 3079 1914 3136 solummodo
1958 3082 2153 3152 aliquid

574 3185 811 3242 movent,
842 3184 897 3232 et
920 3173 1164 3230 efﬁciunt
1194 3183 1251 3229 ut
1280 3172 1688 3229 circumferetur
1714 3172 1812 3243 (η).
1847 3172 1943 3229 llic
1977 3184 2155 3230 osten-

572 3271 650 3325 dit
691 3284 935 3340 magnam
981 3268 1143 3324 etiam
1186 3266 1381 3323 molem
1427 3281 1550 3322 esse
1586 3276 1868 3333 creaturae,
1916 3265 1968 3322 id
2012 3267 2154 3338 quod

571 3375 820 3431 magnum
860 3367 946 3414 est
993 3358 1044 3415 ei
1092 3358 1225 3413 nihil
1263 3372 1404 3413 esse.
1452 3355 1653 3412 Deinde
1700 3372 1886 3412 rursus
1922 3358 2155 3413 ostendit

569 3450 713 3522 quod
740 3450 793 3506 id
822 3450 981 3508 faciat
1019 3449 1155 3505 citra
1196 3448 1459 3513 laborem,
1505 3446 1713 3512 dicens,
1764 3445 1925 3502 Verbo
1953 3447 2153 3502 uirtutis

570 3556 695 3596 suta.
722 3540 886 3596 Recte
915 3540 1071 3607 dixit,
1111 3538 1271 3593 Verbo
1301 3554 1319 3591 :
1345 3554 1465 3593 nam
1495 3537 1746 3608 quoniam
1773 3538 1991 3593 verbum
2012 3541 2150 3610 apud

571 3648 669 3688 nos
696 3632 904 3689 videtur
933 3647 1052 3689 esse
1078 3630 1217 3687 exile
1243 3637 1296 3685 et
1322 3640 1500 3694 tenue,
1544 3628 1776 3684 ostendit
1811 3629 1863 3684 id
1893 3646 1999 3684 non
2034 3645 2154 3687 esse

573 3727 712 3779 exile
740 3735 795 3780 et
824 3735 984 3781 tenue
1022 3729 1075 3779 in
1114 3724 1243 3779 Deo.
1274 3723 1379 3781 Sed
1418 3723 1560 3795 quod
1587 3721 1799 3794 quidem
1832 3721 1994 3777 verbo
2019 3735 2144 3791 por-

571 3824 666 3879 tet,
698 3813 865 3880 dixit;
896 3812 1165 3887 quomodo
1188 3821 1365 3870 autem
1392 3812 1558 3870 verbo
1579 3821 1775 3885 portet,
1806 3825 2141 3882 nequaquam

570 3904 766 3975 adjecit
796 3921 811 3961 :
842 3920 1014 3973 neque
1055 3905 1200 3961 enim
1241 3904 1367 3960 sciri
1396 3909 1597 3973 potest.
1642 3902 1842 3959 Deinde
1874 3901 2150 3971 subjunxit

570 3999 638 4052 de
680 3998 796 4068 ejus
840 3997 1139 4068 majestate.
1180 3995 1272 4052 Sic
1316 3995 1458 4051 enim
1500 3995 1627 4051 fecit
1667 3995 1827 4051 etiam
1866 3993 2145 4051 Joannes:

572 4106 697 4146 nam
725 4105 848 4147 cum
866 4089 1092 4147 dixisset
1118 4089 1259 4159 quod
1287 4090 1356 4145 sit
1387 4089 1549 4154 Deus,
1582 4087 1856 4157 subjunxit
1876 4085 2147 4158 opiﬁcium

573 4189 856 4236 creaturae.
888 4179 1040 4247 Quod
1084 4178 1227 4234 enim
1269 4179 1360 4234 ille
1396 4179 1555 4233 tacite
1593 4178 1784 4243 innuit,
1834 4176 2042 4241 dicens,
2083 4173 2152 4229 In

573 4270 825 4341 principio
870 4279 978 4325 erat
1028 4268 1260 4333 Verbum,
1313 4277 1389 4333 et,
1441 4267 1626 4322 Omnia
1673 4283 1763 4338 per
1805 4267 1972 4337 ipsum
2018 4268 2153 4338 facta

575 4372 689 4417 sunt
719 4362 898 4432 (Joan.
925 4363 981 4417 4.
1017 4363 1040 4417 1
1065 4372 1111 4416 et
1128 4363 1205 4431 3),
1234 4361 1335 4418 hoe
1357 4360 1552 4416 Paulus
1580 4375 1791 4431 quoque
1812 4374 1907 4430 per
1930 4359 2151 4416 verbum

574 4455 809 4510 ostendit
845 4463 901 4510 et
925 4454 1176 4520 dicendo,
1224 4451 1325 4507 Per
1363 4468 1507 4523 quent
1538 4450 1655 4521 fecit
1694 4462 1742 4506 et
1776 4451 1965 4507 mula
1991 4466 2011 4506 :
2040 4460 2155 4507 ete-

577 4545 686 4599 nim
726 4560 847 4599 eum
892 4544 1127 4599 ostendit
1161 4554 1219 4599 et
1249 4541 1495 4612 opiﬁcem
1534 4549 1590 4597 et
1634 4556 1755 4597 esse
1800 4550 1926 4598 ante
1973 4543 2152 4598 omnia

575 4634 791 4690 saecula.
817 4633 955 4701 Quid
985 4648 1135 4698 vero,
1176 4647 1297 4687 cum
1335 4631 1403 4687 de
1431 4631 1589 4689 Patre
1611 4631 1830 4703 quidem
1856 4632 1999 4689 dicat
2028 4648 2153 4704 pro-

578 4727 761 4796 pheta,
802 4726 847 4781 Α
876 4728 1060 4782 stet:qu
1085 4736 1132 4780 et
1159 4741 1315 4795 usque
1343 4726 1397 4779 in
1426 4724 1671 4779 sarculum
1700 4735 1754 4780 tu
1781 4741 1833 4781 es
1858 4724 2031 4798 (Psal.
2063 4727 2153 4783 89.

576 4820 655 4887 Ξ)
690 4837 702 4873 :
735 4818 803 4873 de
842 4817 980 4873 Filio
1010 4826 1209 4882 autem,
1249 4815 1390 4887 quod
1434 4816 1504 4870 sit
1547 4825 1672 4873 ante
1718 4818 1897 4873 omnia
1940 4818 2155 4887 saecula,

580 4921 634 4966 et
659 4912 897 4966 omnium
924 4910 1122 4981 opifex,
1152 4907 1278 4978 quid
1319 4906 1593 4964 dixerint?
1624 4908 1733 4963 imo
1759 4922 1889 4964 vero
1922 4908 2157 4979 quando,

580 5003 722 5075 quod
749 5003 818 5060 de
856 5003 1014 5059 Patre
1048 4998 1349 5067 dicebatur,
1378 5000 1479 5067 Qui
1505 5009 1589 5055 est
1633 5009 1761 5056 ante
1799 4999 2015 5067 saecula,
2061 5000 2161 5056 hoe

582 5096 779 5153 videris
806 5095 967 5151 etiam
997 5094 1199 5149 dictum
1227 5091 1295 5147 de
1327 5091 1501 5147 Filio?
1542 5091 1611 5147 Et
1656 5092 1797 5148 sicut
1834 5090 1968 5147 dicit
1992 5089 2159 5147 Joan-

584 5203 701 5253 nes,
744 5186 857 5241 Vita
885 5196 1012 5252 erat,
1042 5183 1351 5256 significans
1400 5184 1506 5238 vim
1530 5198 1595 5240 ac
1638 5190 1956 5253 potestatem
1987 5184 2163 5241 conti-

585 5281 747 5338 nendi
780 5290 1100 5345 creaturam,
1147 5277 1399 5350 quoniam
1448 5277 1561 5347 ipse
1603 5286 1687 5332 est
1726 5277 1836 5331 vita
1874 5276 2112 5332 omnium
2147 5294 2161 5331 :

585 5377 655 5429 ita
688 5372 883 5429 Paulus
920 5386 1158 5441 quoque,
1211 5368 1529 5437 Portansque
1563 5368 1734 5422 omnia
1775 5367 1922 5422 verba
1968 5369 2166 5424 uirtutis

587 5482 693 5520 sum
721 5481 738 5519 :
768 5481 873 5519 non
899 5464 1037 5519 sicut
1062 5460 1258 5527 Graeci,
1291 5468 1346 5515 et
1375 5459 1484 5529 ipsa
1510 5458 1783 5514 creatione
1806 5468 1858 5513 et
1880 5457 2167 5527 providen-

590 5563 680 5623 tia,
704 5567 959 5628 quantum
978 5555 1043 5609 ad
1075 5555 1220 5625 ipsos
1247 5551 1453 5617 attinet,
1478 5551 1648 5621 ipsum
1677 5551 1965 5620 privantes,
1997 5550 2062 5605 ad
2086 5551 2167 5606 luo

592 5669 711 5707 nam
731 5667 896 5720 usque
909 5649 1024 5717 ejus
1040 5642 1419 5702 concludentes
1438 5642 1748 5713 potentiam.
1768 5639 1951 5707 Perse,
1972 5641 2165 5712 inquit,

655 5775 728 5833 (α)
752 5773 858 5824 Huc
879 5772 1062 5823 desinit
1082 5766 1288 5821 Humilia
1313 5764 1355 5817 li
1381 5766 1429 5817 in
1454 5762 1751 5826 Colbertlno,
1776 5762 1857 5813 ubi
1879 5768 2057 5814 cauerat
2080 5772 2176 5809 tun-

595 5842 672 5888 nia
695 5837 1047 5886 desiderantur.

2288 510 2425 579 facta
2448 506 2744 576 purgatione
2774 517 3091 575 peccatorum
3133 515 3433 565 nostrorum.
3479 509 3614 568 Cum
3653 513 3859 574 dixisset

2287 597 2357 654 de
2379 598 2484 653 illis
2514 596 2841 651 admirandis
2868 607 2924 651 et
2954 598 3160 669 magnis
3203 615 3323 669 quae
3348 610 3474 656 sunt
3500 617 3778 675 suprema,
3804 610 3858 665 ds

2285 704 2481 749 ctetero
2498 690 2625 745 dicit
2641 690 2801 745 etiam
2825 689 2893 745 de
2918 704 3046 744 cura
3065 691 3182 761 ejus
3204 692 3257 747 in
3275 692 3538 751 homines.
3557 696 3625 752 Et
3640 701 3859 758 maxime

2283 783 2498 855 quidem
2527 790 2645 837 erat
2683 781 2812 836 illud
2835 782 3084 851 generale
3114 792 3170 837 et
3208 784 3455 840 universa
3480 790 3854 860 complectens,

2282 873 2606 943 Portansque
2629 872 2834 938 omnia;
2857 886 3041 927 verum
3070 870 3172 927 hoc
3210 882 3293 928 est
3318 876 3488 931 multo
3508 880 3709 947 majus.
3742 880 3856 937 Nam

2281 966 2441 1022 etiam
2459 963 2806 1034 estgenerale
2822 974 2872 1018 et
2888 963 3138 1018 universa
3159 965 3543 1033 complectens:
3564 986 3717 1038 nam,
3734 975 3858 1044 quod

2280 1060 2452 1128 ipsum
2489 1065 2719 1128 spectat,
2751 1070 2941 1112 omnes
2980 1056 3158 1110 salvos
3202 1053 3346 1111 fecit.
3393 1057 3602 1115 Etenim
3632 1062 3859 1122 Joannes

2276 1164 2487 1222 quoque
2513 1162 2633 1202 cum
2660 1149 2909 1203 dixisset:
2948 1141 3060 1196 Vita
3092 1154 3219 1212 erat,
3248 1154 3304 1200 et
3328 1149 3728 1215 providentiam
3754 1155 3857 1223 ejus

2292 1253 2661 1323 signiﬁcasset,
2692 1267 2876 1307 rursus
2912 1251 3060 1321 dicit,
3090 1250 3158 1305 Et
3186 1251 3274 1306 tua:
3299 1262 3426 1318 erat,
3471 1251 3521 1306 id
3566 1252 3749 1321 ipsum
3778 1252 3863 1307 de-

2292 1346 2523 1399 clarans.
2571 1343 2673 1399 Pcr
2710 1360 2783 1409 se,
2816 1344 3008 1413 inquit,
3055 1346 3191 1415 facta
3222 1345 3522 1414 purgatione
3553 1356 3866 1414 peccatorum

2293 1449 2576 1488 nostrorum
2598 1450 2617 1499 ;
2659 1436 2795 1489 sedet
2835 1435 2901 1486 ad
2940 1434 3201 1489 dexteram
3237 1436 3515 1505 majestatis
3559 1436 3611 1488 in
3637 1435 3866 1489 melus.

2294 1525 2407 1578 Duo
2435 1523 2520 1579 hic
2555 1525 2705 1594 ponit
2744 1526 2971 1583 maxima
2999 1525 3115 1594 ejus
3146 1540 3291 1579 cura:
3318 1525 3510 1580 indicia
3541 1544 3554 1581 :
3586 1534 3643 1580 et
3670 1525 3815 1593 quod
3841 1540 3866 1578 a

2291 1615 2523 1682 peccatis
2549 1629 2646 1669 nos
2683 1616 3007 1685 purgaverit,
3042 1626 3096 1669 et
3140 1614 3282 1686 quod
3329 1632 3427 1687 per
3464 1631 3523 1671 se
3566 1614 3619 1670 id
3658 1615 3868 1671 fecerit.

2291 1708 2356 1761 Et
2382 1708 2561 1763 multis
2589 1709 2640 1761 in
2665 1708 2799 1763 locis
2826 1707 2973 1763 vides
3003 1723 3122 1764 eum
3151 1708 3218 1764 de
3254 1708 3356 1763 hoc
3376 1708 3619 1779 gloriari,
3645 1726 3756 1764 non
3784 1725 3867 1763 so-

2288 1808 2396 1852 lum
2432 1797 2500 1853 de
2527 1798 2963 1853 reconciliatione
2998 1815 3124 1869 erga
3155 1801 3339 1864 Deum,
3381 1798 3476 1854 sed
3520 1800 3682 1855 etiam
3734 1801 3869 1871 quod

2287 1890 2387 1944 hoc
2417 1889 2611 1944 factum
2643 1890 2707 1944 sit
2754 1906 2846 1959 per
2875 1890 3067 1946 Filium
3100 1909 3113 1943 :
3143 1892 3343 1947 etenim
3386 1906 3573 1947 revera
3618 1908 3866 1960 magnum

2283 1980 2482 2036 donum
2514 1985 2673 2038 etiam
2697 1985 2867 2055 majus
2896 1984 3089 2039 factum
3125 1996 3228 2052 eSt,
3258 2001 3323 2040 eo
3348 1984 3491 2055 quod
3521 2000 3617 2055 per
3646 1984 3865 2039 Filium.

2283 2070 2414 2126 Nam
2457 2089 2577 2127 cum
2626 2074 2870 2140 dixisset,
2916 2075 3071 2130 Sedet
3109 2076 3177 2142 ad
3222 2077 3502 2140 dexteram,
3549 2085 3625 2140 et,
3678 2074 3785 2129 Per
3819 2091 3870 2129 se

2284 2165 2580 2233 purgatione
2608 2169 2745 2237 facta
2775 2176 3099 2236 peccatorum
3126 2175 3429 2230 nostrorum,
3460 2174 3515 2220 et
3543 2180 3766 2221 crucem
3796 2180 3871 2221 re-

2284 2264 2527 2310 vocasset
2558 2257 2608 2310 in
2650 2257 2991 2321 memoriam,
3024 2256 3131 2311 cito
3163 2256 3435 2325 subjuuxit
3461 2270 3773 2311 sermonem
3804 2256 3869 2311 de

2283 2348 2676 2402 resurrectione
2701 2358 2754 2403 et
2783 2349 3119 2404 ascensione.
3158 2347 3291 2402 Vide
3317 2356 3493 2401 autem
3526 2345 3867 2417 prudentiam

2278 2436 2394 2504 ejus
2432 2436 2753 2492 ineffabilem
2783 2456 2795 2490 :
2821 2454 2926 2493 non
2972 2438 3127 2504 dixit,
3159 2436 3352 2493 Jussus
3380 2445 3463 2492 est
3490 2435 3707 2502 sedere,
3749 2434 3866 2498 sed,

2280 2526 2453 2581 Sedet.
2484 2528 2684 2583 Deinde
2712 2543 2921 2596 rursus,
2965 2544 3031 2584 ne
3061 2530 3343 2584 existimes
3373 2543 3496 2583 eum
3531 2538 3702 2593 stare,
3734 2527 3867 2582 sub-

2272 2616 2487 2685 jungit:
2522 2618 2601 2671 Ad
2646 2636 2791 2689 quem
2838 2632 3004 2674 autem
3045 2620 3338 2691 angelorum
3383 2620 3513 2673 dixit
3561 2617 3866 2687 aliquando,

2279 2706 2413 2761 Sede
2439 2725 2472 2761 a
2500 2707 2689 2762 dextris
2714 2710 2878 2763 meis?
2904 2710 3067 2765 Sedet
3094 2724 3243 2779 ergo,
3269 2709 3462 2779 inquit,
3492 2707 3555 2762 ad
3584 2707 3866 2762 dexteram

2277 2800 2571 2869 majestalis
2598 2802 2648 2856 in
2672 2803 2920 2859 excelsis.
2951 2802 3087 2872 Quid
3116 2813 3218 2869 est,
3243 2801 3309 2856 In
3336 2802 3545 2857 excelsis
3564 2801 3590 2854 ?
3620 2801 3867 2856 Deumne

2276 2890 2395 2946 loco
2421 2892 2734 2947 concludit?
2780 2893 2937 2949 Absit
2968 2910 2983 2948 :
3014 2908 3119 2948 non
3164 2903 3222 2948 ut
3267 2893 3319 2948 id
3367 2893 3729 2963 suspicemur,
3778 2889 3868 2945 sic

2276 2978 2524 3051 loquutus
2552 2992 2653 3049 est,
2677 2982 2769 3039 sed
2791 2984 2925 3040 sicut
2955 2983 3159 3051 dicens,
3191 2983 3273 3040 Ad
3293 2986 3568 3050 dexteram,
3602 2998 3711 3039 non
3735 2997 3863 3037 eum

2271 3087 2534 3157 ﬁguravit,
2579 3085 2674 3141 sed
2719 3084 2954 3139 ostendit
2982 3099 3103 3139 eum
3148 3084 3201 3139 in
3242 3083 3433 3139 eodem
3480 3097 3602 3139 esse
3646 3083 3870 3143 honore

2269 3195 2377 3250 quo
2403 3178 2561 3234 Pater
2589 3194 2603 3231 :
2636 3179 2707 3232 ita
2738 3192 2859 3233 eum
2886 3176 3091 3242 dicens,
3117 3174 3183 3229 In
3206 3175 3439 3240 excelsis,
3471 3189 3579 3231 non
3598 3190 3726 3231 eum
3748 3176 3862 3231 illic

2270 3270 2505 3336 inclusit,
2562 3268 2657 3324 sed
2709 3266 2943 3324 ostendit
2995 3283 3115 3323 eum
3174 3281 3294 3322 esse
3354 3266 3592 3322 omnium
3648 3266 3863 3325 altissi-

2269 3378 2436 3430 mum,
2466 3370 2521 3417 et
2570 3364 2747 3416 omnia
2779 3361 3177 3427 transcendere,
3222 3358 3325 3415 hoc
3373 3370 3475 3427 est,
3506 3360 3754 3430 pervenit
3788 3362 3861 3416 ad

2268 3455 2440 3524 ipsum
2482 3454 2729 3510 thronum
2776 3462 3075 3523 paternum.
3118 3452 3267 3507 Sicut
3293 3466 3425 3523 ergo
3472 3452 3631 3508 Pater
3667 3463 3752 3510 est
3802 3455 3863 3509 in

2269 3547 2516 3613 excelsis,
2546 3546 2617 3601 ita
2653 3546 2816 3601 etiam
2834 3545 2960 3615 ipse
2990 3562 3005 3599 :
3035 3558 3321 3600 consessus
3350 3545 3494 3599 enim
3534 3544 3667 3599 nihil
3708 3530 3864 3602 aliud

2272 3639 2471 3695 indicat
2498 3654 2655 3709 quam
2683 3639 2735 3693 in
2763 3637 2954 3693 eodem
2986 3651 3109 3693 esse
3138 3636 3364 3693 honore.
3393 3636 3451 3692 Si
3473 3645 3652 3693 autem
3673 3636 3864 3695 dicant

2272 3744 2394 3785 eum
2435 3727 2659 3793 dixisse,
2707 3726 2863 3793 Sede,
2897 3741 2993 3782 eos
3033 3727 3428 3797 interrogemus
3459 3742 3473 3779 :
3504 3725 3641 3793 Quid
3682 3730 3867 3785 vero?

2270 3820 2475 3876 dixitne
2499 3820 2704 3875 stanti?
2729 3819 2799 3874 At
2823 3819 2873 3875 id
2895 3819 3182 3875 ostendere
3201 3834 3308 3875 non
3336 3820 3562 3889 possint.
3583 3819 3699 3875 Non
3723 3821 3868 3877 dixit

2271 3921 2418 3967 certe
2443 3912 2582 3982 quod
2609 3911 2830 3981 jusserit
2852 3920 2949 3965 aut
2978 3910 3296 3982 imperarit;
3338 3910 3457 3978 sed,
3498 3911 3662 3979 Dixit,
3696 3906 3866 3980 Sede,

2273 4019 2379 4058 non
2402 4011 2620 4074 propter
2634 4001 2777 4058 aliud
2798 4017 2955 4073 quam
2978 4017 3047 4057 ne
3067 4001 3347 4058 existimes
3368 4017 3491 4057 eum
3513 4018 3636 4060 esse
3653 4004 3871 4076 absque

2274 4094 2535 4165 principio
2564 4102 2620 4150 et
2644 4094 2761 4149 sine
2789 4108 2974 4150 causa.
3001 4094 3133 4149 Nam
3162 4093 3303 4165 quod
3335 4104 3614 4165 propterea
3656 4096 3735 4153 sic
3774 4097 3869 4155 di-

2274 4186 2431 4247 xerit,
2461 4194 2544 4239 est
2572 4184 2911 4253 perspicuum
2945 4198 3007 4239 ex
3040 4184 3158 4237 loco
3188 4183 3445 4239 sessionis
3471 4200 3487 4239 :
3514 4184 3560 4240 si
3587 4186 3731 4241 enim
3762 4203 3872 4243 vo-

2275 4275 2459 4330 luisset
2510 4272 2809 4344 significare
2858 4273 3262 4329 diminutionem
3292 4315 3307 4339 ,
3364 4287 3473 4329 non
3521 4273 3766 4346 dixisset,
3818 4280 3871 4333 Δ

2276 4366 2486 4431 dextris,
2514 4365 2631 4432 sed,
2660 4365 2705 4420 Α
2731 4364 2985 4420 sinistris.

2347 4457 2514 4512 Filius
2564 4454 2658 4510 Dei
2699 4454 2864 4509 Filius
2919 4466 2993 4509 est
3040 4464 3243 4523 natura,
3291 4472 3391 4510 non
3425 4457 3591 4528 gratia
3640 4466 3871 4514 tantum.

2276 4550 2413 4605 -ι.
2430 4549 2618 4617 Tanto,
2636 4549 2832 4617 inquit,
2844 4546 3029 4601 melior
3044 4548 3238 4617 angelis
3277 4546 3505 4615 eﬂ'ectus,
3536 4560 3727 4619 quanto
3753 4550 3872 4623 dif-

2278 4643 2517 4718 ferentias
2548 4655 2653 4710 pra:
2692 4638 2795 4691 illis
2841 4652 3021 4691 nomen
3062 4636 3376 4691 hereditavit.
3418 4638 3577 4705 illud,
3608 4637 3874 4710 E/fectus,

2281 4738 2366 4793 hic
2386 4744 2470 4791 est
2487 4748 2585 4805 pro
2603 4729 2906 4785 declaratus
2925 4726 3009 4781 vel
3033 4726 3454 4793 demonstratus,
3481 4737 3541 4783 ut
3564 4728 3636 4784 ita
3657 4729 3837 4786 dicam
3858 4772 3873 4786 .

2280 4826 2485 4890 Deinde
2530 4823 2582 4877 id
2620 4820 2921 4877 conﬁrmat.
2954 4817 3283 4885 Quomodo?
3312 4817 3390 4873 Ex
3422 4819 3659 4876 nomine.
3699 4820 3880 4879 Vides

2283 4913 2424 4985 quod
2452 4929 2645 4971 nomen
2681 4914 2866 4982 Filius,
2914 4918 3051 4973 solet
3080 4918 3381 4989 signiﬁcare
3409 4918 3832 4989 germanitatem
3858 4926 3889 4973 ἲ

2288 5006 2353 5062 Et
2376 5014 2542 5070 certe,
2588 5008 2633 5061 si
2665 5023 2772 5063 non
2802 5018 2946 5064 esset
2984 5024 3275 5081 germanus
3304 5009 3492 5077 Filius,
3524 5026 3629 5066 non
3668 4995 3743 5065 ila
3792 5012 3889 5066 lo-

2283 5105 2477 5166 quutus
2503 5106 2665 5153 esset.
2712 5098 2932 5167 Quare?
2973 5099 3109 5168 Quia
3146 5116 3435 5172 germanus
3463 5103 3533 5157 oh
3564 5101 3693 5157 nihil
3722 5102 3887 5160 aliud

2282 5200 2364 5244 est
2390 5202 2550 5259 quam
2580 5198 2845 5259 quatenus
2884 5200 2967 5247 est
2994 5208 3058 5247 ex
3099 5191 3219 5263 ipso
3247 5212 3261 5249 :
3292 5193 3453 5265 igitur
3481 5210 3549 5249 ex
3576 5210 3640 5250 eo
3665 5195 3887 5250 conﬁr-

2284 5288 2411 5333 mat.
2444 5278 2576 5334 Nam
2624 5281 2667 5335 si
2698 5290 2781 5336 est
2810 5283 2977 5351 gratia
3020 5282 3213 5349 Filius,
3263 5300 3368 5338 non
3418 5286 3588 5339 solum
3636 5299 3744 5339 non
3792 5296 3892 5342 est

2283 5369 2486 5440 angelis
2529 5372 2887 5440 praestantior,
2943 5372 3038 5427 sed
3088 5374 3248 5428 etiam
3300 5374 3496 5429 minor.
3543 5372 3889 5441 Quomodo?

2281 5462 2542 5529 Quoniam
2576 5463 2819 5518 homines
2858 5478 3071 5535 quoque
3105 5464 3236 5535 justi
3268 5466 3441 5519 vocati
3480 5474 3607 5521 sunt
3653 5466 3791 5532 ﬁlii;
3823 5477 3892 5523 et

2282 5568 2477 5608 nomen
2506 5552 2618 5619 filii,
2650 5554 2750 5608 nisi
2779 5555 2847 5608 sit
2878 5554 3023 5609 ﬁlius
3054 5555 3301 5625 proprius
3335 5564 3391 5611 et
3415 5570 3720 5627 germanus,
3765 5573 3887 5613 non

2284 5656 2455 5717 potest
2492 5646 2783 5702 ostendere
2811 5647 3207 5703 excellentiam.
3241 5647 3308 5702 Et
3337 5659 3394 5703 ut
3423 5648 3687 5719 signiﬁcet
3723 5650 3879 5720 quod

2283 5742 2351 5791 sit
2376 5738 2620 5807 mundam
2649 5737 2953 5794 diderentia
2982 5748 3351 5795 creaturarum
3388 5749 3440 5795 et
3484 5740 3713 5811 opificis,
3750 5742 3887 5797 vide

2284 5830 2409 5915 quid
2437 5831 2577 5886 dicat
2606 5849 2621 5885 :
2649 5832 2703 5889 5.
2752 5828 2848 5887 Cui
2886 5832 3020 5888 enim
3063 5831 3193 5887 dixit
3221 5831 3502 5903 aliquando
3543 5832 3879 5905 angelorum,
