4020 6398
205 358 272 410 '15
1070 350 1135 407 IN
1174 348 1394 408 EPIST.
1437 347 1530 403 AD
1573 342 1805 400 ΗΕΒΗᾹ

1925 377 1940 396 .
1981 342 2133 397 CAP.
2180 340 2221 394 Ι.
2265 335 2497 394 ιιοιιιι..
2543 334 2609 391 ll.
3460 334 3538 391 2f.

210 468 256 522 l"
259 468 376 522 ilius
402 479 622 520 menses
668 473 743 528 tu,
774 474 866 530 ego
906 457 1058 512 hodie
1085 457 1236 528 genui
1261 465 1309 509 te
1327 455 1353 509 ?
1374 465 1433 510 et
1463 467 1671 518 rursus,
1695 450 1807 521 Ego

205 577 289 616 ατο
312 559 389 614 illi
416 559 471 614 in
502 555 734 623 Patrem,
762 564 807 609 et
832 552 943 624 ipse
966 552 1061 607 erit
1090 549 1218 604 mihi
1248 548 1304 604 in
1328 545 1553 602 Filium.
1571 545 1712 601 .Haec
1739 544 1807 600 de

206 667 364 709 tame
391 652 536 708 dicta
562 656 693 705 sunt
725 665 740 702 :
771 645 901 703 illud
932 646 1100 710 enim,
1131 641 1245 716 Ego
1272 657 1358 697 ero
1384 641 1463 696 illi
1487 641 1542 694 in
1571 637 1805 703 Patrem,

206 755 254 801 st
276 746 384 816 ipse
408 744 501 798 erit
526 740 657 795 mihi
700 740 755 795 in
796 736 1014 804 Filium,
1046 732 1477 792 incarnationem
1517 729 1757 786 declarat
1790 744 1803 780 :

207 838 535 903 bocautem,
583 832 757 889 Filius
806 847 948 887 meus
987 845 1039 885 es
1066 837 1140 895 tu,
1188 825 1323 882 nihil
1351 821 1499 880 aliud
1540 820 1809 893 signiﬁcat

203 946 363 1004 quam
386 928 533 1002 quod
564 943 634 984 ex
657 926 779 997 ipso
804 926 895 980 sit.
922 922 1074 979 Sicut
1099 920 1246 977 enim
1273 917 1472 975 dicitur
1502 922 1586 981 ῶν,
1625 913 1678 969 id
1701 920 1806 975 est.

203 1024 295 1096 qui
326 1029 428 1087 est,
463 1035 496 1076 a
524 1018 780 1091 praesenti
821 1025 1105 1086 tempore;
1150 1012 1257 1067 hoc
1302 1008 1447 1066 enim
1492 1007 1597 1078 ipsi
1638 1006 1810 1076 magis

201 1111 458 1169 convenit
488 1126 504 1163 :
538 1110 613 1164 ita
643 1109 806 1164 etiam
837 1106 1009 1171 illud,
1049 1102 1237 1168 Hodie,
1285 1102 1375 1156 hic
1422 1098 1553 1154 mihi
1596 1096 1809 1152 videtur

201 1202 405 1259 dictum
432 1217 556 1259 esse
588 1200 660 1257 de
702 1180 888 1255 carne.
929 1196 1066 1253 Nam
1104 1193 1322 1267 quando
1349 1206 1470 1248 eam
1498 1187 1809 1260 apprehen-

201 1295 366 1360 derit,
400 1293 470 1350 de
496 1300 697 1349 caetero
725 1289 906 1346 omnia
930 1287 1124 1345 etl‘atur
1148 1300 1363 1343 secure.
1390 1282 1532 1340 Caro
1556 1280 1702 1338 enim
1724 1287 1810 1336 est

202 1389 478 1459 particeps
503 1386 763 1451 altorum,
793 1385 934 1440 sicut
957 1392 1015 1439 et
1040 1381 1294 1439 divinitas
1320 1377 1606 1434 humilium
1640 1392 1654 1430 :
1682 1389 1807 1430 nam

205 1480 348 1536 Deus
374 1478 537 1534 homo
566 1476 684 1533 ﬁeri
716 1491 822 1532 non
852 1475 1191 1544 dedignatus,
1226 1481 1285 1527 ut
1308 1485 1423 1526 rem
1455 1483 1564 1525 non
1590 1480 1810 1525 recusa-

205 1573 302 1640 vit,
330 1568 602 1642 quomodo
628 1569 797 1626 verba
838 1564 1208 1625 recusaverit?

274 1665 329 1719 4.
373 1662 659 1719 Humilitas
683 1658 1087 1715 commemtatur.
1111 1656 1215 1712 Res
1236 1656 1353 1711 vitae
1371 1653 1636 1726 praesentis
1649 1668 1807 1726 quam

200 1757 380 1824 ﬂuxa.
408 1783 482 1797 --
510 1752 640 1809 Haec
668 1766 800 1824 ergo
820 1765 947 1807 cum
982 1750 1217 1806 Sciamus
1236 1790 1252 1813 ,
1310 1747 1533 1803 minime
1562 1760 1662 1802 nos
1704 1760 1806 1817 pu-

200 1848 362 1914 deat,
416 1859 597 1915 neque
647 1844 820 1899 altum
867 1856 1163 1915 sapiamus.
1221 1840 1357 1897 Nam
1415 1840 1462 1895 si
1512 1838 1631 1909 ipse
1678 1851 1805 1893 cum

209 1938 353 1994 Deus
376 1946 526 1994 esset
558 1945 621 1992 et
649 1936 911 1991 Dominus
946 1944 1003 1989 et
1027 1934 1121 1989 Dei
1147 1932 1316 1989 Filius
1336 1973 1353 1999 ,
1396 1946 1505 1986 non
1537 1931 1807 1986 recusavit

200 2032 347 2086 servi
369 2029 605 2086 formam
644 2029 971 2099 suscipere:
1002 2028 1174 2083 multo
1216 2027 1390 2097 magis
1434 2041 1537 2081 nos
1587 2034 1808 2097 oportet

198 2122 383 2179 omnia
410 2122 621 2188 facere,
663 2121 877 2176 etiamsi
919 2120 1028 2174 sint
1056 2119 1267 2189 abiecta
1298 2130 1353 2174 et
1376 2117 1618 2173 humilia.
1666 2117 1802 2173 Nam

200 2214 472 2271 undenam
499 2254 515 2281 ,
553 2213 641 2269 dic
682 2227 905 2285 quaeso,
949 2226 983 2266 ο
1021 2211 1220 2278 homo,
1267 2210 1438 2266 altum
1494 2209 1687 2281 sapis?
1736 2225 1803 2265 ex

198 2306 556 2364 saecularibus
598 2315 656 2363 et
700 2307 767 2361 iis
815 2321 937 2376 quae
982 2303 1053 2360 ad
1096 2304 1238 2360 hanc
1281 2306 1447 2360 vitam
1491 2306 1806 2376 pertinent?

201 2401 297 2457 sed
340 2414 410 2457 ea
458 2407 890 2470 pratercurrunt
933 2399 1249 2470 priusquam
1303 2400 1677 2470 apparuerint.
1725 2402 1804 2456 Ex

196 2494 609 2568 spiritualibus?
646 2494 741 2549 sed
774 2494 878 2549 hoc
905 2508 1123 2564 quoque
1162 2501 1248 2549 est
1279 2493 1479 2549 bonum
1518 2508 1660 2564 opus
1696 2496 1810 2565 spi-

198 2587 400 2644 rituale
424 2627 441 2654 ,
498 2601 609 2641 non
649 2586 792 2641 elato
821 2600 944 2642 esse
991 2586 1197 2641 animo.
1247 2586 1357 2641 Cur
1392 2602 1525 2658 ergo
1561 2589 1709 2644 elato
1747 2606 1808 2646 es

195 2676 419 2733 animo?
477 2676 619 2747 quod
647 2685 700 2732 te
725 2686 872 2732 recte
900 2678 1095 2747 geras?
1139 2677 1278 2732 Audi
1312 2677 1593 2733 Christum
1624 2680 1807 2736 dicen-

205 2777 354 2835 tem,
400 2768 621 2836 Quando
658 2773 880 2844 feceritis
925 2774 1134 2840 omnia,
1184 2774 1376 2840 dicite,
1410 2774 1560 2830 Serui
1606 2774 1808 2828 inutiles

202 2877 382 2917 suum
429 2878 452 2917 :
522 2879 643 2917 nam
713 2880 826 2934 qua
903 2865 1206 2921 debebamus
1289 2870 1455 2936 facere
1478 2908 1494 2933 ,
1567 2870 1777 2938 fecmuts

202 2950 358 3021 (Luc.
389 2954 444 3009 ι.
479 2952 592 3023 10).
640 2954 962 3022 Ateﬂ'erris,
1001 2966 1054 3011 et
1083 2957 1177 3011 tibi
1206 2959 1387 3028 places
1418 2967 1635 3029 propter
1674 2957 1810 3011 divi-
1848 2986 1851 2991 -

210 3043 355 3098 tias?
410 3046 620 3114 quare?
672 3045 760 3102 dic
809 3048 985 3101 mihi:
1031 3064 1210 3104 annon
1258 3048 1453 3104 audisti
1502 3051 1645 3120 quod
1685 3048 1811 3104 nudi

203 3134 437 3204 ingressi
484 3152 672 3192 sumus
716 3138 769 3193 in
823 3138 962 3195 hanc
1005 3141 1167 3195 vitam
1198 3182 1212 3205 ,
1267 3150 1322 3195 et
1365 3141 1493 3197 nudi
1543 3141 1809 3196 abibimus

201 3226 329 3298 (Job
359 3230 413 3285 Ι.
438 3228 574 3300 2t)?
625 3230 735 3287 imo
762 3248 869 3286 non
895 3232 1049 3287 vides
1094 3247 1192 3288 eos
1215 3233 1306 3302 qui
1332 3242 1384 3287 te
1411 3243 1811 3303 praecesserunt

201 3322 383 3377 nudos
422 3333 478 3377 et
506 3322 747 3392 abjectos
787 3325 1167 3382 abscessisse?
1197 3326 1327 3395 Quis
1356 3325 1562 3383 habens
1591 3327 1765 3383 aliena
1794 3369 1809 3393 ,

198 3412 428 3470 eﬂ‘ertur
451 3424 507 3471 et
542 3416 643 3471 sibi
682 3417 900 3487 placet?
945 3416 1077 3473 Nam
1125 3421 1216 3489 qui
1246 3434 1307 3475 ea
1334 3419 1403 3474 ad
1429 3436 1558 3475 suos
1602 3431 1808 3476 tantum

200 3520 337 3562 usus
365 3516 687 3564 convertere
714 3517 770 3564 et
799 3509 864 3564 iis
894 3509 1002 3565 frui
1029 3510 1217 3566 volunt
1241 3554 1256 3577 ,
1304 3512 1407 3582 ipsi
1432 3513 1513 3567 eis
1543 3512 1623 3567 vel
1652 3514 1803 3568 inviti

200 3598 517 3667 privantur,
544 3613 690 3669 saepe
713 3602 876 3655 etiam
907 3609 1036 3658 ante
1064 3612 1316 3671 mortem,
1341 3604 1394 3658 in
1425 3616 1604 3661 morte
1627 3618 1806 3661 autem

197 3691 449 3746 omnino.
503 3692 573 3746 At
615 3707 715 3747 nos
743 3694 1026 3763 viventes,
1072 3696 1287 3767 inquit,
1331 3698 1411 3753 eis
1454 3706 1515 3753 ut
1560 3699 1810 3755 volumus

200 3782 427 3838 utimur.
474 3781 635 3839 Certe
666 3786 937 3841 nemiuem
986 3786 1101 3842 cito
1128 3787 1327 3841 videris
1376 3797 1433 3843 ut
1462 3790 1578 3843 vult
1608 3791 1681 3844 uti
1729 3791 1808 3842 fu-

197 3876 496 3932 cultatibus
521 3894 535 3930 :
565 3878 706 3947 quod
753 3879 798 3932 si
841 3878 1123 3949 quisquam
1156 3882 1315 3935 etiam
1363 3887 1422 3935 ut
1448 3881 1562 3935 vult
1600 3890 1805 3949 utatur,

197 3984 269 4025 ne
290 3968 399 4025 hoc
414 3980 500 4024 est
526 3970 741 4040 quidem
762 3986 1012 4041 magnum
1049 3989 1062 4025 :
1094 3972 1261 4028 breve
1279 3983 1365 4028 est
1394 3974 1539 4028 enim
1568 3989 1807 4044 praesens

197 4072 439 4132 tempus,
460 4062 503 4117 si
527 4061 839 4119 conferatur
855 4078 977 4118 cum
1003 4064 1218 4121 saeculis
1242 4080 1363 4135 qua:
1384 4081 1491 4121 non
1519 4066 1801 4122 liniuntur.

199 4153 445 4220 Eﬂ‘erris,
472 4169 506 4208 ο
533 4153 693 4209 homo
716 4196 731 4221 ,
757 4152 813 4211 et
839 4155 1086 4226 gloriaris
1110 4159 1254 4226 quod
1278 4156 1353 4212 sis
1380 4157 1570 4213 dives?
1595 4159 1807 4229 quare?

199 4247 308 4301 hoc
346 4247 490 4301 enim
513 4246 667 4301 adest
692 4254 748 4301 et
776 4246 1072 4301 latronibus
1101 4258 1157 4302 et
1185 4248 1399 4305 furibus
1429 4260 1484 4304 et
1517 4250 1803 4320 parricidis

196 4348 253 4392 ct
300 4338 555 4392 mollibus
584 4350 640 4392 et
691 4340 1081 4395 scortatoribus
1110 4348 1164 4394 et
1214 4341 1490 4397 sceleratis
1532 4344 1805 4399 omnibus.

196 4430 308 4483 Cur
339 4444 470 4499 ergo
498 4429 752 4484 ell‘erris?
780 4430 913 4485 Nam
942 4432 987 4486 si
1010 4448 1075 4487 co
1099 4444 1246 4488 recte
1263 4443 1317 4489 et
1344 4445 1401 4487 ut
1429 4445 1646 4503 Oportet
1676 4452 1805 4491 usus

197 4535 258 4575 es
281 4562 296 4585 ,
343 4537 450 4574 non
489 4522 653 4576 debes
680 4525 828 4578 elato
861 4538 983 4579 esse
1016 4525 1199 4580 animo
1220 4567 1235 4590 ,
1274 4540 1343 4581 ne
1377 4526 1545 4583 violes
1576 4530 1802 4585 manda-

200 4623 315 4667 tum
343 4632 357 4665 ι
392 4613 476 4666 sin
509 4626 684 4668 amem
709 4630 819 4669 non
846 4626 992 4671 recte
1016 4626 1070 4671 et
1099 4627 1153 4671 ut
1174 4627 1408 4688 oportet,
1426 4620 1547 4676 ideo
1570 4624 1807 4679 maxime

198 4720 307 4759 non
328 4704 518 4772 debes,
532 4706 672 4775 quod
688 4708 1037 4777 pecuniarum
1059 4708 1229 4763 factus
1241 4710 1314 4765 sis
1329 4724 1518 4767 servus
1529 4724 1583 4768 et
1600 4730 1807 4783 posses-

195 4797 417 4851 sionum
438 4836 453 4861 ,
486 4808 540 4851 ct
565 4797 626 4851 ea
666 4798 718 4852 in
754 4810 804 4852 te
832 4798 1165 4855 dominatum
1197 4802 1499 4859 obtineant.
1529 4804 1664 4862 Nam
1695 4807 1803 4877 dic,

196 4906 427 4961 quaeso,
460 4893 503 4945 si
548 4893 667 4961 quis
713 4894 1027 4949 febricitans
1059 4897 1287 4951 multum
1336 4914 1490 4968 aquae
1538 4900 1803 4968 ebiberit,

195 4999 322 5055 quae
366 4982 516 5039 brevi
546 4984 762 5054 quidem
799 4995 1043 5055 tempore
1070 4989 1381 5061 exstinguat
1405 4992 1572 5058 sitim,
1618 5006 1803 5063 postea

192 5085 381 5145 autem
426 5075 686 5131 accendat
725 5074 997 5131 flammam
1022 5120 1038 5146 ,
1070 5094 1136 5134 ex
1159 5094 1297 5136 eone
1334 5080 1496 5138 debet
1533 5083 1712 5141 eﬂ'erri
1753 5098 1805 5142 ct

192 5170 299 5225 sibi
330 5170 580 5240 placere?
610 5171 745 5235 Quid
776 5187 927 5236 vero,
956 5173 1002 5227 si
1032 5175 1151 5243 quis
1178 5176 1361 5244 plures
1386 5178 1580 5233 habeat
1608 5180 1803 5237 frustra

190 5262 585 5318 sollicitudines
606 5306 620 5329 ,
664 5275 1022 5335 proptereane
1054 5268 1214 5324 debet
1238 5270 1337 5325 sibi
1370 5271 1623 5341 placere?
1666 5274 1800 5341 Cur,

192 5355 283 5411 dic
332 5357 563 5427 quatso?
608 5358 858 5427 quoniam
890 5360 1091 5415 multos
1125 5361 1292 5417 habes
1325 5362 1613 5421 dominos?
1659 5383 1796 5437 quo-

192 5450 343 5503 niam
370 5450 566 5504 multas
592 5450 793 5505 curas?
837 5452 1099 5517 quoniam
1149 5456 1299 5509 multi
1336 5457 1428 5511 tibi
1471 5460 1801 5515 adulantur?

191 5541 300 5597 Sed
331 5549 387 5595 tu
418 5540 529 5594 illis
560 5542 737 5597 servis
769 5559 781 5595 :
814 5551 869 5598 et
900 5552 957 5597 ut
995 5544 1263 5616 intelligas
1292 5548 1415 5602 audi
1460 5561 1671 5619 aperte.
1721 5552 1799 5606 Ex

194 5632 260 5687 iis
316 5647 439 5703 quae
492 5633 547 5687 in
613 5634 769 5688 nobis
823 5644 950 5689 sunt
1010 5637 1176 5692 animi
1252 5639 1628 5698 all'ectionibus
1681 5647 1798 5699 alno

192 5726 411 5795 quidem
439 5727 908 5799 suntquandoque
938 5728 1118 5794 utiles,
1149 5741 1206 5786 ut
1228 5732 1302 5787 ira
1333 5749 1477 5806 saepe
1503 5746 1585 5792 cst
1616 5740 1787 5793 utilis:

196 5832 320 5873 nam
345 5818 373 5874 1
380 5836 460 5887 ra,
481 5818 671 5889 inquit,
692 5821 880 5890 injusta
898 5837 999 5875 non
1018 5821 1111 5876 crit
1131 5823 1370 5881 innocens
1391 5827 1581 5899 (Eccli.
1607 5830 1651 5886 Ι.
1679 5830 1787 5904 22).

1931 434 2295 505 Quamobrem
2337 436 2463 487 licet
2489 432 2653 485 etiam
2691 429 2841 500 justo
2883 428 3063 485 irasci.
3096 428 3160 483 Et
3189 443 3397 495 rursus,
3433 432 3537 497 Qui

1934 524 2175 583 irascitur
2224 527 2378 596 fratri
2420 539 2515 580 suo
2571 532 2792 589 temere,
2848 522 2944 577 erit
2995 520 3245 577 obnoaius
3290 522 3538 594 gehennae

1929 634 2149 709 (Matth.
2174 634 2233 691 ὅ.
2260 631 2383 705 22).
2412 630 2623 688 Rursus
2654 630 2832 687 bonus
2857 638 2944 686 est
2972 628 3122 685 zelus
3148 638 3204 684 et
3232 625 3499 698 cupiditas
3518 665 3536 690 ,

1939 728 2057 785 haec
2071 724 2329 799 quidem,
2352 740 2477 783 cum
2495 724 2708 782 exsistit
2729 724 2783 780 in
2809 722 3104 780 liberorum
3122 720 3501 793 prsereatione
3520 736 3538 776 :

1930 823 2022 880 ille
2042 836 2196 890 vero,
2231 804 2449 893 quando
2472 820 2638 876 habet
2659 818 3065 875 aemulationem
3083 816 3233 873 adrea
3259 830 3381 887 qua:
3396 813 3537 869 bona

1929 923 2075 972 sunt.
2096 913 2425 971 Sicutetiam
2454 910 2588 969 dicit
2604 910 2803 967 Paulus
2822 928 2837 967 :
2856 907 3059 964 Bonum
3083 916 3255 962 autem
3274 915 3349 961 est
3373 921 3538 962 anuu-

1929 1007 2029 1064 lari
2046 1009 2104 1064 in
2125 1009 2259 1065 bono
2277 1005 2627 1080 semperwal.
2646 1005 2701 1061 4.
2725 1004 2820 1073 18)
2839 1020 2855 1072 ;
2874 1012 2930 1060 et
2952 1016 3170 1070 rursus,
3188 999 3542 1057 Emutamini

1926 1104 2239 1160 charismata
2259 1103 2470 1159 meliora
2486 1101 2565 1173 (1.
2588 1098 2709 1157 Cor.
2753 1098 2844 1156 12.
2868 1098 2983 1171 51).
3014 1097 3192 1154 Ambo
3223 1096 3391 1168 igitur
3406 1106 3538 1152 sunt

1929 1198 2103 1254 utilia.
2120 1196 2441 1268 Arrogantia
2458 1205 2639 1251 autem
2657 1208 2924 1266 nusquam
2952 1202 3036 1250 est
3052 1191 3318 1262 bona,sed
3336 1190 3538 1264 ubique

1926 1300 2011 1346 est
2036 1290 2245 1346 inutilis
2272 1300 2328 1346 et
2351 1291 2535 1346 noxia.
2558 1286 2830 1344 Caeterqu
2850 1286 2897 1343 si
2919 1285 3099 1344 ell'erri
3117 1295 3175 1344 et
3194 1284 3536 1357 sibi'placcrc

1927 1394 2161 1455 oportet,
2182 1392 2403 1454 propter
2428 1392 2797 1454 paupertatem
2810 1381 2910 1436 sibi
2934 1380 3149 1451 placere
3168 1387 3402 1449 oportet,
3429 1393 3535 1431 non

1928 1485 2149 1549 propter
2174 1475 2410 1532 divitias.
2432 1474 2828 1545 Quamobrem?
2848 1473 3112 1544 Quoniam
3129 1474 3219 1543 qui
3235 1472 3421 1545 paucis
3445 1486 3535 1542 po-

1934 1579 2034 1626 test
2051 1571 2257 1639 vivere,
2280 1580 2365 1625 cst
2380 1571 2549 1625 multo
2566 1568 2739 1640 major
2748 1577 2805 1626 ct
2815 1568 3006 1626 melior
3021 1584 3089 1625 eo
3104 1567 3195 1640 qui
3211 1582 3319 1623 non
3338 1576 3533 1638 potest.

1999 1663 2054 1719 5.
2094 1661 2230 1719 Nam
2271 1662 2360 1719 dic
2404 1661 2571 1730 mihi,
2606 1661 2653 1717 si
2692 1660 2965 1732 aliquibus
3010 1661 3215 1717 vocatis
3260 1660 3313 1714 in
3345 1659 3537 1715 urbem

1926 1756 2166 1830 regiam,
2216 1756 2309 1812 alii
2338 1755 2555 1827 quidem
2590 1771 2661 1813 ex
2696 1756 2764 1811 iis
2806 1770 2910 1811 nec
2933 1754 3198 1825 iumentis
3243 1767 3383 1830 opus
3430 1752 3535 1808 ha-

1929 1828 2123 1916 beant,
2151 1864 2255 1906 nec
2295 1847 2512 1905 famulis
2532 1890 2549 1915 ,
2581 1862 2683 1905 nec
2709 1847 2964 1904 umbellis
2989 1888 3006 1912 ,
3038 1863 3142 1904 nec
3170 1828 3489 1903 diversoriis
3514 1888 3532 1915 ,

1926 1957 2031 2001 nec
2071 1942 2301 2010 calceis,
2342 1956 2522 2012 neque
2547 1941 2728 2008 vasis,
2781 1940 2877 1997 sed
2924 1939 3005 1996 eis
3048 1938 3282 1996 sufﬁciat
3322 1938 3529 1994 habere

1928 2050 2121 2108 panem
2145 2077 2162 2105 ,
2212 2044 2271 2092 et
2312 2050 2508 2105 aquam
2536 2048 2754 2089 sumere
2781 2048 2850 2090 ex
2893 2032 3171 2099 fontibus;
3215 2032 3308 2087 alii
3348 2040 3533 2087 autem

1925 2127 2145 2196 dicant,
2194 2126 2308 2183 Nisi
2352 2127 2619 2183 dederitis
2645 2126 2933 2193 vehicula,
2976 2135 3033 2182 et
3074 2132 3301 2181 stratum
3332 2124 3532 2193 molle,

1926 2230 2032 2277 non
2067 2237 2353 2293 possumus
2388 2221 2623 2288 adesse;
2675 2221 2781 2276 nisi
2818 2220 2984 2275 etiam
3011 2218 3211 2275 multos
3240 2218 3536 2275 habeamus

1925 2315 2017 2386 qui
2061 2330 2162 2370 nos
2204 2323 2522 2385 sequantur,
2570 2313 2674 2369 nisi
2728 2312 2951 2368 assidue
3003 2312 3165 2367 liceat
3207 2312 3530 2381 quiescere,

1926 2422 2034 2463 non
2080 2421 2398 2476 possumus;
2445 2406 2550 2463 nisi
2605 2416 2822 2463 utamur
2855 2404 3161 2477 iumentis,
3222 2404 3322 2461 nisi
3368 2404 3532 2463 etiam

1927 2516 2141 2579 parvam
2189 2499 2296 2555 diei
2342 2510 2559 2570 partem
2602 2498 2977 2564 ambulemus;
3031 2512 3169 2568 opus
3217 2504 3303 2551 est
3344 2504 3530 2551 autem

1926 2593 2082 2649 nobis
2121 2594 2283 2649 etiam
2316 2592 2561 2664 pluribus
2605 2591 2729 2647 aliis
2760 2607 2774 2645 :
2808 2604 3076 2663 quosnam
3117 2589 3531 2649 admirahimur.

1926 2686 2046 2741 illos
2070 2728 2085 2752 ,
2132 2701 2200 2739 an
2242 2684 2378 2740 hos?
2418 2685 2531 2741 llos
2559 2691 2708 2740 certe
2729 2683 2819 2754 qui
2848 2681 2998 2738 nullo
3026 2679 3289 2752 indigent.
3322 2680 3400 2735 lta
3446 2680 3535 2737 hic

1923 2792 2140 2849 quoque
2209 2777 2288 2832 illi
2337 2776 2556 2848 quidem
2627 2774 2694 2830 ad
2752 2774 2914 2845 hujus
2966 2773 3089 2828 vita:
3145 2773 3283 2827 viam
3346 2773 3533 2828 multis

1924 2869 2164 2942 indigent
2196 2886 2211 2923 :
2244 2870 2298 2925 hi
2327 2885 2456 2925 vero
2485 2869 2655 2924 nullo.
2696 2866 3061 2937 Quamobrem
3094 2874 3316 2936 oportet
3338 2881 3434 2922 eos
3459 2865 3532 2922 ob

1924 2970 2296 3033 paupertatem
2348 2962 2518 3033 magis
2557 2960 2740 3017 eil‘erri
2780 2970 2838 3015 et
2886 2960 2988 3015 sibi
3039 2958 3289 3029 placere,
3334 2960 3379 3015 si
3428 2960 3532 3016 sibi

1923 3059 2135 3127 placere
2163 3064 2401 3126 oportet.
2435 3058 2505 3110 At
2532 3068 2762 3126 pauper,
2792 3053 2986 3123 inquit,
3021 3061 3106 3109 est
3157 3052 3527 3122 despicabilis.

1923 3150 2038 3206 Non
2086 3148 2217 3215 ille,
2272 3148 2370 3203 sed
2418 3147 2507 3218 qui
2555 3162 2681 3202 eum
2724 3144 3053 3216 despiciunt.
3101 3144 3213 3200 Cur
3242 3144 3389 3201 enim
3431 3161 3533 3217 ego

1921 3257 2029 3296 non
2078 3239 2321 3309 despicio
2364 3255 2492 3305 eos,
2548 3239 2638 3309 qui
2682 3238 2937 3294 nesciunt
2986 3237 3247 3292 admirari
3292 3253 3355 3294 ea
3405 3254 3527 3310 quae

1919 3332 2173 3402 Oportet?
2203 3330 2310 3386 Sed
2353 3330 2404 3386 si
2425 3331 2503 3385 sit
2527 3329 2747 3399 quidem
2782 3332 2959 3399 pictor
2986 3329 3289 3400 quispiam,
3320 3345 3414 3386 cos
3439 3332 3529 3400 qui

1920 3422 2095 3490 ipsum
2144 3421 2326 3477 rident
2370 3422 2653 3487 irridebit,
2700 3420 2959 3492 quamdiu
3012 3419 3218 3476 fuerint
3265 3422 3429 3477 rudes
3476 3432 3534 3477 et

1929 3516 2197 3587 imperiti,
2250 3528 2304 3573 et
2356 3535 2528 3589 neque
2570 3522 2906 3577 convertitur
2934 3521 3000 3577 ad
3049 3538 3111 3579 ea
3153 3540 3277 3595 qua:
3317 3525 3388 3581 ab
3423 3525 3534 3582 illis

1921 3608 2193 3678 dicuntur,
2229 3611 2327 3667 sed
2351 3622 2639 3668 contentus
2677 3623 2761 3668 est
2787 3628 2886 3667 suo
2916 3613 3088 3685 ipsius
3160 3617 3477 3674 testimonio
3516 3637 3528 3673 :

1920 3711 1978 3759 et
2004 3718 2105 3759 nos
2134 3705 2488 3775 pendebimus
2536 3722 2568 3761 ιι
2600 3707 2742 3778 vulgi
2775 3707 3073 3778 opinione?
3122 3725 3187 3763 an
3234 3710 3350 3767 hmo
3376 3712 3528 3767 venia

1922 3796 2083 3868 digna
2110 3799 2279 3854 sunt?

1994 3888 2253 3960 Pauperis
2316 3892 2501 3947 melior
2558 3902 2633 3946 est
2688 3892 2950 3957 conditio,
3010 3909 3164 3963 quam
3217 3895 3407 3949 divitis.
3460 3925 3532 3936 ——

1919 3981 2215 4053 Propterea
2244 3983 2393 4057 digni
2425 4000 2614 4040 sumus
2642 3986 2733 4055 qui
2764 3994 3201 4053 contemnamur,
3250 3986 3395 4055 quod
3434 4004 3529 4043 eos

1920 4092 2027 4134 non
2079 4077 2444 4150 despiciemus
2496 4078 2590 4148 qui
2629 4092 2727 4134 nos
2766 4078 3074 4149 despiciant
3124 4082 3346 4149 propter
3391 4095 3527 4150 pau-

1923 4182 2187 4242 pertatem
2212 4214 2228 4239 ,
2271 4182 2327 4228 ct
2352 4188 2460 4228 non
2491 4187 2589 4229 eos
2626 4187 2952 4227 censeamus
2984 4173 3235 4229 miseros.
3285 4173 3353 4229 Et
3385 4189 3525 4245 pra:-

1920 4274 2071 4320 tcrco
2117 4265 2335 4335 quidem
2381 4274 2516 4336 quot
2565 4274 2793 4335 peccata
2827 4275 3127 4320 nascuntur
3177 4281 3243 4321 ex
3284 4265 3527 4331 divitiis,

1918 4370 2050 4427 quot
2094 4367 2276 4412 autem
2304 4359 2445 4413 bona
2488 4374 2553 4414 ex
2605 4367 2923 4428 paupertate
2958 4375 2970 4412 :
3028 4358 3136 4412 imo
3168 4374 3296 4414 vero
3326 4375 3426 4414 nec
3447 4360 3531 4414 di-

1918 4450 2062 4504 vitia:
2086 4491 2102 4515 ,
2138 4466 2237 4505 nec
2271 4461 2563 4522 paupertas
2592 4466 2688 4520 per
2717 4466 2777 4505 se
2803 4450 3004 4505 bonum
3033 4493 3047 4515 ,
3081 4451 3177 4507 sed
3209 4462 3369 4520 prout
3400 4461 3537 4507 sunt

1917 4542 2008 4612 qui
2060 4542 2127 4596 iis
2179 4551 2424 4597 utuntur.
2469 4542 2677 4597 Probus
2708 4544 3049 4599 Christianus
3080 4544 3249 4613 magis
3287 4544 3527 4600 cernitur

1917 4634 1971 4688 in
2002 4642 2319 4704 paupertate
2365 4649 2526 4705 quam
2563 4635 2613 4687 in
2655 4633 2881 4689 divitiis.
2931 4634 3255 4703 Quomodo?
3301 4636 3361 4692 In
3395 4650 3527 4707 pau-

1926 4735 2134 4796 pertate
2158 4726 2262 4781 erit
2312 4741 2339 4779 a
2382 4726 2522 4780 fastu
2572 4726 2824 4791 alienior,
2875 4726 3192 4791 modestior,
3224 4730 3521 4797 honestior,

1922 4818 2242 4890 prudentior
2287 4837 2301 4872 :
2355 4819 2445 4889 qui
2476 4829 2657 4873 autem
2715 4829 2896 4873 manet
2924 4820 2974 4872 in
3012 4820 3254 4888 divitiis,
3312 4822 3377 4877 ad
3409 4823 3524 4878 lucc

1922 4917 2085 4970 multa
2117 4915 2285 4971 habet
2326 4916 2731 4986 impedimenta.
2779 4916 3075 4973 Videamus
3116 4935 3247 4989 ergo
3276 4936 3522 4990 qurennm
3570 4972 3573 4975 .

1920 5020 2047 5063 sunt
2070 5024 2191 5080 quae
2213 5009 2339 5064 facit
2387 5008 2571 5075 dives,
2630 5010 2714 5065 vel
2743 5011 2924 5082 p0tius
2972 5012 3016 5067 is
3043 5013 3132 5083 qui
3155 5014 3356 5070 divitiis
3386 5018 3523 5073 male

1917 5103 2106 5157 utitur.
2160 5100 2255 5157 llle
2300 5101 2479 5172 rapit,
2510 5102 2721 5157 fraudat
2744 5144 2760 5170 ,
2790 5104 3177 5172 circumvenit,
3210 5107 3317 5161 vim
3344 5107 3519 5163 affert.

1918 5196 2029 5250 lmo
2056 5195 2225 5265 quid?
2269 5210 2484 5251 amores
2517 5205 2703 5266 turpes
2729 5205 2785 5251 et
2809 5196 3135 5253 inhonestos
3157 5241 3170 5262 ,
3200 5202 3523 5258 concubitus

1915 5290 2153 5344 nefarios
2174 5330 2189 5354 ,
2222 5289 2547 5360 prmstigias,
2584 5288 2851 5345 veneﬁcia
2880 5332 2895 5357 ,
2948 5292 3050 5345 alia
3081 5301 3218 5346 tetra
3252 5304 3309 5349 ct
3337 5297 3521 5364 gravia

1911 5397 2092 5437 annon
2148 5382 2392 5437 invenies
2448 5383 2595 5437 nasci
2651 5398 2717 5437 ex
2771 5381 3017 5438 divitiis?
3054 5385 3221 5441 Vides
3270 5388 3415 5457 quod
3470 5392 3522 5444 in

1912 5483 2228 5547 paupertate
2273 5473 2487 5531 facilius
2538 5486 2625 5533 est
2656 5476 2910 5532 virtutem
2940 5492 3197 5535 exercere
3220 5521 3235 5545 ,
3260 5497 3422 5551 quam
3470 5485 3527 5538 in

1910 5566 2145 5622 divitiis?
2199 5564 2278 5622 Ne
2329 5566 2510 5633 enim,
2574 5568 2829 5639 quoniam
2862 5583 3051 5639 pmnas
3102 5570 3190 5625 hic
3237 5587 3342 5628 non
3393 5575 3524 5630 dant

1910 5658 2143 5723 divites,
2194 5658 2473 5715 existimes
2502 5672 2597 5715 eos
2641 5675 2747 5715 non
2798 5674 3043 5730 peccare.
3096 5660 3229 5717 Nam
3279 5666 3322 5719 si
3366 5664 3524 5722 facile

1910 5759 2056 5807 esset
2075 5750 2296 5806 divitem
2329 5749 2460 5807 dare
2491 5766 2679 5821 pccuas
2704 5792 2719 5816 ,
2777 5752 2843 5809 iis
2876 5753 3066 5823 plenos
3098 5755 3370 5812 invenires
3397 5772 3519 5814 car-

1910 5857 2103 5911 ceres;
2158 5842 2252 5899 scd
2308 5843 2450 5900 inter
2503 5844 2605 5899 alia
2658 5844 2761 5901 hoc
2806 5860 3021 5919 quoque
3068 5848 3268 5906 malum
3317 5850 3528 5909 habent.
