4020 6442
554 346 624 402 97
1280 351 1337 409 S.
1378 351 1658 410 JOANNIS
1693 347 2167 411 CHRYSOSTOMI
2209 351 2529 414 ARCHIEP.
2568 357 3103 419 CONSTANTINOP.
3741 362 3810 417 98

535 471 756 538 divitiae,
805 469 947 542 quod
991 470 1080 542 qui
1132 484 1223 527 eas
1255 470 1307 526 in
1355 472 1484 526 vitio
1508 481 1564 528 et
1589 474 1794 532 scelere
1839 478 2112 549 possidet,

536 564 756 633 impune
781 575 1011 632 peccans
1061 576 1349 633 numquam
1376 561 1602 620 desistet
1625 564 1726 621 hoc
1751 566 1961 634 facere,
2012 576 2109 625 sed

534 654 761 726 accipiet
793 654 1014 709 vulnera
1036 653 1236 722 absque
1258 653 1683 723 medicamentis,
1704 673 1879 728 neque
1896 660 1945 715 ei
1965 660 2111 731 quis-

530 764 691 818 quam
719 748 958 819 imponet
982 746 1215 802 t'rcnum.
1248 746 1304 803 Si
1328 749 1449 819 quis
1475 760 1652 806 autem
1683 752 1839 819 velit,
1870 752 2110 809 inveniet

529 841 691 895 etiam
718 846 1081 912 paupertatem
1123 838 1281 897 nobis
1320 841 1389 896 ad
1416 841 1750 912 voluptatem
1782 844 1934 913 plura
1977 846 2111 901 dare

538 944 881 1003 adminicula.
911 942 1225 1012 Quomodo?
1250 940 1513 1008 Quoniam
1543 941 1764 995 liberata
1793 946 1871 994 est
1896 952 1926 994 a
1957 938 2113 996 solli-

539 1038 862 1095 citudinibus
883 1078 899 1103 ,
930 1036 1299 1117 odiohpugna.
1329 1035 1442 1101 lite,
1473 1041 1530 1090 et
1556 1048 1587 1088 a
1614 1032 1772 1088 malis
1798 1033 2110 1087 innumera-

537 1130 755 1185 bilibus.
803 1127 881 1183 Ne
921 1141 1049 1199 ergo
1078 1141 1382 1197 quaeramus
1408 1124 1709 1190 ditescere,
1761 1137 1863 1177 nec
1900 1135 2114 1191 semper

538 1221 849 1275 aemulemur
892 1233 987 1275 eos
1038 1218 1127 1290 qui
1160 1218 1323 1273 multa
1370 1216 1647 1287 possident
1689 1233 1703 1270 :
1744 1214 1837 1271 sed
1890 1215 1981 1285 qui
2018 1213 2115 1268 ha~

537 1311 723 1367 bemus
776 1310 1029 1381 quidem,
1098 1310 1295 1365 divitiis
1347 1318 1561 1364 utamur
1612 1318 1669 1363 ut
1718 1316 1966 1377 oportet;
2020 1307 2111 1376 qui

534 1412 712 1457 autem
750 1416 859 1456 non
884 1400 1145 1456 habemus
1168 1441 1184 1466 ,
1240 1415 1311 1455 ne
1348 1408 1634 1470 propterea
1661 1397 1939 1454 doleamus
1962 1438 1978 1465 ,
2011 1396 2108 1453 sed

536 1491 648 1547 Deo
688 1505 909 1561 agamus
930 1490 1130 1561 gratias
1153 1530 1169 1556 ,
1215 1489 1360 1560 quod
1386 1488 1589 1545 efllciat
1630 1497 1687 1543 ut
1714 1503 1814 1544 nos
1858 1487 1910 1541 in
1939 1502 2108 1558 parvo

533 1582 738 1649 labore,
765 1582 1007 1637 eamdem
1034 1596 1191 1652 quam
1220 1580 1415 1636 divites
1442 1588 1535 1635 aut
1558 1580 1720 1637 etiam
1747 1579 2030 1649 majorem,
2058 1579 2107 1635 si

532 1676 760 1731 velimus
778 1716 793 1740 ,
823 1675 1152 1745 accipiamus
1180 1673 1486 1730 mercedem
1521 1690 1534 1725 :
1576 1681 1632 1728 et
1660 1686 1851 1743 magna
1878 1686 1943 1727 ex
1971 1686 2107 1743 pau-

532 1767 613 1822 cis
654 1766 999 1823 lucrabimnr.
1049 1766 1183 1822 Nam
1222 1772 1277 1823 et
1320 1766 1408 1836 qui
1454 1765 1563 1820 duo
1591 1764 1843 1820 attulerat
1870 1762 2105 1829 talenta,

532 1873 686 1929 aque
710 1858 764 1914 in
791 1858 1143 1915 admiratione
1169 1866 1225 1914 et
1253 1857 1458 1913 honore
1476 1866 1561 1913 est
1588 1855 1801 1913 habitus
1822 1864 1985 1927 atque
2014 1856 2109 1926 qui

531 1952 766 2023 quinque
784 1951 1056 2007 attulerat.
1098 1949 1502 2017 Quamobrem?
1540 1946 1675 2005 Nam
1701 1946 1810 2003 duo
1836 1946 1955 2017 ejus
1983 1944 2108 2001 ﬁdei

2240 460 2441 519 credita
2470 473 2597 520 sunt
2625 465 2822 521 talenta
2849 508 2865 532 ,
2896 468 2992 522 sed
3022 484 3143 538 quae
3172 484 3203 524 a
3226 484 3287 524 se
3330 470 3632 539 praestanda
3663 483 3823 527 erant

2239 556 2475 626 implevit
2501 558 2716 626 omnia,
2752 566 2808 615 et
2851 574 2972 630 quae
3000 560 3100 615 sibi
3151 559 3364 616 fuerant
3404 560 3609 616 credita
3641 561 3821 618 attulit

2227 655 2516 726 duplicata.
2562 657 2699 725 Quid
2728 674 2857 731 ergo
2887 659 3167 715 studemus
3209 670 3268 716 ut
3295 662 3462 717 multa
3501 664 3659 721 nobis
3686 680 3813 723 ere-

2227 747 2443 814 dantur,
2495 763 2617 803 cum
2645 764 2740 819 per
2770 765 2935 819 pauca
2966 750 3125 806 liceat
3165 750 3385 808 eosdem
3414 752 3620 811 fructus
3648 755 3811 812 etiam

2226 839 2461 907 majores
2514 841 2836 910 percipere?
2885 856 3005 896 cum
3059 842 3211 899 labor
3237 844 3455 915 quidem
3501 847 3573 901 sit
3610 848 3812 919 minor,

2225 943 2435 985 merces
2463 942 2644 986 autem
2689 932 2858 986 multo
2884 932 3159 1003 amplior?
3204 934 3438 991 Facilius
3464 939 3606 993 enim
3635 954 3669 994 ι
3698 940 3817 996 suis

2226 1032 2429 1089 pauper
2457 1019 2744 1087 abscedet,
2797 1037 2961 1094 quam
3006 1023 3157 1080 dives
3183 1027 3349 1081 multa
3375 1036 3431 1082 et
3458 1044 3648 1100 magna
3683 1045 3813 1101 pos-

2224 1108 2427 1165 sidens.
2451 1110 2537 1165 An
2560 1112 2781 1168 nescitis
2805 1114 2947 1184 quod
2973 1156 2990 1182 ,
3021 1130 3127 1185 quo
3160 1116 3314 1185 plura
3357 1119 3623 1189 quispiam
3651 1121 3810 1178 fuerit

2225 1200 2560 1269 complexus,
2593 1216 2661 1257 eo
2709 1204 2860 1272 plura
2890 1205 3202 1260 desiderat?
3232 1205 3309 1263 Ne
3356 1207 3459 1264 hoc
3484 1225 3618 1280 ergo
3651 1212 3814 1268 nobis

2222 1292 2465 1360 accidat,
2497 1308 2565 1348 ne
2590 1309 2893 1364 quaeramus
2918 1296 3134 1350 divitias
3153 1338 3168 1362 ,
3199 1312 3376 1367 neque
3403 1316 3545 1372 aegre
3569 1302 3811 1358 feramus

2224 1392 2627 1453 paupertatem,
2661 1401 2833 1456 neque
2863 1388 3255 1447 contendamus
3283 1390 3551 1449 ditescere
3574 1434 3591 1461 ,
3635 1405 3693 1451 et
3720 1398 3813 1468 qui

2222 1473 2504 1543 habemus,
2528 1477 2607 1531 eis
2633 1478 2707 1531 ita
2731 1486 2941 1533 utamur
2968 1479 3201 1550 utjussit
3222 1481 3443 1539 Paulus.
3478 1484 3580 1549 Qui
3599 1487 3810 1553 haberet,

2223 1566 2415 1638 inquit,
2442 1568 2545 1622 sint
2574 1578 2829 1639 tamquam
2858 1587 2959 1625 non
2986 1572 3261 1640 (taberna;
3287 1584 3333 1628 et
3359 1579 3448 1646 qui
3474 1589 3682 1634 utuntur
3710 1581 3817 1636 hoc

2220 1658 2412 1713 mundo
2434 1670 2693 1730 tamquam
2724 1677 2827 1715 non
2868 1672 3065 1718 utentes
3116 1664 3193 1733 (ι.
3235 1665 3355 1721 Cor.
3386 1667 3439 1722 7.
3464 1668 3556 1727 29.
3581 1670 3712 1741 Si):
3751 1681 3811 1728 ut

2219 1766 2571 1823 assequamur
2591 1754 2728 1808 bona
2746 1754 3009 1824 promissa
3034 1772 3047 1810 :
3077 1771 3199 1827 qua:
3217 1758 3374 1815 detur
3386 1761 3542 1819 nobis
3561 1764 3816 1820 omnibus

2219 1845 2508 1917 consequi,
2539 1845 2711 1917 gratia
2738 1853 2789 1903 et
2814 1846 3166 1919 benignitate.

1927 2145 2268 2210 HOMILIA
2311 2147 2423 2209 ΙΙΙ.

527 2290 659 2347 ϐυ».
682 2291 736 2347 ί.
762 2305 815 2345 v.
838 2290 892 2347 6.
926 2289 995 2345 Et
1022 2306 1135 2345 cum
1158 2289 1341 2344 iterant
1379 2287 1659 2343 introducit
1697 2287 2113 2359 Primogenitum

600 2386 655 2437 in
681 2382 851 2438 orbem
879 2391 1044 2445 terra,
1086 2382 1208 2436 dicit
1230 2396 1249 2436 :
1269 2379 1339 2436 Et
1361 2380 1572 2435 adorent
1595 2395 1711 2434 eum
1734 2395 1907 2435 omnes
1935 2382 2113 2451 angeli

599 2473 719 2530 Dei.
750 2475 804 2529 7.
830 2473 897 2527 Et
925 2473 995 2528 ad
1017 2472 1226 2543 angelos
1250 2472 1452 2541 quidem
1479 2472 1603 2525 dicit
1628 2487 1647 2524 :
1672 2471 1773 2539 Qui
1799 2472 1923 2541 facit
1948 2488 2108 2543 ange-

600 2566 677 2619 los
701 2579 820 2619 suos
846 2564 1055 2634 spiritus
1072 2603 1089 2629 ,
1127 2572 1173 2617 et
1199 2563 1457 2617 ministros
1482 2578 1602 2616 suos
1629 2561 1893 2633 flammam
1925 2563 2059 2635 ignis
2084 2579 2105 2619 :

599 2657 655 2711 8.
683 2664 751 2709 ad
776 2654 969 2709 Filium
993 2663 1159 2709 autem
1180 2668 1201 2717 ς
1225 2652 1459 2709 Thronus
1481 2662 1598 2707 tuus
1620 2651 1759 2708 Deus
1784 2654 1838 2707 in
1859 2654 2102 2708 secutum

600 2744 797 2801 Hrculi.

607 2838 661 2892 1.
706 2833 962 2891 Dominus
996 2834 1212 2908 quidem
1255 2842 1441 2891 noster
1466 2834 1621 2890 Jesus
1665 2834 1912 2890 Christus
1946 2847 2099 2889 suum

540 2932 593 2986 in
622 2946 785 2987 carne
811 2931 1100 2987 adventum
1128 2943 1287 2990 vocat
1327 2950 1601 3006 egressum
1633 2939 1716 2993 vel
1761 2940 1965 2994 exitum
2002 2958 2017 2996 :
2053 2952 2113 2995 ut

537 3022 753 3093 quando
774 3022 923 3089 dicit,
944 3020 1087 3078 Exiit
1105 3025 1191 3093 qui
1211 3026 1427 3080 seminat
1446 3026 1515 3080 ad
1532 3028 1884 3084 serninandum
1902 3029 2115 3105 (Matth.

537 3116 631 3171 i3.
662 3116 766 3184 5);
799 3123 853 3170 et
878 3130 1084 3182 rursus,
1122 3116 1227 3188 Ego
1254 3134 1287 3170 a
1318 3116 1479 3172 Patre
1505 3120 1657 3187 exivi,
1690 3129 1735 3174 et
1760 3122 1907 3175 venio
1938 3122 2113 3194 (Joan.

2248 2282 2521 2354 Perpende
2544 2296 2723 2343 autem
2750 2304 2763 2342 :
2788 2286 2931 2345 dixit
2950 2291 3198 2362 superius
3226 2305 3348 2347 eum
3378 2305 3485 2347 non
3512 2306 3635 2349 esse
3662 2292 3824 2350 nobis

2242 2376 2515 2446 loquutum
2542 2393 2640 2451 per
2662 2381 2988 2452 prophetas,
3022 2381 3119 2438 sed
3164 2398 3261 2453 per
3298 2383 3499 2439 Filium
3529 2400 3542 2438 :
3578 2383 3823 2439 ostendit

2240 2464 2431 2522 Filium
2455 2484 2575 2525 esse
2600 2469 2878 2526 meliorem
2905 2472 3140 2541 angelis;
3172 2480 3227 2527 et
3253 2471 3355 2527 hoc
3379 2488 3407 2525 a
3435 2473 3655 2528 nomine
3682 2488 3816 2543 pro-

2240 2561 2417 2628 bavit;
2448 2572 2503 2618 et
2542 2579 2609 2619 ex
2651 2580 2718 2621 eo
2759 2568 2900 2637 quod
2944 2568 3103 2624 Pater
3131 2569 3329 2625 Filium
3361 2570 3675 2626 introduxit.
3710 2576 3821 2632 Hic

2239 2650 2472 2722 denique
2495 2654 2655 2709 etiam
2678 2669 2745 2711 ex
2780 2672 2839 2712 re
2862 2657 2968 2713 alia
2995 2659 3206 2729 probat.
3255 2659 3515 2727 Quaenam
3543 2670 3724 2716 autem
3745 2679 3816 2720 ea

2237 2742 2356 2797 est?
2400 2744 2480 2799 Ex
2509 2745 2821 2803 adoratione
2844 2764 2858 2802 :
2884 2758 2938 2804 et
2961 2751 3199 2823 ostendit
3218 2761 3476 2821 quantum
3508 2754 3576 2807 sit
3597 2750 3815 2819 melior,

2233 2847 2426 2904 nempe
2450 2845 2707 2906 quantum
2734 2838 2993 2894 Dominus
3021 2856 3201 2895 servo.
3232 2841 3301 2898 Ut
3328 2844 3371 2897 si
3399 2843 3518 2913 quis
3544 2843 3729 2913 aliquo
3757 2848 3815 2903 in

2230 2922 2445 2980 domum
2476 2929 2615 2998 regis
2638 2929 2965 2997 introducto,
2997 2947 3094 2987 eos
3118 2933 3209 3003 qui
3239 2934 3349 2989 illic
3374 2944 3611 3003 praesunt
3630 2940 3818 2993 statim

2228 3019 2401 3088 ipsum
2422 3021 2606 3091 jubeat
2634 3024 2900 3080 adorare:
2932 3028 3011 3083 sic
3041 3028 3133 3082 ille
3160 3027 3307 3096 facit,
3336 3029 3404 3083 de
3435 3028 3596 3083 Verbi
3626 3044 3818 3083 secun-

2227 3108 2350 3163 dum
2382 3126 2596 3166 carnem
2627 3114 2679 3168 in
2706 3116 2965 3171 mundum
2996 3117 3391 3173 introductione
3433 3120 3660 3189 loquens
3693 3140 3707 3177 :
3738 3122 3815 3178 Et

537 3204 625 3259 16.
648 3204 742 3277 28)
774 3223 789 3259 :
822 3214 877 3260 et
899 3206 1082 3261 multis
1110 3208 1161 3261 in
1188 3207 1321 3263 locis
1345 3207 1448 3263 hoc
1468 3209 1685 3265 videris.
1716 3210 1914 3265 Paulus
1940 3222 2098 3267 auten

2224 3199 2434 3254 adorent
2459 3219 2571 3257 eum
2602 3221 2774 3259 omnes
2796 3208 2963 3276 angeli
2995 3208 3108 3262 Dei.
3134 3209 3270 3264 Num
3294 3212 3473 3281 angeli
3501 3212 3699 3277 solum,
3725 3213 3813 3267 in-

537 3295 590 3349 id
619 3304 781 3351 vocat
811 3297 1117 3366 ingressum
1146 3297 1370 3353 dicens:
1396 3298 1466 3353 Et
1492 3316 1607 3354 curn
1629 3302 1814 3356 iterum
1842 3303 2098 3356 introduci

2223 3290 2371 3358 quit,
2402 3300 2454 3345 et
2480 3307 2585 3347 non
2613 3295 2734 3348 alia:
2761 3295 3038 3352 Virtutes?
3075 3298 3421 3371 Nequaquam
3457 3320 3470 3357 :
3500 3303 3623 3357 audi
3656 3305 3805 3359 enim

537 3386 943 3458 Primogenitum
971 3391 1024 3443 in
1047 3392 1218 3444 orbem
1245 3400 1394 3445 terra:
1408 3407 1428 3455 ;
1461 3390 1646 3447 dicens
1669 3393 2098 3450 introductionen

2220 3396 2340 3451 quae
2363 3393 2674 3454 sequuntur.
2705 3385 2778 3440 Et
2814 3389 2883 3441 ad
2913 3393 3121 3461 angelos
3142 3394 3344 3463 quidem
3372 3395 3493 3447 dicit
3516 3413 3535 3449 :
3559 3395 3659 3460 Qui
3679 3399 3806 3468 facit

539 3478 676 3533 hanc
700 3481 878 3533 carnis
905 3480 1327 3549 susceptionem.
1370 3481 1481 3536 Cur
1509 3482 1626 3539 haec
1653 3498 1743 3539 res
1766 3486 1913 3539 varie
1937 3500 2112 3541 enun-

547 3578 709 3631 tiatur
729 3618 745 3643 ,
785 3583 838 3629 et
869 3576 1016 3645 cujus
1045 3575 1325 3629 occasione
1349 3573 1462 3627 haec
1486 3572 1765 3627 dicuntur?
1790 3573 1919 3641 Quae
1941 3573 2113 3642 signi-

543 3669 775 3722 ﬁcantur
799 3674 923 3722 sunt
967 3664 1265 3720 manifesta.
1307 3663 1547 3718 Christus
1582 3663 1793 3732 quidem
1823 3662 2108 3715 adventum

536 3774 694 3813 suum
744 3758 934 3811 merito
988 3765 1141 3809 vocat
1192 3755 1392 3809 exitum
1441 3770 1453 3805 :
1498 3767 1710 3807 eramus
1760 3752 1900 3807 enim
1956 3760 2106 3807 extra

538 3849 725 3902 Deum.
778 3846 855 3900 Ac
899 3845 1035 3900 sicut
1093 3843 1144 3897 in
1189 3843 1331 3913 regia
1374 3842 1464 3912 qui
1508 3851 1633 3897 sunt
1686 3842 1737 3895 in
1784 3840 2010 3895 vinculis
2051 3848 2105 3895 et

543 3953 722 4007 regem
768 3936 1139 4001 otl‘enderunt,
1180 3943 1325 3991 stant
1350 3933 1511 3999 foris;
1542 3935 1631 4003 qui
1661 3933 1775 3988 vult
1798 3941 1974 3988 autem
2006 3946 2101 3986 eos

532 4029 913 4093 reconciliare.
960 4043 1064 4083 non
1114 4028 1257 4096 ipsos
1303 4025 1625 4089 introducit,
1655 4024 1749 4080 sed
1794 4024 1906 4093 ipse
1954 4022 2099 4076 foras

531 4120 815 4190 egrediens
852 4133 947 4175 eos
989 4118 1297 4188 alloquitur,
1331 4116 1507 4171 donec
1534 4116 1666 4186 ipsis
1692 4116 1867 4185 dignis
1889 4112 2099 4169 ell‘ectis

526 4222 816 4281 conspectu
840 4211 999 4282 regis,
1024 4225 1117 4265 eos
1139 4208 1443 4264 introducat
1467 4225 1480 4261 :
1507 4209 1578 4262 ita
1606 4208 1764 4263 etiam
1794 4206 1917 4261 fecit
1940 4206 2096 4260 Chri-

526 4312 675 4356 stus:
704 4301 771 4356 ad
812 4316 909 4355 nos
935 4314 1185 4371 egressus
1205 4340 1221 4365 ,
1250 4297 1352 4353 hoc
1378 4307 1479 4365 est,
1508 4312 1631 4353 cum
1662 4312 1877 4352 carnem
1906 4311 2093 4351 susce-

523 4391 709 4462 pisset,
741 4400 796 4447 et
819 4406 936 4462 qua
963 4405 993 4445 a
1022 4390 1168 4460 Rege
1196 4388 1443 4443 mandata
1467 4388 1677 4443 fuerant
1708 4386 1998 4453 retulisset,
2022 4388 2092 4441 ita

524 4497 624 4537 nos
650 4483 971 4550 introduxit,
1000 4491 1053 4537 et
1083 4496 1112 4535 a
1153 4482 1382 4551 peccatis
1411 4488 1664 4551 purgatos
1692 4488 1747 4535 et
1776 4480 2087 4535 reconcilia-

523 4585 627 4630 tos.
675 4574 962 4643 Propterea
1018 4572 1190 4642 ipsum
1238 4580 1392 4627 vocat
1434 4572 1657 4627 exitum.
1692 4569 1885 4626 Paulus
1910 4580 2087 4626 autem

521 4681 643 4722 cum
691 4666 931 4720 nominat
978 4664 1352 4735 ingressum,a
1400 4664 1711 4735 metaphora
1759 4678 1945 4719 eorum
1995 4664 2086 4735 qui

516 4764 643 4811 sunt
688 4756 951 4823 heredes,
984 4764 1039 4810 et
1078 4756 1308 4825 aliquam
1340 4755 1610 4824 accipiunt
1648 4756 2082 4823 possessionem:

514 4848 695 4903 dicere
736 4848 877 4903 enim
900 4888 916 4914 ,
949 4846 1073 4901 Cum
1105 4856 1275 4899 autem
1313 4846 1648 4900 introduxerit
1675 4843 2082 4916 Primogenitum

518 4944 574 4995 in
602 4941 770 4996 orbem
797 4952 974 5006 terra;
1005 4939 1108 4995 hoc
1138 4949 1220 4994 est
1253 4938 1599 5008 signiﬁcantis
1624 4979 1638 5004 ,
1669 4937 1802 4993 Cum
1829 4939 1877 4993 ei
1917 4938 2081 4993 tradi-

515 5032 656 5086 derit
693 5031 877 5086 orbem
926 5041 1082 5086 terrae
1108 5047 1119 5083 :
1150 5038 1274 5083 tunc
1302 5029 1445 5084 enim
1474 5045 1589 5084 eam
1622 5038 1785 5083 totam
1818 5028 2079 5098 possedit,

514 5123 729 5191 quando
768 5124 864 5179 fuit
905 5124 1167 5193 cognitus.
1220 5123 1336 5178 Non
1368 5122 1483 5177 haec
1512 5130 1689 5178 autem
1716 5123 1845 5177 dicit
1874 5122 1941 5177 de
1971 5122 2081 5175 Dco

508 5212 690 5268 Verbo
709 5255 724 5279 ,
753 5213 849 5269 sed
873 5214 939 5269 de
966 5212 1180 5269 Christo
1211 5214 1519 5279 incarnato;
1554 5214 1675 5281 jure
1704 5216 1915 5269 merito.
1946 5213 2077 5268 Nam

506 5308 551 5359 si
580 5316 691 5361 erat
734 5306 786 5360 in
832 5306 1049 5373 mundo,
1078 5316 1138 5361 ut
1180 5307 1256 5360 ait
1303 5306 1571 5373 Joannes,
1607 5314 1660 5361 et
1708 5306 1940 5361 mundus
1984 5321 2077 5376 per

508 5400 680 5467 ipsum
707 5398 878 5455 factus
904 5408 986 5454 est
1015 5398 1194 5467 (Joan.
1219 5400 1271 5453 1.
1299 5400 1408 5467 10),
1436 5397 1704 5469 quomodo
1728 5399 1885 5453 aliter
1910 5398 2077 5453 intro-

508 5494 793 5545 duceretur
816 5506 975 5561 quam
1018 5490 1071 5544 in
1103 5491 1303 5545 carne?
1343 5490 1410 5543 Et
1436 5491 1650 5543 adorent
1679 5507 1825 5555 eum,
1862 5490 2069 5559 inquit,

509 5600 679 5636 attines
706 5568 872 5635 anaeli
900 5583 1016 5637 Dei.
1069 5582 1331 5651 Quoniam
1358 5583 1498 5636 enim
1531 5598 1777 5652 magnum
1809 5594 1862 5636 et
1890 5583 2072 5636 excel-

508 5689 624 5727 sum
654 5672 849 5742 aliquid
879 5682 961 5727 est
986 5673 1251 5739 dicturus,
1282 5673 1333 5727 id
1365 5675 1635 5742 pncstruit
1655 5683 1707 5728 et
1728 5672 1890 5727 efﬁcit
1915 5684 1967 5727 ut
1992 5673 2069 5726 fa-

513 5767 616 5821 cile
640 5765 955 5837 excipiatur,
983 5764 1180 5821 faciens
1220 5766 1425 5822 Patrem
1470 5765 1825 5823 introduxissc
1853 5765 2067 5822 Filium.

2217 3475 2425 3543 angelos
2448 3491 2566 3531 suos
2589 3479 2818 3546 spiritus,
2845 3491 2892 3534 et
2912 3483 3171 3538 ministros
3197 3501 3317 3539 suos
3344 3487 3605 3554 ﬂammam
3628 3488 3764 3557 ignis
3782 3505 3803 3545 :

2216 3563 2283 3616 ad
2312 3564 2503 3619 Filium
2530 3576 2694 3622 autem
2721 3584 2739 3622 ε
2766 3569 3001 3625 Thronus
3030 3584 3145 3626 tuus
3176 3572 3315 3627 Deus
3346 3576 3398 3627 in
3425 3577 3670 3630 saeculum
3701 3594 3800 3632 sat-

2214 3655 2334 3707 cuti.
2368 3655 2503 3711 Ecce
2529 3658 2760 3713 maxima
2792 3659 3118 3729 ditl‘erentia,
3150 3663 3291 3733 quod
3324 3664 3396 3717 illi
3426 3666 3639 3735 quidem
3668 3678 3801 3722 sunt

2214 3743 2413 3811 creati,
2444 3743 2531 3801 hic
2560 3756 2739 3803 autem
2768 3749 3057 3806 increatus.
3090 3753 3153 3806 Et
3178 3767 3275 3807 cur
3300 3753 3365 3808 ad
3392 3755 3616 3825 angelos
3640 3771 3795 3824 suos,

2213 3832 2415 3903 inquit,
2447 3835 2616 3904 dicit,
2647 3838 2750 3904 Qui
2790 3841 2949 3909 facit;
2978 3842 3046 3896 ad
3076 3841 3268 3896 Filium
3299 3855 3476 3898 autem
3505 3860 3661 3899 suum
3694 3862 3798 3903 cur

2211 3938 2316 3978 non
2339 3924 2493 3992 dixit,
2513 3927 2614 3993 Qui
2642 3928 2805 3983 facit?
2828 3932 2987 4002 Atqui
3011 3933 3208 3988 licebat
3225 3935 3303 3988 sic
3330 3934 3508 3989 dicere
3538 3936 3797 3993 dillercn-

2213 4014 2338 4067 tiam
2364 4032 2377 4066 :
2406 4016 2484 4071 Ad
2515 4018 2736 4087 angelos
2762 4020 2975 4089 quidem
3008 4038 3134 4078 suos
3161 4024 3312 4087 dicit,
3348 4024 3448 4090 Qui
3476 4026 3597 4097 facit
3626 4044 3793 4097 ange-

2207 4107 2282 4161 los
2306 4124 2423 4161 suas
2449 4110 2696 4179 spiritus;
2726 4113 2795 4165 ad
2838 4112 3031 4167 Filium
3072 4125 3240 4169 autem
3261 4155 3277 4181 ,
3306 4115 3555 4170 Dominus
3594 4121 3788 4174 creavit

2206 4213 2284 4251 me
2295 4212 2316 4261 ;
2346 4208 2399 4251 et
2420 4214 2626 4263 rursus,
2654 4199 2930 4256 Dominum
2950 4204 3116 4273 ipsum
3142 4215 3187 4258 et
3209 4205 3465 4260 Christum
3492 4205 3625 4261 Deus
3643 4211 3784 4279 fecit.

2204 4286 2309 4341 Sed
2339 4303 2509 4357 neque
2538 4290 2665 4343 illud
2695 4290 2894 4345 dictum
2918 4304 2998 4347 est
3018 4294 3085 4348 de
3107 4293 3323 4349 Christo
3353 4296 3580 4351 Domino
3605 4298 3777 4363 Filio;

2203 4395 2373 4451 neque
2415 4381 2515 4435 hoc
2554 4382 2622 4438 de
2661 4383 2771 4463 Deo
2793 4383 3003 4451 Verbo,
3035 4387 3131 4441 sed
3172 4387 3240 4442 de
3283 4402 3348 4442 eo
3385 4388 3525 4458 quod
3556 4405 3780 4447 carnem

2202 4473 2455 4542 suscepit.
2488 4473 2588 4528 Ubi
2619 4475 2762 4529 enim
2785 4476 2951 4531 voluit
2972 4492 3153 4532 veram
3181 4479 3485 4548 signiﬁcare
3514 4479 3781 4536 dilieren-

2202 4564 2349 4630 tiam,
2381 4578 2484 4618 non
2512 4565 2741 4634 amplius
2771 4566 3180 4635 comprehendit
3206 4568 3380 4623 solum
3406 4570 3647 4640 angelos,
3679 4574 3777 4628 sed

2199 4669 2411 4709 onmem
2429 4670 2715 4723 supernam
2739 4667 3055 4726 potestatem
3074 4657 3781 4720 administratoriam.Vides

2198 4748 2463 4820 quomodo
2485 4756 2541 4803 et
2560 4764 2717 4818 quam
2743 4750 2975 4805 dilucide
3002 4750 3206 4805 dividat
3236 4761 3510 4808 creaturas
3538 4765 3591 4809 et
3611 4754 3779 4809 Crea-

2198 4849 2389 4904 torem,
2409 4841 2685 4894 miniStros
2703 4849 2757 4893 et
2776 4840 3079 4907 Dominum,
3103 4857 3394 4912 verumque
3416 4857 3477 4897 ac
3500 4859 3777 4914 pr0prium

2196 4932 2447 4988 heredem
2477 4940 2532 4986 et
2559 4932 2776 4997 Filium,
2805 4942 2859 4987 et
2883 4934 3108 4989 servos?
3141 4934 3219 4987 Ad
3248 4934 3441 4988 Filium
3472 4944 3651 4990 autem
3682 4936 3772 4991 di-

2194 5023 2287 5088 cit,
2313 5020 2549 5075 Thronus
2580 5031 2693 5075 tuus
2722 5021 2861 5077 Deus
2886 5024 2939 5077 in
2965 5024 3207 5079 saeculum
3226 5026 3421 5080 seculi.
3457 5026 3593 5082 Ecce
3615 5030 3773 5098 regni

2193 5118 2425 5186 signum.
2457 5120 2615 5191 Virga
2640 5122 2912 5191 aquitatis,
2940 5127 3083 5197 uirga
3111 5128 3257 5198 regni
3287 5130 3380 5185 tui.
3414 5130 3556 5185 Ecce
3585 5146 3779 5186 rursus

2194 5206 2334 5263 aliud
2354 5224 2565 5281 quoque
2590 5212 2800 5282 signum
2827 5216 2997 5285 regni.
3024 5217 3229 5273 Deinde
3250 5234 3439 5275 rursus
3462 5219 3529 5275 de
3549 5236 3615 5275 eo
3631 5223 3779 5292 quod

2192 5309 2277 5354 est
2295 5316 2457 5357 carne
2484 5303 2725 5359 indutum
2754 5323 2766 5360 :
2794 5306 2849 5362 9.
2880 5307 3118 5364 Dilexisti
3134 5312 3396 5379 justitiam
3422 5323 3467 5366 et
3494 5314 3645 5368 odisti
3675 5317 3753 5369 ini
3764 5348 3783 5359 -

2191 5394 2469 5461 quitatem:
2497 5407 2762 5467 prOpterea
2806 5402 2949 5453 unxit
2990 5410 3036 5455 te
3078 5401 3237 5468 Deus,
3282 5402 3421 5458 Deus
3470 5416 3603 5461 tuus.
3634 5408 3778 5477 Quid

2190 5493 2292 5549 est,
2320 5484 2460 5541 Deus
2490 5490 2641 5543 tuus?
2663 5490 2795 5545 Nam
2827 5494 3079 5562 quoniam
3109 5510 3360 5566 magnum
3389 5506 3475 5553 est
3498 5498 3777 5571 loquutus,

2190 5574 2238 5629 id
2273 5590 2458 5631 rursus
2485 5577 2617 5633 lenit
2644 5596 2707 5636 ac
2736 5584 2961 5653 mitigat.

2262 5666 2512 5723 Aduersus
2539 5670 2750 5727 Iudaeos
2772 5718 2785 5739 ,
2819 5675 3044 5730 Paulum
3076 5678 3493 5746 Samosateuum,
3527 5684 3776 5754 Arianos,

2190 5756 2239 5811 .le
2252 5761 2521 5831 arcellum,
2548 5763 2825 5821 Sabellium
2846 5778 2894 5822 et
2924 5768 3435 5829 Maximam—llic
3461 5784 3510 5829 et
3534 5774 3776 5841 .ludzl-os.
