4020 6398
1374 144 1399 205 \

602 372 673 427 29
1294 370 1351 426 S.
1392 368 1676 426 JOANNIS
1713 368 2202 427 CHRYSOSTOMI
2243 364 2559 423 ARCHIEP.
2603 362 3154 423 CONSTANTINOP.
3780 354 3850 411 δ”

600 485 721 554 μὲν,
750 482 845 538 δύο
873 483 963 538 τὸν
1007 484 1169 539 αὐτὸν
1212 483 1447 549 δεικνὺς,
1495 486 1589 538 καὶ
1631 484 1785 553 Θεὸν,
1829 486 1927 540 καὶ
1952 484 2163 556 ἀνθρω-

599 584 698 621 πον
715 584 730 601 ·
756 569 885 632 τοὺς
913 567 970 622 δὲ
993 569 1210 633 ἀλλους,
1235 569 1362 632 τοὺς
1384 568 1596 623 Παύλου
1624 570 1766 637 λέγω
1794 570 1885 625 τοῦ
1916 571 2165 638 Σαμοσα-

597 652 754 717 τέως.
787 652 863 723 τῷ
894 654 1024 727 περὶ
1070 655 1167 725 τῆς
1204 653 1422 708 αίωνίου
1468 652 1757 725 ὑπάρξεως
1790 654 1963 709 ταῦτα
1993 654 2169 709 διαλέ-

604 736 819 804 γεσθαι,
862 740 959 794 καὶ
997 740 1097 808 τῆς
1134 740 1392 793 ἀκτίστου
1426 740 1647 804 οὐσίας·
1683 740 1819 812 πρὸς
1861 740 1970 811 γὰρ
2018 741 2168 793 ἀντι-

595 822 876 894 διαστολήν
896 823 1011 886 τοῦ,
1053 824 1351 891 Ἐποίησε,
1372 825 1452 890 τὸ,
1486 825 1547 878 '0
1568 828 1779 894 θρόνος
1815 843 1932 879 σου
1959 828 1992 880 ό
2025 826 2168 892 Θεὸς

593 908 680 972 εἰς
737 908 843 960 τόν
918 905 1102 961 αἰῶνα
1161 907 1268 961 τοῦ
1319 907 1556 975 αἰῶνος,
1609 908 1841 963 τέθεικε.
1899 908 2045 979 Πρός
2105 925 2168 961 τε

607 988 922 1058 Ἀρειανοὺς
950 989 1106 1043 τοῦτό
1132 1006 1191 1043 τε
1215 989 1345 1044 αὐτὸ
1373 992 1556 1055 πάλιν,
1590 993 1685 1046 κα)⁵
1729 992 1811 1045 ὅτι
1838 992 1899 1044 οὐ
1946 990 2131 1053 δοῦλος
2150 1004 2164 1018 ·

594 1072 719 1125 είδὲ
760 1074 987 1144 κτίσμα,
1018 1073 1223 1137 δοῦλος.
1260 1074 1407 1144 Πρὸς
1451 1074 1507 1129 δὲ
1558 1074 1879 1146 Μάρκελλον
1925 1075 2167 1138 καὶτοὺς

593 1155 810 1220 ἄλλους,
833 1157 914 1210 ὅτι
935 1156 1031 1210 δύο
1057 1158 1175 1211 ἐστὶ
1208 1157 1381 1212 ταῦτα
1407 1158 1673 1230 πρόσωπα
1700 1159 2003 1233 διῃρημένα
2025 1158 2166 1213 κατά

589 1239 687 1309 τὴν
709 1240 1009 1293 ὑπόστασιν
1032 1257 1046 1272 ⁸
1077 1241 1215 1312 πρὸς
1248 1240 1305 1294 δὲ
1327 1242 1772 1313 Μαρκιωνιστάς,
1799 1243 1879 1297 δτι
1910 1244 1944 1313 ή
1975 1243 2167 1313 θεότης

588 1322 649 1374 οὐ
681 1322 916 1393 χρίεται,
953 1323 1069 1377 ἀλλ’
1116 1326 1148 1393 ή
1194 1324 1572 1394 ἀνθρωπότης.
1626 1321 1778 1391 Εἶτα,
1810 1325 1977 1393 Παρὰ
2023 1324 2165 1390 τοὺς

586 1406 879 1475 μετόχους
903 1421 1039 1473 σου,
1072 1408 1227 1479 φησί.
1252 1407 1487 1471 Τίνεςδέ
1519 1409 1658 1462 εἰσιν
1689 1410 1739 1461 οί
1776 1410 2015 1479 μέτοχοι.
2049 1409 2163 1464 ἀλλ’

587 1489 622 1558 ἢ
654 1490 703 1542 οί
732 1489 1038 1560 ἀνθρωποις
1075 1491 1354 1553 Τουτέστι,
1381 1489 1443 1544 τὸ
1469 1491 1693 1559 Πνεῦμα
1721 1492 1822 1545 οὑκ
1863 1495 1929 1545 ὲκ
1961 1492 2162 1565 μέτρου

585 1573 780 1627 ἔλασεν
809 1576 836 1628 ὀ
868 1576 1120 1645 Χριστός.

660 1656 724 1727 β’.
777 1658 941 1729 Ὁρᾷς
963 1659 1080 1723 πῶς
1099 1662 1359 1716 συνάπτει
1398 1666 1485 1719 ἀεὶ
1507 1666 1585 1739 τῷ
1611 1665 1739 1736 περὶ
1775 1661 1874 1731 τῆς
1904 1658 2164 1713 ἀκτίστου

588 1744 803 1810 φύσεως
825 1745 919 1797 καὶ
950 1743 1042 1797 τδν
1063 1745 1307 1817 περὶτῆς
1333 1750 1649 1821 οἰκονομίας
1677 1748 1853 1815 λόγονς
1877 1743 1944 1797 Τί
1970 1742 2162 1797 τούτου

588 1826 956 1899 σαφέστερον;
988 1824 1139 1892 Εἶδες
1154 1829 1272 1893 πῶς
1287 1831 1388 1885 οὐκ
1415 1831 1532 1886 ἔστι
1560 1832 1622 1885 τὸ
1654 1831 1806 1895 αὐτὸ,
1832 1829 2039 1898 κτίσμα
2068 1825 2165 1878 καὶ

586 1909 861 1980 γέννημα;
893 1911 955 1965 οὐ
979 1913 1088 1983 γάρ
1118 1913 1185 1968 ἂν
1212 1914 1399 1976 διεῖλε,
1445 1915 1540 1970 καὶ
1572 1915 1710 1988 πρὸς
1755 1908 2165 1980 ἀντιδιαστολὴν

586 1989 704 2055 τοῦ,
722 1993 1061 2063 Ἐποίησεν,
1082 1998 1327 2068 ἐπήγαγε
1343 1998 1423 2063 τὸ,
1443 1998 1595 2066 Πρὸς
1607 1998 1675 2050 δὲ
1690 1997 1797 2051 τὸν
1821 1996 1957 2051 Υίὸν
1974 1989 2163 2048 εἶπεν·

602 2075 666 2127 Ὀ
699 2076 911 2143 θρόνος
938 2092 1056 2133 σου
1091 2082 1124 2133 ό
1147 2081 1291 2146 Θεὸς
1316 2083 1404 2148 εἰς
1433 2084 1540 2135 τὸν
1570 2080 1755 2134 αἰῶνα
1784 2079 1889 2134 τοῦ
1913 2076 2127 2142 αἰῶνος
2146 2092 2160 2106 °

586 2158 694 2211 οὐδ’
721 2157 787 2212 ἂν
814 2160 1212 2232 διαφορώτερον
1252 2164 1425 2235 ὄνομα
1456 2164 1643 2219 ὲκάλει
1663 2164 1723 2217 τὸ
1752 2163 1879 2227 Υἰδς
1899 2162 2091 2232 ὄνομα,
2116 2158 2164 2211 εἰ

586 2241 679 2295 τοῦ
696 2242 859 2295 αὑτοῦ
883 2239 952 2314 ἦν
982 2250 1227 2316 σημεῖον.
1246 2249 1406 2302 Ποῖον
1434 2248 1542 2319 γάρ
1566 2249 1626 2302 τὸ
1652 2248 1939 2317 διάφορον;
1972 2246 2021 2299 εἰ
2056 2245 2165 2317 γὰρ

585 2326 647 2378 τὸ
673 2327 878 2397 κτίσμα
915 2330 1011 2381 καὶ
1052 2330 1304 2402 γέννημα
1338 2333 1554 2398 ταύτὸν,
1584 2335 1782 2385 ἐκεῖνοι
1814 2332 1869 2384 δὲ
1909 2330 2166 2401 ἐποιήθη-

591 2430 712 2479 σαν,
739 2414 790 2468 τί
820 2414 879 2468 τὸ
900 2415 1332 2491 διαφορώτερον;
1376 2420 1504 2475 Ἰδοὺ
1529 2421 1693 2473 πάλιν
1707 2422 1786 2484 τὸ,
1804 2419 1998 2482 όΘεὸς,
2027 2419 2165 2489 μετά

586 2496 681 2550 τοῦ
713 2497 936 2570 ἄρθρου.
959 2500 1069 2553 Kal
1100 2500 1263 2555 πάλιν
1295 2503 1463 2574 φησί’
1498 2503 1640 2557 Κατ’
1687 2504 1877 2573 ἀρχὰς
1914 2502 2017 2563 σὺ,
2048 2501 2166 2554 Κύ-

581 2597 703 2648 ριε,
737 2582 852 2649 τὴν
895 2581 1012 2652 γῆν
1053 2584 1471 2652 ἐθεμελίωσας,
1507 2586 1607 2640 καὶ
1630 2588 1774 2655 ἔργα
1799 2586 1918 2638 τῶν
1950 2583 2165 2655 χειρῶν

587 2664 701 2716 σού
730 2666 889 2718 εἰσιν
919 2668 974 2718 οἰ
1002 2667 1267 2732 οὐρανοί.
1324 2668 1505 2722 Αὑτοί
1545 2667 1938 2733 ἀπολοῦνται,
1978 2666 2059 2721 σὺ
2098 2666 2167 2719 δὲ

586 2746 880 2815 διαμένεις
901 2765 915 2781 ο
949 2749 1047 2802 καί
1076 2748 1299 2815 πάντες
1323 2752 1402 2817 ὡς
1431 2752 1665 2821 ἱμάτιον
1706 2751 2164 2817 παλαιωθήσον-

584 2845 702 2892 ται,
754 2830 851 2883 καί
904 2830 1045 2885 ὠσεί
1091 2834 1468 2901 περιϐόλαιον
1523 2834 1743 2901 ἑλίξεις
1775 2835 2014 2900 αὐτοὺς,
2068 2834 2165 2887 καί

586 2913 1039 2983 ἀλλαγήσονται
1066 2932 1079 2944 ’
1134 2916 1215 2971 σὺ
1244 2916 1314 2970 δὲ
1342 2919 1375 2971 ό
1419 2919 1604 2984 αὐτὸς
1645 2915 1733 2983 ετ,
1790 2919 1889 2972 καὶ
1934 2923 2007 2972 τὰ
2060 2921 2163 2984 ἐτη

588 3014 706 3052 σου
737 3001 847 3053 οὐκ
870 3002 1290 3071 ἐκλείψουσιν.
1322 3003 1437 3057 Ἰνα
1467 3004 1540 3075 μὴ
1584 3004 1843 3068 ἀκούσας·
1875 3005 2063 3058 Ὅταν
2097 3002 2164 3057 δὲ

586 3082 883 3153 εἰσαγάγῃ
920 3084 1029 3138 τὸν
1069 3089 1455 3155 Πρωτότοκον
1496 3091 1583 3155 εἰς
1610 3088 1726 3155 τὴν
1781 3088 2161 3159 οἰκουμένην,

588 3164 664 3225 ὡς
695 3166 870 3235 δῶρον
910 3167 1137 3241 νομίσῃς
1181 3168 1318 3225 εἶναι
1363 3170 1587 3242 ὕστερον
1632 3172 1781 3243 αὑτῷ
1837 3171 2161 3244 προσδοθὲν,

588 3249 750 3303 τοῦτο
780 3252 875 3304 καὶ
918 3252 1029 3307 ἄνω
1082 3254 1557 3325 προδιωρθώσατο,
1603 3257 1697 3310 καὶ
1733 3256 1896 3310 πάλιν
1931 3256 2167 3327 ἐπιδιορ-

591 3330 779 3387 θοῦται
833 3333 1028 3402 λέγων·
1104 3338 1242 3389 Κατ’
1274 3337 1496 3407 ἀρχάς·
1538 3339 1660 3409 οὐχ).
1708 3340 1823 3405 νῦν,
1866 3339 1981 3393 ἀλλ’
2032 3338 2168 3393 ἄνω-

591 3416 701 3471 θεν.
749 3415 877 3471 Ἰδοὺ
922 3418 1081 3471 πάλιν
1118 3420 1211 3473 καὶ
1247 3420 1338 3473 τὸν
1369 3422 1694 3491 Σαμοσατέα
1736 3421 1947 3475 Παῦλον
1976 3424 2167 3494 καιρίᾳ

590 3497 820 3567 πλήττει
852 3500 1031 3571 πληγῇ
1062 3503 1154 3554 καὶ
1188 3503 1427 3573 Ἀρειον,
1458 3504 1493 3557 ἃ
1518 3506 1644 3574 περὶ
1674 3504 1767 3556 τοῦ
1800 3505 2012 3576 Πατρός
2028 3507 2162 3570 ἐστι,

590 3580 763 3633 ταῦτα
811 3584 1057 3655 ἁρμόσας
1106 3584 1185 3655 τῷ
1231 3585 1365 3657 Υἰῷ.
1416 3587 1570 3639 Μετὰ
1626 3588 1684 3640 δὲ
1732 3588 1922 3641 τούτου
1976 3589 2070 3641 καί
2113 3605 2165 3640 τι

590 3662 719 3717 ἄλλο
751 3666 1025 3735 πάρεργον
1051 3668 1292 3737 ᾐνίξατο,
1325 3668 1420 3721 καὶ
1456 3667 1640 3738 μεῖζον
1670 3669 1860 3723 τούτου
1885 3685 1897 3697 ·
1932 3672 2027 3722 καὶ
2057 3672 2165 3739 γὰρ

591 3748 691 3819 τήν
723 3751 1196 3821 μετασχημάτισιν
1216 3751 1312 3830 θεοῦ
1342 3753 1547 3821 κόσμου
1581 3753 1931 3823 παρεδήλωσε
1958 3752 2163 3819 λέγων’

602 3834 697 3901 Ὠς
753 3837 984 3904 ἱμάτιον
1020 3838 1569 3907 παλαιωθήσονται,
1627 3838 1726 3891 καί
1757 3838 1899 3891 ὡσεὶ
1938 3840 2170 3907 περιϐό-

592 3920 768 3971 λαιον
801 3918 915 3991 [27]
959 3920 1181 3986 ἑλίξεις
1233 3922 1479 3987 αὐτοὺς,
1532 3921 1631 3974 καί
1686 3920 2163 3989 ἀλλαγήσονται.

600 4002 665 4053 Ὃ
694 4002 787 4054 καὶ
825 4003 881 4053 ὲν
919 4006 983 4073 τῇ
1029 4004 1163 4074 πρὸς
1218 4004 1524 4075 Ῥωμαίους
1556 4005 1742 4073 φησὶν,
1782 4005 1865 4057 ὅτι
1894 4020 2169 4074 μετασχη-

596 4084 813 4155 ματίσει
854 4086 945 4139 τὸν
1006 4088 1231 4156 κόσμον.
1278 4088 1387 4141 Καὶ
1426 4089 1487 4141 τὸ
1535 4087 1757 4141 εὔκολον
1813 4087 1991 4157 δηλῶν
2018 4130 2033 4152 ,
2068 4090 2169 4141 ὲπ-

594 4173 822 4242 ήγαγενο
872 4174 1142 4239 Ἑλίξεις.
1178 4176 1389 4245 Ὥσπερ
1421 4177 1527 4247 γάρ
1547 4175 1612 4228 ἂν
1642 4179 1693 4227 εί
1714 4193 1797 4239 τις
1824 4175 2170 4245 περιϐόλαιον

596 4256 766 4327 ἑλίξῃ,
784 4256 955 4320 οὕτως
973 4259 1133 4320 αὐτὸς
1155 4260 1245 4312 τὸν
1268 4261 1468 4331 κόσμον
1499 4261 1593 4313 καὶ
1622 4258 1785 4324 ὲλίξει
1809 4260 1904 4310 καὶ
1921 4257 2166 4323 ἀλλάξει.

596 4340 659 4392 Εἰ
690 4342 743 4393 δὲ
771 4342 868 4411 τὴν
890 4342 982 4394 ἐπὶ
1032 4342 1091 4394 τὸ
1127 4343 1335 4412 βέλτιον
1390 4343 1486 4397 καὶ
1514 4343 1575 4395 τὸ
1610 4345 1854 4411 κρεῖττον
1891 4358 2169 4411 μετασχη-

599 4425 819 4493 μάτισιν
842 4427 932 4479 καὶ
965 4426 1327 4497 δημιουργίαν
1348 4426 1519 4489 οὕτως
1559 4427 1794 4488 εὐκόλως
1850 4428 2168 4497 ἐργάζεται,

596 4511 689 4562 ἐπὶ
713 4510 813 4579 τῆς
844 4510 1121 4574 ἐλάττονος
1145 4511 1503 4581 δημιουργίας
1530 4512 1716 4579 ἑτέρου
1741 4510 1946 4574 ὲδεῖτο;
1988 4511 2171 4582 Μέχρι

595 4592 741 4655 τίνος
770 4595 869 4646 οὐκ
909 4595 1265 4663 αἰσχύνεσθε;
1311 4596 1462 4663 ’Ἅμα
1486 4594 1542 4646 δὲ
1573 4594 1667 4646 καὶ
1708 4594 2035 4663 παραμυθία
2072 4611 2170 4665 με·-

597 4677 760 4745 γίστη
796 4676 956 4730 τοῦτό
985 4681 1121 4742 ἐστι,
1165 4677 1225 4730 τὸ
1254 4678 1456 4745 γνῶναι
1495 4678 1575 4729 ὅτι
1615 4677 1715 4729 οὐκ
1766 4676 2078 4731 ἔσταιοῦτω
2102 4679 2169 4731 τά

600 4760 1083 4829 πράγματα.ἀλλά
1116 4762 1184 4813 τὰ
1221 4761 1395 4813 πάντα
1434 4761 1735 4831 μεταὸολὴν
1778 4762 2031 4832 λήψεται,
2075 4763 2171 4815 καὶ

599 4844 781 4897 πάντα
833 4845 1278 4917 ὲναλλαγήσεται,
1337 4846 1498 4909 αὐτὸς
1548 4846 1604 4898 δὲ
1661 4847 1811 4917 μένει
1877 4848 2172 4909 διαπαντὸς

599 4925 709 4988 ζῶν
731 4938 779 4991 α,
806 4930 899 4979 καὶ
923 4928 1163 4997 ἀπείρως
1200 4928 1307 4993 ζῶν
1330 4945 1341 4957 ·
1402 4929 1511 4982 Καὶ
1558 4930 1630 4982 τὰ
1674 4928 1779 4995 ἐτη
1808 4946 1945 4991 σου,
1982 4932 2169 4999 φησὶν,

599 5012 712 5063 οὐκ
759 5010 1132 5079 ἐκλείψουσι.
1202 5013 1321 5065 Τίνι
1380 5012 1448 5064 δὲ
1502 5011 1618 5065 τῶν
1670 5012 1941 5082 ἀγγέλων
1972 5015 2174 5079 εἴρηκέ

600 5107 766 5145 ποτεο
814 5095 1011 5148 Κάθου
1058 5096 1124 5147 ἐκ
1174 5095 1386 5155 δεξιῶν
1419 5114 1556 5164 μου,
1598 5095 1708 5159 ἕως
1770 5095 1848 5148 ἂν
1895 5095 1975 5149 θῶ
2032 5096 2174 5161 τοὺς

602 5176 856 5243 ἐχθρούς
893 5191 1009 5230 σου
1040 5178 1373 5231 ὑποπόδιον
1430 5177 1547 5230 τῶν
1598 5177 1798 5231 ποδῶν
1836 5194 1990 5241 σου;
2042 5179 2171 5232 Ἰδοὺ

604 5259 768 5311 πάλιν
791 5260 984 5324 αὐτοὺς
1018 5261 1449 5332 παραθαῤῥύνει,
1474 5261 1526 5313 εί
1546 5278 1611 5327 γε
1642 5261 1884 5331 μέλλοιεν
1901 5264 1950 5315 οί
1979 5262 2170 5332 ἐχθροὶ

607 5344 785 5397 αὐτῶν
820 5346 1240 5415 ἡττηθήσεσθαι,
1270 5348 1363 5399 καὶ
1391 5346 1576 5417 ἐχθροὶ
1622 5346 1800 5399 αὐτῶν
1832 5348 1881 5399 οἱ
1914 5348 2067 5401 αὐτοί
2099 5350 2174 5401 εἰ-

608 5444 713 5493 σιν,
763 5428 812 5481 οἳ
852 5430 945 5481 καὶ
973 5429 1066 5481 τοῦ
1120 5429 1382 5500 Χριστοῦ.
1437 5430 1607 5483 Τοῦτο
1663 5430 1823 5482 πάλιν
1873 5431 2171 5501 βασιλείας,

606 5513 761 5565 τοῦτο
807 5514 1113 5583 ὁμοτιμίας,
1166 5514 1322 5568 τοῦτο
1350 5516 1533 5584 τιμῆς,
1566 5514 1667 5567 οὐκ
1714 5514 2053 5583 ἀδυναμίας,
2115 5518 2175 5569 τὸ

606 5597 701 5647 τὸν
738 5596 953 5666 Πατέρα
977 5596 1293 5667 ὀργίζεσθαι
1317 5598 1453 5667 ὑπὲρ
1488 5597 1593 5648 τῶν
1618 5597 1696 5657 εἰς
1718 5596 1810 5647 τὸν
1842 5596 1968 5650 Υἱὸν
2016 5615 2175 5667 γεγε-

608 5696 671 5747 νη
682 5679 854 5747 μένων
881 5696 892 5709 ο
934 5679 1091 5731 τοῦτο
1116 5680 1317 5750 πολλῆς
1370 5680 1589 5748 ἀγάπης
1612 5678 1810 5747 δεῖγμα
1843 5683 1934 5733 καὶ
1956 5682 2173 5750 γνησιό-

675 5943 697 5967 ι
726 5933 905 5992 Ιιοεεζη
932 5932 1177 5987 διαπαντὸς
1204 5934 1285 5980 ων.

2271 499 2432 553 τητος
2457 483 2557 553 τῆς
2575 481 2652 545 ὡς
2680 482 2788 535 ἀπὸ
2816 482 3025 551 πατρὸς
3054 479 3191 549 πρὸς
3217 474 3333 529 υἱόν
3360 472 3410 527 δ.
3457 472 3515 525 Ὀ
3550 470 3665 541 γὰρ
3694 466 3861 539 ὀργι-

2274 574 2503 644 ζόμενος
2552 572 2691 643 ὑπὲρ
2732 572 2921 635 αὑτοῦ,
2954 571 3072 633 πῶς
3108 567 3389 652 ἀλλότριος
3428 559 3610 652 ἀὑτοῦ
3656 560 3861 652 ξστιν

2273 643 2428 723 Ἕως
2450 656 2529 711 ἂν
2556 656 2637 712 θῶ
2662 655 2805 721 τοὺς
2834 655 3089 725 ἐχθρούς
3123 667 3261 707 σου.
3295 650 3481 735 ὍμπερΔ
3525 644 3626 735 καλἶ
3671 643 3738 694 ὲν
3784 643 3865 735 τῇ)

2269 742 2507 811 δευτέρῳ
2528 738 2727 809 ψαλμῷ
2758 753 2925 808 φησιν
2948 755 2963 770 ο
3009 736 3073 789 '0
3131 729 3427 788 κατοικῶν
3456 728 3527 782 ἐν
3565 727 3863 811 οὐρανοῖς

2267 809 2659 894 ἐκτελάσεται
2704 820 2961 886 αὐτοὺς,
2996 816 3097 873 καί
3149 820 3181 871 ό
3226 816 3441 882 Κύριος
3470 809 3870 880 ἐκμυκτηριεῖ

2267 909 2508 972 αὐτούς.
2559 909 2694 961 Τότε
2716 904 2978 972 λαλήσει
3006 901 3157 971 πρὸς
3184 899 3407 965 αὐτοὺς
3436 898 3508 952 ἐν
3550 897 3703 969 ὀργῇ
3756 899 3865 951 αὑ-

2268 992 2402 1057 τοῦ,
2434 990 2533 1045 καί
2570 990 2639 1044 ἐν
2664 989 2745 1055 τῷ
2773 987 2936 1056 θυμῷ
2958 984 3147 1040 αὐτοῦ
3191 981 3434 1051 ταράξει
3470 984 3719 1050 αὐτούς.
3745 982 3864 1035 Kal

2268 1076 2431 1131 πάλιν
2453 1074 2616 1137 αὑτός
2637 1089 2771 1142 φησι
2799 1088 2812 1103 ·
2857 1069 3003 1135 Τοὺς
3020 1067 3106 1138 μὴ
3130 1065 3517 1135 θελήσαντάς
3543 1083 3621 1135 με
3664 1067 3865 1129 ,βασι-

2266 1160 2484 1216 λεῦσαι
2508 1159 2600 1212 ἐπ’
2624 1155 2867 1221 αὐτοὺς.
2898 1153 3147 1223 ἀγάγετε
3168 1146 3285 1204 ὧδε
3304 1149 3566 1202 ἐνώπιόν
3581 1168 3731 1218 μου,
3762 1147 3864 1203 καί

2268 1239 2690 1310 κατασφάξατε
2732 1236 2974 1299 αὐτούς.
3009 1235 3135 1287 Ὀτι
3174 1232 3281 1305 γάρ
3307 1230 3474 1285 αὑτοῦ
3507 1232 3622 1284 ὲστι
3651 1232 3722 1285 τά
3757 1232 3863 1301 ῥή-

2271 1342 2434 1396 ματα,
2467 1324 2698 1376 ᾶκουσον
2732 1320 2783 1373 τί
2826 1334 2960 1388 φησι
2989 1318 3085 1371 καὶ
3118 1314 3349 1385 ἑτέρωθι
3369 1330 3383 1343 ⁸
3414 1314 3683 1379 Ποσάκις
3714 1313 3862 1382 ἠθέ-

2266 1412 2431 1475 λησα
2447 1401 2918 1473 ἐπισυναγαγεῖν
2938 1400 3011 1453 τὰ
3039 1399 3222 1454 τέκνα
3247 1413 3387 1464 σου,
3427 1397 3524 1450 καί
3556 1400 3671 1451 οὐκ
3717 1398 3862 1465 ἠθε-

2265 1492 2493 1557 λήσατε
2516 1506 2533 1553 ;
2573 1487 2728 1543 Ἰδοὺ
2749 1486 2981 1555 ἀφίεται
3005 1482 3149 1552 ὑμῖν
3175 1485 3209 1536 ό
3231 1477 3398 1546 οἶκος
3424 1478 3591 1548 ὑμῶν
3605 1482 3857 1549 ἕρημος.

2266 1575 2376 1627 Kal
2408 1574 2587 1636 πάλιν,
2619 1567 2967 1639 Ἀρθήσεται
3011 1564 3112 1633 ἀφ’
3135 1561 3303 1632 ὑμῶν
3348 1564 3383 1629 ή
3408 1562 3723 1626 βασιλεία,
3755 1561 3861 1615 καί

2266 1657 2585 1726 δοθήσεται
2630 1655 2788 1708 ἔθνει
2831 1649 3099 1703 ποιοῦντι
3130 1646 3273 1710 τοὺς
3303 1645 3573 1713 καρποὺς
3621 1644 3855 1712 αὐτῆς’

2268 1738 2363 1792 καὶ
2385 1738 2568 1804 πάλιν,
2620 1731 2679 1789 '0
2704 1733 2910 1788 πεσὼν
2924 1730 3025 1784 ὲπί
3050 1730 3161 1783 τὸν
3178 1729 3355 1782 λίθον
3403 1728 3643 1791 τοῦτον,
3693 1743 3856 1783 συν-

2268 1820 2673 1887 θλασθήσεται
2696 1834 2712 1849 ο
2729 1817 2820 1886 ἐφ’
2852 1816 2921 1869 ὃν
2944 1815 2994 1867 δ’
3018 1814 3094 1867 ἂν
3108 1811 3290 1878 πέσῃ,
3321 1811 3606 1879 λικμήσει
3637 1814 3857 1866 αὐτόν.

2271 1903 2479 1966 Ἄλλως
2506 1902 2585 1969 δὲ,
2612 1904 2641 1956 ό
2679 1900 2887 1971 μέλλων
2954 1900 3072 1951 ὲκετ
3116 1899 3325 1966 κρίνειν
3382 1895 3600 1958 αὐτοὺς,
3663 1895 3860 1965 πολλῷ

2270 1987 2469 2060 μᾶλλον
2497 1986 2694 2048 αὐτοὺς
2740 1985 2897 2053 δίκην
2944 1979 3181 2035 ἐνταῦθα
3215 1979 3317 2048 τῆς
3344 1980 3425 2042 εἰς
3448 1977 3615 2032 αὑτὸν
3646 1995 3857 2049 παροι-

2266 2072 2383 2135 νίας
2408 2070 2707 2141 ἀπῄτησεν.
2728 2068 2890 2120 Ὥστε
2917 2066 3084 2135 τιμῆς
3122 2063 3289 2132 μόνης
3338 2062 3456 2115 ἐστὶ
3496 2065 3599 2131 τῆς
3635 2063 3720 2124 είς
3760 2062 3862 2114 τὸν

2266 2156 2417 2220 Υίδν,
2443 2153 2523 2217 τὸ,
2559 2153 2710 2217 Ἕως
2738 2152 2813 2205 ἂν
2841 2148 2921 2205 θῶ
2940 2148 3082 2214 τοὺς
3108 2146 3361 2217 ἐχθρούς
3380 2154 3497 2200 σου
3512 2145 3860 2199 ὑποπόδιον

2266 2237 2383 2292 τῶν
2406 2236 2607 2291 ποδῶν
2640 2250 2779 2289 σου.

2331 2319 2476 2389 Οὐχί
2522 2318 2743 2382 πάντες
2798 2315 2917 2371 εἰσί
2971 2310 3353 2380 λειτουργικὰ
3394 2311 3730 2377 πνεύματα,
3765 2311 3860 2375 εἰς

2266 2404 2574 2457 διακονίαν
2595 2398 3093 2466 ἀποστελλόμενα
3151 2393 3267 2467 |28]
3293 2394 3391 2448 διὰ
3412 2393 3557 2459 τοὺς
3581 2391 3855 2462 μέλλον-

2266 2504 2371 2552 τας
2388 2484 2791 2553 κληρονομεῖν
2814 2484 3151 2549 σωτηρίαν;
3186 2480 3250 2532 Τί
3285 2476 3621 2549 θαυμαστὸν,
3656 2477 3855 2548 φησὶν,

2265 2573 2312 2623 εί
2341 2568 2418 2639 τῷ
2442 2566 2557 2637 Υἰῴ
2588 2563 3020 2634 λειτουργοῦσιν,
3048 2564 3177 2615 ὅταν
3215 2563 3309 2615 καὶ
3345 2561 3483 2631 πρὸς
3524 2560 3626 2630 τὴν
3651 2561 3859 2630 ἡμετέ-

2268 2670 2368 2724 ραν
2391 2650 2662 2721 σωτηρίαν
2686 2645 3075 2718 λειτουργῶσιν
3102 2661 3117 2710 ;
3159 2647 3303 2713 Ὅρα
3346 2643 3466 2706 πῶς
3498 2642 3719 2713 ἐπαίρει
3747 2644 3853 2697 αὺ-

2265 2734 2375 2787 τῶν
2424 2732 2493 2787 τὰ
2526 2734 2871 2802 φρονήματα,
2920 2730 3015 2783 καὶ
3064 2727 3267 2797 πολλὴν
3296 2727 3539 2780 δείκνυσι
3570 2726 3665 2779 τοῦ
3706 2726 3853 2779 Θεοῦ

2266 2816 2365 2888 τὴν
2403 2818 2481 2880 είς
2508 2817 2655 2886 ἡμᾶς
2688 2814 2872 2885 τιμὴν,
2904 2813 3063 2883 εἴπερ
3091 2810 3358 2879 ἀγγέλους
3378 2812 3505 2872 τοὺς
3529 2810 3669 2881 ὑπὲρ
3694 2811 3853 2880 ἡμᾶς

2264 2900 2468 2969 ταύτην
2498 2898 2683 2967 ἔταξεν
2715 2898 2858 2967 ἔχειν
2884 2896 3180 2959 διακονίαν,
3216 2893 3314 2965 τὴν
3350 2892 3493 2964 ὑπὲρ
3524 2892 3706 2964 ήμῶν.
3753 2894 3848 2967 Ὠς

2268 2983 2335 3037 ἂν
2359 2983 2499 3037 εἴποι
2532 3000 2636 3047 τις,
2672 2983 2768 3044 Εἰς
2797 2980 2955 3033 τοῦτο
2982 2980 3248 3050 κέχρηται
3265 2979 3469 3042 αὐτοῖς,
3508 2978 3662 3048 φησὶ,
3685 2975 3856 3031 τοῦτο

2266 3068 2515 3137 ἀγγέλων
2541 3066 2873 3138 λειτουργία,
2901 3064 2961 3116 τὸ
2982 3064 3253 3117 διακονεῖν
3282 3062 3359 3133 τῷ
3394 3061 3513 3131 Θεῴ
3547 3062 3627 3124 εἰς
3661 3078 3845 3130 σωτη-

2269 3152 2389 3223 ρίαν
2412 3152 2708 3222 ἡμετέραν.
2750 3150 2912 3201 Ὢστε
2962 3146 3255 3215 ἀγγελικδν
3290 3145 3450 3217 ἔργον
3500 3144 3663 3197 τοῦτό
3702 3146 3851 3208 ἐστι,

2266 3237 2327 3287 τὸ
2357 3236 2532 3288 πάντα
2572 3236 2746 3286 ποιεῖν
2776 3232 2855 3294 εἰς
2890 3228 3166 3301 σωτηρίαν
3209 3228 3317 3281 τῶν
3354 3227 3603 3296 ἀδελφῶν
3639 3244 3653 3257 ο
3710 3226 3857 3297 μᾶλ-

2267 3318 2357 3373 λον
2382 3318 2437 3372 δὲ
2468 3316 2631 3371 αὐτοῦ
2659 3316 2752 3369 τοῦ
2787 3313 3028 3385 Χριστοῦ
3062 3313 3123 3365 τὸ
3152 3312 3310 3383 ἔργον
3334 3312 3512 3364 ἐστίν·
3548 3311 3712 3375 αὐτὸς
3748 3312 3857 3382 μὲν

2269 3402 2377 3471 γὰρ
2406 3401 2481 3464 ὡς
2523 3399 2801 3467 Δεσπότης
2862 3396 3046 3461 σώζει.
3079 3389 3225 3449 οὗτοι
3270 3396 3327 3449 δὲ
3366 3396 3440 3457 ὼς
3487 3395 3688 3449 δοῦλοι.
3737 3397 3858 3450 Kal

2268 3486 2425 3554 ἡμεῖς
2464 3484 2511 3535 εξ
2561 3483 2653 3534 καὶ
2706 3480 2902 3539 δοῦλοι,
2961 3478 3100 3532 ἀλλά
3150 3477 3426 3529 σύνδουλοι
3466 3478 3738 3545 ἀγγέλων.
3776 3479 3847 3530 Τί

2267 3568 2530 3636 κεχήνατε
2566 3565 2700 3636 πρὸς
2728 3566 2853 3625 τοὺς
2874 3562 3161 3629 ἀγγέλους,
3198 3560 3366 3630 φησί;
3398 3560 3587 3613 Δοῦλοί
3612 3562 3719 3614 εἰσι
3751 3562 3854 3613 τοῦ

2270 3648 2398 3701 Υίοῦ
2450 3648 2544 3701 τοῦ
2602 3645 2761 3709 Θεοῦ,
2826 3646 2922 3698 καὶ
2951 3643 3223 3713 πολλαχοῦ
3267 3642 3335 3696 δι’
3391 3644 3542 3713 ἡμᾶς
3599 3644 3857 3713 πέμπον-

2266 3750 2377 3793 ται,
2414 3732 2507 3785 καὶ
2535 3729 2669 3800 πρὸς
2697 3728 2970 3800 σωτηρίαν
2996 3728 3096 3798 τὴν
3124 3726 3398 3797 ἡμετέραν
3416 3726 3856 3800 λειτουργοῦσιν

2269 3814 2410 3868 ὥστε
2438 3813 2713 3884 ὁμόδουλοι
2742 3812 2899 3883 ήμῶν
2923 3813 3083 3863 εἰσιν.
3130 3809 3453 3880 Ἐννοήσατε
3482 3808 3598 3872 πῶς
3628 3810 3691 3863 οὐ
3717 3812 3860 3863 πολ-

2269 3896 2364 3967 λὴν
2389 3897 2571 3949 δίδωσι
2601 3897 2711 3958 τοῖς
2753 3895 3019 3963 κτίσμασι
3049 3893 3316 3963 διαφοράν
3344 3907 3355 3920 '
3406 3891 3584 3944 καίτοι
3620 3893 3758 3945 πολὺ
3798 3895 3862 3946 τὸ

2273 3983 2433 4052 μέσον
2479 3980 2727 4049 ἀγγέλων
2757 3982 2853 4031 καὶ
2895 3978 3225 4048 ἀνθρώπων·
3259 3977 3375 4031 ἀλλ’
3428 3979 3582 4047 ὅμως
3619 3977 3861 4047 πλησίον

2268 4064 2425 4136 ήμῶν
2463 4063 2664 4125 αὐτοὺς
2718 4062 2951 4129 κατάγει
3000 4071 3047 4124 ο,
3104 4062 3389 4131 μονονουχὶ
3433 4060 3630 4128 λέγων·
3686 4060 3862 4132 Ἡμῖν

2269 4148 2557 4215 κάμνουσι,
2577 4146 2642 4197 δι’
2666 4147 2813 4215 ἡμᾶς
2846 4162 2913 4196 πε
2926 4144 3291 4215 ριτρέχουσιν,
3332 4146 3486 4214 ἡμῖν,
3512 4144 3586 4207 ὡς
3616 4144 3680 4197 ἂν
3705 4145 3863 4199 εἴποι

2267 4247 2366 4290 τις,
2410 4227 2793 4298 ὑπηρετοῦσιν.
2831 4227 2977 4298 Αὕτη
3014 4228 3162 4279 ἐστὶν
3193 4228 3225 4296 ή
3258 4226 3508 4280 διακονία
3558 4227 3764 4292 αὐτῶν,
3798 4229 3864 4282 τὸ

2269 4312 2334 4364 δι’
2366 4312 2510 4381 ἡμᾶς
2546 4311 2821 4379 πανταχοῦ
2854 4310 3194 4379 πέμπεσθαι.

2341 4400 2407 4461 γ’.
2438 4394 2544 4447 Kal
2560 4393 2761 4445 τούτων
2776 4395 2882 4447 τῶν
2912 4394 3327 4462 ὑποδειγμάτων
3355 4394 3525 4463 μεστὴ
3560 4393 3657 4462 μὲν
3683 4395 3716 4464 ή
3747 4395 3865 4447 Πα-

2270 4476 2417 4539 λαιὰ,
2466 4477 2636 4545 μεστὴ
2686 4475 2742 4528 δὲ
2784 4480 2876 4529 καὶ
2928 4479 2961 4546 ἡ
3015 4478 3213 4545 Καινή.
3269 4476 3439 4529 Ὅταν
3478 4476 3587 4546 γὰρ
3629 4477 3863 4544 ἄγγελοι

2272 4560 2534 4629 ποιμένας
2554 4560 3034 4628 εὐαγγελίζωνται,
3065 4561 3194 4613 ὅταν
3224 4559 3322 4631 τὴν
3340 4561 3595 4629 Μαριὰμ,
3613 4562 3742 4613 ὅταν
3765 4562 3863 4613 τὸν

2286 4643 2501 4713 Ἰωσὴφ,
2550 4644 2675 4695 ὅταν
2709 4644 2802 4695 ἐπὶ
2854 4644 2947 4695 τοῦ
2984 4645 3271 4713 μνήματος
3317 4642 3679 4705 καθέζωνται,
3727 4645 3863 4697 ὅταν

2274 4728 2596 4797 πέμπωνται
2622 4728 2794 4780 εἰπεῖν
2816 4730 2925 4789 τοῖς
2949 4727 3234 4796 μαθηταῖς·
3264 4727 3505 4795 Ἄνδρες
3520 4728 3862 4793 Γαλιλαῖοι,

2275 4814 2330 4865 τί
2359 4811 2655 4878 ἑστήκατε
2669 4810 3015 4877 ,βλέποντες
3034 4813 3117 4876 εἰς
3150 4810 3257 4863 τὸν
3271 4802 3567 4878 οὐρανόν;
3589 4812 3720 4864 ὅταν
3751 4813 3863 4865 Πέ-

2274 4914 2399 4967 τρον
2418 4896 2696 4949 ἀπολύωσι
2716 4895 2810 4947 τοῦ
2830 4895 3229 4966 δεσμωτηρίου,
3253 4896 3383 4949 ὅταν
3399 4896 3650 4967 Φιλίππῳ
3677 4896 3863 4951 διαλέ-

2274 5006 2496 5057 γωνται,
2518 4988 2633 5051 πῶς
2652 4988 2782 5055 ήμῖν
2804 4987 2901 5057 οὐχ
2936 4988 3302 5057 ὑπουργοῦσιν
3326 5006 3339 5053 ;
3380 4988 3661 5059 Ἐννόησον
3675 4988 3862 5043 τοίνυν

2274 5073 2373 5142 τὴν
2397 5072 2580 5141 τιμὴν,
2612 5072 2714 5139 ὅση
2742 5073 3022 5140 τυγχάνει,
3046 5071 3175 5124 ὅταν
3190 5072 3265 5136 ὼς
3283 5072 3418 5142 πρὸς
3441 5072 3627 5141 φίλους
3660 5073 3860 5145 πέμπῃ

2274 5156 2557 5217 διακόνους
2585 5156 2711 5217 τοὺς
2756 5154 3022 5222 ἀγγέλους
3053 5156 3081 5207 δ
3113 5156 3265 5217 Θεὸς,
3291 5157 3418 5209 ὅταν
3447 5156 3735 5227 Κορνηλίῳ
3760 5160 3864 5225 ἄγ-

2277 5241 2428 5309 γελος
2469 5239 2748 5309 φαίνηται,
2804 5240 2931 5290 ὅταν
2982 5238 3191 5301 πάντας
3221 5240 3346 5303 τοὺς
3370 5240 3702 5303 ἀποστόλους
3747 5242 3861 5294 ἀπὸ

2275 5325 2368 5377 τοῦ
2396 5322 2769 5392 δεσμωτηρίου
2800 5321 3029 5389 ἄγγελος
3086 5322 3341 5394 mann,
3380 5326 3471 5376 καὶ
3520 5324 3653 5395 λέγῃ
3686 5341 3699 5353 ⁸
3738 5328 3859 5379 Πο-

2270 5408 2590 5477 ρευθέντες
2612 5406 2817 5473 στῆτε,
2851 5407 3202 5461 καίλαλεῖτε
3233 5409 3301 5461 ἐν
3326 5409 3403 5473 τῷ
3443 5408 3576 5477 ἱερῷ
3618 5409 3696 5474 τῷ
3731 5410 3863 5475 λαῷ

2278 5494 2349 5545 τὰ
2380 5492 2619 5560 ῥήματα
2661 5490 2771 5558 τῆς
2801 5490 2951 5558 ζωῆς
2984 5492 3226 5560 ταύτης.
3288 5494 3352 5544 Τί
3390 5495 3455 5546 τά
3489 5494 3623 5547 ἄλλα
3675 5494 3857 5560 λέγω;

2280 5579 2372 5630 καὶ
2420 5576 2568 5645 αὐτῷ
2601 5575 2799 5644 Παύλῳ
2844 5575 3073 5642 ἄγγελος
3125 5577 3393 5643 φαίνεται.
3456 5578 3617 5648 Ὁρᾷς
3659 5580 3858 5641 αὐτοὺς

2342 5793 2373 5833 b
2395 5791 2667 5855 Commelw
2691 5790 2836 5839 Savil.
2862 5789 2911 5838 in
2938 5804 3089 5852 marg.
3116 5798 3168 5839 et
3206 5793 3383 5853 Rogg.,
3408 5792 3549 5841 τοῦτο
3576 5800 3657 5851 τῆς
3684 5796 3863 5855 πολλῆς

2286 5854 2388 5914 περὶ
2410 5851 2834 5917 τὸνγΥίὸτ-ἀγάπης
2859 5856 2921 5908 ὡς
2940 5851 3113 5917 πατρὸς
3131 5856 3243 5914 πρὸς
3266 5851 3382 5901 υἷὸν.

2350 5918 2371 5945 ε
2403 5914 2575 5975 Sa\‘il.,
2598 5913 2765 5970 αὐτοὺς
2790 5916 2967 5972 ἵστησι.
