4020 6402
194 403 263 457 29
1082 388 1151 446 IN
1190 388 1408 444 EPIS‘I’.
1450 384 1544 441 AD
1581 381 1786 438 HEBR.

1903 381 1947 438 Ξ.
1987 379 2141 437 CAP.
2182 381 2224 438 l.
2268 379 2502 439 liOMlL.
2545 378 2630 437 ΙΙΙ.
3429 378 3501 433 30

185 514 243 557 cl.
269 502 419 558 Pauli
445 502 783 559 Samosateni
811 503 1069 570 asseclas,
1097 512 1153 559 et
1172 502 1422 570 Arianos,
1445 500 1788 558 Marcellum-

183 609 292 663 que
325 602 384 650 et
409 592 701 650 Sabellium
734 595 877 649 feriit
897 602 953 649 et
975 594 1324 649 Marcionem.
1359 592 1790 662 Quomodo?.lu-

183 686 338 741 datos
364 685 603 757 quidem,
631 685 922 741 ostendens
958 701 1123 740 unum
1152 700 1272 740 esse
1299 684 1425 750 duo,
1454 693 1509 739 et
1537 684 1706 741 Deum
1734 696 1788 741 et

184 775 465 832 hominem
498 796 512 833 :
543 777 680 832 alios
709 786 908 837 antem.
943 777 1119 837 Pauli.
1154 776 1415 847 inquam,
1445 775 1786 831 Samosateni

184 868 448 932 assecias,
480 868 623 939 quod
655 869 771 924 haec
800 868 944 924 dicat
968 868 1036 923 de
1065 877 1265 923 azterna
1292 868 1596 923 substantia
1624 877 1680 925 et
1705 871 1787 924 in—

184 968 370 1014 creata
400 962 635 1016 essentia
665 979 679 1014 :
711 976 835 1016 nam
866 960 931 1015 ad
959 959 1397 1031 distinguendum
1431 959 1584 1027 illud,
1615 959 1781 1027 Fecit,

186 1052 293 1105 hoc
342 1052 559 1120 posuit:
588 1050 827 1107 Tlironus
870 1062 985 1106 tuus
1025 1051 1164 1106 Deus
1206 1052 1260 1106 in
1298 1051 1548 1107 sarculum
1585 1053 1781 1109 seculi.

183 1139 468 1197 Adversus
497 1144 731 1198 Arianos
760 1152 960 1211 autem,
990 1158 1183 1199 rursus
1209 1142 1316 1200 hoc
1343 1145 1543 1215 ipsum,
1567 1154 1624 1201 et
1643 1146 1784 1216 quod

184 1247 297 1287 non
328 1232 403 1286 sit
430 1247 615 1288 servus
644 1248 659 1287 :
693 1234 738 1288 si
769 1245 949 1289 autem
979 1242 1065 1290 est
1105 1244 1353 1290 creatura
1377 1278 1393 1303 ,
1434 1251 1627 1292 servus
1676 1246 1781 1295 est.

186 1323 470 1380 Adversus
499 1325 806 1381 Marcellum
834 1335 1012 1381 autem
1058 1336 1111 1383 et
1148 1327 1291 1383 alios
1310 1368 1325 1395 ,
1355 1328 1497 1400 quod
1525 1330 1633 1385 sint
1664 1329 1784 1387 dua:

184 1429 438 1485 persona:
462 1415 647 1471 divisa:
677 1432 773 1486 per
799 1416 1136 1489 hypostasim
1163 1437 1177 1474 :
1208 1418 1471 1476 adversus
1502 1421 1785 1477 Marcioni-

183 1518 300 1561 stas
330 1516 509 1561 autem
530 1547 545 1570 ,
575 1507 717 1576 quod
760 1507 1012 1564 divinitas
1041 1525 1151 1565 non
1181 1520 1431 1583 ungatur,
1464 1513 1557 1569 sed
1590 1514 1784 1568 buma-

183 1599 353 1653 nitas.
383 1598 609 1669 Deinde,
644 1598 767 1654 Pra:
797 1602 1137 1673 participibus
1167 1604 1291 1670 tuis,
1329 1603 1521 1676 inquit.
1553 1604 1783 1671 Quinam

184 1699 369 1743 autem
398 1698 527 1743 sunt
558 1691 865 1761 participes,
898 1692 999 1746 nisi
1031 1692 1323 1749 homines?
1354 1695 1465 1750 lloc
1492 1706 1595 1761 est,
1624 1696 1786 1751 Chri—

182 1789 306 1835 stus
323 1780 803 1849 accepitSpiritnm
828 1797 934 1837 non
958 1783 1025 1838 ad
1051 1799 1359 1840 mensuram
1390 1785 1568 1859 (Ioau.
1590 1789 1643 1844 5.
1666 1789 1783 1860 54).

257 1871 313 1925 2.
362 1871 522 1926 Vides
542 1873 810 1942 quomodo
827 1876 1062 1929 sermoni
1087 1875 1155 1930 de
1185 1884 1369 1930 natura
1400 1878 1636 1934 increata
1656 1894 1786 1935 con-

179 1964 926 2033 jungatsemperscrmonem
961 1966 1029 2022 de
1068 1966 1492 2037 dispensatione.
1526 1971 1663 2039 Quid
1704 1980 1790 2028 est

188 2056 293 2110 hoc
323 2054 614 2110 dilucidius
638 2059 661 2108 ‘t
694 2056 851 2112 Vides
872 2067 1179 2114 creaturam
1201 2070 1251 2116 et
1274 2062 1516 2131 genitum
1539 2080 1642 2119 non
1668 2080 1789 2121 esse

187 2145 369 2199 idem?
401 2160 506 2200 non
533 2146 675 2201 enim
705 2145 996 2219 divisisset,
1020 2161 1074 2205 et
1101 2166 1167 2207 ex
1193 2151 1423 2209 adverso
1454 2154 1595 2209 illius
1616 2154 1785 2224 Fecit,

180 2244 588 2312 thjunxisset:
616 2245 697 2297 Ad
741 2244 936 2299 Filium
984 2257 1151 2301 autem
1195 2250 1346 2314 dixit,
1394 2249 1631 2305 Thronus
1672 2263 1790 2309 tuus

177 2335 323 2390 Deus
348 2336 403 2389 in
433 2337 679 2390 saeculum
703 2336 917 2403 seculi;
943 2354 1118 2410 neque
1149 2355 1366 2408 nomen,
1415 2341 1607 2408 Filius,
1641 2361 1781 2415 pra:-

176 2428 484 2484 oellentiori
510 2428 671 2484 modo
698 2430 986 2499 posuisset,
1022 2432 1067 2486 si
1097 2442 1242 2487 esset
1269 2434 1511 2505 ejusdem
1552 2437 1785 2508 signum.

177 2519 445 2587 Quaenam
467 2521 610 2576 enim
635 2521 975 2579 differentia?
1002 2540 1127 2579 nam
1157 2527 1201 2581 si
1229 2527 1373 2583 idem
1400 2537 1482 2583 est
1513 2540 1784 2599 creatura,

176 2621 239 2670 et
267 2611 323 2668 id
346 2613 491 2683 quod
535 2622 619 2669 est
642 2617 900 2684 genitum,
928 2618 1199 2675 illiautem
1223 2630 1349 2676 sunt
1370 2622 1517 2693 facti,
1544 2642 1788 2696 quaenam

179 2714 269 2761 est
297 2707 653 2777 prestantia?
694 2709 833 2765 Ecce
880 2727 1069 2768 rursus
1109 2714 1263 2781 illud,
1297 2715 1461 2783 Deus,
1492 2718 1681 2777 Graace
1708 2733 1791 2779 est

180 2804 210 2852 ὀ
234 2806 349 2859 Sed;
393 2813 518 2854 cum
566 2800 792 2855 articulo
817 2801 919 2869 (a).
954 2802 1024 2858 Et
1065 2804 1259 2861 iterum
1307 2807 1468 2865 dicit:
1496 2810 1583 2866 l0.
1612 2810 1684 2866 Et
1714 2822 1789 2880 tu,

182 2887 432 2953 Domine,
457 2890 512 2943 iu
539 2891 795 2961 principio
819 2902 1006 2947 terram
1028 2896 1281 2967 fundasti,
1306 2905 1354 2952 et
1374 2915 1530 2968 opera
1549 2918 1792 2958 manuum

184 2991 395 3034 tuarum
420 2991 538 3035 sunt
565 2983 695 3037 caeli.
746 2984 835 3039 11.
870 2982 986 3055 Ipsi
1015 2988 1273 3057 peribunt,
1304 2999 1359 3044 tu
1386 3001 1555 3047 autem
1582 3012 1789 3065 perma-

183 3076 361 3140 nebis;
393 3085 440 3129 et
471 3093 645 3131 omnes
674 3088 729 3131 ut
758 3081 1109 3135 vestimentum
1138 3092 1470 3149 veterascent,
1501 3087 1591 3142 i2.
1626 3098 1671 3143 et
1711 3106 1794 3145 ue-

186 3170 263 3223 lut
284 3170 533 3223 amictum
562 3172 779 3226 mutabis
803 3189 908 3236 eos,
931 3183 979 3227 et
995 3178 1325 3231 mutabuntur
1346 3195 1365 3233 :
1392 3190 1447 3233 tu
1474 3191 1644 3237 autem
1660 3184 1792 3239 idem

183 3262 299 3332 ipse
328 3279 403 3327 es,
434 3272 481 3317 et
501 3264 625 3316 anni
647 3265 719 3317 tui
743 3282 844 3319 non
871 3266 1124 3335 deﬁcient.
1154 3268 1232 3325 Ne
1251 3284 1372 3325 cum
1391 3273 1646 3340 audieris,
1665 3275 1793 3332 Cum

185 3364 361 3407 autem
390 3354 669 3408 introducit
704 3355 1111 3427 Primogenitum
1137 3361 1191 3414 in
1217 3363 1386 3417 urbem
1410 3373 1579 3431 terrae,
1603 3367 1795 3422 existi-

186 3459 308 3499 mes
335 3459 461 3501 esse
491 3454 762 3516 tamquam
804 3448 1003 3504 donum
1049 3461 1235 3521 postea
1276 3456 1323 3510 ei
1354 3454 1564 3525 datum,
1598 3458 1700 3515 hoc
1741 3470 1799 3517 et

187 3535 446 3603 superius
483 3537 739 3604 correxit,
766 3548 818 3593 et
844 3555 1029 3595 rursus
1053 3544 1277 3615 corrigit
1316 3546 1522 3612 dicens,
1555 3550 1625 3604 In
1653 3553 1796 3621 prin-

186 3627 361 3694 cipio;
390 3642 499 3681 non
529 3643 695 3695 nunc,
719 3630 815 3685 sed
832 3631 942 3699 jam
964 3635 1113 3688 olim.
1144 3637 1284 3693 Ecce
1307 3656 1495 3698 rursus
1519 3643 1662 3700 letali
1682 3661 1797 3717 per.-

187 3720 325 3775 cutit
350 3720 577 3778 vulnere
602 3730 656 3777 et
684 3722 904 3779 Paulum
938 3726 1353 3786 Samosatenum
1386 3744 1442 3788 et
1470 3736 1689 3807 Arium,
1728 3740 1796 3795 iis

185 3828 313 3883 qua:
345 3812 599 3869 dicuntur
651 3814 720 3870 de
768 3816 927 3873 Patre
978 3820 1247 3892 adaptatis
1292 3824 1451 3882 Filio.
1496 3828 1566 3884 Et
1609 3842 1795 3901 postea

187 3903 338 3958 aliud
370 3905 475 3960 hoc
503 3921 718 3977 quoque
747 3909 942 3980 majus,
967 3914 1120 3983 quasi
1147 3915 1291 3971 aliud
1319 3920 1529 3990 agendo
1554 3922 1799 3979 subindi-

189 3995 369 4048 cavit:
399 3997 586 4052 mundi
614 4000 759 4053 enim
790 4002 1315 4073 transﬁgurationem
1335 4023 1594 4079 praeterea
1616 4027 1799 4074 osten-

192 4084 297 4148 dit,
328 4087 550 4143 dicens:
583 4089 869 4161 Tamquam
892 4096 1244 4152 vestimentum
1267 4110 1598 4171 ueterascent,
1630 4118 1676 4161 et
1704 4125 1789 4164 ve-

192 4176 288 4229 luti
332 4179 573 4232 amictum
604 4184 818 4237 mutabis
844 4200 948 4249 eos,
981 4196 1027 4241 et
1054 4191 1403 4247 mutabuntur.
1441 4195 1597 4261 Quod
1628 4200 1789 4254 etiam

193 4268 327 4324 dicit
354 4271 405 4323 in
436 4269 676 4340 Epistola
705 4274 772 4328 ad
800 4274 1095 4345 Romanos,
1123 4295 1315 4353 nempe
1343 4288 1482 4354 quod
1514 4290 1798 4362 transfigu-

189 4371 333 4425 rabit
365 4373 646 4431 mundum.
680 4376 748 4430 Et
788 4377 1100 4437 facilitatem
1148 4385 1441 4439 ostendens
1488 4386 1788 4457 subjunsit,

194 4463 424 4519 Mutabis
448 4482 469 4521 :
496 4477 769 4539 tamquam
794 4473 840 4527 si
866 4475 986 4544 quis
1013 4477 1301 4531 convolvat
1341 4480 1622 4540 amictum.
1655 4496 1793 4547 eon-

192 4556 373 4611 volvet
401 4566 457 4613 et
482 4561 729 4617 mutabit.
760 4562 815 4618 Si
840 4574 1019 4620 autem
1042 4583 1161 4637 qua:
1189 4568 1323 4623 litin
1358 4572 1550 4626 melius
1571 4582 1625 4628 et
1653 4590 1793 4644 prae-

190 4648 423 4703 stantius
476 4652 1002 4723 transligurationcm
1050 4669 1105 4713 et
1149 4662 1426 4729 opificium
1476 4672 1582 4718 tam
1635 4666 1791 4724 facile

190 4750 471 4807 oneratur,
507 4742 560 4796 in
593 4746 786 4800 minori
813 4748 1028 4817 opilicio
1046 4750 1224 4806 alioue
1248 4752 1554 4824 indigebat?
1582 4756 1791 4823 Quous-

188 4845 294 4899 que
327 4846 434 4884 non
479 4848 576 4887 vos
608 4835 807 4904 pudet?
844 4838 1016 4894 Simul
1066 4841 1228 4896 etiam
1277 4843 1379 4899 hoc
1429 4855 1512 4899 est
1557 4849 1788 4903 maxima

187 4922 516 4985 consolatio,
548 4939 709 4982 nosse
736 4930 875 4997 quod
905 4947 994 4986 res
1026 4949 1130 4989 non
1158 4936 1236 4989 sic
1259 4946 1443 5003 erunt,
1470 4938 1566 4993 sed
1606 4940 1787 4994 omnia

186 5012 456 5081 accipient
497 5019 872 5086 mutationem,
919 5032 973 5077 et
1022 5027 1202 5079 omnia
1250 5028 1630 5095 mutabuntur;
1673 5031 1788 5099 ipse

184 5112 370 5158 autem
393 5116 579 5160 manet
600 5120 859 5179 perpetuo
884 5113 1091 5181 vivens,
1126 5126 1180 5171 et
1212 5117 1419 5173 inﬁnite
1450 5120 1638 5175 vivens
1669 5140 1682 5176 :
1720 5121 1784 5175 Et

183 5196 309 5248 anni
334 5197 429 5260 tui,
456 5197 646 5268 inquit,
681 5218 783 5256 non
813 5204 1064 5274 deﬁcient.
1101 5209 1189 5263 15.
1224 5210 1304 5263 Ad
1330 5228 1476 5277 quem
1500 5222 1671 5267 autem
1691 5231 1785 5267 an-

183 5286 416 5353 gelorum
444 5288 577 5341 dixit
597 5291 876 5361 aliquando
892 5312 910 5349 :
941 5296 1077 5352 Sede
1097 5318 1127 5352 α
1146 5302 1337 5357 dextris
1359 5305 1503 5371 meis,
1523 5308 1780 5374 quoadus-

184 5391 281 5442 que
313 5394 504 5442 ponam
552 5382 783 5439 inimicas
829 5396 942 5441 tuos
982 5392 1257 5446 scabellum
1306 5396 1493 5464 pedum
1538 5403 1784 5455 tuorum?

184 5466 327 5522 Ecce
357 5484 549 5526 rursus
575 5474 653 5530 eis
681 5476 833 5532 addit
860 5480 1124 5549 animum,
1150 5486 1194 5538 si
1228 5488 1337 5542 sint
1362 5492 1651 5559 superandi
1682 5509 1767 5548 eo-

228 5625 791 5710 tﬂiﬁicle‘ba‘tﬁusehius
814 5634 1126 5710 Cmsariensis
1150 5641 1264 5710 illud
1290 5656 1411 5710 ίοιάς
1446 5652 1762 5710 praecedente

167 5687 373 5765 articulo
394 5689 461 5765 de
476 5690 633 5765 Patre
777 5704 979 5758 tantum,
1005 5687 1121 5762 quia
1141 5687 1274 5755 solus
1293 5687 1766 5765 rhiér'v'a‘ii‘éﬁiii‘;

171 5758 289 5798 erat.
317 5749 493 5799 Contra
520 5767 637 5825 vero
660 5749 1768 5839 Chrysostomus'hic—etaiiisuid-locisupti’

174 5817 301 5889 tanta;
312 5824 429 5889 cum
453 5816 657 5884 articulo
678 5819 740 5870 de
768 5820 890 5872 FlllU
913 5837 1109 5887 quoque
1131 5828 1245 5889 dici,
1276 5833 1603 5889 exemplaque
1626 5791 1768 5889 agert

172 5817 198 5917 ἒ
204 5824 305 5921 iege
310 5824 437 5937 3:11;
442 5816 657 5924 laigticulo
678 5819 740 5870 de
758 5816 890 5872 'Filio
913 5837 1109 5887 quoque
1131 5828 1245 5893 dici,
1276 5816 1769 5901 éiézﬁpiaiiiié'

1909 510 2028 550 rum
2056 494 2258 551 inimici
2281 513 2294 550 :
2320 504 2376 551 et
2404 494 2612 551 inimici
2637 508 2826 551 eorum
2852 492 3016 550 iidem
3037 500 3166 550 sunt
3187 492 3279 565 qui
3309 492 3516 550 inimici

1907 587 2130 644 Christi.
2166 587 2281 644 l'loc
2309 604 2500 645 rursus
2526 596 2611 645 est
2637 588 2811 659 regni,
2854 587 2959 645 hoe
2988 585 3236 658 ejusdem
3265 587 3512 655 honoris,

1908 679 2031 747 hoc,
2061 681 2302 753 inquam,
2331 689 2416 739 cst
2443 682 2687 748 honoris,
2716 696 2824 736 non
2865 679 3270 745 imbecillitatis,
3296 680 3513 735 Patrem

1908 772 2065 828 irasci
2096 773 2163 829 de
2194 773 2261 829 iis
2290 789 2411 843 qua:
2432 772 2573 830 facta
2604 781 2731 830 sunt
2758 776 2809 828 in
2841 772 3073 827 Filium:
3101 771 3206 827 hoc
3227 772 3513 843 estmagni

1906 867 2131 933 amoris,
2169 876 2225 923 et
2251 868 2474 923 honoris
2505 876 2780 937 tamquam
2813 868 2979 937 patris
3005 881 3134 936 erga
3166 866 3357 921 lilium.
3409 864 3513 933 Qui

1904 957 2049 1013 enim
2096 972 2196 1028 pro
2246 958 2366 1029 ipso
2400 957 2670 1021 irascitur.
2702 956 2977 1029 quomodo
3006 966 3091 1012 est
3120 956 3189 1012 ab
3234 957 3353 1029 ipso
3378 956 3517 1012 alie-

1906 1048 2051 1104 nus?
2080 1048 2256 1105 Donec
2286 1067 2475 1121 ponam
2502 1050 2735 1105 inimicos
2761 1060 2894 1104 tuos.
2925 1048 3081 1118 Quod
3106 1049 3242 1104 dicit
3265 1049 3431 1105 etiam
3458 1048 3511 1104 in

1904 1141 2145 1197 secundo
2175 1141 2394 1197 Psalmo
2422 1160 2435 1196 :
2468 1142 2567 1210 Qui
2593 1141 2789 1196 habitat
2815 1142 2869 1195 in
2900 1142 3038 1195 aclis
3069 1140 3303 1195 irridebit
3331 1156 3438 1204 eos,
3464 1149 3515 1195 et

1905 1235 2156 1291 Dominus
2185 1237 2515 1291 subsannabit
2540 1253 2643 1291 eos.
2683 1234 2827 1290 Tunc
2855 1236 3087 1303 loquetur
3123 1234 3195 1288 ad
3236 1250 3322 1289 eos
3350 1234 3406 1289 in
3433 1235 3515 1289 ira

1902 1344 2019 1394 sua,
2051 1337 2098 1383 et
2124 1327 2176 1382 in
2209 1328 2386 1399 furore
2411 1344 2504 1383 suo
2532 1327 2855 1382 conturbabit
2895 1344 2978 1382 eos
3032 1324 3208 1399 (Psal.
3244 1327 3299 1380 9..
3341 1327 3396 1382 4.
3427 1327 3508 1398 ὅ).

1903 1418 1975 1476 Ει
2014 1436 2200 1476 rursus
2229 1422 2346 1491 ipse
2376 1421 2541 1477 dicit:
2575 1419 2682 1475 Eos
2724 1421 2812 1492 qui
2851 1420 3124 1475 noluerunt
3172 1437 3253 1475 me
3294 1436 3514 1493 regnare

1903 1528 2059 1584 super
2082 1514 2241 1583 ipsos,
2267 1513 2509 1567 adducite
2536 1529 2708 1567 coram
2736 1528 2834 1578 me,
2862 1522 2908 1566 et
2932 1512 3202 1581 interﬁcite
3229 1510 3385 1582 (Luc.
3417 1512 3507 1572 19.

1902 1606 2017 1677 27).
2054 1607 2185 1662 Nam
2211 1608 2353 1678 quod
2386 1607 2495 1661 sint
2519 1607 2637 1677 ejus
2668 1606 2855 1667 verba.
2890 1605 3015 1661 audi
3038 1606 3169 1678 quid
3201 1606 3364 1661 etiam
3383 1606 3511 1663 alibi

1902 1700 2082 1758 dicat:
2110 1700 2327 1767 Quoties
2353 1699 2493 1754 uolui
2506 1716 2819 1772 congregare
2839 1700 2977 1770 ﬁlios
3004 1708 3140 1767 tuos,
3172 1709 3218 1755 et
3241 1701 3513 1757 noluistis?

1906 1791 2041 1847 Ecce
2065 1792 2383 1861 relinquetur
2410 1792 2548 1848 vobis
2576 1793 2760 1848 domus
2802 1802 2968 1848 uestra
3003 1792 3204 1848 deserta
3256 1792 3368 1862 (Id.
3412 1794 3502 1849 15.

1891 1888 2006 1960 ⁸54).
2029 1887 2097 1943 Ει
2124 1904 2334 1957 rursus,
2366 1890 2647 1961 Auferetur
2683 1904 2716 1943 a
2763 1890 2902 1943 vobis
2946 1905 3183 1959 regnum,
3217 1899 3264 1942 et
3296 1891 3506 1945 dubitur

1894 1981 2033 2051 genti
2061 1980 2270 2051 facierui
2316 1984 2519 2051 fructus
2564 1981 2709 2053 ejus;
2752 1988 2808 2036 et
2857 1996 3067 2046 rursus,
3124 1980 3225 2049 Qui
3265 1982 3507 2038 ceciderit

1892 2090 2047 2145 super
2076 2072 2299 2140 lapidem
2324 2073 2501 2137 istum,
2532 2073 2921 2144 confringetur:
2953 2088 3109 2144 super
3135 2088 3287 2144 quem
3334 2083 3507 2128 autem

1892 2165 2151 2231 ceciderit,
2180 2165 2441 2220 uentilabit
2470 2182 2583 2220 eum
2616 2164 2833 2238 (Matth.
2862 2166 2955 2221 21.
2985 2167 3077 2223 45.
3120 2165 3237 2240 Μ).
3284 2167 3505 2238 Alioqui

1891 2267 2072 2313 autem
2101 2258 2190 2329 qui
2217 2267 2302 2315 est
2327 2274 2424 2314 eos
2468 2258 2577 2313 illic
2613 2257 2977 2329 judicaturus,
3009 2257 3183 2313 multo
3213 2259 3385 2330 magis
3416 2257 3508 2314 hic

1892 2348 2107 2405 illorum
2140 2351 2499 2407 immanitatis
2530 2365 2722 2421 poenas
2754 2351 2993 2421 repetiit.
3019 2350 3389 2420 Quamobrem
3423 2360 3509 2407 est

1891 2432 2062 2500 solius
2090 2444 2316 2500 honoris
2338 2446 2391 2499 in
2421 2444 2616 2500 Filium
2645 2443 2801 2514 illud,
2830 2442 3011 2500 Donec
3040 2460 3234 2516 ponam
3270 2443 3508 2499 inimicos

1893 2546 2007 2593 tuos
2024 2537 2305 2593 scabellum
2332 2535 2521 2605 pedum
2552 2547 2777 2592 tuorum.

1966 2629 2279 2701 Angelorum
2316 2631 2767 2685 ministerium.—
2796 2631 2887 2685 14.
2936 2628 3127 2685 Nonne
3168 2647 3344 2686 omnes
3386 2640 3508 2685 sunt

1892 2724 2313 2779 administratorii
2333 2724 2566 2796 spiritus,
2590 2724 2645 2778 in
2672 2724 3005 2779 ministerium
3023 2725 3166 2780 missi
3192 2735 3400 2795 propter
3419 2742 3508 2780 eos

1890 2819 1981 2892 qui
2005 2818 2338 2873 hereditatem
2368 2818 2572 2889 capient
2608 2817 2833 2873 salutis?
2862 2816 3001 2884 Quid
3040 2816 3261 2883 mirum,
3310 2818 3503 2888 inquit,

1890 2910 1938 2965 si
1961 2911 2270 2964 ministrant
2300 2909 2461 2976 Filio,
2494 2924 2617 2964 cum
2646 2909 2810 2964 etiam
2843 2908 3235 2964 ministrentad
3263 2918 3503 2964 nostram

1892 3001 2158 3057 salutem?
2190 3000 2327 3056 Vide
2368 3000 2644 3072 quomodo
2674 3016 2864 3057 eorum
2904 3002 3109 3057 excitet
3156 3000 3402 3070 spiritus,
3452 3012 3506 3057 et

1893 3094 2123 3149 multum
2154 3094 2250 3149 Dei
2282 3093 2333 3147 in
2361 3107 2460 3148 nos
2488 3092 2751 3148 honorem
2776 3093 3047 3160 ostendat,
3072 3093 3116 3148 si
3135 3092 3353 3165 quidem
3376 3108 3507 3148 con-

1892 3184 2088 3250 stituit,
2123 3195 2181 3239 ut
2210 3184 2412 3256 angeli,
2446 3184 2537 3254 qui
2568 3194 2696 3239 sunt
2728 3184 2886 3239 nobis
2916 3184 3250 3255 superiores,
3285 3184 3389 3240 hoc
3411 3184 3509 3238 ha-

1892 3282 2057 3336 beant
2080 3296 2179 3353 pro
2204 3282 2360 3336 nobis
2390 3279 2775 3336 ministerium.
2807 3278 2879 3336 Ut
2905 3279 2951 3334 si
2984 3279 3185 3335 dixerit
3211 3278 3504 3349 quispiam:

1894 3371 2008 3437 Eis,
2030 3371 2226 3442 inquit,
2253 3370 2318 3426 ad
2348 3370 2451 3427 hoc
2478 3371 2678 3425 utitur:
2712 3370 2816 3426 hoc
2838 3380 2923 3427 est
2944 3386 3141 3426 munus
3163 3372 3502 3441 angelorum,

1894 3465 2206 3520 ministrare
2232 3464 2342 3519 Deo
2366 3463 2434 3520 ad
2466 3472 2709 3519 nostram
2736 3463 2990 3519 salutem.
3015 3464 3383 3532 Quamobrem
3406 3464 3509 3521 hoc

1893 3563 1980 3610 est
2014 3554 2189 3624 angeli
2223 3568 2362 3625 opus
2404 3554 2588 3609 omnia
2628 3552 2813 3610 facere
2863 3553 2931 3609 ad
2979 3553 3205 3609 fratrum
3237 3554 3506 3619 salutem;

1894 3645 2006 3701 imo
2029 3661 2165 3702 vero
2193 3654 2277 3701 est
2304 3661 2441 3716 opus
2484 3646 2658 3715 ipsius
2682 3645 2923 3701 Christi:
2961 3662 3084 3701 nam
3119 3647 3238 3717 ipse
3285 3647 3507 3717 quidem

1895 3737 1987 3793 dat
2009 3739 2239 3794 salutem
2271 3748 2333 3794 ut
2365 3740 2647 3802 Dominus,
2679 3741 2780 3811 ipsi
2804 3748 2988 3796 autem
3032 3750 3306 3811 tamquam
3336 3742 3505 3797 servi.

1895 3830 1967 3887 Et
1993 3848 2094 3887 nos
2123 3832 2336 3887 etiamsi
2369 3833 2535 3899 servi,
2569 3832 2665 3889 sed
2694 3833 2947 3889 conservi
2975 3833 3315 3904 angelorum.
3345 3832 3506 3901 Quid,

1896 3922 2089 3993 inquit,
2116 3923 2338 3994 angelos
2352 3923 2564 3979 hiantes
2584 3924 2901 3994 suSpicitis?
2922 3925 3061 3979 Sunt
3080 3926 3225 3980 servi
3244 3925 3365 4006 Filii
3392 3925 3508 3991 Dei,

1895 4021 2023 4073 etin
2048 4020 2211 4073 multa
2234 4020 2350 4073 loca
2379 4028 2603 4090 propter
2630 4035 2730 4075 nos
2759 4021 3069 4087 mittuntur,
3089 4032 3146 4077 et
3171 4020 3237 4077 ad
3266 4025 3512 4079 nostram

1896 4110 2204 4164 ministrant
2222 4110 2451 4165 salutem
2478 4128 2491 4164 :
2511 4112 2865 4181 quamobrem
2888 4122 3015 4167 sunt
3039 4114 3211 4168 nostri
3234 4115 3509 4170 conservi.

1897 4203 2144 4274 Cogitate
2187 4202 2461 4274 quomodo
2492 4219 2600 4258 non
2628 4203 2722 4259 dat
2750 4207 3015 4261 creaturis
3063 4221 3313 4277 magnam
3345 4205 3505 4263 dide--

1899 4295 2150 4349 rentiam.
2178 4294 2516 4366 Quamquam
2544 4298 2769 4352 multum
2801 4298 3026 4353 interest
3051 4298 3194 4353 inter
3217 4300 3438 4369 angelos
3458 4312 3514 4355 et

1903 4388 2174 4454 homines,
2202 4402 2297 4442 cos
2319 4396 2500 4443 tamen
2532 4404 2697 4460 prope
2720 4406 2817 4445 nos
2835 4390 3085 4446 deducit:
3116 4392 3508 4462 prepemodun.

1908 4492 2066 4549 nobis
2092 4490 2299 4555 dicens,
2332 4490 2563 4559 Propter
2593 4502 2694 4541 nos
2724 4488 2987 4553 laborant,
3014 4500 3234 4559 propter
3262 4502 3361 4543 nos
3386 4503 3514 4544 cur-

1909 4584 2094 4650 sitant,
2126 4590 2201 4647 et,
2249 4593 2306 4637 ut
2334 4582 2535 4637 dixerit
2581 4566 2873 4652 quispiam,
2902 4582 3061 4636 nobis
3090 4580 3355 4636 serviunt.
3398 4580 3514 4636 Hoc

1908 4687 1991 4731 est
2017 4689 2202 4729 eorum
2236 4672 2620 4738 ministerium,
2649 4682 2874 4743 propter
2900 4686 3001 4725 nos
3038 4672 3090 4725 in
3134 4688 3325 4728 omnes
3370 4674 3511 4727 mitti

1911 4775 2111 4837 partes.

1981 4861 2035 4915 5.
2066 4858 2161 4914 liis
2189 4857 2454 4927 exemplis
2478 4855 2694 4926 plenum
2720 4865 2806 4911 est
2833 4855 3022 4921 Vetus,
3050 4855 3268 4925 plenum
3301 4865 3385 4911 est
3405 4855 3515 4910 No-

1910 4970 2037 5008 vum
2067 4953 2495 5009 Testamentum.
2538 4950 2672 5005 Nam
2722 4950 2937 5021 quando
2980 4948 3161 5019 angeli
3206 4950 3513 5019 pastoribus

1911 5045 2112 5101 bonum
2132 5044 2484 5106 annuntiant,
2514 5043 2729 5113 quando
2760 5041 2971 5105 Mari-.12,
3019 5041 3235 5111 quando
3274 5041 3473 5113 Joseph
3494 5085 3510 5109 ,

1908 5137 2125 5207 quando
2150 5136 2340 5191 sedent
2367 5136 2420 5189 in
2444 5143 2792 5189 monumento
2818 5176 2832 5199 ,
2860 5133 3075 5204 quando
3120 5133 3404 5188 mittuntur
3443 5134 3512 5189 ad

1908 5230 2197 5284 dicendum
2227 5226 2504 5295 discipulis
2525 5268 2539 5292 ,
2582 5224 2693 5279 Viri
2722 5224 2929 5279 Galilcei
2955 5224 3079 5295 quid
3125 5226 3273 5279 statis
3302 5266 3316 5290 ,
3362 5226 3511 5297 aspi-

1907 5322 2092 5376 cientes
2119 5321 2171 5373 in
2197 5319 2380 5375 caelum
2411 5316 2565 5390 (Act.
2598 5319 2649 5372 1.
2683 5319 2743 5372 11
2767 5319 2785 5390 )
2813 5320 2834 5371 ?
2880 5318 3096 5386 quando
3144 5318 3359 5373 Petrum
3406 5320 3514 5375 sol-

1907 5422 2130 5469 vuntex
2180 5428 2440 5478 carcere,
2489 5409 2703 5481 quando
2753 5412 3103 5480 alloquuntur
3154 5410 3509 5481 Philippum:

1906 5505 2179 5576 quomodo
2224 5505 2380 5559 nobis
2427 5520 2533 5558 non
2584 5503 2864 5558 serviunt?
2913 5502 3101 5575 Cogita
3148 5512 3381 5573 quantus
3442 5504 3515 5561 sit

1909 5599 2101 5666 honor,
2137 5597 2354 5670 quando
2382 5596 2526 5652 Deus
2556 5596 2777 5668 angelos
2820 5596 2988 5651 mittit
3035 5597 3312 5652 ministros
3369 5604 3510 5652 tam-

1908 5707 2066 5761 quam
2098 5690 2165 5745 ad
2190 5690 2413 5755 amicos,
2442 5688 2656 5759 quando
2686 5688 2906 5757 angelus
2950 5696 3173 5758 apparet
3214 5687 3468 5745 Cornelio
3494 5730 3509 5755 ,

1910 5782 2124 5852 quando
2146 5798 2336 5839 omnes
2367 5782 2644 5853 apostolos
2674 5782 2821 5853 ejicit
2846 5799 2876 5837 e
2918 5798 3139 5838 carcere
3166 5826 3179 5848 ,
3228 5792 3283 5839 et
3328 5784 3459 5839 dicit
3492 5804 3505 5838 :

1915 5874 2104 5930 Euntcs
2130 5886 2289 5939 state,
2319 5884 2366 5930 ct
2389 5874 2654 5947 loquimini
2680 5876 2733 5930 in
2762 5875 2952 5947 templo
2981 5877 3170 5949 popuio
3203 5877 3350 5931 verba
3396 5879 3508 5934 vita:
