4020 6402
579 317 645 381 δι
1315 328 1369 385 S.
1405 321 1686 381 JOANNIS
1718 319 2195 379 CIIRYSOSTOMI
2231 318 2545 377 ARClllEP.
2590 317 3126 380 CONSTAN'I’INOP.
3776 330 3852 387 εὶ

580 444 755 517 hujus.
784 439 923 511 Quid
949 440 1052 497 alia
1076 439 1289 496 dicam?
1316 438 1483 494 Paulo
1527 452 1739 509 quoque
1777 437 1878 509 ipsi
1926 448 2147 509 apparet
2247 436 2470 492 ferendo
2492 435 2774 507 judicium,
2803 438 2897 492 sed
2924 436 3276 510 relinquendo
3301 437 3355 494 in
3377 446 3642 509 potestate
3675 440 3843 495 audi-

571 534 814 605 angelas.
842 532 1002 589 Vides
1030 533 1173 603 ipsos
1196 538 1417 601 propter
1444 529 1608 584 Deum
1633 527 1788 584 nobis
1817 527 2141 598 ministrare,

2248 526 2402 591 toris,
2432 537 2489 581 ut
2513 525 2628 597 ipse
2653 526 2791 582 ferat
2816 530 3140 583 sententiam
3174 544 3189 583 :
3218 528 3361 600 quod
3391 531 3607 601 quidem
3651 531 3842 588 reddit

573 636 629 682 et
657 626 961 681 ministram
987 624 1038 679 in
1066 623 1224 679 rebus
1249 619 1843 690 maximislPropterea
1865 619 1994 675 dicit
2016 620 2144 675 Pau-
2250 619 2422 685 magis
2451 616 2797 672 benevolum.
2829 618 2941 673 Hoc
2971 620 3145 688 ipsum
3177 629 3353 675 autem
3383 621 3509 675 iacit
3560 626 3727 679 etiam
3782 623 3839 678 in

575 716 681 783 lus,
712 716 895 772 Omnia
923 724 1040 769 sunt
1065 722 1250 779 vestra,
1276 712 1377 767 sive
1406 710 1526 778 vita,
1553 712 1656 765 sise
1680 727 1835 776 mors,
1868 712 1970 765 sive
1996 728 2143 766 mun-

520 870 523 873 _
573 807 696 872 dus,
726 807 829 861 sive
856 804 1145 875 prasentia,
1176 806 1277 857 sive
1324 802 1517 871 futura.
1565 800 1757 855 Missus
1802 816 2016 871 quoque
2058 810 2142 857 est

574 896 758 960 Filius,
786 894 879 950 sed
909 910 1015 950 non
1037 894 1177 948 sicut
1214 892 1456 946 minister
1478 929 1496 958 ,
1523 905 1697 962 neque
1741 898 2007 960 tamquam
2050 894 2137 962 qui

570 988 748 1057 aliquo
794 985 1104 1056 fungeretur
1146 998 1407 1049 munere,
1456 981 1550 1039 sed
1600 992 1866 1051 tamquam
1890 981 2058 1039 Filius
2083 994 2139 1040 et

569 1076 875 1146 unigenitus
894 1116 910 1140 ,
941 1084 997 1132 et
1023 1075 1112 1146 qui
1141 1074 1327 1131 eadem
1358 1073 1476 1128 vult
1499 1088 1619 1144 qua!
1644 1071 1823 1129 Pater.
1856 1071 1969 1130 lmo
2009 1090 2137 1132 vero

568 1181 638 1223 ne
662 1166 760 1222 fuit
784 1166 999 1238 quidem
1037 1166 1272 1220 missus:
1304 1178 1409 1219 non
1440 1164 1581 1219 enim
1624 1179 1657 1219 a
1700 1163 1819 1221 loco
1862 1166 1918 1221 in
1961 1167 2135 1223 locum

568 1256 799 1323 transiit,
826 1256 922 1313 sed
952 1270 1165 1312 carnem
1194 1255 1468 1325 suscepit;
1496 1252 1671 1325 angeli
1700 1270 1828 1312 vero
1854 1256 1970 1312 ioca
2013 1274 2135 1315 mu-

566 1356 701 1413 tant,
731 1355 787 1403 et
814 1345 1075 1417 prioribus
1100 1344 1369 1416 inquibus
1419 1352 1544 1401 sunt
1592 1344 1863 1413 dimissis,
1917 1346 1983 1403 ad
2030 1350 2134 1406 alia

563 1437 818 1505 veniunt,
846 1436 900 1492 in
928 1435 1119 1507 quibus
1144 1450 1251 1491 non
1275 1442 1446 1491 erant.
1478 1433 1597 1490 Jam
1625 1448 1754 1492 vero
1782 1434 1885 1492 hoc
1923 1451 2134 1509 quoque

559 1536 643 1593 eis
668 1535 816 1592 addit
836 1536 1071 1593 animum
1092 1535 1274 1592 dicens
1304 1552 1319 1590 :
1342 1534 1481 1602 Quid
1511 1536 1754 1591 timetis?
1779 1534 1955 1606 angeli
1981 1536 2133 1592 nobis

562 1628 887 1685 ministrant.
918 1626 988 1683 Et
1013 1642 1136 1684 cum
1165 1627 1387 1683 dixisset
1408 1626 1475 1683 de
1497 1626 1665 1693 Filio,
1713 1634 1770 1683 et
1815 1641 1934 1697 quae
1964 1627 2132 1698 perti-

562 1725 694 1773 nent
718 1718 784 1773 ad
814 1717 1262 1790 dispensationem
1280 1758 1299 1787 ,
1329 1733 1449 1790 quae
1472 1718 1540 1775 ad
1568 1717 1893 1774 creationem
1922 1726 1980 1775 et
2014 1734 2134 1790 quae

562 1807 633 1865 ad
660 1823 881 1891 regnum
906 1818 960 1866 et
987 1810 1311 1868 ostendisset
1332 1825 1455 1867 eum
1483 1824 1604 1868 esse
1625 1810 1681 1867 in
1702 1811 1892 1867 eodem
1908 1810 2133 1882 honore,

564 1909 621 1957 et
644 1901 788 1973 quod
814 1881 1079 1973 diuquam
1105 1901 1359 1958 Dominus
1387 1901 1715 1958 dominatum
1742 1902 1979 1967 obtinet,
2027 1881 2135 1959 non

564 1992 620 2046 in
648 1990 795 2048 solos
821 1991 1087 2058 homines,
1116 1991 1212 2048 sed
1235 1992 1396 2047 etiam
1425 1991 1479 2047 in
1505 2006 1764 2062 supernas
1803 2000 2094 2062 potestates
2116 2034 2134 2061 ,

566 2097 661 2138 eos
680 2083 790 2153 jam
820 2084 1152 2148 exhortatur,
1185 2083 1255 2139 ita
1284 2083 1524 2139 instituta
1556 2083 1800 2140 oratione
1820 2125 1840 2151 ,
1865 2083 2009 2155 quod
2038 2098 2136 2140 nos

563 2180 811 2243 oporteat
828 2171 1062 2229 animum
1088 2173 1341 2230 adhibere
1368 2173 1433 2229 iis
1460 2188 1581 2245 qua:
1609 2183 1733 2228 sunt
1755 2173 1955 2228 audita.
1980 2172 2135 2242 (Cap.

564 2262 625 2333 2)
664 2260 717 2317 l.
767 2260 1046 2333 Propterea
1072 2263 1413 2317 abundantius
1441 2272 1637 2329 oportet
1662 2263 1922 2319 obseruare
1950 2279 2041 2318 nos
2079 2280 2137 2318 ea

564 2365 682 2421 qua
706 2350 1009 2407 audivimus.
1042 2352 1138 2408 llic
1161 2352 1342 2409 dicere
1360 2353 1575 2408 volebat
1600 2353 1958 2409 abundantius
1976 2368 2136 2425 quam

566 2442 671 2514 legi
696 2443 1079 2500 attendendum
1110 2458 1250 2509 esse,
1273 2444 1366 2499 sed
1397 2444 1498 2501 hoc
1524 2444 1707 2509 siluit;
1741 2444 1900 2515 idque
1938 2444 2140 2500 indicat

566 2536 620 2590 in
651 2535 991 2607 probatione,
1024 2550 1131 2590 non
1158 2536 1210 2591 in
1234 2534 1488 2599 consilio,
1521 2549 1621 2590 nec
1647 2535 1702 2589 in
1722 2534 2093 2590 exhortatione
2120 2550 2135 2588 :

564 2626 655 2683 Sic
682 2626 824 2682 enim
852 2636 970 2682 erat
994 2626 1204 2681 melius.
1243 2625 1302 2681 2.
1346 2624 1409 2681 Si
1446 2626 1579 2679 enim
1624 2626 1711 2696 qui
1759 2642 1849 2696 per
1894 2626 2136 2697 angelos,

567 2715 770 2785 inquit,
797 2715 959 2769 dictus
988 2723 1061 2769 est
1106 2731 1288 2779 sermo,
1324 2715 1487 2783 {actus
1512 2723 1588 2769 est
1630 2715 1833 2784 ﬁrmus,
1886 2723 1935 2769 et
1976 2715 2139 2769 omnis

568 2806 913 2876 prcearicatio
941 2814 989 2861 et
1013 2806 1347 2860 inobedientia
1374 2806 1562 2876 accepit
1579 2806 1773 2875 justam
1794 2806 2035 2859 mercedis
2055 2822 2138 2859 re-

570 2896 889 2950 tributionem
910 2912 929 2950 :
957 2896 1013 2951 3.
1044 2895 1295 2964 quomodo
1335 2911 1427 2950 nos
1465 2894 1767 2966 elfugiemus
1789 2936 1805 2959 ,
1851 2897 1896 2950 si
1946 2906 2139 2950 tantam

567 2987 935 3061 neglexerimus
1000 2987 1252 3041 salutem?
1306 3000 1417 3055 qua:
1458 3002 1572 3039 cunt
1621 2986 1821 3040 initium
1869 2987 2139 3057 accepisset

567 3077 844 3135 enarrandi
873 3092 961 3147 per
987 3075 1287 3143 Dominum,
1316 3074 1377 3129 ab
1402 3077 1471 3129 eis
1498 3076 1585 3146 qui
1629 3075 1901 3129 audierunt
1945 3077 1998 3130 in
2047 3093 2139 3131 nos

569 3169 873 3239 conﬁrmata
927 3178 1021 3223 est.
1076 3168 1187 3222 Cur
1242 3174 1448 3237 oportet
1501 3167 1856 3222 abundantius
1903 3168 2138 3223 animum

567 3258 826 3315 adhibere
852 3258 914 3313 iis
945 3272 1063 3328 quae
1090 3257 1267 3311 audita
1295 3256 1461 3312 sunt?
1484 3272 1660 3311 annon
1701 3267 1756 3312 et
1800 3257 1887 3312 illa
1934 3268 1989 3312 et
2028 3261 2140 3313 huic

567 3360 694 3407 sunt
723 3350 817 3405 Dei
837 3349 860 3402 τ
882 3350 989 3404 Aut
1010 3363 1136 3417 ergo
1154 3347 1282 3403 dicit
1303 3346 1444 3416 quod
1465 3347 1819 3402 abundantius
1839 3363 1996 3417 quam
2014 3348 2136 3418 legi,

568 3440 821 3511 autquod
850 3453 1173 3509 magnopere
1198 3438 1268 3492 sit
1313 3438 1726 3503 attendendum;
1774 3454 1879 3493 non
1924 3454 2140 3509 compa-

568 3547 716 3599 rans,
744 3532 903 3587 absit.
932 3530 1062 3585 Nam
1086 3529 1337 3599 quoniam
1365 3530 1434 3583 ob
1461 3529 1676 3599 longum
1718 3540 1927 3599 tempus
1972 3531 2137 3586 habe-

568 3624 698 3679 bant
725 3636 969 3692 magnam
997 3620 1064 3675 de
1088 3619 1267 3674 Veteri
1295 3618 1635 3675 Testamento
1660 3620 1997 3690 opinionem:
2027 3622 2141 3678 haec

567 3723 743 3770 autem
768 3721 1034 3780 tamquam
1063 3724 1199 3765 nova
1218 3709 1563 3765 habebantur
1590 3711 1935 3779 contemptui,
1962 3722 2139 3766 osten-

566 3805 645 3861 dit
666 3820 733 3859 ex
758 3801 1081 3857 abundantia
1110 3800 1253 3871 quod
1285 3800 1367 3855 his
1407 3801 1577 3869 magis
1622 3800 1855 3854 animum
1885 3801 2140 3857 adhibere

564 3902 828 3963 oporteat.
856 3890 1166 3960 Quomodo?
1200 3889 1589 3960 Propemodum
1617 3890 1800 3945 dicens
1827 3907 1843 3945 :
1872 3891 1963 3946 Dei
2017 3894 2137 3962 qui-

564 3984 691 4039 dem
714 3990 837 4037 suut
862 3981 974 4037 hinc
1000 3990 1054 4037 et
1080 3981 1188 4045 illa,
1208 3981 1301 4035 sed
1325 3996 1429 4035 non
1447 3981 1717 4035 similiter.
1744 3981 1811 4035 Et
1831 3981 1933 4037 hoc
1953 3996 2135 4052 postea

566 4084 720 4140 nubis
749 4085 1019 4149 ostendit;
1049 4084 1262 4140 interim
1300 4094 1475 4139 autem
1518 4084 1622 4138 hoc
1662 4085 1837 4137 minus
1880 4081 2140 4153 profunde

567 4174 818 4237 adstruit,
859 4186 1044 4245 postea
1071 4186 1247 4231 autem
1280 4176 1632 4237 manifestius,
1662 4175 1845 4229 dicens
1875 4194 1887 4230 :
1920 4174 2057 4228 Nam
2100 4174 2144 4228 si

565 4265 698 4319 illud
724 4267 864 4332 prius
888 4267 1041 4335 culpa
1069 4276 1323 4328 vacasset;
1350 4274 1404 4321 et
1434 4282 1646 4320 rursum
1674 4306 1688 4329 ,
1723 4264 1862 4319 Nam
1886 4265 2021 4331 quod
2046 4282 2143 4319 an-

568 4357 791 4426 tiquetur
815 4367 862 4410 et
890 4358 1135 4423 senescit,
1171 4366 1241 4411 est
1272 4373 1429 4427 prope
1457 4358 1715 4411 interitum
1757 4354 1949 4425 (Infra
2000 4357 2052 4411 8.
2089 4356 2141 4407 7.

568 4445 693 4515 l5).
728 4446 833 4503 Sed
863 4448 1097 4505 nondum
1126 4449 1285 4504 audet
1307 4449 1596 4518 quidquam
1633 4448 1937 4518 hujusmodi
1964 4448 2145 4504 dicere

568 4536 621 4589 in
651 4539 924 4605 prommiis
948 4580 963 4603 ,
992 4538 1163 4594 donec
1191 4541 1486 4594 auditorem
1521 4540 1758 4609 pluribus
1800 4554 2143 4608 praeoccupa-

567 4630 635 4682 rit
655 4637 710 4684 et
728 4632 974 4686 tenuerit.
1001 4630 1107 4687 Cur
1126 4647 1255 4702 ergo
1282 4648 1377 4687 nos
1399 4640 1611 4702 oportet
1638 4632 1804 4703 magis
1829 4630 2146 4687 attendere?

571 4716 655 4771 Ne
684 4723 832 4789 forte,
861 4721 1047 4790 inquit,
1086 4723 1454 4792 pereﬂluamus.
1484 4723 1594 4776 Hoc
1621 4732 1721 4784 est.
1752 4740 1923 4792 neque
1954 4739 2143 4793 perea-

569 4826 722 4875 mus,
760 4827 933 4880 neque
984 4814 1313 4869 excidemus.
1358 4814 1423 4868 Et
1470 4814 1553 4869 hic
1600 4815 1832 4869 ostendit
1870 4830 2028 4883 quam
2074 4816 2143 4869 sit

567 4904 746 4972 gravis
774 4918 951 4971 casus,
984 4905 1234 4974 quoniam
1258 4915 1341 4960 est
1370 4905 1587 4961 diflicile
1612 4916 1669 4959 ut
1695 4905 1744 4959 id
1772 4905 1909 4974 quod
1938 4905 2146 4961 effluxit

571 5004 889 5061 revertatur,
922 4996 1347 5066 quandoquidem
1376 4997 1476 5051 hoc
1498 4996 1691 5052 accidit
1716 5012 1777 5051 ex
1800 4998 2040 5051 socordia
2081 5014 2145 5053 ac

571 5085 907 5154 negligentia.
953 5087 1158 5141 Dictum
1204 5099 1378 5141 autem
1428 5088 1633 5156 accepit
1680 5102 1747 5141 ex
1791 5087 2140 5143 Proverbiis:

575 5173 681 5227 Fili
701 5215 714 5236 ,
758 5176 947 5245 inquit,
980 5194 1041 5231 ne
1066 5178 1327 5247 pereﬂluas
1361 5179 1378 5247 (
1410 5176 1561 5230 Prov.
1596 5180 1647 5233 5.
1674 5178 1735 5231 2i
1767 5177 1784 5248 )
1812 5195 1824 5241 ;
1855 5178 2143 5233 ostendens

567 5274 620 5319 et
646 5282 803 5335 quam
835 5266 999 5321 facilis
1028 5269 1097 5322 sit
1122 5270 1320 5337 lapsus,
1344 5279 1399 5323 et
1437 5284 1595 5338 quam
1644 5270 1821 5339 gravis
1872 5271 2141 5325 interitus.

570 5355 683 5409 Hoc
706 5366 789 5411 est
817 5357 1081 5423 videlicet,
1118 5359 1259 5427 quod
1290 5376 1392 5414 non
1423 5362 1539 5416 sine
1572 5362 1810 5431 periculo
1854 5372 1979 5428 est,
2034 5379 2139 5417 non

572 5447 807 5502 obedire.
862 5448 927 5502 Et
974 5464 1068 5519 per
1097 5466 1157 5503 ea
1207 5452 1417 5521 quidem
1466 5470 1584 5524 quze
1634 5453 1859 5508 adstruit
1907 5458 2142 5511 ostendit

573 5537 747 5604 majus
774 5552 892 5591 esse
922 5539 1261 5607 supplicium.
1291 5541 1463 5609 Ipsum
1491 5554 1665 5598 autem
1709 5560 1892 5599 rursus
1926 5546 2143 5600 dimittit

573 5629 980 5698 inquirendum,
1011 5648 1110 5687 nec
1153 5636 1441 5691 concludit.
1491 5638 1601 5693 lloc
1644 5646 1785 5693 enim
1830 5649 1913 5695 est
1967 5641 2144 5695 minus

574 5722 851 5776 molestam
883 5722 1108 5780 reddere
1130 5725 1428 5783 orationem
1451 5769 1465 5795 ,
1504 5744 1607 5785 non
1636 5746 1700 5784 ex
1732 5746 1789 5786 sc
1819 5730 2015 5803 ubique
2059 5734 2141 5787 in-

2249 704 2432 762 Veteri
2460 706 2665 761 Nathan
2690 707 2971 778 propheta,
3001 717 3054 763 et
3077 708 3129 762 in
3154 709 3405 767 Matthaeo
3447 710 3691 768 Christus
3748 714 3837 768 di-

2243 814 2414 856 cens:
2448 800 2582 866 Quid
2606 801 2754 871 faciet
2797 800 3035 871 agricolis
3076 800 3218 855 illius
3260 803 3420 857 uinea
3458 802 3687 873 (lauit.
3742 804 3839 859 21.

2244 890 2397 962 40)?
2424 899 2480 947 et
2511 890 2655 962 ipsos
2700 907 2898 963 cogens
2946 891 3088 949 ferre
3136 895 3455 948 sententiam
3487 912 3500 949 :
3534 894 3637 951 hoc
3680 895 3840 951 enim

2240 998 2321 1043 est
2343 990 2578 1042 maxima
2603 987 2842 1041 victoria.
2874 986 3077 1042 Deinde
3105 1001 3229 1041 cum
3272 986 3529 1053 dixisset,
3581 986 3644 1043 Si
3685 988 3836 1043 enim

2239 1080 2325 1149 qui
2350 1096 2440 1149 per
2466 1077 2672 1149 angelos
2701 1078 2869 1132 dictus
2892 1086 2967 1132 est
2990 1092 3176 1143 sermo,
3210 1080 3375 1147 factus
3395 1084 3467 1130 est
3492 1076 3694 1145 ﬁrmus,
3722 1092 3839 1131 non

2240 1170 2541 1239 subjunxit,
2565 1167 2731 1223 Multo
2757 1168 2927 1238 magis
2955 1177 3135 1223 autem
3164 1166 3211 1222 is
3234 1167 3323 1237 qui
3370 1181 3469 1236 per
3514 1164 3799 1222 Christum
3822 1185 3839 1231 ;

2242 1260 2336 1317 sed
2362 1261 2465 1317 hoc
2490 1258 2705 1331 quidem
2733 1258 2899 1326 misit,
2930 1257 3069 1313 dixit
3093 1266 3272 1314 autem
3302 1257 3444 1324 quod
3472 1267 3556 1312 est
3598 1258 3790 1313 minus
3820 1276 3841 1315 :

2245 1351 2513 1418 Quomodo
2541 1366 2634 1405 nos
2659 1348 2984 1422 effugimus,
3009 1348 3055 1402 si
3095 1345 3290 1402 tantam
3334 1347 3709 1417 neglexerimus
3758 1363 3845 1402 sar

2244 1443 2445 1498 latent!
2473 1441 2607 1498 Vide
2632 1449 2814 1497 autem
2837 1439 3109 1511 quomodo
3143 1438 3305 1495 faciat
3341 1439 3834 1509 comparationem.

2245 1533 2308 1589 Si
2332 1534 2465 1587 enim
2484 1532 2573 1602 qui
2604 1547 2695 1600 per
2713 1529 2940 1601 angelos,
2964 1528 3157 1599 inquit,
3181 1528 3348 1583 dictus
3371 1537 3444 1583 est
3472 1543 3657 1583 sermo.
3690 1528 3846 1595 Illic,

2245 1621 2350 1677 Per
2369 1621 2612 1694 angelos;
2642 1621 2728 1676 hic
2753 1632 2955 1685 autem,
2987 1619 3090 1675 Per
3120 1618 3395 1675 Dominum
3426 1636 3446 1675 :
3470 1628 3528 1676 et
3566 1620 3674 1675 illic
3713 1620 3844 1691 quis

2244 1714 2368 1770 dem
2396 1727 2610 1781 sermo;
2642 1712 2729 1767 hic
2755 1721 2933 1767 autem
2964 1711 3129 1767 salus.
3160 1710 3361 1767 Deinde
3390 1725 3459 1765 ne
3498 1709 3645 1765 dicat
3681 1708 3846 1781 quis-

2246 1805 2388 1875 piam
2419 1820 2433 1857 :
2460 1802 2640 1872 Quid?
2663 1818 2782 1873 quae
2804 1812 2861 1857 tu
2888 1802 3041 1868 dicis,
3072 1816 3104 1855 ο
3126 1801 3289 1857 Paule
3306 1842 3322 1868 ,
3352 1816 3414 1857 ea
3442 1810 3565 1857 sunt
3590 1800 3850 1857 Christi?

2248 1903 2589 1967 praeoccupat
2613 1906 2665 1951 et
2695 1893 2799 1950 ﬁde
2824 1894 3041 1965 dignum
3075 1893 3124 1947 id
3152 1893 3423 1958 ostendit,
3474 1904 3531 1950 et
3578 1894 3723 1965 quod
3773 1910 3843 1951 ea

2246 1988 2315 2043 ab
2346 1987 2438 2043 illo
2464 1986 2762 2054 audiverit,
2793 1994 2851 2043 et
2876 1986 3022 2058 quod
3054 2001 3118 2042 ea
3148 2001 3290 2042 nunc
3317 2002 3349 2042 a
3381 1987 3493 2044 Deo
3539 1988 3798 2045 dicantur
3824 2031 3841 2056 ,

2248 2094 2356 2135 non
2403 2078 2577 2134 solum
2615 2092 2747 2134 voce
2798 2092 2893 2148 per
2934 2091 3117 2133 aerem
3166 2078 3399 2146 emissa,
3446 2078 3587 2134 sicut
3633 2080 3845 2137 factum

2248 2177 2332 2226 est
2372 2168 2425 2224 in
2459 2168 2637 2237 Mose,
2687 2166 2783 2223 sed
2832 2166 2999 2239 signis
3040 2182 3161 2238 qua
3214 2168 3411 2224 ﬁebant
3454 2179 3508 2225 et
3538 2171 3703 2228 rebus
3755 2181 3847 2228 te-

2249 2262 2533 2317 stantibus.

2321 2354 2376 2409 4.
2406 2350 2546 2421 Quid
2566 2360 2744 2407 autem
2766 2358 2872 2418 est,
2904 2351 2964 2407 Si
2981 2351 3114 2406 enim
3134 2352 3222 2422 qui
3242 2370 3331 2424 per
3348 2353 3556 2425 angelos
3576 2355 3746 2411 dictus
3768 2365 3848 2411 est

2248 2460 2435 2511 sermo,
2460 2443 2630 2513 factus
2655 2451 2729 2496 est
2755 2442 2975 2511 ﬁrmus?
3004 2441 3058 2496 In
3090 2442 3323 2514 Epistola
3353 2460 3569 2517 quoque
3612 2448 3683 2504 ad
3725 2448 3847 2505 G'a-

2252 2536 2386 2592 latas
2412 2534 2491 2591 sic
2514 2533 2647 2589 dicit
2677 2552 2691 2589 :
2724 2531 2985 2603 Disposita
3010 2550 3100 2605 per
3127 2536 3335 2606 angelos
3376 2536 3429 2589 in
3458 2554 3614 2592 manu
3644 2540 3850 2594 media-

2252 2628 2376 2683 toris
2392 2642 2419 2693 ;
2437 2636 2493 2681 et
2515 2640 2725 2692 rursus,
2758 2626 3033 2694 Accepistis
3059 2627 3218 2697 legem
3244 2628 3299 2683 in
3323 2626 3661 2699 dispositione
3682 2648 3855 2705 ange-

2254 2719 2423 2774 lorum
2442 2758 2458 2784 ,
2482 2726 2531 2773 et
2551 2733 2653 2771 non
2678 2716 2985 2771 custodiistis
3016 2715 3160 2786 (Gal.
3191 2718 3247 2773 5.
3276 2718 3366 2775 l9.
3413 2720 3527 2774 Act.
3557 2721 3608 2775 7.
3638 2721 3731 2792 55)
3753 2738 3770 2788 ;
3792 2732 3853 2779 et

2255 2809 2453 2880 ubique
2482 2822 2600 2864 eam
2632 2807 2763 2863 dicit
2806 2807 2919 2863 dari
2949 2822 3047 2879 per
3071 2809 3309 2879 angelos.
3343 2809 3597 2866 Nonnulli
3624 2814 3853 2883 quidem

2256 2901 2441 2957 dicunt
2466 2899 2702 2972 Moysem
2735 2900 2902 2956 tacite
2935 2900 3265 2971 significari;
3304 2903 3398 2958 sed
3429 2918 3536 2959 non
3584 2912 3671 2959 est
3713 2919 3858 2961 con—

2256 3005 2571 3051 sentaueum
2599 3009 2615 3048 :
2640 2994 2841 3049 multos
2866 2994 3009 3051 enim
3040 2994 3127 3051 hic
3153 2996 3287 3051 dicit
3316 2996 3560 3066 angelos.
3590 2997 3688 3053 Hic
3712 3015 3857 3070 quo-

2257 3100 2364 3157 que
2410 3083 2631 3154 angelos
2669 3098 2765 3139 eos
2794 3084 2924 3139 dicit
2951 3085 3043 3155 qui
3084 3096 3209 3141 sunt
3252 3085 3307 3140 in
3360 3086 3512 3142 crelo.
3543 3086 3681 3155 Quid
3718 3106 3859 3161 ergo

2259 3176 2386 3232 est?
2413 3177 2520 3230 Aut
2542 3174 2857 3247 decalogum
2903 3175 3034 3231 dicit
3061 3178 3235 3233 solum
3271 3195 3285 3232 :
3318 3178 3430 3234 illic
3459 3180 3602 3236 enim
3636 3183 3860 3255 Moyses

2255 3276 2596 3349 loquebatur,
2628 3285 2683 3330 et
2723 3275 2864 3330 Deus
2905 3274 3269 3345 respondebat
3308 3290 3323 3327 :
3355 3283 3447 3326 aut
3476 3274 3617 3341 quod
3659 3274 3854 3342 angeli

2258 3367 2507 3422 adessent
2537 3366 2647 3419 Deo
2670 3365 2893 3434 jubente
2920 3382 2934 3419 :
2964 3372 3056 3418 aut
3078 3364 3193 3419 haec
3206 3363 3340 3418 dicit
3358 3362 3426 3418 de
3448 3364 3700 3417 omnibus
3726 3378 3857 3433 qum

2255 3455 2395 3512 dicta
2449 3464 2504 3510 et
2556 3454 2693 3510 facta
2738 3464 2863 3509 sunt
2912 3454 2964 3508 in
2991 3453 3196 3519 Veteri,
3244 3454 3387 3524 quod
3440 3454 3757 3509 societatem
3795 3454 3855 3509 in

2260 3546 2343 3601 his
2386 3545 2675 3599 habuerint
2724 3544 2921 3615 angeli.
2962 3545 3245 3610 Quomodo
3289 3554 3466 3599 autem
3510 3544 3643 3599 dicit
3692 3546 3850 3611 alibi,

2262 3638 2412 3705 Quod
2443 3637 2523 3691 lea:
2545 3636 2666 3690 data
2694 3639 2794 3707 fuit
2820 3653 2909 3706 per
2936 3635 3131 3691 Hosem
3159 3635 3337 3707 (Joan.
3376 3637 3427 3691 l.
3461 3637 3548 3700 l7)
3574 3679 3589 3701 ,
3624 3636 3711 3692 hic
3745 3653 3855 3692 au-

2259 3737 2363 3783 tem
2395 3740 2491 3797 per
2532 3727 2789 3797 angelos?
2822 3726 2951 3781 dicit
2987 3727 3131 3781 enim
3157 3768 3172 3793 ,
3208 3725 3275 3780 Et
3320 3727 3574 3781 descendit
3621 3725 3761 3782 Deus
3793 3729 3853 3782 iis

2254 3818 2469 3889 caligine
2497 3815 2692 3888 (Exod.
2722 3818 2809 3873 l9.
2836 3817 2953 3888 20).
2985 3817 3044 3871 Si
3075 3818 3205 3871 enim
3227 3819 3311 3887 qui
3339 3834 3426 3884 per
3446 3818 3652 3888 angelos
3677 3819 3854 3873 dictus

2252 3918 2327 3962 est
2352 3924 2537 3973 sermo,
2566 3912 2731 3978 factus
2758 3918 2831 3961 est
2852 3910 3051 3975 ﬁrmus.
3078 3907 3216 3975 Quid
3248 3915 3349 3971 est,
3374 3906 3849 3975 Firmusﬂlerus,

2255 4009 2313 4053 ut
2336 4000 2407 4054 ita
2435 3999 2632 4066 dicam,
2664 4008 2719 4055 et
2745 3999 2914 4053 lidelis
2946 4015 2961 4053 :
2995 3999 3047 4053 in
3073 4008 3317 4069 tempore
3340 4000 3686 4055 convenienti
3712 4016 3852 4058 eve-

2254 4102 2444 4147 nerunt
2484 4092 2659 4145 omnia
2696 4107 2814 4161 quae
2842 4091 2984 4147 dicta
3036 4100 3179 4145 sunt.
3235 4091 3344 4145 Aut
3387 4090 3490 4145 hoc
3532 4092 3691 4158 dicit;
3746 4102 3851 4149 aut

2250 4182 2391 4252 quod
2419 4183 2524 4237 vim
2554 4192 2607 4236 et
2638 4181 2969 4236 dominatum
3000 4183 3260 4248 obtinuit,
3301 4190 3353 4235 et
3394 4182 3550 4235 mina:
3581 4182 3647 4235 ad
3692 4183 3849 4239 effe-—

2251 4285 2397 4331 ctum
2420 4287 2544 4331 sunt
2576 4277 2849 4341 deductae;
2881 4287 2971 4331 aut
3001 4291 3307 4331 sermonem
3332 4276 3463 4331 dicit
3485 4276 3651 4342 jussa.
3674 4276 3844 4333 Multa

2250 4367 2391 4420 enim
2423 4367 2539 4421 sine
2562 4368 2676 4437 lege
2701 4368 2976 4437 jusserunt
3004 4368 3177 4436 angeli
3205 4382 3233 4420 a
3264 4367 3373 4421 Deo
3399 4368 3546 4421 missi
3576 4385 3587 4419 :
3618 4367 3759 4422 sicut
3784 4368 3844 4423 in

2250 4458 2367 4512 loco
2397 4460 2592 4525 luctus,
2625 4470 2863 4528 tempore
2885 4458 3134 4513 Judicum
3165 4460 3214 4512 in
3245 4459 3525 4513 Samsone.
3552 4458 3681 4511 Nam
3712 4476 3843 4528 pro-

2252 4559 2429 4618 pterea
2462 4565 2565 4607 non
2598 4550 2765 4615 dixit,
2795 4550 2904 4604 Lex
2929 4592 2943 4615 ,
2978 4550 3070 4604 sed
3098 4590 3113 4615 ,
3144 4550 3346 4605 Sermo.
3378 4550 3502 4603 Mihi
3534 4560 3713 4603 autem
3748 4551 3841 4605 hic

2250 4643 2415 4710 magis
2446 4640 2584 4695 forte
2609 4641 2820 4697 videtur
2846 4641 3029 4696 dicere
3071 4656 3131 4696 ea
3159 4682 3174 4706 ,
3203 4658 3323 4710 qure
3370 4651 3495 4697 sunt
3523 4640 3839 4711 dispensata

2250 4746 2344 4801 per
2371 4733 2605 4800 angelos.
2643 4731 2779 4800 Quid
2822 4748 2950 4803 ergo
2986 4732 3267 4788 dicemus?
3297 4732 3537 4788 Aderant
3570 4742 3693 4788 tunc
3730 4749 3836 4789 an-

2246 4824 2349 4894 geli
2381 4825 2573 4894 quibus
2604 4833 2729 4879 tunc
2756 4841 2889 4895 gens
2939 4826 3110 4880 fuerat
3156 4826 3358 4881 credita
3385 4867 3399 4891 ,
3438 4836 3491 4881 et
3537 4826 3636 4895 ipsi
3689 4827 3839 4883 tubis

2246 4917 2545 4982 canebant;
2576 4927 2631 4973 et
2660 4918 2763 4971 alia
2803 4918 3073 4984 edebant,
3104 4934 3298 4988 nempe
3324 4918 3499 4988 ignem
3524 4959 3538 4981 ,
3566 4926 3621 4972 et
3645 4919 3836 4987 caligi-

2245 5023 2388 5064 nem.
2428 5008 2497 5063 Et
2525 5010 2687 5063 omnis
2712 5052 2727 5075 ,
2770 5010 2979 5080 inquit,
3029 5012 3379 5081 pnevan'catio
3422 5020 3467 5063 et
3496 5010 3843 5064 inobedientiu

2246 5102 2435 5172 accepit
2472 5104 2666 5171 justam
2695 5104 2937 5157 mercedis
2965 5103 3370 5157 retributionem.
3416 5103 3531 5157 Non
3568 5105 3681 5159 haec
3710 5105 3837 5174 qui-

2242 5192 2390 5257 dem,
2424 5192 2511 5246 illa
2536 5202 2715 5247 autem
2736 5210 3093 5264 nequaquam,
3122 5193 3217 5248 sed
3245 5196 3440 5249 omnis.
3470 5193 3612 5248 Nihil
3637 5196 3839 5250 mansit

2245 5283 2471 5337 inultum
2497 5326 2513 5351 ,
2558 5285 2649 5340 sed
2680 5286 2885 5355 Accepit
2904 5288 3101 5355 justam
3128 5287 3373 5341 mercedis
3412 5287 3791 5343 retributionem
3816 5332 3833 5355 ,

2243 5376 2295 5429 id
2325 5385 2428 5439 est,
2453 5378 2856 5447 castigationem
2886 5388 2937 5432 et
2966 5394 3202 5447 pinnam.
3230 5380 3337 5434 Cur
3357 5392 3539 5435 autem
3565 5382 3643 5435 sic
3666 5382 3831 5437 dixit!

2245 5467 2317 5520 Ita
2358 5469 2494 5522 solet
2535 5469 2727 5522 Paulus
2757 5470 3051 5523 dictionum
3085 5487 3191 5524 non
3219 5487 3467 5541 magnam
3496 5472 3697 5527 habere
3741 5488 3831 5527 ra-

2246 5561 2484 5625 tionem,
2518 5561 2611 5616 sed
2644 5562 3107 5617 indiscriminatim
3154 5565 3315 5619 etiam
3363 5566 3414 5619 iu
3463 5566 3623 5623 rebus
3673 5566 3833 5624 bonis

2245 5668 2443 5721 ponere
2473 5669 2533 5708 ea
2564 5671 2683 5724 qua:
2713 5656 2908 5710 malam
2936 5656 3134 5712 habent
3163 5659 3615 5725 significationem
3644 5678 3656 5715 :
3689 5660 3834 5716 sicut

2241 5746 2401 5802 etiam
2430 5748 2559 5805 dicit
2586 5748 2735 5817 alibi,
2769 5749 2834 5805 In
2857 5754 3196 5822 captivitatem
3220 5754 3501 5825 redigenlcs
3533 5772 3730 5809 onmem
3753 5759 3833 5811 in-
